4559 6100
405 465 422 528 ⁷
471 529 544 601 att
1073 524 1200 595 rsrm
1227 481 1461 599 annulum

471 703 605 767 ramus,
622 679 716 774 juste
733 701 816 750 eum
828 676 1020 774 puniamus
1036 673 1203 768 quijuste
1217 698 1292 745 non
1310 674 1472 771 punitur,
1492 687 1528 745 et
1539 674 1634 769 juste
1653 674 1688 744 id
1712 698 1859 770 agamus
1885 672 1983 769 quod
2002 673 2062 767 ju-

470 812 564 869 stum
581 821 655 869 non
674 811 739 886 est,
756 793 974 892 competenti
992 815 1101 890 super
1113 791 1185 862 hoc
1200 790 1457 863 deliberatione
1471 790 1607 882 habita,
1627 818 1673 864 ne
1691 795 1752 863 uni
1774 790 1959 890 parcendo
1980 790 2060 887 plu-

472 915 573 986 ribus
586 938 794 986 noceamus.
815 913 873 984 Sic
892 912 999 983 etiarn
1014 911 1050 981 in
1067 909 1300 1007 parvulorum
1316 910 1559 996 damnatione,
1587 936 1669 983 cum
1692 911 1791 1007 quod
1820 935 1893 982 non
1922 933 2061 980 merue-

468 1036 541 1105 rint
555 1034 772 1132 plectuntur,
785 1030 904 1104 multae
922 1029 1246 1129 possuntexsistere
1255 1052 1369 1102 causae
1382 1028 1513 1104 divinae
1522 1028 1796 1126 dispensationis
1806 1028 2058 1116 saluberrima,

468 1167 596 1252 praeter
624 1152 688 1224 has
714 1125 932 1246 etiamquas
955 1149 1225 1244 assignavimus,
1253 1160 1387 1219 utnon
1412 1149 1457 1218 sit
1475 1149 1640 1245 iniquum
1663 1174 1725 1219 eos
1747 1149 1797 1218 sic
1822 1147 1955 1244 puniri,
1979 1148 2062 1218 licet

468 1295 543 1343 non
559 1271 780 1342 meruerint:
798 1268 973 1367 quoniam
990 1271 1087 1339 Deus
1102 1265 1227 1338 talium
1247 1289 1355 1364 poena
1375 1281 1448 1338 tarn
1470 1267 1556 1365 ipsis
1574 1291 1684 1362 quam
1704 1266 1781 1338 aliis
1796 1290 1870 1337 non
1888 1265 2060 1336 inutiliter

338 1391 347 1398 ’
470 1391 593 1480 utitur,
610 1403 649 1461 ut
666 1414 774 1488 supra
790 1388 968 1484 aliquibus
980 1410 1055 1457 non
1071 1383 1371 1482 improbabilibus
1380 1385 1634 1480 assignavimus
1643 1381 1888 1482 opinionibus,
1901 1398 1940 1454 ut
1949 1384 2060 1478 magis

468 1508 513 1580 ad
530 1510 678 1605 gratiam
705 1509 770 1579 Dei
793 1529 901 1605 quam
926 1504 972 1577 ad
998 1503 1172 1600 justitiam
1192 1503 1268 1574 brec
1285 1504 1469 1575 mitissima
1486 1503 1720 1601 parmrlorum
1744 1526 1851 1601 poena
1873 1500 2058 1573 referenda

467 1626 643 1720 videatur,
662 1640 698 1699 et
710 1626 746 1698 in
761 1650 835 1724 quo
854 1624 1011 1695 maxima
1027 1622 1091 1694 [lei
1107 1620 1248 1694 videtur
1258 1620 1462 1710 crudelitas,
1483 1643 1620 1720 maguae
1639 1620 1857 1718 dispensatio
1878 1621 1997 1715 gratiae
2013 1623 2057 1691 sit

467 1745 706 1842 praedicanda.
724 1751 794 1817 Nec
809 1744 882 1816 hoc
898 1742 1027 1816 rationi
1045 1742 1264 1813 contrarium
1281 1755 1345 1831 est,
1364 1742 1394 1812 si
1412 1739 1512 1839 quod
1526 1740 1712 1812 dimissum
1722 1753 1775 1811 est
1786 1740 1822 1809 in
1835 1738 2054 1835 parentibus,

466 1866 636 1960 puniatur
662 1866 698 1936 in
724 1863 829 1935 filiis:
850 1863 934 1935 licet
955 1862 1027 1933 hoc
1049 1860 1111 1932 filii
1137 1885 1182 1933 ex
1204 1861 1309 1959 culpa
1335 1859 1551 1932 contrahant
1576 1873 1780 1958 parentum.
1810 1857 1935 1954 Aliqua
1958 1859 2053 1931 enim

466 2008 534 2081 pro
551 1983 761 2083 parentibus
773 1981 963 2055 satisfactio
979 1978 1181 2067 intercedit,
1202 1993 1237 2051 ct
1248 1981 1299 2051 eis
1313 1994 1452 2052 tantum
1468 1977 1647 2050 sufficiens
1662 1993 1728 2063 est,
1748 2002 1821 2048 nun
1837 1978 1942 2048 etiarn
1960 1976 2051 2049 filiis.

466 2101 575 2174 Verbi
592 2104 715 2200 gratia
736 2116 885 2197 egerunt
901 2100 1015 2172 Adam
1031 2113 1068 2171 et
1085 2102 1158 2171 Eva
1174 2099 1277 2195 ejecti
1293 2099 1339 2171 de
1360 2098 1527 2196 paradiso
1542 2098 1579 2168 in
1595 2096 1726 2170 sudore
1745 2096 1863 2169 vultus
1879 2111 1914 2170 et
1929 2096 2055 2169 dolore

464 2235 588 2318 partus
613 2222 669 2294 vel
693 2222 827 2293 ceteris
852 2217 1105 2294 afflictionibus
1131 2220 1377 2316 poenitentiam
1408 2218 1454 2291 de
1482 2219 1673 2290 commissa
1700 2220 1988 2315 transgressione,
2020 2235 2055 2290 et

464 2342 678 2439 propitiatus
696 2356 750 2414 est
762 2343 812 2414 eis
826 2345 922 2413 Deus
935 2339 1081 2439 propria
1099 2340 1260 2438 ipsorum
1277 2339 1527 2413 satisfactione.
1547 2343 1662 2411 Morte
1686 2338 1841 2435 denique
1867 2338 2053 2437 temporali

464 2482 546 2531 cum
572 2461 642 2533 sint
665 2485 732 2557 pro
759 2459 818 2531 illa
844 2461 1123 2557 transgressione
1154 2484 1263 2556 qnam
1288 2459 1542 2530 commiserant
1569 2458 1637 2555 ipsi
1662 2458 1796 2554 puniti,
1826 2482 2052 2556 nequaquam

463 2593 612 2675 propter
632 2580 747 2675 ipsam
769 2592 908 2649 aeternae
930 2579 1037 2649 morti
1064 2590 1148 2649 sunt
1164 2575 1381 2663 reservandi,
1397 2576 1499 2671 juxta
1513 2574 1603 2648 illud
1620 2575 1914 2673 Propheticum¹:
1938 2607 1957 2644 «
1971 2581 2052 2650 Non

459 2694 634 2788 judicabit
648 2695 825 2767 Dominus
838 2695 893 2767 bis
908 2697 945 2766 in
961 2696 1132 2794 idipsum,
1156 2710 1192 2767 et
1207 2720 1280 2766 non
1301 2709 1492 2793 consurget
1514 2695 1645 2793 duplex
1667 2695 1860 2785 tribulatio,
1884 2694 1958 2766 »id
1982 2710 2048 2786 est,

463 2836 571 2884 nemo
585 2812 631 2884 de
647 2838 722 2884 uno
738 2813 940 2908 eodemque
951 2814 1099 2911 proprio
1114 2827 1263 2911 peccato
1281 2827 1316 2885 et
1335 2815 1513 2912 corporali
1530 2827 1566 2885 et
1581 2829 1712 2886 aeterna
1721 2829 1834 2886 morte
1847 2814 2052 2912 puniendus

462 2946 527 3002 est.
547 2931 642 3003 Filiis
662 2945 782 3003 autem
800 2931 943 3004 illorum
964 2932 1128 3006 videlicet
1147 2934 1347 3031 primorum
1363 2947 1566 3033 parentum,
1588 2933 1721 3031 quibus
1738 2935 1868 3032 pariter
1882 2934 2052 3007 omnibus

462 3051 568 3122 etiam
587 3076 655 3149 pro
671 3051 777 3149 culpa
794 3051 956 3149 ipsorum
976 3067 1119 3151 patrum
1141 3054 1252 3125 iratus
1274 3069 1327 3126 est
1343 3058 1450 3142 Deus,
1473 3071 1645 3153 tanquam
1671 3057 1707 3127 in
1729 3070 1876 3153 peccato
1902 3056 2050 3129 carnalis

461 3172 759 3269 concupiscentiae
775 3174 973 3270 conceptis,
990 3196 1098 3269 (pram
1112 3173 1180 3271 ipsi
1196 3171 1360 3245 videlicet
1374 3189 1491 3272 patres
1509 3199 1553 3246 ex
1569 3175 1684 3272 prima
1701 3176 1979 3270 transgressione
1995 3177 2049 3247 in·

460 3303 661 3379 currerunt,
678 3289 825 3385 singulis
842 3291 989 3388 propria
1007 3292 1205 3364 necessaria
1218 3306 1272 3364 est
1282 3291 1473 3384 absolutio,
1488 3318 1566 3390 quae
1582 3292 1759 3367 levissima
1774 3293 1880 3365 nobis
1891 3295 2049 3366 instituta

460 3412 563 3483 estin
579 3410 773 3509 baptismo,
792 3409 857 3481 ubi
873 3435 941 3508 pro
954 3409 1072 3484 alieno
1090 3435 1164 3509 quo
1182 3411 1386 3508 obligantur
1402 3428 1552 3510 peccato
1572 3413 1686 3485 aliena
1700 3412 1789 3485 fides
1805 3415 2048 3513 patrinorum-

459 3553 529 3624 que
547 3527 723 3599 confessio
741 3527 950 3599 intercedat.
972 3529 1115 3626 Quippe
1130 3530 1194 3626 qui
1209 3528 1385 3627 obligatus
1410 3546 1556 3629 peccato
1583 3531 1753 3623 nascitur,
1782 3556 1849 3630 pro
1872 3533 1952 3630 ipso
1974 3559 2047 3630 quo

459 3659 600 3718 tenetur
612 3644 778 3715 nondum
795 3644 995 3717 satisfacere
1010 3646 1068 3717 vel
1081 3672 1148 3744 pro
1163 3671 1201 3718 se
1216 3649 1320 3738 valet,
1336 3649 1399 3721 sed
1412 3649 1540 3722 divinae
1556 3652 1673 3747 gratiae
1690 3667 1914 3725 sacramento
1935 3678 2048 3724 mun·

459 3763 576 3835 datur.
599 3768 679 3835 Non
695 3764 826 3834 mirum
843 3763 955 3834 videri
973 3763 1083 3835 debet
1098 3766 1127 3835 si
1144 3766 1244 3861 quod
1262 3766 1467 3863 indulgetur
1483 3771 1703 3869 parentibus,
1725 3774 1885 3868 exigatur
1899 3797 1920 3844 a
1939 3772 2044 3862 filiis;

457 3907 541 3954 cum
557 3883 634 3981 ipsa
646 3884 774 3955 vitiosa
786 3883 937 3955 carnalis
952 3885 1250 3981 concupiscentiae
1261 3888 1442 3983 generatio
1458 3905 1645 3988 peccatum
1658 3890 1895 3976 transfundat,
1909 3907 1945 3963 et
1956 3893 2046 3966 iram

458 4015 647 4074 mereatur.
666 4002 769 4073 Unde
782 4001 990 4101 Apostolus’
1005 4030 1014 4072 :
1031 4009 1194 4077 «Natura
1210 4005 1273 4078 filii
1284 4010 1355 4099 irae,
1370 4037 1388 4076 n
1403 4032 1507 4106 aqua
1523 4010 1670 4107 quidem
1687 4011 1740 4081 ira
1756 4026 1923 4108 parentes
1938 4014 2046 4111 primi

456 4120 693 4193 satisfactione
705 4123 850 4219 propria
867 4135 950 4192 sunt
964 4120 1116 4194 liberati.
1135 4128 1255 4197 Potest
1274 4141 1393 4199 autem
1410 4153 1477 4201 usu
1495 4130 1639 4202 evenire
1655 4144 1696 4200 ut
1712 4154 1795 4201 cum
1814 4129 1942 4227 aliquis
1956 4156 2046 4228 pau-

455 4259 521 4332 per
538 4234 687 4306 domino
711 4234 817 4306 alicui
837 4260 876 4308 se
897 4235 1137 4332 subjugaverit
1154 4252 1189 4310 et
1207 4242 1374 4336 parvulos
1390 4268 1487 4332 suos,
1516 4245 1592 4342 ipse
1608 4258 1727 4317 tamen
1750 4258 1873 4344 postea
1889 4249 2045 4344 propriae

454 4353 593 4425 virtutis
613 4354 705 4426 facto
722 4354 842 4451 aliquo
855 4354 910 4426 vel
928 4355 1045 4453 pretio
1063 4355 1262 4430 libertatem
1278 4360 1360 4452 sibi,
1380 4386 1453 4435 non
1483 4361 1563 4435 liliis
1585 4364 1757 4459 acquirat.
1779 4367 1819 4434 ln
1836 4363 1919 4460 ipsis
1935 4365 2043 4436 etiam

453 4492 576 4539 rerum
593 4468 729 4540 naturis
741 4494 817 4541 non
834 4470 1071 4567 incongruam
1088 4472 1194 4544 nobis
1208 4475 1385 4546 Dominus
1397 4474 1560 4573 hujusrei
1570 4475 1838 4550 similitudinem
1849 4477 2040 4575 impressit,

453 4613 531 4685 quae
547 4588 756 4683 hujusmodi
773 4588 967 4686 objectioni
983 4591 1187 4664 satisfacere
1203 4594 1476 4691 quodammodo
1497 4596 1673 4689 videatur,
1690 4622 1773 4669 cum
1791 4611 1863 4669 tam
1877 4595 2043 4670 videlicet

452 4730 495 4777 ex
514 4706 615 4779 olivae
634 4730 741 4802 qnam
756 4730 798 4778 ex
814 4707 955 4780 oleastri
974 4710 1110 4782 semine
1124 4735 1199 4784 non
1216 4714 1283 4784 nisi
1302 4712 1453 4787 oleaster
1466 4729 1645 4807 nascatur,
1665 4717 1757 4788 sicut
1770 4730 1854 4787 tam·
1869 4740 1912 4786 ex
1934 4740 2043 4787 carne

400 4859 405 4867 ›
447 4825 532 4919 justi
549 4849 659 4924 quam
673 4849 715 4896 ex
729 4847 836 4898 carne
847 4827 1045 4923 peccatoris
1056 4851 1131 4901 non
1149 4830 1215 4901 nisi
1233 4847 1401 4929 peccator
1416 4834 1584 4928 nascitur,
1601 4847 1636 4907 et
1649 4859 1692 4908 ex
1704 4834 1887 4907 frumento
1901 4857 1921 4906 a
1938 4837 2041 4934 palea

486 5094 606 5162 ¹ttatum,
621 5111 676 5162 cap.
688 5110 707 5162 r,
717 5112 742 5151 r.
754 5101 778 5152 9.
793 5127 822 5138 -
834 5100 958 5165 Ἐρωε,
969 5114 993 5153 θ.
1007 5113 1034 5162 u,
1050 5114 1072 5154 r.
1087 5105 1110 5155 ³.
