4559 6100
744 504 1001 583 sanctonis
1026 508 1302 584 CHlllS'l'ldNA.
1753 498 1825 576 5er

234 656 373 748 ellectu,
401 680 484 728 cum
510 655 596 727 dicit
616 654 755 746 datum,
781 657 895 751 magis
916 681 1025 754 quarn
1049 656 1249 730 secundum
1277 654 1476 729 naturalem
1504 678 1575 726 suae
1600 651 1826 750 benignitatis

233 774 415 850 allectum.
434 774 539 847 Unde
562 774 655 846 bene
675 773 875 846 secundum
893 775 1030 868 ellectu,
1043 780 1153 849 Pater
1169 792 1204 849 et
1220 776 1328 848 Filius
1338 775 1477 875 priores
1493 774 1626 871 Spiritu
1643 771 1824 862 dicuntur,

234 910 271 967 et
285 895 391 993 quasi
411 893 634 992 principium
656 892 746 988 ejus,
766 894 851 990 quia
869 896 1102 995 expetentia,
1118 895 1329 967 moderante
1344 891 1530 991 sapientia,
1548 891 1695 963 allectus
1710 891 1828 986 gratioe

234 1013 436 1086 descendit.'
457 1017 507 1084 lix
533 1037 608 1110 quo
634 1013 785 1110 Spiritus
808 1015 915 1086 etiam
936 1014 1009 1088 hoc
1035 1014 1118 1088 loco
1145 1015 1359 1116 appellatur,
1389 1028 1425 1084 et
1448 1012 1548 1110 prins
1568 1010 1768 1109 potentiam
1794 1023 1830 1081 et
1948 1088 1952 1092 ³

236 1133 446 1231 sapientiam
471 1156 548 1203 esse
571 1145 726 1229 oportet,
753 1147 795 1205 ut
819 1149 943 1231 postea
969 1135 1103 1231 aliquid
1127 1136 1164 1205 in
1184 1132 1351 1207 ellectum
1376 1132 1540 1206 ducatur.
1562 1129 1646 1203 Tale
1667 1143 1721 1202 est
1744 1152 1830 1226 ergo

236 1255 376 1323 Patrem
400 1267 436 1324 et
452 1252 581 1324 Filium
603 1277 680 1325 esse
705 1253 924 1351 principium
946 1254 1098 1353 Spiritus
1120 1254 1261 1342 Sancti,
1290 1277 1332 1325 ac
1357 1253 1386 1323 si
1411 1250 1573 1323 dicamus
1595 1250 1766 1348 Spiritum
1788 1272 1831 1320 cx

236 1368 416 1443 ambobus
439 1395 503 1470 per
526 1370 694 1443 ellectum
712 1371 926 1470 procedere,
945 1372 1018 1445 hoc
1038 1386 1092 1445 est
1114 1372 1318 1445 Potentiam
1332 1371 1412 1459 Dei,
1441 1368 1654 1442 moderante
1678 1369 1754 1464 ejus
1780 1390 1832 1438 ra·

238 1490 348 1580 tione,
371 1489 419 1561 ad
439 1504 560 1561 actum
580 1491 742 1588 perduci.
764 1495 808 1563 Et
821 1491 893 1563 boc
906 1492 1053 1589 quidem
1070 1486 1183 1563 modo
1203 1492 1233 1563 si
1250 1490 1330 1589 quis
1346 1514 1480 1561 nornen
1497 1488 1649 1586 Spiritus
1665 1487 1829 1585 accipiat,

238 1608 437 1680 secundum
464 1608 597 1680 scilicet
620 1634 692 1681 suae
713 1611 833 1705 gratiae
850 1611 993 1703 ellectu,
1019 1634 1094 1682 non
1116 1623 1212 1681 recte
1237 1608 1366 1682 dicitur
1389 1608 1540 1707 Spiritus
1557 1621 1723 1698 aternus,
1742 1605 1833 1677 sicut

238 1750 305 1799 nec
329 1728 527 1817 Dominus,
555 1743 618 1801 aut
638 1744 806 1801 creator:
828 1731 929 1827 quia,
952 1743 992 1801 ut
1014 1729 1189 1819 diximus,
1207 1752 1281 1801 non
1304 1751 1445 1825 semper
1465 1726 1618 1823 Spiritus
1634 1722 1833 1797 secundum

238 1844 365 1917 effecta
390 1846 525 1919 extitit.
544 1847 649 1919 Unde
668 1864 705 1919 et
723 1848 818 1920 bene
837 1850 1059 1944 Evangelista
1083 1852 1240 1920 loannes
1260 1846 1307 1919 ab
1324 1846 1518 1919 aternitate
1542 1845 1608 1917 Dei
1632 1842 1830 1932 inchoans,

239 1988 323 2036 cum
340 1963 498 2036 Verbum
525 1964 622 2063 apud
647 1970 765 2038 Deum
788 1967 1001 2040 aeternaliter
1023 1991 1100 2041 esse
1121 1966 1345 2058 ostenderet,
1370 1965 1540 2037 dicens¹:
1564 1967 1632 2034 «ln
1654 1962 1833 2062 principio

239 2099 315 2156 crat
331 2084 509 2177 Verbum,
535 2099 570 2156 ct
585 2085 746 2157 Verbum
767 2101 843 2159 erat
864 2086 962 2186 apud
984 2091 1115 2176 Deum,
1135 2100 1172 2160 et
1194 2084 1290 2159 Deus
1306 2098 1384 2158 erat
1401 2083 1579 2170 Verbum,
1605 2081 1679 2154 boc
1704 2095 1781 2153 erat
1797 2083 1834 2152 in

239 2203 421 2301 principio
439 2202 536 2301 apud
549 2206 680 2275 Deum.
694 2206 827 2277 Omnia
846 2230 911 2302 per
927 2206 1044 2304 ipsum
1062 2206 1155 2278 lacta
1175 2221 1272 2298 sunt,
1284 2219 1372 2292 etc,
1386 2234 1403 2271 u
1418 2204 1554 2275 nullam
1563 2201 1717 2300 Spiritus
1732 2224 1835 2272 men·

241 2322 377 2392 tionem
395 2319 563 2393 babuisse
577 2320 735 2415 videtur,
751 2347 823 2420 qua
833 2348 917 2395 eum
930 2339 1102 2397 aeternum
1119 2349 1196 2397 esse
1210 2337 1395 2415 astrueret,
1412 2346 1498 2395 cum
1510 2321 1556 2395 de
1572 2326 1649 2393 Deo
1665 2334 1702 2391 et
1717 2318 1835 2391 Verbo

240 2439 318 2534 ejus
337 2438 504 2536 loquens,
525 2441 620 2512 Patri
642 2455 678 2512 et
694 2442 815 2515 Verbo
838 2441 1070 2516 solummodo
1090 2440 1323 2517 aeternitatem
1347 2441 1538 2533 adscribit,
1557 2439 1704 2511 dicens:
1727 2468 1745 2503 ι(
1759 2441 1837 2509 lloc

235 2571 315 2629 crat
338 2558 375 2629 in
398 2559 576 2657 principio
596 2560 692 2657 apud
717 2563 849 2633 Deum.
867 2593 885 2627 s
912 2563 985 2651 Qui
1009 2564 1047 2634 in
1074 2587 1119 2636 eo
1139 2563 1287 2634 sortasse
1312 2558 1413 2658 quod
1436 2559 1620 2655 subjunxit
1638 2558 1683 2631 de
1708 2556 1837 2629 ellectu

239 2700 394 2773 operum
418 2677 556 2771 dicens,
585 2681 750 2752 «Omnia
774 2683 982 2780 peripsum
1006 2681 1098 2755 lacta
1125 2696 1254 2772 sunt,>›
1274 2677 1450 2780 'Spiritum
1473 2678 1677 2775 designasse
1696 2677 1839 2748 ridetur

240 2794 441 2867 secundum
457 2795 584 2870 effecta
600 2798 677 2897 ipsa
692 2809 772 2896 quae
789 2823 853 2872 sua
868 2804 965 2873 Deus
979 2800 1143 2873 condidit
1160 2800 1339 2892 bonitate,
1358 2798 1558 2872 secundum
1576 2822 1673 2895 quae,
1694 2809 1733 2868 ut
1749 2794 1840 2867 dixi·

242 2939 336 3003 mus,
350 2930 505 2988 aeternus
522 2940 599 2989 uon
617 2932 670 2990 cst
690 2919 855 3017 Spiritus,
874 2919 911 2992 id
929 2934 983 2992 est
998 2920 1117 3012 datus,
1134 2921 1225 2993 sicut
1240 2945 1308 2992 nec
1324 2921 1446 2992 anima
1467 2917 1596 2990 mundi
1613 2940 1724 3015 quam
1738 2916 1839 2987 Plato

240 3032 342 3107 dicit.
380 3039 453 3108 Nec
477 3038 612 3109 mirum
638 3037 761 3112 locum
786 3040 1017 3136 Evangelistae
1039 3042 1195 3114 maxime
1226 3065 1311 3112 cum
1336 3039 1484 3111 Platone
1508 3036 1722 3129 convenire,
1755 3059 1840 3107 cum

240 3167 356 3225 totam
372 3153 568 3226 verborum
579 3156 730 3229 istorum
742 3159 954 3230 senteutiam
968 3160 1005 3230 in
1022 3159 1123 3232 libris
1139 3159 1406 3232 Platonicorum
1427 3157 1656 3254 Augustinus,
1676 3168 1716 3226 ut
1732 3178 1842 3251 supra

238 3271 496 3362 meminimus,
523 3274 713 3346 invenerit.
733 3277 824 3347 Sunt
839 3290 963 3349 autern
985 3277 1150 3350 nonnulli
1174 3278 1237 3374 qui
1258 3277 1442 3348 caritatem
1466 3276 1530 3346 Dei
1553 3298 1629 3345 non
1655 3273 1772 3344 solum
1792 3270 1840 3343 ad

239 3405 427 3464 creaturas·
447 3392 581 3488 porrigi
596 3391 728 3484 velint,
756 3395 1009 3467 verumetiam
1032 3396 1080 3469 ab
1099 3419 1174 3468 una
1197 3419 1352 3493 persona
1373 3395 1410 3466 in
1431 3394 1600 3481 alteram,
1620 3405 1661 3462 ut
1676 3389 1841 3462 videlicet

238 3533 347 3581 amor
369 3509 481 3582 Patris
501 3511 610 3583 etiam
634 3513 671 3584 in
695 3511 824 3584 Filium
844 3513 904 3586 rel
926 3513 1002 3586 Filii
1024 3515 1061 3586 in
1081 3520 1224 3587 Patrem
1247 3513 1398 3613 Spiritus
1415 3513 1492 3611 ipse
1513 3511 1569 3583 sit.
1587 3508 1697 3599 Quod
1719 3522 1841 3607 aperte

239 3627 461 3722 Augustinus
483 3629 521 3701 in
545 3633 609 3702 XV
630 3629 675 3702 de
694 3634 869 3704 Trinitate
891 3634 1017 3704 astruit
1043 3633 1099 3706 bis
1118 3633 1257 3706 verbis¹
1283 3660 1291 3704 ε
1313 3631 1509 3727 «Denique
1534 3631 1562 3701 si
1587 3630 1625 3701 in
1644 3628 1750 3700 donis
1775 3629 1842 3700 Dei

237 3744 335 3818 nibil
349 3747 467 3842 majus
483 3761 536 3821 est
553 3749 714 3843 caritate,
729 3765 767 3822 et
780 3750 921 3823 nullum
937 3766 990 3824 est
1006 3753 1123 3849 majus
1143 3752 1371 3825 donum'Dci
1386 3774 1497 3847 quam
1514 3748 1665 3848 Spiritus
1682 3760 1840 3835 sanctus,

235 3864 333 3962 quid
350 3868 641 3964 consequentius,
661 3892 770 3966 quam
789 3885 830 3942 ut
845 3871 921 3970 ipsc
937 3872 984 3943 sit
998 3873 1140 3963 caritas,
1160 3895 1240 3970 quae
1257 3870 1391 3943 dicitur
1407 3874 1503 3940 Deus
1520 3881 1615 3940 etex
1633 3866 1736 3940 Deo?
1754 3866 1841 3936 Etsi

234 3983 387 4073 caritas,
409 3985 495 4081 quia
513 3989 616 4058 Pater
632 3986 747 4085 diligit
767 3987 916 4080 lilium,
940 4004 977 4062 et
997 3994 1137 4062 Patrem
1162 3988 1278 4085 diligit
1291 3987 1417 4081 Filius,
1437 3985 1663 4060 ineffabiliter
1677 4008 1842 4057 commu·

236 4104 394 4175 ninnem
414 4103 608 4176 amborum
626 4106 868 4198 demonstran
886 4109 976 4208 quid
994 4110 1280 4201 convenientius,
1297 4133 1407 4205 quam
1418 4122 1460 4179 ut
1472 4108 1531 4180 ille
1545 4107 1693 4206 proprie
1706 4103 1843 4178 dicatur

234 4221 394 4313 caritas,
423 4224 487 4319 qui
514 4225 665 4323 Spiritus
689 4242 744 4300 est
771 4230 975 4301 communis
1001 4228 1203 4303 ambobus?
1218 4258 1236 4295 n
1256 4227 1349 4299 Hinc
1376 4241 1411 4299 et
1439 4226 1527 4299 illud
1556 4239 1608 4298 est
1637 4226 1843 4321 Hieronymi

231 4363 355 4437 super
376 4365 450 4412 xvu
467 4342 647 4438 psalmum
671 4372 681 4416 ε
702 4347 886 4446 «Spiritus
905 4349 1056 4421 Sanctus
1075 4373 1144 4421 nec
1168 4352 1272 4420 Pater
1294 4361 1430 4420 estnec
1454 4346 1584 4433 Filius,
1609 4343 1673 4417 sed
1699 4344 1842 4416 dilectio

231 4482 356 4556 quam
380 4459 622 4535 babetpater
644 4466 682 4536 in
706 4466 821 4560 Filio,
837 4481 873 4540 et
899 4468 1007 4540 Filius
1030 4470 1067 4540 iu
1092 4472 1244 4541 Patre.»
1271 4465 1380 4554 Quod
1405 4465 1562 4538 fortassis
1584 4464 1668 4536 ideo
1690 4465 1843 4536 maxime

230 4577 444 4651 dicendum
461 4580 605 4654 videtur
627 4596 664 4655 et
683 4585 901 4677 tenendum,
927 4601 967 4658 ut
984 4586 1151 4659 videlicet
1170 4609 1275 4660 amor
1287 4608 1434 4683 quoque
1456 4583 1568 4657 Patris
1587 4585 1626 4655 in
1643 4583 1771 4655 Filium
1786 4580 1842 4651 vel

228 4695 326 4769 Filii
339 4699 376 4771 in
392 4703 534 4773 Patrem
555 4701 694 4775 dicatur
707 4704 859 4803 Spiritus
873 4719 1030 4794 sanctus,
1048 4720 1173 4779 etnon
1188 4719 1330 4777 tanturn
1343 4728 1447 4776 amor
1469 4703 1517 4776 ad
1533 4717 1724 4790 creaturas,
1743 4699 1844 4797 quod

229 4817 407 4910 fortassis
420 4814 523 4891 aliter
542 4821 724 4894 videretur
739 4823 891 4921 Spiritus
912 4838 1055 4897 sanctus
1070 4849 1177 4924 posse
1192 4847 1266 4897 non
1286 4848 1375 4915 esse,
1394 4846 1436 4895 ac
1456 4847 1521 4921 per
1539 4822 1612 4893 hoe
1629 4844 1704 4892 non
1719 4842 1843 4891 neces·

267 5087 386 5152 uteru,
401 5104 456 5154 rap.
469 5105 490 5155 r,
504 5106 528 5143 r.
546 5098 554 5145 t
570 5100 595 5144 et
607 5106 646 5156 sn.
667 5121 693 5132 —
707 5096 717 5126 ²
729 5097 765 5147 De
783 5096 886 5158 trinit,
903 5098 949 5148 ru.
964 5095 1021 5159 tu,
1038 5107 1093 5159 rap.
1113 5109 1166 5159 ιιι,
1179 5096 1272 5161 oppa
1287 5092 1350 5145 vul.
