4559 6100
696 525 740 597 lN
766 523 1007 598 EPlS'lOLllM
1034 523 1094 597 lo
1120 524 1345 599 ROMANOS.
1741 523 1805 597 35l

228 667 404 742 eruditus.
416 697 434 737 n
453 667 683 744 Ambrosius:
701 677 830 744 «Hunc
845 672 1004 772 Apellem
1022 693 1097 746 non
1111 674 1214 770 quasi
1232 674 1389 745 amicum
1404 685 1465 743 aut
1482 670 1680 770 principem
1696 675 1815 772 operis

230 785 371 880 alutat,
391 788 454 861 sed
468 803 659 887 propterea
673 790 776 889 quod
792 791 1049 865 tentationibus
1065 792 1237 892 probatus
1251 806 1324 883 est,
1347 792 1383 863 in
1400 790 1542 862 Christo
1559 788 1672 862 fidelis
1689 791 1814 865 iuren-

229 918 298 978 ms.
316 934 336 973 c
357 909 498 1004 Haymo
519 934 528 980 z
551 909 682 981 «Licet
707 909 854 1007 quidam
880 911 1012 985 faciant
1032 936 1078 984 ex
1104 911 1177 983 boc
1201 911 1276 983 duo
1297 910 1445 982 nomina
1471 908 1631 1006 propria,
1656 907 1814 983 dicentes

230 1024 300 1096 ita:
325 1024 482 1098 Salutate
499 1026 657 1124 Apellem
681 1042 717 1099 et
742 1029 913 1121 Probum,
933 1030 970 1103 id
990 1044 1044 1104 est
1059 1031 1253 1130 probatum
1268 1030 1306 1101 in
1330 1027 1470 1119 lide,'et
1483 1025 1588 1099 laude
1609 1026 1772 1125 dignum.
1793 1061 1811 1097 s

233 1171 250 1208 r
267 1142 455 1216 aristoboli
464 1143 588 1217 domo.
601 1145 756 1220 Salutate
764 1149 1050 1223 Herodionem.»
1068 1155 1229 1222 Fortasse
1240 1145 1298 1221 bic
1311 1148 1387 1244 jam
1402 1144 1591 1221 defunctus
1602 1160 1691 1239 erat,
1709 1171 1817 1245 quern
1936 1203 1938 1208 -

230 1264 313 1335 setis
329 1263 463 1357 laudet,
489 1264 660 1339 familiam
676 1267 753 1365 ejus
773 1268 975 1362 salutando,
1000 1283 1036 1342 et
1057 1268 1166 1341 fidem
1191 1269 1267 1365 ejus
1289 1268 1325 1339 in
1345 1287 1388 1340 ea
1408 1264 1714 1340 commendando.
1737 1270 1817 1339 lm·

229 1380 371 1454 brosius
391 1408 400 1453 t
424 1386 525 1455 slste
542 1403 779 1484 congregator
804 1389 1011 1485 intelligitur
1028 1388 1134 1461 luisse
1151 1388 1298 1459 fratrum
1314 1388 1352 1459 in
1368 1385 1523 1458 Christo.
1540 1413 1559 1453 »
1578 1412 1597 1453 u
1618 1387 1817 1480 Cognatum
1859 1421 1862 1428 .

230 1523 364 1573 meum.
377 1502 532 1575 Salutate
548 1527 610 1576 eos
629 1507 692 1602 qui
704 1523 852 1581 suuter.
870 1537 889 1576 s
904 1508 1133 1580 Ambrosius:
1151 1535 1169 1575 r
1179 1511 1296 1594 Quem
1308 1519 1503 1602 cognatum
1513 1517 1651 1576 tantum
1664 1505 1819 1603 appellat

229 1619 388 1692 ostendit
402 1620 574 1694 devotum
592 1624 628 1696 in
652 1626 810 1715 caritate,
829 1651 903 1698 non
932 1640 1052 1698 tamen
1078 1625 1295 1723 vigilantiam
1313 1627 1389 1721 ejus
1408 1623 1618 1721 designat.»
1636 1625 1817 1696 «Narcissi

227 1739 354 1831 domo,
367 1742 524 1837 quisunt
537 1743 574 1814 in
593 1747 764 1818 Domino.
776 1743 931 1819 Salutate
940 1745 1175 1844 Tryphaenam
1185 1760 1221 1817 et
1232 1744 1453 1842 'tryphosam
1468 1765 1560 1839 quae.
1576 1743 1813 1838 »Origenes¹:
1924 1825 1932 1840 ,

231 1887 251 1926 c
263 1860 386 1956 Neque
395 1859 544 1933 dilectos
558 1886 675 1961 neque
687 1864 822 1963 probos
832 1885 950 1963 neque
965 1867 1150 1965 adjutores
1160 1865 1344 1955 nominat;
1357 1862 1420 1937 sed
1434 1864 1526 1935 forte
1541 1859 1593 1933 nil
1608 1861 1694 1933 utile
1709 1861 1818 1937 habe·

224 1977 317 2049 bant
331 1979 368 2050 in
386 1980 545 2072 meritis3
564 1982 699 2057 idcirco
724 2010 787 2057 eos
814 1985 892 2057 solo
925 1985 1029 2057 titulo
1060 1985 1282 2059 salutationis
1312 1983 1517 2057 bonoravit.
1548 2013 1567 2047 «
1590 1986 1642 2054 Ex
1667 1984 1817 2056 Narcissi

226 2095 352 2170 domo.
369 2125 387 2167 a
404 2099 582 2173 Videntur
593 2101 715 2202 plures
730 2104 836 2177 luisse
852 2130 895 2177 es
913 2100 1062 2178 Narcissi
1083 2105 1195 2177 domo
1221 2101 1277 2176 vcl
1293 2104 1438 2195 familia,
1459 2102 1522 2175 sed
1538 2129 1613 2175 non
1633 2126 1761 2176 omnes
1777 2105 1828 2176 in‘

227 2213 338 2286 domo
354 2216 472 2290 luisse.
490 2218 696 2292 Ambrosius
716 2247 725 2292 :
747 2253 765 2288 α
779 2224 961 2295 Narcissus
973 2217 1034 2295 hic
1057 2222 1119 2294 illo
1137 2238 1300 2321 tempore
1325 2221 1510 2320 presbyter
1533 2221 1666 2294 dicitur
1690 2221 1812 2316 luisse,

226 2334 318 2407 sicut
337 2336 465 2432 legitur
490 2339 526 2409 in
551 2339 628 2411 aliis
644 2325 851 2430 codicibus;
869 2357 906 2415 et
922 2343 1008 2440 quia
1023 2365 1177 2440 praesens
1193 2365 1268 2413 non
1287 2354 1375 2429 erat,
1394 2342 1521 2413 salutat
1537 2354 1679 2412 sanctos
1695 2341 1757 2438 qui
1773 2363 1816 2413 ex

226 2454 302 2550 ejus
318 2470 432 2527 erant.
453 2457 519 2529 Hic
530 2481 615 2555 ergo
632 2461 814 2534 Narcissus
832 2461 1021 2559 Presbyter
1041 2461 1224 2560 peregrini
1248 2460 1367 2533 cilicio
1396 2459 1622 2557 fungebatur,
1650 2459 1816 2532 exhorta-

226 2572 384 2647 tionibus
400 2573 547 2649 firmans
562 2579 761 2652 credentes.
778 2610 796 2648 rr
812 2582 990 2654 laborant
1003 2584 1041 2653 in
1058 2582 1230 2652 Domino.
1250 2581 1406 2652 Salutate
1422 2580 1567 2650 Rufum.
1586 2609 1603 2644 s
1620 2579 1812 2676 Origenes:

224 2688 326 2761 Multi
342 2688 521 2785 laborant,
534 2692 597 2765 sed
609 2696 730 2768 nonin
741 2697 913 2769 Domino.
927 2726 945 2765 »
956 2697 1187 2770 Ambrosius:
1209 2728 1227 2763 α
1239 2701 1467 2769 Hasuuoore
1479 2694 1604 2793 dignas
1613 2693 1815 2766 declaratln

222 2808 379 2881 Christo.
395 2809 571 2884 laborant
582 2813 716 2887 scilicet
729 2816 964 2889 ministrando
974 2817 1117 2890 sanctis.
1133 2845 1154 2886 u
1171 2821 1291 2905 «Quae
1301 2815 1466 2889 multum.
1483 2841 1502 2884 »r
1518 2815 1710 2909 Origenes:
1727 2816 1815 2885 «Vi-
1944 2822 1949 2837 “

220 2927 330 2999 detur
346 2927 405 3001 hic
422 2931 533 3027 magis
547 2929 686 3006 laudari
700 2949 738 3006 et
753 2936 791 3009 in
803 2936 1054 3011 exhortatione
1064 2952 1100 3011 et
1116 2937 1154 3009 in
1170 2937 1367 3009 urinisterio
1380 2949 1600 3028 sanctorum,
1618 2948 1654 3007 et
1667 2935 1704 3005 in
1720 2957 1817 3032 pres·

218 3072 320 3139 sura,
335 3063 373 3120 et
387 3052 424 3121 in
439 3065 591 3146 egestate
608 3070 756 3152 propter
768 3057 963 3153 Christum,
982 3060 1068 3156 quia
1083 3072 1119 3130 et
1134 3058 1268 3130 domus
1285 3078 1366 3129 suas
1382 3054 1607 3153 relinquebat
1622 3054 1763 3150 iugatis,
1782 3067 1817 3125 et

217 3166 423 3265 opprobrio
435 3182 511 3240 erat
522 3168 686 3243 infidis&
706 3202 724 3242 ι(
738 3174 900 3247 Electum
910 3180 947 3248 in
959 3177 1131 3265 Domino,
1144 3190 1353 3248 etmatrem.
1369 3205 1386 3240 »
1397 3179 1559 3270 Haymo:
1576 3202 1594 3239 α
1608 3171 1649 3243 ld
1658 3186 1723 3263 est,
1734 3196 1816 3271 pro·

216 3301 364 3358 motum
376 3285 423 3359 ad
434 3288 673 3362 sacerdotium
690 3293 808 3388 ejus.»
830 3322 848 3363 e
857 3299 900 3368 Et
915 3319 1045 3368 meam.
1063 3295 1153 3366 »Sic
1169 3296 1268 3393 prius
1283 3293 1352 3389 legi
1370 3307 1520 3366 matrem
1531 3291 1607 3387 ejus
1618 3303 1653 3362 et
1664 3302 1816 3362 matrem

217 3428 358 3493 meam,
369 3419 409 3477 ut
423 3405 504 3478 duae
520 3408 603 3498 sint,
619 3409 677 3481 vel
692 3425 733 3481 ut
744 3410 870 3484 eadem
886 3414 931 3486 sit
946 3412 1041 3484 illius
1057 3411 1192 3484 scilicet
1208 3426 1323 3483 mater
1338 3409 1537 3484 secundum
1550 3430 1709 3496 carnem,
1721 3414 1815 3507 Apo·

213 3523 305 3596 stoli
317 3525 517 3597 secundum
530 3526 759 3621 beneficium,
775 3531 877 3628 quod
894 3531 1050 3605 fortassis
1063 3554 1149 3604 eum
1162 3531 1249 3602 olim
1267 3530 1352 3602 alibi
1372 3529 1419 3602 de
1444 3552 1508 3602 sua
1525 3526 1721 3602 substantia
1736 3540 1814 3601 tan·

211 3664 332 3741 qnam
349 3658 463 3716 mater
476 3644 598 3739 oleret,
617 3648 675 3719 vel
692 3673 760 3748 pro
776 3653 978 3724 reverentia
1002 3651 1197 3724 sanctitatis
1219 3673 1299 3723 eam
1322 3663 1475 3723 matrem
1500 3672 1604 3721 suam
1632 3646 1731 3737 dicit,
1757 3650 1814 3720 cui

208 3762 354 3835 scilicet
381 3779 552 3860 tanquam
583 3769 688 3840 matri
714 3768 834 3841 honor
861 3772 907 3842 sit
937 3770 1164 3843 debreudus.
1202 3770 1468 3869 assyncritum
1493 3782 1530 3841 et
1554 3765 1811 3864 Phlegontem,

208 3885 406 3974 Hermam,
424 3883 630 3977 Patrobam‚
650 3889 764 3985 etqui
783 3912 867 3961 oum
883 3891 935 3963 eis
950 3905 1034 3962 sunt
1052 3890 1188 3963 iratres.
1208 3890 1364 3963 Salutate
1376 3887 1604 3985 Philologum
1621 3900 1657 3958 et
1669 3887 1812 3975 Julianr,

205 4005 377 4072 Nereum
394 4015 431 4073 ot
446 4027 609 4076 sororem
624 4005 715 4101 ejus,
731 4021 766 4078 et
782 4008 1046 4107 Olympiadem,
1071 4024 1108 4082 et
1127 4034 1259 4082 omnes
1280 4011 1343 4107 qui
1368 4032 1453 4081 oum
1479 4008 1530 4080 eis
1557 4018 1641 4078 sunt
1657 4021 1812 4080 sanctos.

202 4117 391 4191 Salutate,
407 4147 426 4185 a
446 4121 653 4196 Ambrosius
672 4151 680 4194 :
702 4155 720 4192 r
735 4130 809 4198 Hos
832 4129 940 4201 simul
955 4129 1096 4219 salutet,
1114 4129 1199 4227 quia
1214 4127 1350 4201 sciebat
1372 4151 1436 4200 eos
1450 4150 1527 4199 esse
1552 4125 1750 4199 concordes
1776 4126 1813 4197 in

202 4236 375 4326 Christo,
387 4266 405 4305 >r
420 4238 534 4332 idest,
550 4243 668 4315 unitos
680 4244 718 4315 in
737 4245 892 4319 amicitia
904 4248 1116 4342 Christiana,
1135 4264 1172 4321 et
1185 4248 1306 4320 fideles
1319 4247 1357 4319 in
1374 4246 1551 4320 amicitiis.
1572 4250 1811 4318 «Hermann»

200 4355 419 4450 Origenes:
436 4384 454 4424 u
468 4362 559 4431 Puto
572 4362 672 4457 quod
684 4368 833 4439 Hermas
843 4366 908 4439 iste
921 4368 966 4438 sit
984 4368 1138 4466 scriptor
1151 4366 1260 4441 libelli
1278 4365 1372 4437 illius
1386 4366 1450 4463 qui
1461 4362 1811 4463 Pastorappellatur,

195 4497 301 4570 quae
313 4477 489 4574 scriptura
510 4478 599 4550 mibi
622 4480 725 4554 valde
745 4484 841 4556 utilis
860 4483 1013 4579 videtur,
1033 4500 1082 4577 et,
1106 4499 1147 4556 ut
1170 4498 1274 4583 puto,
1302 4483 1472 4555 divinitus
1495 4482 1676 4582 inspirata.
1705 4481 1813 4570 Quod

193 4616 307 4664 vero
321 4592 373 4664 nil
389 4593 506 4666 laudis
521 4597 673 4696 scripsit,
692 4602 765 4695 illa,
783 4603 927 4702 opinor,
947 4619 1000 4676 est
1015 4627 1135 4695 causa,
1157 4603 1240 4702 quia
1259 4601 1413 4693 videtur,
1439 4602 1532 4674 sicut
1555 4602 1729 4700 scripurra
1755 4600 1814 4672 illa

189 4709 388 4801 declarat,
407 4726 489 4810 post
506 4714 619 4789 multa
637 4733 785 4815 peccata
799 4720 847 4791 sd
864 4722 1110 4819 poenitentiam
1127 4722 1232 4795 fuisse
1254 4744 1460 4794 conversus.
1481 4720 1690 4818 lntelligltur·
1712 4717 1812 4817 quod

184 4829 326 4901 simul
350 4828 589 4904 habitaverint
620 4834 659 4909 hi
690 4862 847 4935 quornm
872 4841 1038 4913 salutatio
1071 4843 1205 4915 sociata
1235 4856 1334 4915 est.»
1361 4840 1608 4914 Ecelesr‘ctstiea
1640 4841 1809 4928 Hiscere,

221 5116 228 5139 ⁶
245 5108 289 5156 In
304 5105 392 5167 Epist.
405 5106 440 5157 od
451 5107 534 5171 Rom,
545 5121 571 5170 o.
585 5111 639 5161 6⁸³.
