4559 6100
687 488 730 564 lN
755 487 1000 562 EPlSTOLAM
1024 488 1085 561 lt)
1109 485 1333 563 Ronanus.
1735 483 1807 558 217

212 630 380 705 mundari
396 648 550 730 constat,
567 636 667 733 juxta
676 638 763 712 illud
774 639 937 735 Gregorii
953 637 1052 735 quod
1069 638 1263 710 novissime
1272 635 1480 734 adjecimus.
1492 633 1563 706 Sed
1577 631 1649 707 boc
1661 633 1808 732 quidem

211 752 407 850 objectioni
423 754 461 826 in
479 759 593 829 nostri
609 782 757 859 quoque
769 760 984 833 sacramenti
1000 758 1276 849 institutionem,
1294 757 1333 829 id
1349 770 1404 829 est
1417 754 1588 853 baptismi
1605 754 1810 866 redundare¹

211 872 365 966 videtur,
384 899 471 946 cum
486 876 651 951 videlicet
663 894 812 980 propter
827 904 928 978 aquae
943 894 1082 952 tantum
1101 877 1299 951 absentiam
1318 876 1443 949 deesse
1460 873 1645 947 nonnullis
1667 873 1811 974 baptis-

212 1016 312 1063 mum
328 993 527 1091 contingat,
541 1022 650 1094 quem
668 1000 706 1071 iu
722 1023 818 1099 aqua
833 998 1065 1073 solummodo
1082 997 1261 1069 Dominus
1284 995 1481 1085 constituit,
1508 1018 1577 1067 nec
1600 1008 1721 1067 tamen
1748 1019 1811 1067 cos

212 1135 296 1183 cum
318 1113 375 1186 vel
400 1114 468 1212 ipsi
494 1116 541 1189 ad
566 1118 638 1192 hoc
660 1121 834 1214 nitantur,
859 1120 917 1193 vel
937 1119 996 1191 alii
1020 1133 1170 1218 propter
1195 1143 1270 1207 eos,
1300 1114 1490 1189 salvandos
1513 1139 1590 1188 esse
1619 1113 1812 1189 definimus

211 1228 346 1327 absque
366 1230 560 1331 baptism0,
576 1231 645 1309 nisi
661 1239 876 1312 interveniat
892 1238 1117 1337 martyrium.
1141 1236 1375 1309 Providentia
1383 1237 1504 1334 itaque
1519 1233 1649 1307 divinae
1666 1259 1813 1308 omnem

212 1349 288 1445 ejus
299 1350 866 1451 dispositionemcommittentes,
884 1357 946 1455 qui
965 1358 1063 1430 solus
1078 1358 1181 1430 novit
1196 1381 1307 1454 quare
1322 1356 1421 1429 hunc
1439 1352 1597 1451 elegerit,
1608 1353 1710 1427 illum
1726 1379 1812 1428 vero

213 1468 472 1567 reprobaverit,
491 1476 741 1549 auctoritatem
759 1478 951 1577 Scriptura
966 1500 1076 1575 quam
1091 1478 1166 1575 ipse
1184 1476 1285 1549 dedit
1300 1474 1526 1549 immobilem
1545 1461 1753 1567 teneamus3
1774 1490 1814 1548 ut

213 1587 379 1662 videlicet
401 1606 566 1692 tempore
591 1597 874 1670 circumcisionis
903 1597 1023 1672 nullos
1049 1596 1099 1670 de
1123 1598 1261 1670 semine
1287 1596 1436 1669 Abrahae
1459 1598 1536 1670 sine
1562 1594 1621 1668 illa
1650 1585 1814 1669 mortuos

214 1722 346 1782 temere
361 1735 561 1785 asseramus
577 1716 720 1809 salvari,
739 1718 809 1790 nisi
830 1718 922 1791 sorte
946 1735 1024 1818 pro'
1037 1719 1196 1790 Domino
1213 1717 1391 1791 interlecti
1413 1718 1497 1811 sint,
1525 1716 1617 1789 sicut
1642 1716 1687 1789 de
1703 1721 1815 1789 luno-

215 1829 380 1904 centibus
393 1832 565 1908 creditur.
582 1839 730 1912 Attende
747 1855 869 1913 autem
887 1841 988 1939 quod
1004 1840 1222 1931 dictumest,
1247 1839 1474 1912 «desemine
1490 1836 1653 1931 Abrahae,
1679 1866 1698 1905 n
1730 1863 1815 1910 cum

216 1951 380 2023 nonnulli
399 1951 536 2047 fideles,
557 1957 664 2030 etiam
679 1975 762 2059 post
775 1961 1035 2033 institutionem
1053 1959 1348 2052 circumcisionis,
1367 1974 1450 2032 ante
1466 1957 1664 2031 adventum
1683 1957 1814 2062 Christi

216 2071 453 2146 incircumcisi
471 2077 676 2171 morientes,
696 2077 773 2177 lege
795 2082 948 2154 naturali
965 2080 1203 2152 nibilominus
1221 2105 1331 2179 quam
1349 2078 1551 2152 circumcisi
1567 2077 1692 2151 salvati
1711 2091 1811 2169 sunt,

216 2192 308 2263 sicut
320 2191 388 2263 Job
403 2207 439 2265 et
452 2195 619 2268 nonnulli
635 2198 783 2275 sortasse
800 2202 860 2277 alii
876 2203 1037 2300 gentium
1052 2202 1207 2275 naturali
1222 2201 1301 2298 lege
1318 2199 1492 2291 contenti,
1505 2210 1542 2271 et
1555 2181 1813 2270 sacrificiorum

217 2310 287 2383 ritu
302 2336 382 2409 quac
393 2312 460 2385 lob
472 2339 620 2415 quoque
634 2345 702 2419 pro
716 2319 798 2395 filiis
812 2323 984 2397 obtulisse
996 2321 1124 2420 legitur
1140 2309 1162 2411 ¹,
1184 2320 1230 2394 ab
1245 2320 1409 2418 originali
1422 2332 1570 2418 peccato
1581 2342 1645 2391 seu
1659 2316 1815 2418 propriis

216 2430 363 2529 expiati,
382 2433 470 2505 sicut
484 2435 572 2509 Abel
589 2438 646 2511 vel
660 2445 736 2514 Noe
752 2458 835 2517 ante
851 2443 966 2541 legem
983 2442 1039 2515 vel
1056 2441 1339 2516 circumcisionis
1356 2439 1617 2512 iustitutionem
1632 2465 1640 2509 ε
1658 2435 1704 2508 de
1723 2459 1813 2532 qua·

216 2548 309 2621 libus
324 2576 432 2651 supra
443 2558 636 2655 Apostolus
649 2563 825 2654 meminit,
845 2562 994 2635 dicens*
1015 2593 1057 2636 :a
1071 2566 1164 2637 Cum
1177 2564 1275 2637 euim
1293 2575 1414 2660 gentes
1427 2586 1508 2660 quae
1522 2558 1637 2656 legem
1654 2553 1730 2629 no'n
1750 2555 1816 2628 ha·
1897 2649 1902 2654 ἱ

217 2667 315 2760 bent,
337 2684 406 2744 etc.
420 2701 439 2740 ιι
458 2676 562 2749 Unde
578 2692 614 2751 et
627 2680 785 2757 lsidorus
804 2690 859 2758 De
874 2683 1014 2757 summo
1027 2684 1129 2774 bono,
1145 2684 1209 2757 lib.
1230 2689 1259 2778 l,
1279 2705 1453 2782 cap..xv:
1477 2708 1495 2750 a
1515 2678 1659 2770 Christi,
1683 2676 1814 2773 inquit,

220 2789 415 2864 adventum
430 2819 505 2866 non
525 2809 664 2874 tantum
673 2801 926 2901 plebisludaeae
933 2806 1311 2907 sanctipro'phetantes
1320 2812 1627 2902 exspectaverunt,
1637 2795 1703 2869 sed
1711 2795 1817 2868 luisse

216 2910 324 2982 etiam
341 2911 378 2983 in
395 2915 603 2991 nationibus
616 2920 806 3022 plerosque
820 2940 964 2999 sanctos
989 2928 1087 2999 viros
1104 2925 1302 3027 prophetiae
1320 2923 1460 2996 donum
1477 2919 1666 3009 habentes,
1687 2914 1819 3013 quibus

209 3055 277 3128 per
291 3031 464 3131 Spiritum
477 3053 644 3113 sanctum
660 3042 820 3118 Christus
837 3046 1074 3140 revelabatur,
1094 3060 1131 3120 et
1146 3045 1309 3145 aquibus
1319 3040 1606 3143 exspectabatur,
1625 3038 1716 3111 sicut
1733 3036 1815 3130 tob,

206 3151 370 3248 Balaam,
381 3155 715 3260 quiChristiutiqne
725 3166 1010 3265 praedicaverunt
1020 3168 1254 3241 adventum.»
1266 3165 1365 3236 licet
1374 3177 1494 3235 autem
1504 3158 1574 3231 Job
1584 3183 1628 3231 ex
1637 3157 1818 3230 Abraham

203 3294 359 3368 quoque
376 3289 413 3346 et
430 3279 527 3349 lsaac
543 3304 609 3378 per
630 3286 723 3355 Esau
751 3284 977 3360 descendisse
1000 3286 1180 3375 credatur,
1209 3308 1285 3357 non
1314 3281 1488 3356 tamenin
1515 3277 1650 3351 semine
1669 3274 1817 3347 Abrahae

200 3390 271 3463 vel
286 3396 385 3466 Isaac
409 3397 601 3495 quisquam
624 3418 679 3476 est
704 3406 985 3506 computandus,
1006 3408 1070 3504 qui
1095 3432 1140 3479 ex
1156 3403 1442 3478 Patriarcharum
1462 3397 1544 3471 filiis
1564 3398 1602 3471 in
1631 3395 1729 3468 cultu
1751 3396 1818 3467 Dei

196 3510 364 3585 minime
380 3518 651 3595 remanentibus
666 3525 713 3595 sit
730 3541 955 3623 procreatus.
976 3526 1081 3599 Unde
1104 3541 1139 3599 et
1169 3523 1347 3597 Dominus
1371 3519 1521 3592 Abrahae
1543 3517 1682 3590 leniens
1704 3514 1818 3588 mole·

194 3634 318 3704 stiam
335 3633 424 3730 ejus,
444 3636 490 3709 de
505 3640 717 3738 expellenda
735 3645 871 3719 scilicet
886 3651 979 3744 Agar
1002 3647 1131 3720 ancilla
1147 3660 1183 3718 et
1201 3641 1347 3717 lsmaele
1376 3639 1451 3712 filio
1477 3662 1543 3711 suo
1561 3636 1606 3712 ad
1626 3636 1818 3734 imperium

189 3755 356 3824 Sm-ae’:
379 3783 398 3824 a
415 3760 496 3829 Non
514 3758 593 3850 tibi,
613 3763 743 3862 inquit,
761 3765 926 3841 videatur
940 3793 1110 3867 asperum
1131 3790 1241 3866 super
1262 3786 1377 3864 puero
1403 3774 1439 3832 et
1457 3782 1568 3858 super
1592 3754 1721 3828 ancilla
1742 3769 1815 3827 tua.

188 3873 349 3946 Omnia
374 3898 454 3970 quae
478 3876 606 3953 dixerit
634 3881 699 3955 tibi
720 3886 825 3977 Sara,
854 3885 941 3960 audi
964 3912 1094 3960 vocem
1116 3887 1212 3984 ejus,
1238 3884 1324 3982 quia
1350 3882 1389 3953 in
1416 3883 1515 3953 lsaac
1541 3875 1731 3949 vocabitur
1754 3873 1818 3947 tibi

180 4018 350 4066 semen.
371 3993 442 4069 Sed
457 3997 622 4073 etlilium
637 4003 774 4077 ancilla
791 4004 919 4079 seciam
935 4009 972 4080 in
990 4023 1133 4105 gentem
1151 4027 1333 4103 magnam,
1349 4001 1436 4100 quia
1452 4022 1575 4071 semen
1594 4012 1699 4068 tuum
1716 4009 1782 4067 est.
1798 4026 1817 4062 a

176 4117 291 4187 Hoc
307 4114 418 4195 etiam
432 4120 623 4216 Apostolus
639 4122 677 4195 in
693 4125 922 4200 inferioribus
934 4129 1119 4228 praesentis
1140 4124 1304 4226 Epistolae
1316 4134 1528 4224 prosecutus
1542 4132 1578 4190 et
1595 4116 1698 4214 quasi
1714 4115 1819 4216 spiri·

173 4232 357 4308 tualiter
375 4261 560 4336 exponens
576 4243 625 4316 ait
639 4246 672 4315 ⁵:
697 4273 716 4314 a
727 4250 808 4319 Non
826 4240 923 4321 enim
937 4248 1138 4346 omnesqui
1152 4273 1195 4320 ex
1209 4245 1330 4336 Israel,
1345 4236 1681 4329 bisuntlsraelitae3
1702 4260 1821 4335 neque

167 4356 256 4453 qui
270 4373 506 4432 semcn‘sunt
518 4358 677 4457 Abrahae,
695 4390 823 4440 omnes
839 4367 916 4460 filii,
935 4398 953 4439 o
966 4368 1030 4441 sed
1045 4371 1084 4440 in
1101 4371 1199 4441 Isaac
1215 4363 1405 4438 vocabitur
1422 4360 1488 4433 tibi
1504 4382 1680 4447 semem»
1697 4355 1735 4427 id
1752 4369 1817 4447 est,

161 4499 273 4548 non
299 4475 371 4572 qui
387 4475 452 4549 filii
467 4481 599 4574 carnis,
618 4481 657 4554 bi
673 4483 736 4557 filii
752 4484 837 4559 sunt
851 4489 930 4578 Dei,
947 4488 1011 4561 sed
1027 4489 1091 4587 qui
1105 4485 1169 4560 filii
1182 4483 1431 4586 promissionis
1447 4494 1532 4553 sunt
1548 4477 1767 4550 aestimantur
1781 4475 1820 4546 in

158 4594 366 4668 semine.
381 4623 400 4664 n
413 4599 537 4696 ltaque
547 4600 648 4697 juxta
659 4603 817 4678 historiae
829 4607 1030 4701 veritatem,
1046 4631 1166 4706 neque
1177 4605 1247 4678 tob
1263 4627 1381 4702 neque
1399 4600 1459 4674 alii
1474 4598 1591 4690 multi,
1608 4595 1690 4669 licet
1703 4593 1749 4667 de
1760 4618 1820 4690 ge·

152 4740 283 4789 nere
311 4712 393 4786 sint
408 4716 570 4811 Abrahae,
589 4735 710 4796 tamen
727 4751 850 4799 semen
865 4727 1016 4800 Abrahae
1031 4728 1187 4801 vocandi
1201 4751 1275 4798 noo
1294 4736 1392 4813 sunt,
1421 4719 1507 4819 quia
1530 4716 1576 4790 de
1598 4712 1817 4801 infidelibus,

153 4852 208 4913 ut
227 4836 412 4912 dictum
436 4851 501 4930 est,
525 4840 600 4913 nati
620 4857 717 4916 sunt.
748 4851 869 4923 Patres
894 4862 1016 4923 tamen
1044 4849 1186 4943 talium,
1212 4847 1297 4920 licet
1318 4839 1482 4917 infideles
1505 4835 1649 4926 luerint,
1674 4842 1820 4930 utpote

184 5131 306 5190 Ποῦ.
326 5134 725 5202 ⁶³¹³·12'·5·-²120m·‚c⁸r·
745 5152 771 5202 n,
789 5154 812 5191 ι.
827 5144 865 5195 14.
879 5142 1038 5204 -taeues,
1051 5153 1106 5204 cap.
1120 5151 1174 5202 ιιι,
1187 5152 1211 5189 ι.
1230 5139 1267 5189 ta
1284 5159 1313 5172 -
1325 5133 1426 5192 ⁴Rcm·‚
1444 5126 1619 5190 0¹1²·¹¹·V·⁶·
1661 5214 1700 5271 28

327 5235 366 5275 11
