4559 6100
540 551 700 622 ETHlCA
726 552 807 623 SEU
831 552 959 623 traua
984 552 1163 624 DIOEUS:
1192 554 1316 626 scut>
1341 554 1541 626 TEiPSUM.
1763 554 1835 626 603

248 722 457 797 peccamus,
490 724 574 770 cum
598 699 674 771 baec
700 700 902 797 frequenter
926 701 1003 772 sine
1029 715 1177 798 peccato
1205 702 1435 797 contingant3
1466 701 1557 771 sicut
1585 723 1606 771 e
1635 722 1833 789 converso,

248 842 444 890 consensus
470 818 547 890 sine
569 818 660 907 istis,
693 818 784 890 sicut
801 819 876 915 jam
902 843 943 891 ex
967 833 1068 917 parte
1092 821 1382 911 monstravimus,
1408 817 1454 890 de
1480 818 1666 889 voluntate
1688 816 1837 913 quidem

248 937 324 1008 sine
347 960 522 1008 consensu
546 937 583 1006 in
612 960 657 1008 eo
682 937 743 1033 qui
769 935 895 1008 incidit
919 938 955 1008 in
979 938 1304 1035 concupiscentiam
1322 937 1405 1007 visae
1432 934 1608 1026 mulieris,
1637 935 1710 1005 sive
1731 935 1837 1006 alieni

248 1054 395 1141 fructus,
419 1079 485 1126 nec
505 1067 625 1126 tamen
641 1055 689 1128 ad
704 1079 919 1128 consensum
934 1069 1131 1152 pertractus
1155 1069 1227 1143 est3
1254 1054 1300 1126 de
1325 1077 1503 1125 consensu
1527 1076 1615 1124 vero
1642 1051 1737 1123 malo
1762 1053 1838 1124 sine

248 1173 342 1245 maia
358 1173 659 1269 concupiscentia,
678 1173 714 1244 in
734 1172 794 1244 illo
811 1174 874 1270 qui
890 1174 1023 1245 invitus
1039 1171 1228 1244 dominum
1244 1197 1350 1245 suum
1366 1171 1551 1245 interfecit.

297 1295 350 1362 De
366 1291 552 1362 bisantem
570 1315 649 1387 quae
666 1290 742 1364 fieri
756 1316 830 1364 non
849 1290 983 1364 debent
999 1315 1110 1388 quam
1126 1315 1220 1389 saepe
1235 1290 1371 1389 absque
1388 1304 1537 1389 peccato
1554 1288 1655 1379 fiant,
1675 1313 1759 1361 cum
1774 1312 1839 1385 per

248 1410 320 1480 vim
344 1409 487 1499 scilicet,
516 1424 578 1481 aut
601 1410 839 1506 ignorantiam
862 1410 1146 1496 committantur,
1172 1410 1355 1482 neminem
1379 1408 1489 1481 latere
1514 1406 1703 1479 arbitror:
1731 1405 1838 1479 veluti

247 1528 277 1597 si
302 1552 381 1624 quae
407 1528 480 1597 vim
504 1551 620 1624 passa,
646 1551 729 1599 cum
754 1529 832 1599 viro
851 1528 996 1601 alterius
1021 1528 1278 1616 concubuerit,
1309 1526 1365 1599 vel
1395 1526 1522 1623 aliquis
1549 1548 1699 1622 quoquo
1726 1524 1838 1596 modo

249 1644 436 1743 deceptus,
457 1669 541 1716 cum
557 1669 598 1717 ea
615 1644 812 1735 dormierit,
831 1671 942 1744 quam
961 1671 1112 1719 uxorem
1133 1646 1289 1744 putavi13
1304 1645 1361 1718 vel
1378 1670 1462 1717 eum
1482 1669 1547 1743 per
1563 1668 1721 1716 errorem
1740 1645 1839 1716 occi-

248 1763 352 1855 derit,
381 1787 528 1859 querna
549 1786 587 1835 se
612 1778 783 1859 tauquam
805 1788 824 1835 a
846 1764 966 1861 judice
990 1764 1231 1836 occidendum
1254 1762 1418 1836 credidit.
1439 1767 1517 1835 Non
1542 1776 1596 1834 est
1618 1763 1736 1854 itaque
1751 1786 1840 1859 pec—

248 1896 370 1954 catum
397 1905 547 1952 uxorem
566 1880 710 1953 alterius
725 1884 997 1980 concupiscere,
1016 1882 1072 1954 vel
1094 1907 1241 1955 cumea
1259 1881 1515 1972 concumbere,
1534 1879 1597 1952 sed
1620 1881 1732 1976 magis
1753 1879 1839 1952 huic

248 2001 557 2097 concupiscentiae,
567 2000 622 2072 vel
636 2001 768 2072 actioni
783 2002 999 2090 consentire,
1015 2025 1123 2098 quem
1137 2001 1300 2100 profecto
1310 2024 1527 2074 consensum
1541 2000 1839 2098 concupiscentiae

247 2119 305 2192 lex
314 2121 641 2216 concupiscentiam
653 2134 770 2209 vocat,
784 2121 936 2192 cumait¹
948 2147 957 2189 z
971 2125 1079 2192 «Non
1088 2122 1358 2220 concupiscespv
1370 2145 1444 2192 non
1462 2119 1560 2192 enim
1569 2120 1836 2218 concupiscere,

248 2238 347 2332 quod
367 2238 476 2310 vitare
493 2262 568 2309 non
585 2262 790 2335 possumus,
809 2239 865 2311 vel
885 2239 922 2310 in
940 2262 1028 2336 qun,
1048 2254 1087 2310 ut
1100 2238 1238 2311 dictum
1254 2253 1319 2330 est,
1336 2264 1411 2312 non
1429 2262 1633 2338 peccamus,
1652 2237 1839 2336 prohiberi

247 2356 385 2447 debuit,
414 2357 477 2429 sed
496 2358 667 2429 assentire
690 2357 755 2430 illi.
782 2359 840 2429 Sic
860 2371 896 2430 et
917 2357 1005 2430 illud
1027 2356 1297 2455 intelligendum
1319 2373 1390 2450 est,
1415 2357 1515 2454 quod
1540 2359 1589 2429 ait
1611 2359 1835 2430 Dominus¹:

250 2504 269 2540 α
279 2476 352 2562 Qui
368 2475 497 2547 viderit
512 2477 698 2548 mulierem
713 2477 760 2548 ad
776 2475 1100 2575 concupiscendam
1114 2501 1215 2564 eam3
1232 2505 1250 2543 u
1261 2476 1333 2549 hoc
1352 2491 1404 2548 est
1421 2477 1504 2572 :qui
1520 2475 1648 2548 viderit
1662 2477 1725 2565 sic,
1746 2490 1786 2547 ut
1801 2477 1838 2546 in

248 2594 547 2690 concupiscentiae
561 2618 777 2666 consensum
800 2594 948 2680 incidat,
967 2624 984 2660 u
998 2596 1073 2691 jam
1082 2594 1282 2667 moecbatus
1297 2609 1350 2666 est
1366 2595 1404 2665 in
1419 2593 1530 2666 corde
1546 2619 1627 2681 suo,
1645 2625 1663 2660 ι)
1683 2595 1747 2666 etsi
1763 2620 1837 2667 non

247 2710 447 2784 moechatus
469 2713 567 2783 sitin
588 2737 716 2809 opere3
735 2712 807 2785 boc
828 2728 892 2802 est,
916 2713 991 2809 jam
1010 2715 1148 2809 peccati
1169 2726 1307 2785 reatum
1323 2712 1452 2804 habet,
1476 2713 1540 2783 etsi
1561 2710 1681 2784 adhuc
1708 2711 1837 2784 effectu

248 2844 356 2902 caret.

296 2953 340 3019 Et
357 2951 387 3021 si
410 2949 598 3048 diligenter
613 2950 893 3040 consideremus,
920 2953 1139 3052 ubicumque
1159 2974 1269 3052 opera
1289 2951 1357 3024 sub
1378 2966 1575 3051 praecepto,
1601 2951 1657 3023 vel
1675 2951 1837 3051 prohibi·

247 3069 345 3139 tione
369 3069 538 3139 concludi
563 3070 744 3160 videntur,
775 3073 886 3167 magis
909 3072 985 3145 baec
1011 3071 1058 3144 ad
1084 3073 1318 3162 voluntatem,
1346 3072 1401 3143 vel
1427 3095 1641 3142 consensum
1666 3094 1835 3168 operum,

246 3209 356 3282 quam
376 3184 424 3256 ad
442 3187 516 3282 ipsa
538 3210 649 3282 opera
664 3187 851 3260 referenda
866 3205 950 3261 sunt
972 3216 980 3258 ε
1000 3189 1159 3285 alioquin
1175 3188 1263 3259 nihil
1281 3187 1382 3284 quod
1397 3188 1444 3259 ad
1463 3189 1630 3260 meritum
1647 3188 1835 3283 pertineat,

248 3302 315 3374 sub
333 3319 510 3400 praecepto
527 3320 738 3401 poneretur3
759 3321 794 3379 et
809 3320 910 3378 tanto
926 3309 1045 3379 minus
1061 3307 1301 3405 praeceptione
1318 3319 1400 3377 sunt
1416 3305 1543 3401 digna,
1565 3318 1700 3400 quanto
1719 3306 1838 3377 minus

247 3424 282 3493 in
310 3436 431 3492 nostra
448 3435 622 3519 potestate
647 3437 730 3494 sunt
745 3425 946 3497 constituta.
968 3424 1079 3497 Multa
1096 3425 1230 3522 quippe
1248 3437 1344 3515 sunt,
1365 3422 1536 3519 aquibus
1554 3423 1694 3520 operari
1710 3422 1839 3521 perbi-

195 3528 201 3536 ’
247 3539 387 3629 bemnr,
406 3539 628 3612 voluntatem
644 3565 731 3611 vero
745 3566 887 3640 semper
902 3558 1165 3615 etconsensum
1180 3543 1216 3612 in
1234 3555 1359 3613 nostro
1372 3540 1547 3613 babemus
1565 3539 1725 3612 arbitrio.
1750 3545 1838 3613 Ecce

247 3660 423 3730 Dominus
441 3660 507 3730 ait⁸
526 3687 534 3729 ε
553 3664 661 3731 «Non
674 3661 828 3733 occides.
844 3667 923 3733 Non
943 3662 1070 3734 salsum
1088 3662 1333 3733 testimonium
1352 3661 1491 3732 dices.»
1511 3664 1598 3748 Quae
1606 3661 1635 3731 si
1645 3659 1692 3732 de
1708 3683 1836 3757 opera·

247 3778 345 3849 tione
361 3791 514 3869 tantum,
542 3793 580 3848 ut
594 3777 705 3850 verba
722 3794 864 3871 sonant,
883 3782 1111 3880 accipiamus,
1129 3803 1358 3875 nequaquam
1379 3793 1497 3849 reatus
1513 3777 1750 3868 interdicitur,
1771 3803 1838 3850 nec

247 3898 352 3994 culpa
377 3898 427 3967 sic
443 3896 673 3993 prohibetur,
698 3899 762 3969 sed
787 3899 881 3970 actio
898 3899 1021 3997 culpae.
1048 3904 1128 3970 Non
1153 3898 1249 3969 enim
1267 3897 1451 3969 bominem
1469 3896 1634 3968 occidere
1652 3912 1837 3995 peccatum

248 4028 322 4102 est,
353 4039 420 4086 nec
446 4014 687 4086 concumbere
712 4039 796 4087 cum
824 4017 939 4089 aliena
973 4041 1104 4104 uxore,
1134 4041 1214 4113 quae
1244 4037 1505 4112 nonnunquam
1529 4013 1666 4111 absque
1690 4030 1838 4113 peccato

248 4135 423 4205 committi
447 4149 630 4233 possunt:
658 4159 775 4231 neque
800 4136 897 4207 enim
922 4136 981 4208 ille
1004 4137 1066 4233 qui
1093 4135 1219 4207 salsum
1244 4135 1487 4206 testimouium
1513 4132 1586 4205 vult
1614 4134 1754 4222 dicere,
1783 4135 1838 4206 vel

247 4253 353 4323 etiarn
378 4254 414 4323 in
441 4252 596 4325 dicendo
621 4256 815 4345 consentit,
844 4255 1046 4327 dummodo
1072 4254 1160 4326 illud
1184 4278 1260 4325 non
1285 4253 1394 4345 dicat,
1413 4277 1639 4350 quacumque
1665 4253 1711 4323 de
1733 4276 1839 4324 causa

248 4371 418 4460 reticens,
445 4396 526 4444 reus
550 4373 637 4468 legis
661 4373 824 4462 efficitur,
849 4375 879 4446 si
904 4372 1101 4473 prohibitio
1126 4373 1233 4468 hujus
1257 4372 1357 4443 modi
1384 4370 1430 4443 de
1454 4396 1582 4469 opere,
1612 4371 1704 4441 sicut
1728 4370 1838 4442 verba

247 4505 394 4579 sonant,
417 4491 623 4588 accipiatur.
644 4496 723 4563 Non
742 4495 838 4565 enim
860 4494 996 4566 dictum
1013 4507 1085 4584 est,
1109 4507 1151 4564 ut
1174 4516 1248 4563 non
1272 4490 1422 4562 velimus
1445 4490 1572 4562 falsum
1594 4491 1837 4562 testimonium

246 4607 386 4694 dicere,
414 4608 470 4679 vel
500 4634 563 4682 ore
587 4612 621 4680 in
647 4611 802 4683 dicendo
827 4613 1112 4699 consentiamus,
1140 4609 1204 4681 sed
1230 4608 1473 4699 solummodo,
1502 4633 1548 4681 ne
1571 4609 1745 4681 dicamus.
1770 4614 1838 4679 Aut

246 4750 329 4797 curn
355 4725 409 4797 lex
434 4727 618 4824 prohibet,
646 4755 693 4801 ne
716 4753 857 4802 sorores
878 4746 1019 4803 nostras
1041 4731 1234 4820 ducamus,
1261 4729 1318 4801 vel
1338 4728 1389 4801 eis
1411 4729 1703 4826 permisceamur,
1729 4752 1836 4798 nemo

246 4847 307 4942 qui
324 4845 395 4916 boc
413 4861 629 4945 praeceptum
649 4873 787 4921 servare
802 4851 933 4948 possit,
951 4875 1033 4922 cum
1053 4874 1161 4921 nemo
1180 4873 1321 4920 sorores
1337 4871 1419 4920 suas
1440 4870 1693 4944 recognoscere
1707 4859 1834 4941 queat,

279 5121 284 5146 ¹
298 5118 442 5179 Deut.,cap.
457 5132 480 5178 u,
494 5132 515 5166 r.
529 5121 568 5169 at.
582 5146 612 5155 -
645 5120 742 5181 itaut,
753 5134 808 5181 cap.
822 5135 846 5179 r,
868 5135 889 5168 r.
903 5125 943 5172 28.
956 5147 989 5158 -
1003 5123 1012 5154 ³
1024 5121 1109 5176 θεαὶ..
1126 5135 1181 5179 cau.
1194 5135 1218 5170 v.
1233 5122 1258 5171 17
1272 5129 1297 5170 et
1309 5125 1340 5171 20
