4559 6100
471 432 518 503 82
1073 424 1202 497 PETRI
1227 423 1461 496 suffitiant

471 583 570 683 quod
600 581 685 653 dicit
715 579 804 677 ipse,
834 577 967 664 nescit3
998 589 1031 646 et
1067 574 1199 647 docere
1233 573 1480 672 imprudenter
1508 572 1690 671 praesumit
1722 596 1801 669 quae
1836 573 1912 673 ipse
1948 578 2070 651 adhuc

470 708 630 802 ignorat3
649 703 742 772 inter
753 722 817 770 eos
832 697 965 782 merito,
976 694 1255 796 computandus,
1271 693 1404 791 quibus
1414 692 1551 767 Veritas
1567 693 1818 793 improperans
1831 694 1895 767 ait¹
1911 722 1920 768 ε
1946 726 1964 765 «
1979 703 2068 771 Caeci

470 837 554 894 sunt
585 822 694 893 duces
727 842 915 890 caecorum.
942 844 961 884 u
995 819 1037 889 Et
1066 814 1305 915 Apostolus':
1330 842 1347 881 u
1367 813 1588 904 Nescientes,
1608 812 1739 908 inquit,
1756 838 1835 910 quae
1854 814 2067 913 loquuntur,

472 961 591 1035 neque
614 936 660 1009 de
686 934 818 1031 quibus
841 931 1033 1005 affirmant.
1058 961 1075 996 ι)
1105 929 1232 1001 Adhuc
1249 952 1397 1027 quoque
1416 940 1505 1026 ‘post
1530 927 1772 1025 evangelicam
1798 930 2066 1021 revelationem,

471 1073 554 1158 post
569 1070 623 1128 tot
640 1068 847 1126 sauctorum
863 1068 1005 1151 patrum
1023 1049 1139 1122 revela
1149 1050 1222 1121 ¹....
1244 1049 1407 1123 velamen
1430 1047 1562 1143 Moysis
1582 1073 1691 1147 super
1706 1073 1770 1121 cor
1788 1047 1981 1145 babentes,
2003 1080 2069 1126 nec

470 1177 590 1249 adhuc
612 1200 697 1247 cum
714 1173 914 1272 Apostolo⁸,
946 1168 1139 1243 «revelata
1162 1168 1250 1241 facie
1275 1166 1425 1263 gloriam
1442 1164 1590 1238 Domini
1606 1166 1845 1266 speculantes,
1868 1200 1885 1236 »
1917 1172 1990 1243 hoc
2018 1174 2069 1246 illi

470 1296 619 1369 audiant
636 1296 699 1392 qui
715 1317 821 1366 saurae
844 1291 1033 1390 Scripturas
1056 1290 1215 1387 magistri
1231 1287 1442 1377 residentes,
1462 1286 1574 1360 verba
1597 1288 1710 1385 magis
1736 1314 1868 1387 pueros
1893 1291 2066 1389 prolerre,

470 1441 580 1515 quam
596 1414 792 1512 intelligere
807 1412 954 1485 docent.
974 1415 1047 1483 Nec
1063 1410 1109 1482 ad
1126 1407 1280 1483 salutern
1296 1407 1391 1481 illius
1407 1406 1578 1504 sapientis
1594 1407 1829 1506 proverbium
1846 1409 1948 1506 quod
1966 1415 2068 1509 pueri

470 1536 686 1626 didicerunt,
703 1559 828 1607 eorum
840 1532 991 1605 conterit
1002 1529 1276 1631 impudentiam,
1294 1528 1411 1625 legere
1425 1528 1523 1600 enim
1534 1541 1570 1601 et
1581 1552 1657 1600 non
1667 1526 1877 1626 intelligere,
1892 1529 2070 1630 negligere

470 1670 535 1729 est.
554 1657 623 1745 Qui
641 1681 724 1728 cum
744 1656 781 1726 in
798 1654 855 1725 his
874 1654 956 1725 caeci
971 1665 1069 1741 sunt,
1088 1674 1168 1750 quae
1186 1649 1233 1722 de
1248 1653 1327 1722 Deo
1343 1648 1526 1737 dicuntur,
1544 1662 1645 1721 tanto
1668 1647 1875 1722 hircorum
1892 1675 1994 1723 error
2018 1670 2070 1725 est

470 1775 717 1874 periculosior,
733 1788 870 1872 quanto
888 1787 941 1845 est
957 1772 1063 1870 liujus
1080 1772 1132 1844 rei
1149 1770 1314 1844 doctriua
1325 1771 1436 1865 magis
1453 1769 1663 1860 necessaria,
1684 1794 1765 1867 quae
1788 1783 1959 1868 tanquam
1988 1796 2071 1843 om-

470 1899 571 1968 nium
586 1894 769 1968 honorum
787 1893 1061 1966 fundamentum
1081 1891 1292 1965 collocatur.
1314 1889 1423 1978 Quod
1440 1889 1507 1962 nisi
1524 1888 1713 1986 diligenter
1730 1889 1836 1962 luerit
1851 1890 2067 1989 inspectum,

470 2016 558 2088 nihil
576 2015 774 2088 securitatis
790 2013 913 2086 afferet
929 2013 1029 2111 quod
1048 2012 1154 2085 luerit
1169 2010 1505 2110 superaediiicatum.
1520 2008 1618 2097 Quid
1634 2009 1790 2107 denique
1811 2012 1923 2108 magis
1937 2012 2070 2085 ridicu·

468 2135 586 2209 losum
604 2160 711 2233 quam
737 2136 767 2207 si
789 2133 917 2229 aliquis
944 2135 1055 2206 alium
1088 2132 1220 2206 docere
1246 2131 1389 2221 volens,
1411 2156 1494 2204 cum
1517 2130 1709 2228 requisitus
1729 2129 1833 2202 fuerit
1850 2129 1896 2202 de
1917 2130 1974 2202 his
1989 2158 2070 2230 quae

468 2256 554 2328 dicit
571 2271 691 2327 utrum
708 2253 891 2348 intelligat,
910 2268 1015 2349 neget
1025 2254 1184 2351 seipsum
1192 2253 1388 2350 intelligere
1402 2275 1482 2349 quae
1498 2250 1598 2341 dicit,
1612 2249 1668 2322 vel
1680 2274 1718 2323 se
1734 2251 1873 2322 nescire
1884 2249 2071 2347 dequibus

468 2375 652 2473 loquitur?
678 2378 864 2462 Quantum
880 2371 1097 2444 cachinnum
1127 2370 1355 2472 Philosophis
1380 2386 1416 2445 et
1438 2371 1570 2443 Graecis
1588 2371 1798 2469 sapientiam
1830 2369 2070 2468 quaerentibus

469 2493 632 2593 Apostoli
645 2493 853 2579 movissent,
873 2489 989 2564 filium
1004 2493 1069 2564 Dei
1089 2491 1336 2592 praedicantes,
1356 2491 1440 2564 siin
1459 2492 1537 2590 ipso
1550 2490 1669 2564 statim
1686 2489 1949 2588 praedicationis
1966 2514 2069 2563 exor-

469 2613 531 2685 dio
543 2615 595 2685 sic
607 2612 783 2684 confutari
794 2625 955 2709 possent,
972 2627 1012 2682 ut
1028 2611 1116 2708 quid
1124 2635 1188 2683 eos
1202 2612 1359 2708 primum
1372 2608 1565 2709 praedicare
1578 2635 1620 2684 ac
1637 2611 1768 2684 docere
1786 2609 1989 2709 oportebat,
2001 2611 2069 2709 ipsi

469 2758 506 2804 se
524 2733 662 2804 nescire
680 2730 900 2802 faterentur?
918 2730 1027 2817 Quod
1038 2755 1105 2802 nec
1121 2730 1212 2802 sorte
1228 2728 1273 2801 de
1291 2730 1376 2829 ipsis
1388 2754 1657 2829 praesumamus,
1677 2729 1809 2828 quibus
1826 2729 1963 2802 Veritas
1981 2730 2069 2828 Spi-

343 2844 347 2849 ’
470 2853 579 2923 ritum
597 2865 762 2923 sanctum
779 2850 992 2949 promittens
1005 2851 1075 2921 ait⁸
1090 2877 1098 2920 ι
1113 2877 1132 2917 ιι
1147 2847 1209 2920 llle
1222 2874 1288 2921 vos
1298 2848 1444 2923 docebit
1453 2851 1590 2943 omnia,
1602 2865 1638 2922 et
1654 2863 1816 2948 suggeret
1829 2848 1934 2922 vobis
1946 2851 2070 2923 omnia

469 2994 694 3070 quacunque
707 2970 831 3041 dixero
846 2967 994 3041 robis.»
1017 2966 1210 3041 Audiamus
1222 2983 1258 3042 et
1268 2984 1442 3068 quantam
1459 2970 1509 3043 eis
1526 2968 1698 3042 fiduciam
1715 2969 1760 3042 de
1779 2982 1881 3042 tanto
1899 2971 2068 3069 magistro

469 3092 605 3164 Veritas
620 3091 697 3190 ipsa
714 3090 898 3187 reliquerit
918 3087 1057 3161 dicens‘
1076 3118 1084 3161 :
1107 3119 1125 3159 u
1146 3094 1226 3161 Non
1245 3093 1343 3163 enim
1360 3116 1425 3163 vos
1441 3091 1524 3164 estis
1543 3090 1606 3188 qui
1622 3089 1825 3188 loquimini,
1844 3089 1909 3163 sed
1925 3090 2069 3189 spiritus

468 3213 578 3311 patris
595 3211 717 3303 vestri,
745 3211 807 3306 qui
834 3210 995 3305 loquitur
1019 3209 1057 3280 in
1074 3208 1190 3281 vobis.
1215 3238 1232 3278 ι
1259 3215 1313 3283 De
1332 3235 1406 3310 quo
1423 3226 1460 3284 et
1484 3210 1569 3284 alibi
1585 3212 1757 3310 scriptum
1773 3214 1868 3282 esu:
1892 3238 1910 3278 u
1928 3213 1972 3283 Et
1993 3235 2068 3284 non

468 3346 635 3430 poterant
652 3331 813 3402 resistere
830 3328 1025 3427 sapientiae.
1042 3343 1077 3400 et
1100 3330 1240 3427 spiritui
1263 3331 1327 3430 qui
1347 3329 1609 3427 loquebatur.»
1632 3332 1668 3403 si
1686 3355 1758 3427 qua
1774 3331 1882 3428 igitur
1903 3333 2070 3429 mysteria

469 3451 514 3525 de
525 3456 603 3523 Deo
618 3464 724 3523 antea
736 3449 982 3538 disseruimus,
1001 3447 1061 3520 hic
1074 3449 1196 3549 potius
1212 3449 1248 3519 iu
1268 3449 1375 3522 nobis
1391 3475 1500 3547 quam
1519 3450 1684 3550 nosipsi,
1709 3450 1781 3523 hoc
1798 3450 1883 3549 agit,
1906 3465 1942 3523 et
1967 3449 2069 3548 quod

469 3570 575 3643 nobis
592 3585 645 3642 est
662 3567 898 3667 impossibile,
913 3569 980 3665 ipsi
992 3581 1045 3638 est
1058 3566 1173 3639 tacite.
1193 3572 1233 3640 ln
1252 3594 1328 3667 quo
1345 3570 1437 3644 udeo
1453 3585 1583 3644 cuncta
1596 3571 1809 3661 consistunt,
1823 3594 1903 3668 quae
1918 3568 2069 3641 salubri·

469 3705 522 3762 ter
539 3688 766 3790 profitemur,
786 3691 843 3759 ιιι8
859 3715 877 3754 a
894 3710 1002 3759 nemo
1018 3688 1129 3784 possit
1145 3687 1264 3761 dicere
1280 3692 1458 3763 Dominus
1473 3696 1588 3784 lesus,
1607 3693 1675 3765 nisi
1693 3692 1729 3764 iu
1747 3692 1877 3790 Spiritu
1890 3703 2029 3762 sancto.
2047 3719 2065 3758 n

468 3814 546 3880 Hoc
562 3809 670 3905 igitur
695 3807 848 3879 docente
873 3806 1115 3903 intelligimus,
1140 3806 1213 3880 hoc
1236 3824 1446 3908 suggerente
1469 3811 1676 3886 disserimus
1705 3836 1783 3909 quae
1809 3834 1877 3883 nos
1905 3810 1973 3909 ipsi
1990 3835 2067 3882 non

467 3951 672 4028 possumus,
702 3928 780 4025 ipsa
802 3927 910 3998 etiam
935 3927 1002 3998 Dei
1027 3941 1064 3998 et
1088 3927 1266 4002 Trinitatis
1299 3932 1478 4030 mysteria.
1505 3937 1594 4022 Quae
1621 3932 1807 4029 diligenter
1835 3929 1963 4002 beatus
1991 3930 2070 4003 dis·

467 4050 632 4146 tinguens
664 4048 923 4144 Hieronymus,
953 4047 1068 4144 ipsam
1101 4046 1210 4120 Verbi
1244 4053 1533 4147 generationem,
1565 4068 1601 4125 et
1642 4077 1665 4126 a
1700 4051 1806 4124 nobis
1837 4050 1960 4123 disseri
1991 4075 2068 4123 non

466 4192 592 4266 posse,
625 4183 660 4240 et
693 4192 759 4267 per
791 4192 859 4239 nos
889 4166 1014 4239 disseri
1047 4192 1153 4266 posse
1186 4169 1387 4267 profitetur.
1419 4172 1520 4247 Unde
1553 4173 1629 4272 ipse
1657 4198 1765 4270 super
1791 4170 2065 4261 Ecclesiastem,

464 4302 506 4362 ut
523 4289 601 4385 jam
614 4312 724 4387 supra
739 4288 981 4379 meminimus,
1001 4288 1063 4359 ubi
1081 4290 1254 4388 scriptum
1270 4295 1344 4364 est’
1363 4320 1371 4363 ε
1393 4323 1413 4363 u
1434 4295 1524 4380 Quis
1540 4294 1585 4366 sit
1603 4293 1749 4392 spiritus
1766 4292 1923 4366 filiorum
1946 4290 2068 4363 homi·
2170 4374 2179 4384 .

465 4435 573 4505 num,
597 4412 627 4483 si
644 4410 814 4496 ascendat
837 4435 1000 4501 sursum,
1020 4426 1056 4483 et
1072 4411 1216 4509 spiritus
1232 4416 1373 4512 pecoris
1397 4414 1591 4490 descendat
1613 4416 1784 4489 deorsum
1801 4416 1957 4503 interra,
1979 4439 1997 4478 u
2017 4414 2067 4483 ait

464 4531 541 4632 sic:
565 4562 583 4597 (ι
600 4529 812 4628 adjiciendo
839 4534 920 4629 quir
946 4529 1193 4604 difficultatem
1218 4533 1332 4605 voluit
1357 4534 1616 4609 demonstrare.
1647 4541 1853 4609 Pronomen
1873 4533 1970 4605 enim
1987 4535 2068 4629 quis

464 4653 500 4723 in
516 4651 706 4751 Scripturis
726 4652 857 4725 sanctis
883 4675 957 4722 non
984 4677 1050 4750 pro
1077 4652 1309 4751 impossibili,
1329 4655 1391 4727 sed
1416 4656 1552 4729 difficili
1580 4659 1739 4756 ponitur,
1759 4670 1799 4727 ut
1815 4655 1852 4725 in
1872 4684 1889 4720 ι
1910 4656 2069 4724 Generass

496 4882 609 4943 'Marum
622 4896 676 4944 cap.
690 4894 732 4943 rr,
744 4895 768 4932 r.
788 4883 827 4932 rt.
839 4882 888 4918 -²
903 4881 915 4930 t
928 4881 1006 4941 Tim„
1020 4896 1074 4945 cap.
1092 4895 1114 4945 t,
1128 4897 1151 4933 ι.
1165 4889 1189 4935 t.
1206 4906 1233 4920 —-
1288 4885 1516 4948 rintt.,cap.nr,r.
1527 4886 1701 4949 ta-uoen,
1711 4898 1857 4948 caparra.
1871 4885 1957 4934 aad
1968 4881 2067 4941 batth..

479 4965 518 5013 ste
527 4960 660 5013 eostre.
669 4968 694 5011 et
706 4960 772 5012 Edit.
785 4960 857 5010 Anah.
867 4959 958 5012 Forsan
967 4965 1024 5024 port
1040 4967 1234 5026 tetrardorum
1288 4969 1663 5032 tap.x,r.2⁰.-⁷Aet.Aport.,
1671 4982 1724 5032 cap.
1736 4969 1905 5028 ιι,ι.20.-·
1916 4964 2068 5025 10οτίιιι1ι.,

462 5050 568 5107 patrum
581 5042 710 5105 exemplm
722 5042 890 5092 indubttanter
900 5040 1073 5093 revelationes.
1087 5069 1116 5081 -
1129 5044 1137 5075 ⁴
1149 5042 1171 5093 tt
1183 5043 1229 5094 Go-
1264 5115 1265 5118 ¹
1287 5062 1340 5110 esp.
1355 5061 1402 5107 ιιι,
1412 5063 1435 5100 ι.
1449 5052 1472 5102 a.
1488 5076 1516 5088 -
1526 5053 1536 5084 ⁹
1547 5050 1651 5113 Eccles,
1662 5064 1716 5113 cap.
1729 5062 1766 5110 ιιι,
1777 5063 1801 5100 ι.
1814 5052 1854 5101 21.
