4559 6100
486 556 532 624 to
655 524 661 529 ’
1082 546 1213 618 rursu
1240 545 1471 619 summor

484 714 525 771 nt
539 722 648 771 nemo
661 696 836 769 discretus
856 695 1055 793 absquem
1069 695 1200 769 salvari
1223 695 1348 792 possit.
1373 701 1469 769 Beue
1490 694 1701 769 Athanasius
1725 719 1811 767 cum
1825 699 2071 795 preminent:

486 823 601 890 «linc
612 829 665 888 est
681 815 770 888 fides
783 813 985 905 Catholics,
1007 843 1027 880 s
1042 814 1164 886 stetim
1179 813 1218 884 id
1235 815 1419 912 aperiens,
1441 813 1539 887 unde
1557 814 1691 887 scilicet
1712 814 1852 889 dicatur
1871 814 2072 902 Catholioe,

484 950 521 1007 et
538 936 634 1008 velut
647 958 832 1034 exponens
843 934 915 1005 ait:
934 962 955 1002 s
969 937 1089 1020 Quam
1101 933 1172 1004 nisi
1187 933 1339 1030 quisque
1355 932 1508 1005 fideliter
1530 932 1751 1032 firmiterque
1770 933 1985 1026 crediderit,
2003 932 2074 1005 sal·

485 1077 551 1125 rus
566 1076 642 1125 esse
654 1076 730 1125 non
748 1053 925 1152 poterit.»
942 1054 1034 1123 Sunt
1046 1064 1082 1122 et
1094 1052 1158 1148 qui
1174 1049 1285 1123 velint
1297 1050 1409 1124 fidem
1426 1050 1649 1127 Catholicam
1665 1051 1712 1125 ad
1733 1052 1971 1125 differentiam
1989 1049 2075 1125 fidei

484 1170 752 1245 Catholicorum
765 1196 843 1243 non
863 1169 998 1268 ubique
1012 1194 1098 1242 cum
1109 1170 1268 1242 Ecclesia
1287 1170 1458 1261 dilatatae,
1474 1171 1539 1242 sed
1559 1171 1661 1268 quasi
1678 1171 1716 1243 in
1733 1170 1866 1268 angulo
1886 1170 2006 1268 aliquo
2021 1171 2074 1244 ln·

483 1289 635 1382 titantis,
662 1290 720 1361 rel
736 1289 774 1360 in
790 1288 909 1386 aliqua
923 1302 1099 1361 terrarum
1120 1304 1222 1387 parte
1247 1289 1437 1363 conclusae.
1463 1288 1567 1362 Fides
1590 1304 1711 1362 autem
1733 1289 1918 1362 Catholict
1942 1290 2073 1387 partim

482 1407 577 1479 circa
592 1408 708 1506 ipsam
733 1408 930 1479 divinitatis
956 1421 1141 1498 naturam,
1172 1410 1303 1506 partim
1327 1410 1422 1481 circa
1444 1409 1567 1480 divina
1588 1407 1763 1481 beneficia
1781 1422 1819 1480 et
1841 1433 2075 1506 quascunque

483 1526 549 1597 Dei
565 1527 781 1599 necessarias
803 1525 1087 1624 dispensationes
1104 1525 1162 1598 vel
1178 1527 1424 1600 ordinationes
1449 1528 1632 1622 consistit,
1652 1551 1732 1625 que
1756 1525 1862 1599 nobis
1884 1526 2075 1622 diligenter

481 1644 731 1742 Apostolorum
747 1646 804 1718 rel
827 1649 1041 1718 Sanctorum
1058 1660 1200 1745 patrum
1217 1646 1388 1743 symbolis
1402 1670 1568 1745 expressa
1583 1660 1680 1718 sunt.
1700 1650 1748 1719 Ac
1761 1647 1919 1745 primum
1944 1644 1991 1717 de
2018 1644 2073 1719 his

482 1788 563 1861 quae
577 1763 625 1838 ad
640 1763 836 1838 divinitatis
846 1779 1013 1838 naturam
1026 1765 1226 1863 pertinent,
1243 1767 1512 1839 consideremus
1528 1765 1679 1864 qualiter
1699 1764 1865 1838 videlicet
1888 1766 1927 1836 in
1949 1788 2022 1837 una
2038 1779 2074 1836 et

480 1882 608 1954 eadem
622 1886 766 1983 penitus
783 1885 977 1957 divinitatis
1000 1884 1198 1956 substantia
1214 1899 1285 1956 tres
1305 1910 1467 1982 personae
1487 1884 1696 1974 credantur,
1722 1888 1824 1956 Pater
1845 1882 2002 1971 scilicet,
2030 1906 2073 1956 ac

480 2002 599 2094 Filias,
617 2027 661 2087 ac
675 2004 827 2101 Spiritus
842 2018 1003 2096 sanctus,
1022 2004 1163 2102 etquid
1180 2006 1328 2077 rationis
1345 2005 1400 2078 rel
1415 2004 1574 2077 utilitatis
1588 2002 1664 2076 hec
1689 2004 1726 2075 in
1748 2026 1823 2074 uno
1844 2006 1924 2074 Deo
1942 2000 2072 2074 habeat

480 2142 715 2218 personarum
733 2121 930 2195 distinctio.
952 2124 1073 2195 Primo
1091 2125 1210 2221 itaque
1226 2124 1321 2196 hanc
1336 2123 1422 2195 lidei
1442 2147 1624 2195 summam
1648 2146 1847 2220 ponamus,
1873 2120 1920 2193 de
1938 2122 2072 2194 unitate

479 2239 611 2315 scilicet
627 2265 669 2313 ao
686 2240 841 2313 trinitate
854 2240 997 2333 divina,
1018 2241 1152 2314 deinde
1169 2243 1337 2339 positam,
1356 2256 1466 2341 prout
1481 2241 1658 2315 Dominus
1672 2239 1826 2329 dederit,
1842 2238 2068 2311 disseramus.

525 2360 636 2430 Tenet
649 2360 758 2454 igitur
773 2359 982 2432 Christianae
1006 2360 1093 2433 fidei
1115 2360 1240 2457 religio
1262 2386 1379 2433 unum
1406 2358 1637 2437 solummodo
1652 2363 1772 2430 Deum
1786 2382 1879 2450 esse,
1905 2381 1949 2429 ac
1970 2355 2072 2429 nullo

480 2476 590 2548 modo
615 2476 737 2575 plures
762 2503 840 2553 esse
863 2482 978 2571 Deos,
999 2503 1113 2551 unum
1136 2480 1302 2551 omnium
1327 2479 1538 2567 dominum,
1572 2501 1686 2549 unum
1712 2490 1932 2562 creatorem,
1958 2500 2071 2547 unum

477 2596 710 2692 principium,
729 2622 846 2671 unum
860 2598 1006 2685 lumen,
1033 2621 1149 2669 unum
1172 2597 1335 2690 bonum,
1364 2620 1478 2669 unum
1496 2598 1736 2688 immensum,
1759 2619 1877 2666 unum
1898 2594 2072 2691 omnipo·

479 2726 632 2804 tentem,
665 2738 780 2787 unum
803 2729 1000 2806 aeternum,
1021 2739 1132 2787 unam
1156 2714 1393 2788 substantiam
1418 2716 1495 2787 sive
1518 2715 1710 2788 essentiam
1739 2710 2072 2785 incommutabilem

477 2833 619 2928 penitus
633 2854 675 2904 ac
691 2832 908 2931 simplicem,
929 2835 987 2904 oui
1006 2858 1074 2904 nec
1092 2848 1211 2931 partes
1227 2834 1378 2932 aliquae,
1396 2859 1465 2907 nec
1481 2832 1616 2930 aliquid
1631 2831 1733 2931 quod
1750 2833 1829 2930 ipsa
1849 2856 1926 2903 non
1945 2829 2067 2924 luerit,

476 2950 588 3046 possit
609 2951 744 3041 inesse,
764 2975 884 3051 asper
898 2952 1020 3023 omnia
1049 2952 1164 3024 solam
1184 2952 1353 3051 praedicat
1373 2977 1416 3025 ac
1438 2953 1553 3027 credit
1578 2954 1774 3039 unitatem,
1802 2963 1952 3050 excepto
1969 2950 2069 3046 quod

475 3067 523 3140 ad
536 3092 773 3166 personarum
791 3057 947 3170 pertinet
969 3071 1251 3146 multitudinem.
1274 3074 1365 3146 Huic
1386 3076 1506 3171 itaque
1528 3088 1602 3148 tam
1620 3071 1774 3170 simplici
1793 3095 1858 3143 seu
1879 3068 2070 3146 individue

476 3194 519 3257 ac·
532 3211 638 3260 merae
653 3187 878 3280 substantiae,
896 3204 968 3262 tres
984 3191 1098 3262 inesse
1114 3216 1286 3290 personas
1296 3192 1364 3264 sibi
1379 3218 1444 3293 per
1457 3194 1582 3266 omnia
1595 3190 1793 3288 nmquales
1806 3211 1849 3261 ac
1860 3202 2067 3280 coaeternas,

476 3326 549 3377 non
567 3329 719 3380 numero
734 3332 876 3399 rerum,
895 3308 961 3381 sed
980 3308 1184 3406 pluralitate
1205 3313 1465 3408 proprietatum
1487 3310 1647 3384 diversas
1668 3310 1844 3381 veraciter
1862 3304 2067 3392 confitetur,

475 3425 592 3497 Deum
609 3424 773 3500 videlicet
788 3430 944 3519 Patrem,
965 3441 1004 3500 ut
1019 3428 1160 3500 dictum
1173 3442 1238 3520 est,
1257 3453 1299 3500 ac
1315 3433 1432 3502 Deum
1454 3429 1583 3501 Filium
1598 3427 1688 3525 ejus,
1703 3439 1811 3523 atque
1826 3429 1943 3497 Deum
1958 3424 2069 3522 Spiri-

476 3555 553 3616 tum
568 3542 663 3638 ejus,
687 3544 733 3618 ab
751 3546 911 3642 utrisque
935 3546 1205 3644 procedentem.
1233 3551 1311 3619 Non
1338 3563 1392 3619 est
1413 3563 1535 3622 autem
1551 3569 1625 3619 una
1643 3568 1798 3644 persona
1824 3542 1960 3632 altera,
1986 3541 2068 3614 licet

475 3659 613 3731 sithoc
636 3661 755 3757 ipsum
779 3663 879 3757 quod
904 3663 1015 3735 altera
1043 3692 1053 3733 z
1076 3688 1195 3759 neque
1219 3666 1317 3736 enim
1337 3666 1400 3761 qui
1418 3670 1522 3738 Pater
1537 3679 1591 3737 est
1608 3663 1716 3737 Filius
1735 3675 1809 3755 est,
1834 3672 1896 3734 aut
1915 3659 2068 3756 Spiritus

475 3792 641 3870 sunctus3
661 3805 729 3853 nec
746 3782 809 3878 qui
831 3781 938 3853 lilius
956 3796 1027 3870 est,
1046 3782 1198 3879 Spiritus
1214 3797 1360 3856 sanctus
1375 3799 1449 3874 est;
1473 3786 1536 3858 sed
1554 3799 1674 3864 tamen
1691 3781 1791 3881 quod
1806 3786 1908 3853 Pater
1923 3792 1990 3869 est,
2014 3792 2068 3851 est

477 3894 596 3986 Filius,
611 3912 713 3970 estet
727 3899 877 3997 Spiritus
892 3910 1048 3992 sanctus,
1071 3914 1107 3971 et
1129 3924 1150 3972 e
1170 3903 1366 3974 contrario.
1386 3903 1487 3976 ldem
1509 3906 1644 4003 quippe
1660 3908 1757 3976 Deus
1779 3914 1854 3972 tam
1875 3903 1978 3970 Pater
1996 3910 2063 3989 est,

477 4038 587 4116 quam
602 4015 709 4087 Filius
724 4037 788 4088 scu
804 4015 955 4114 Spiritus
976 4032 1137 4109 sanctus,
1157 4045 1272 4093 unum
1296 4021 1431 4120 quippe
1453 4046 1600 4120 prorsus
1622 4023 1660 4094 in
1679 4034 1824 4110 natura,
1853 4039 1969 4088 unum
1992 4028 2068 4086 tam

477 4155 629 4207 numero
645 4157 756 4231 quam
768 4133 965 4210 substantia
980 4150 1065 4209 sunt
1080 4164 1091 4228 ;
1109 4135 1175 4209 sed
1188 4138 1289 4234 juxta
1304 4163 1432 4212 eorum
1448 4141 1685 4239 proprietates
1699 4140 1748 4210 ita
1765 4133 2000 4235 personaliter
2019 4130 2067 4206 ab

476 4251 630 4325 invicem
647 4252 904 4349 distinguntur,
929 4268 970 4328 ut
984 4254 1073 4328 alius
1094 4256 1140 4328 sit
1156 4257 1222 4330 iste
1242 4282 1351 4356 quam
1369 4259 1450 4347 illc,
1468 4284 1544 4334 non
1560 4258 1672 4332 aliud.
1688 4259 1810 4330 Homo
1825 4267 1880 4327 est
1895 4272 2065 4352 persona·

475 4371 568 4459 liter,
588 4395 662 4443 non
679 4370 956 4444 substantialiter
977 4373 1161 4466 diversus,
1184 4400 1267 4448 cum
1296 4375 1356 4449 hic
1379 4377 1545 4451 videlicet
1565 4401 1642 4450 non
1664 4377 1709 4448 sit
1730 4373 1810 4462 ille,
1838 4372 1919 4444 licet
1938 4370 1998 4442 hic
2023 4369 2068 4442 sit

477 4488 622 4586 penitus
636 4488 707 4564 hoc
723 4490 825 4588 quod
839 4490 898 4564 ille
911 4547 921 4581 ‚
936 4491 975 4564 id
990 4506 1044 4565 est
1057 4493 1185 4566 eadem
1200 4496 1343 4593 penitus
1358 4497 1403 4568 sit
1416 4495 1614 4570 substantia
1629 4509 1754 4592 quaet
1774 4492 1853 4582 ille,
1874 4512 1950 4562 non
1975 4510 2065 4584 per-

477 4630 578 4679 sona.
596 4606 698 4680 Unde
712 4607 877 4681 Sedulius
895 4641 904 4682 ι
921 4615 1035 4683 «Non
1054 4614 1139 4709 quia
1150 4615 1213 4711 qui
1227 4640 1387 4688 summus
1405 4621 1508 4688 Pater
1515 4629 1569 4687 est
1579 4629 1616 4686 et
1626 4614 1734 4687 Filius
1741 4611 1803 4684 hic
1816 4624 1890 4699 est;
1904 4604 2065 4699 sedquia

331 4723 336 4734 ’
478 4724 577 4824 quod
590 4750 751 4800 summus
768 4733 871 4802 Pater
886 4742 938 4803 est
954 4746 990 4806 et
1005 4731 1113 4806 Filius
1129 4733 1202 4806 hoc
1219 4749 1284 4807 est.
1307 4763 1326 4802 u

527 4846 717 4942 Proprium
735 4861 854 4920 autem
871 4862 925 4922 est
940 4850 1003 4922 Dei
1021 4853 1135 4923 Patris
1151 4853 1348 4947 ingenitum
1364 4876 1461 4941 esse,
1483 4852 1556 4925 hoc
1571 4865 1626 4925 est
1645 4876 1669 4925 a
1689 4854 1808 4951 seipso
1830 4869 1907 4918 non
1924 4842 1972 4917 ab
1992 4843 2064 4916 alio

477 4964 640 5056 existere,
660 4964 752 5037 sicut
767 4965 843 5037 Filii
859 4969 1049 5067 proprium
1065 4984 1118 5042 est
1134 4994 1154 5041 a
1169 4975 1272 5043 Patre
1288 4973 1449 5068 genitum
1463 4993 1552 5063 esse,
1569 4995 1645 5043 non
1661 4984 1822 5043 creatum
1837 4963 1895 5037 vel
1907 4962 2062 5044 lactum,

478 5097 513 5154 et
525 5084 676 5180 Spiritus
687 5086 799 5158 sancti
815 5083 861 5157 ab
872 5087 1032 5184 utrisque
1042 5087 1251 5186 procedere,
1265 5113 1332 5162 nec
1342 5104 1502 5163 creatum
1515 5115 1583 5164 uec
1600 5088 1733 5163 lactum
1746 5111 1834 5162 esse.
1849 5081 1957 5172 Quod
1967 5080 2063 5153 enlm
