4559 6100
453 535 523 606 εει
959 484 961 489 ’
1055 530 1183 604 emm
1208 532 1442 605 mussant

449 684 548 768 Quod
563 706 642 749 vero
660 683 762 749 David
777 701 811 749 et
828 685 980 750 Salomon
1002 684 1120 750 multas
1137 685 1337 761 habuerunt,
1359 685 1455 774 plane
1474 699 1585 749 conns
1600 685 1704 775 legem
1720 683 1873 750 fecerunt.
1891 685 2044 751 Nostrum

449 805 526 847 vero
540 783 726 872 conjugium
742 780 785 847 ad
799 804 911 872 regum
929 783 1112 872 conjugium
1128 780 1295 847 redactum
1311 799 1369 858 est,
1387 783 1461 872 qnia
1476 802 1567 872 reges
1581 804 1700 858 sumus,
1718 780 1759 848 de
1774 780 1890 869 quibus
1905 780 2040 846 Petne:

449 879 517 945 Nos
540 902 649 944 sumus
670 902 769 970 genus
785 879 935 959 electum,
952 878 1059 970 regale
1076 879 1302 945 sacerdotium.
1322 881 1395 946 Hoc
1416 894 1662 960 armamentum,
1689 894 1727 944 ut
1742 877 1862 944 dictum
1885 895 1945 958 est,
1967 878 2044 943 mali

449 976 629 1043 remedium
645 993 703 1058 est,
720 979 778 1042 etsi
794 977 917 1043 donum
932 1000 1000 1043 non
1014 977 1170 1042 conferat.
1188 976 1284 1043 Unde
1304 999 1312 1042 ι
1330 977 1394 1060 Qui
1407 992 1513 1067 potest
1527 999 1641 1067 capere
1654 977 1770 1066 capiat,
1787 974 1822 1041 id
1831 991 1890 1051 eet,
1908 978 1963 1064 qui
1979 999 2046 1065 po-

451 1092 513 1139 test
525 1076 690 1140 continere
701 1077 877 1152 contineat,
894 1076 1025 1164 quinon
1037 1089 1143 1165 potest
1155 1096 1291 1141 uxorem
1303 1072 1410 1140 ducat.
1423 1076 1465 1139 Et
1476 1074 1648 1164 Apostolus
1660 1097 1668 1139 ε
1681 1074 1772 1140 Unus
1786 1075 1919 1162 quisque
1927 1073 2046 1139 habeat

452 1195 541 1236 suam
554 1187 687 1261 propter
702 1172 949 1238 fornicationem
965 1171 1142 1237 vitandam.

495 1271 612 1333 Utrum
627 1269 732 1335 clerici
748 1270 990 1335 matrimonium
1006 1271 1194 1336 contrahere
1210 1270 1343 1360 possint,
1361 1270 1460 1357 queri
1475 1267 1568 1335 solet.
1584 1267 1786 1351 Sacerdcoes,
1803 1268 1858 1358 qui
1874 1290 1941 1333 non
1957 1268 2044 1333 fece·

452 1382 544 1445 runt,
568 1382 712 1455 possunt.
737 1367 770 1432 Si
790 1389 868 1432 vero
891 1367 1003 1456 aliquis
1026 1369 1059 1432 in
1085 1367 1218 1433 ecclesie
1242 1391 1316 1456 quas
1337 1384 1450 1432 votnm
1474 1368 1628 1456 suscepit,
1653 1366 1748 1431 faerit
1769 1367 1824 1454 qui
1847 1388 1914 1430 non
1933 1381 2044 1431 rotun

453 1463 573 1544 fecerit,
595 1479 703 1552 potest
719 1462 848 1545 ducere,
873 1464 979 1530 sedin
996 1465 1128 1530 ecclesia
1148 1465 1202 1528 illa
1228 1463 1370 1528 officium
1389 1488 1457 1529 non
1474 1465 1646 1545 exercebit,
1670 1461 1759 1551 quod
1777 1478 1836 1538 est,
1859 1462 2045 1552 pnmthiam

452 1583 519 1623 non
536 1560 669 1625 tenebit.
684 1561 871 1626 Graecorum
880 1584 959 1626 vero
970 1561 1164 1639 sacerdotes,
1178 1560 1252 1648 quin
1268 1578 1380 1626 votnm
1392 1584 1459 1626 non
1470 1576 1687 1651 susceperunt,
1703 1560 1787 1625 bene
1797 1582 1915 1625 uxores
1930 1560 2047 1625 ducere

452 1673 598 1744 possunt,
624 1659 678 1746 qui
700 1658 830 1747 quando
849 1675 1086 1739 consecrantur,
1109 1658 1151 1722 de
1166 1679 1266 1722 mauu
1285 1659 1425 1748 episcopi
1440 1680 1555 1723 uxores
1576 1659 1747 1747 accipiunt,
1765 1674 1799 1722 et
1816 1658 1955 1747 virgines
1973 1680 2045 1745 quas

452 1753 476 1815 si
500 1755 694 1835 moriantur,
713 1778 779 1820 non
801 1754 878 1820 alias
904 1755 1063 1844 accipiunt
1083 1778 1143 1821 nec
1162 1757 1239 1844 ipsse
1260 1755 1351 1821 alios.
1374 1755 1574 1845 Praeceptum
1596 1755 1693 1819 etiem
1713 1769 1781 1819 erat
1805 1755 1868 1832 eis,
1886 1769 1922 1817 ut
1944 1774 2044 1817 unus-

453 1851 584 1939 quisque
606 1850 647 1917 de
662 1851 747 1916 tribu
762 1875 819 1917 sua
839 1875 954 1917 uxores
970 1852 1120 1933 duceret,
1138 1874 1180 1917 ne
1200 1852 1302 1917 tribus
1323 1853 1604 1918 commisoerentur
1622 1866 1655 1916 et
1673 1874 1716 1915 ne
1729 1850 1878 1915 hundret
1890 1850 2047 1939 possessio

453 1948 546 2011 unius
562 1948 664 2012 tribus
679 1949 713 2011 in
731 1950 963 2038 possessionem
978 1949 1121 2028 alterius,
1140 1951 1215 2037 qnia
1231 1965 1316 2015 terra
1331 1972 1390 2039 per
1404 1951 1508 2014 tribus
1526 1949 1626 2014 divisa
1642 1964 1723 2014 erat.
1747 1948 1843 2012 Nunc
1856 1963 1964 2011 nutem
1978 1968 2045 2010 non

453 2043 539 2124 licet,
561 2047 618 2110 sed
634 2045 676 2110 de
692 2046 797 2111 aliena
818 2063 932 2136 gente,
951 2046 1040 2135 quod
1055 2047 1188 2111 ecclesia
1206 2063 1338 2136 propter
1354 2048 1618 2137 propagationem
1633 2044 1771 2111 caritaua
1786 2045 1912 2134 (quod),
1938 2066 1957 2107 a
1976 2044 2046 2107 llo·

454 2141 555 2206 manis
576 2142 732 2231 (ecclesia)
754 2143 887 2233 accepit.
913 2145 1053 2208 Romani
1078 2145 1184 2225 enim,
1210 2143 1341 2232 quando
1365 2145 1537 2210 amicitiam
1560 2166 1635 2209 cum
1657 2142 1725 2207 aliis
1740 2142 1919 2207 oimtanbus
1944 2140 2046 2205 facere

451 2239 615 2320 volebant,
632 2263 747 2305 uxores
763 2263 803 2305 ex
818 2241 865 2304 eis
880 2240 922 2306 ad
935 2240 1243 2306 confederationem
1259 2241 1406 2307 amicitiai
1420 2242 1595 2307 ducebant.
1614 2238 1764 2305 Similiter
1776 2238 1916 2304 Ecclesia
1932 2238 2048 2302 consu·

452 2337 524 2415 tuit,
543 2353 579 2401 ut
594 2361 661 2402 non
679 2338 720 2403 de
734 2360 804 2419 sun,
820 2338 877 2403 sed
894 2337 935 2403 de
950 2337 1054 2403 aliena
1065 2338 1214 2427 prosapia
1229 2360 1366 2403 uxorem
1381 2339 1451 2427 quis
1466 2336 1573 2418 ducat,
1588 2338 1663 2426 quin
1677 2358 1745 2401 non
1761 2337 1884 2426 putarit
1899 2336 1965 2399 hoc
1977 2334 2047 2400 suf·

452 2432 546 2499 licere
569 2434 611 2499 ad
631 2435 851 2500 dilatationem
874 2435 1029 2517 caritatis,
1053 2436 1129 2523 quia
1148 2458 1208 2525 per
1226 2458 1362 2501 uxorem
1377 2458 1475 2523 qnam
1498 2435 1613 2525 accipit
1634 2449 1738 2499 totam
1759 2433 1847 2498 illam
1862 2428 2047 2522 progeniem

453 2530 566 2621 diligit.
585 2531 688 2597 Multa
703 2548 793 2612 sunt,
812 2556 884 2621 quae
899 2533 1085 2622 conjugium
1101 2532 1299 2622 impediunt,
1317 2535 1484 2623 cognatio,
1500 2548 1629 2612 votum,
1651 2530 1747 2611 ordo,
1764 2530 1932 2621 frigiditas.
1949 2530 2045 2606 Sunt,

452 2630 508 2716 qui
525 2631 559 2692 in
577 2645 701 2693 secreto
715 2628 946 2693 continentiam
962 2645 1094 2693 vovent.
1113 2630 1173 2709 Hi,
1191 2630 1217 2693 si
1232 2652 1300 2693 non
1321 2647 1454 2721 possunt
1478 2631 1655 2709 continere,
1675 2629 1717 2694 de
1733 2644 1810 2693 voto
1825 2627 1999 2717 poemteant
2013 2642 2047 2689 et

452 2747 569 2789 uxores
585 2725 717 2789 ducant.
735 2725 800 2807 Qui
814 2747 892 2789 vero
908 2726 943 2788 in
958 2725 1128 2790 manifesto
1139 2741 1253 2790 votum
1268 2725 1400 2808 faciunt,
1418 2742 1454 2792 ut
1469 2728 1645 2792 montehtn
1660 2743 1696 2791 et
1707 2724 1868 2805 sacerdos,
1881 2724 2048 2788 manim-

452 2822 543 2884 ninm
566 2823 754 2886 contrahere
776 2839 953 2910 nequeunt.
973 2821 1110 2886 Ordines
1125 2822 1325 2911 impediunt3
1348 2840 1482 2914 possunt
1496 2840 1606 2890 umen
1626 2824 1745 2890 ducere
1762 2844 1862 2911 usque
1878 2819 1921 2886 ed
1937 2821 2048 2908 acoly-

452 2918 567 2999 thum,
584 2917 640 2983 sed
656 2918 811 2983 beneficia
827 2918 987 2984 dimittere
1009 2919 1141 2985 debent.
1160 2920 1224 3002 Qui
1239 2943 1318 2984 vem
1342 2944 1437 3011 supra
1457 2921 1641 3010 acolythum
1659 2920 1800 2987 ordinati
1820 2935 1913 3000 sunt,
1933 2918 2049 2983 discere

453 3038 521 3079 tion
541 3031 685 3106 possunt.
711 3016 882 3106 Gregorius
904 3032 1013 3083 tamen
1033 3016 1175 3108 Anglicis
1190 3017 1348 3107 permisit,
1366 3019 1441 3107 quia
1457 3042 1560 3109 nuper
1582 3020 1742 3084 conversis
1765 3017 1807 3083 ad
1825 3014 1924 3083 fidem
1944 3016 1970 3081 si
1986 3017 2050 3081 hoc

452 3113 522 3200 (eis)
531 3115 765 3202 prohiberetur,
783 3113 874 3179 facile
887 3115 988 3180 relabi
1003 3130 1144 3205 possent.
1158 3115 1297 3180 Seruitus
1313 3118 1409 3180 etiam
1421 3116 1567 3206 impedit.
1584 3117 1617 3182 Si
1626 3118 1696 3205 quis
1708 3118 1806 3197 enim,
1819 3137 1852 3179 εε
1865 3116 2047 3204 ignorante,

453 3210 601 3275 ancillam
617 3211 707 3276 ducit
723 3210 868 3293 alterius,
887 3213 913 3277 si
935 3212 1074 3278 noluerit
1088 3212 1124 3277 in
1138 3213 1324 3278 servitutem
1337 3212 1458 3303 redigi,
1477 3229 1532 3277 aut
1555 3215 1652 3278 etiam
1667 3213 1804 3278 redimat
1821 3228 1876 3276 aut
1896 3210 2046 3275 dimittet.

453 3308 547 3388 Item,
568 3309 595 3372 si
611 3310 680 3396 quis
699 3309 831 3400 frigidus
846 3333 981 3375 uxorem
997 3310 1123 3375 duxerit
1138 3325 1171 3374 et
1187 3332 1259 3373 eam
1274 3309 1395 3375 habere
1411 3334 1477 3375 non
1494 3310 1650 3399 potuerit,
1668 3311 1734 3375 Leo
1752 3332 1835 3400 papa
1851 3306 1947 3387 dicit,
1962 3306 2050 3396 quod

453 3428 525 3468 eam
545 3404 706 3471 dimittere
720 3422 835 3496 potest.
855 3407 1028 3497 Gregorius
1042 3431 1119 3472 tero
1136 3406 1232 3488 dicit,
1251 3430 1317 3472 esse
1334 3408 1536 3496 conjugium,
1553 3422 1585 3472 ει
1599 3408 1625 3471 si
1640 3430 1708 3472 non
1723 3421 1829 3496 potest
1844 3426 1917 3469 eam
1930 3405 2049 3469 habere

454 3518 488 3565 ut
504 3526 656 3584 uxorem,
679 3504 798 3569 habeat
814 3520 851 3567 ut
866 3528 1031 3586 sororem,
1049 3521 1082 3570 ει
1097 3528 1164 3569 non
1180 3504 1285 3568 minus
1301 3505 1362 3569 erit
1381 3504 1581 3594 conjugium,
1600 3505 1680 3568 sicut
1694 3502 1877 3593 eonjugium
1892 3500 2003 3565 Mariae
2019 3519 2050 3566 et

452 3598 582 3689 loseph.
600 3601 633 3664 Si
648 3623 724 3664 vero
741 3600 856 3665 mulier
872 3624 939 3665 non
955 3602 1097 3691 potuerit
1112 3600 1290 3681 continere,
1305 3619 1337 3666 et
1347 3604 1411 3667 hoc
1422 3600 1550 3681 dixerit,
1562 3624 1628 3665 non
1642 3617 1772 3691 propter
1786 3601 1849 3663 hoc
1860 3598 2048 3687 separanda,

452 3696 526 3782 quia
542 3719 667 3761 necesse
685 3712 733 3760 est
748 3718 821 3760 eam
838 3698 1014 3764 continere.
1034 3697 1114 3764 Inde
1135 3699 1352 3787 Hieronymus
1369 3714 1401 3763 et
1412 3698 1654 3787 Theophrastus
1664 3697 1775 3763 dicunt
1792 3719 1800 3761 ι
1816 3694 1905 3760 Nulli
1918 3696 2050 3785 sapienti
2102 3743 2107 3752 .

454 3790 601 3857 ducenda
625 3808 673 3856 est
691 3815 785 3857 uxor.
804 3794 843 3858 In
865 3793 933 3859 aliis
950 3795 1037 3859 enim
1054 3795 1190 3884 experiri
1208 3817 1385 3884 possumus,
1405 3795 1510 3883 qualia
1530 3795 1604 3878 sint,
1623 3815 1795 3884 antequam
1809 3791 1997 3872 habeamus,
2016 3809 2052 3856 ut

454 3912 585 3976 equum,
604 3904 775 3976 antequam
791 3913 947 3973 emamus,
967 3907 999 3957 ει
1014 3908 1135 3973 cetera;
1155 3890 1212 3957 sed
1229 3891 1396 3958 mulierem
1413 3892 1549 3982 experiri
1566 3917 1633 3957 non
1648 3892 1874 3981 permittimur,
1888 3890 1948 3953 nisi
1962 3905 2051 3977 post-

453 4008 550 4073 quam
572 3987 606 4050 iu
627 4008 762 4051 uxorem
778 3988 961 4077 accipimus.
986 3990 1069 4055 Item
1084 3987 1200 4054 mulier
1222 4007 1277 4054 aut
1298 4007 1383 4057 casta
1399 4006 1447 4055 est
1463 4005 1517 4054 aut
1535 3988 1665 4056 incesta.
1693 3989 1725 4052 Si
1747 4005 1832 4054 casta
1853 3985 2007 4076 superba,
2024 3987 2052 4051 si

452 4082 588 4166 incesta,
607 4106 773 4173 nunquam
789 4086 849 4149 erit
864 4084 965 4151 libera
982 4109 1001 4149 a
1018 4086 1210 4176 suspicione.
1231 4090 1424 4179 Conjugium
1441 4087 1538 4152 etiam
1554 4089 1687 4152 servitus
1703 4084 1830 4151 dicitur.
1849 4081 1944 4149 Unde
1959 4084 2051 4175 Apo·

454 4177 551 4243 stolus
563 4203 571 4245 :
583 4181 698 4246 Servus
711 4198 842 4245 vocatus
857 4205 903 4264 es,
921 4199 954 4247 ει
969 4198 1087 4264 cetera,
1102 4183 1136 4249 id
1151 4200 1210 4264 est,
1228 4185 1262 4247 in
1275 4187 1424 4276 conjugio
1439 4201 1529 4249 utere
1545 4182 1744 4265 servitute,id
1756 4198 1814 4265 est,
1832 4181 1943 4246 habita
1957 4183 2051 4247 etiam

453 4278 618 4343 occasione
641 4276 839 4361 dimittendi,
866 4302 933 4344 non
953 4278 1106 4349 dimittas.
1134 4280 1168 4346 Si
1191 4297 1297 4346 autern
1320 4281 1418 4366 liber,
1443 4280 1558 4361 idest,
1583 4282 1650 4346 sine
1667 4280 1834 4374 conjugio,
1853 4302 1895 4343 ne
1918 4280 2053 4370 accipias

454 4397 600 4454 uxorem,
619 4376 645 4441 si
660 4376 707 4440 vis
724 4399 792 4440 esse
804 4374 896 4441 liber.

499 4473 575 4536 Tria
589 4491 663 4538 sunt
677 4473 764 4538 bona
781 4474 937 4565 conjugii,
956 4475 1047 4556 fides,
1066 4475 1184 4566 proles,
1203 4492 1450 4543 sacramentum.
1468 4477 1581 4558 Fides,
1599 4501 1665 4542 non
1682 4476 1856 4557 catholica,
1874 4471 1932 4540 sed
1947 4474 2053 4563 pactio

455 4570 640 4660 conjugalis,
652 4569 752 4658 quod,
770 4573 925 4660 quamdiu
943 4573 1068 4652 vixerit,
1084 4598 1158 4639 cum
1176 4573 1238 4639 alia
1254 4599 1321 4640 non
1338 4576 1592 4640 commisceatur.
1610 4572 1737 4651 Proles,
1754 4588 1791 4637 ut
1805 4568 2055 4662 susceptusfilius

455 4666 599 4758 religiose
614 4667 779 4750 educetur,
798 4686 832 4734 ει
848 4687 895 4736 εει
911 4671 954 4736 ad
970 4670 1133 4753 decorem,
1151 4690 1188 4738 ut
1200 4673 1288 4762 quod
1303 4674 1349 4738 ibi
1365 4697 1423 4763 per
1436 4688 1603 4764 peccatum
1619 4671 1824 4737 commissum
1839 4686 1898 4753 est,
1915 4667 2053 4733 filiorum

455 4764 559 4831 fructu
580 4784 851 4855 recompensetur.
870 4767 1111 4836 Sacramentum
1131 4787 1178 4837 est
1198 4771 1312 4838 Christi
1329 4788 1362 4837 et
1382 4770 1535 4845 eeclesiae,
1554 4768 1628 4859 quia
1642 4768 1724 4833 sicut
1738 4792 1821 4834 uxor
1836 4769 1930 4833 unius
1945 4766 2005 4830 viri
2022 4781 2054 4830 et

455 4864 503 4926 vir
518 4865 611 4930 unius
627 4863 748 4940 uxoris,
767 4865 812 4930 sic
828 4865 970 4932 Christus
987 4869 1080 4933 unius
1100 4893 1236 4959 sponsae,
1254 4868 1288 4934 id
1305 4885 1363 4950 est,
1387 4866 1525 4935 ecclesiae
1539 4890 1673 4957 sponsus
1688 4882 1750 4946 est,
1768 4883 1801 4932 ει
1814 4865 1946 4962 ecclesia
1962 4863 2055 4928 unius

454 4962 574 5048 sponsi,
592 4962 626 5029 id
643 4980 701 5038 est,
720 4963 836 5028 Christi
852 4986 980 5052 sponsa.

500 5058 672 5140 Quaerimr,
690 5061 716 5124 si
732 5062 816 5126 inter
834 5059 979 5128 infideles
994 5062 1093 5152 possit
1109 5086 1176 5130 esse
1192 5064 1388 5152 conjugium.
1407 5062 1516 5127 Potest
1530 5063 1652 5150 ntique.
1675 5061 1771 5128 Unde
1794 5063 1933 5127 Ioannes
1949 5058 2054 5145 Chry·
