4559 6100
526 520 600 591 754
1126 514 1254 587 l'ETlll
1279 515 1514 590 tunulum

525 668 738 741 divisionem
774 665 1008 738 sufficientem
1036 688 1148 738 esse:
1187 663 1440 763 praedicatione
1473 663 1628 756 scilicet,
1660 677 1697 738 et
1728 662 1951 737 continentia
1982 687 2126 737 secun·

526 785 614 859 dum
636 801 812 859 naturam.
844 784 1099 857 Praedicatione
1124 782 1291 882 quidem,
1314 783 1462 881 quando
1485 780 1585 855 nulla
1607 806 1663 855 res
1686 783 1865 856 iuvenitur
1885 808 1964 881 quae
1990 783 2039 854 sit
2068 806 2125 855 nes

525 905 629 978 divisi
654 907 741 1003 quin
769 905 814 976 sit
838 929 894 978 res
927 904 1075 1000 alicujus
1103 901 1363 992 dividentium
1390 902 1489 975 verbi
1519 903 1630 999 gratia
1660 928 1669 974 ε
1700 901 1908 974 animalium
1941 899 2045 975 aliud
2073 915 2125 974 cst

525 1024 712 1115 rationale,
743 1024 838 1096 aliud
864 1022 1090 1114 irrationale;
1120 1022 1196 1095 haec
1222 1023 1350 1106 divisio
1374 1036 1428 1095 est
1451 1021 1632 1095 sufficiens
1656 1019 1930 1121 praedicatione,
1958 1020 2051 1118 quia
2079 1020 2125 1092 de

525 1168 755 1241 quocumque
769 1144 900 1242 poterit
916 1143 986 1216 dici
1006 1170 1015 1214 ε
1037 1141 1159 1215 «istud
1174 1156 1228 1214 est
1245 1142 1390 1236 animal,
1403 1172 1421 1209 »
1440 1140 1486 1215 de
1503 1142 1633 1215 eodem
1650 1141 1770 1214 statim
1786 1154 2031 1239 consequetur
2047 1164 2123 1213 esse

526 1261 582 1334 vel
612 1263 785 1336 rationale
821 1263 877 1334 vel
904 1262 1122 1336 irrationale.
1162 1262 1392 1335 Continentia
1418 1261 1618 1335 secundum
1652 1284 1845 1333 numerum
1882 1257 2123 1332 sufficientem

526 1379 670 1475 dicunt,
690 1381 838 1480 quando
853 1381 944 1454 nihil
963 1380 1094 1455 dicitur
1109 1406 1187 1454 esse
1207 1381 1311 1453 divisi
1332 1380 1434 1480 quod
1455 1382 1501 1454 sit
1516 1380 1614 1455 aliud
1635 1403 1789 1454 numero
1807 1403 1830 1451 a
1851 1378 2119 1471 dividentibus,

526 1499 565 1571 id
581 1515 635 1572 est
650 1501 737 1596 quin
755 1501 800 1571 sit
815 1525 872 1572 res
885 1499 1034 1598 alicujus
1048 1498 1307 1590 dividentium,
1325 1499 1383 1575 vel
1399 1501 1448 1574 sit
1463 1513 1677 1573 contentum
1693 1501 1731 1572 ia
1748 1498 1829 1588 illis,
1848 1498 2015 1597 quamvis
2032 1524 2119 1599 pra·

527 1618 658 1691 dicatio
683 1600 831 1715 alicujus
855 1618 1000 1692 illorum
1022 1619 1112 1693 illud
1137 1646 1213 1693 non
1236 1619 1446 1710 comitetur;
1471 1621 1600 1693 attale
1624 1619 1671 1693 sit
1691 1615 1896 1717 exemplum
1922 1644 1931 1689 t
1951 1616 2120 1692 «domus

527 1739 595 1812 alia
613 1764 697 1837 pars
716 1740 856 1836 paries,
874 1739 942 1812 alia
960 1754 1107 1832 tectum,
1124 1741 1194 1813 alia
1210 1736 1505 1830 tundamentum,
1528 1768 1546 1810 n
1560 1740 1632 1813 lroc
1647 1753 1700 1812 est
1716 1737 1909 1830 sufficiens,
1927 1739 2016 1837 quia
2034 1738 2119 1811 nibil

526 1857 685 1929 iuvenies
702 1857 801 1953 qnod
816 1858 861 1929 sit
875 1882 957 1956 pars
975 1857 1106 1931 domus
1122 1859 1211 1956 quin
1228 1858 1274 1930 sit
1289 1858 1344 1930 vel
1362 1858 1515 1953 lroc,vel
1530 1857 1665 1956 aliquid
1681 1872 1893 1931 contentum
1909 1858 1978 1930 sub
1997 1858 2116 1955 aliqua

527 1974 689 2069 illorum,
709 1977 800 2049 sicut
816 1975 1015 2077 lapillulum
1032 1977 1088 2049 vel
1106 2001 1274 2050 asserem.
1296 1976 1523 2050 praedicatam
1538 2002 1625 2050 vero
1648 1976 1863 2049 divisionem
1880 1975 2116 2051 sufficientem

526 2094 651 2168 dicunt
668 2095 904 2194 hujusmodi.
923 2096 1095 2169 Accidens
1113 2112 1233 2169 tamen
1255 2094 1307 2168 ibi
1324 2095 1421 2195 large
1439 2097 1612 2195 accipitur
1627 2121 1695 2197 pro
1719 2095 1847 2168 forma.
1866 2095 1976 2183 Quod
1997 2112 2116 2170 autem

527 2216 724 2313 opponitur
746 2215 791 2287 de
817 2215 1053 2302 rationalitate
1076 2215 1168 2288 nihil
1198 2216 1315 2307 valet,
1340 2240 1425 2288 cum
1449 2214 1668 2289 concedatur
1689 2238 1765 2287 esse
1790 2213 1975 2306 accidens,
2005 2216 2117 2288 idest

527 2334 653 2407 forma.
673 2334 852 2434 Populum
874 2359 1021 2434 quoque
1037 2348 1074 2408 et
1090 2337 1285 2408 exercitum
1308 2349 1345 2408 et
1362 2360 1505 2433 gregem
1523 2349 1558 2408 et
1576 2335 1728 2408 domum
1743 2358 1821 2406 rem
1845 2357 1954 2407 unam
1977 2334 2113 2422 dicunt,

527 2467 561 2523 et
577 2452 816 2527 substantiam
832 2467 868 2526 et
885 2478 1015 2552 corpus
1032 2454 1283 2549 inanimatum,
1305 2453 1342 2525 id
1359 2469 1505 2527 estnon
1522 2468 1725 2550 vegetatum
1742 2476 1816 2527 uua
1834 2453 1969 2526 anima.

575 2696 630 2763 Da
645 2713 773 2763 ronnas
793 2689 925 2762 diversi
946 2690 1083 2764 diversa
1106 2692 1275 2765 sentiunt.
1295 2691 1451 2780 Quidam
1476 2693 1574 2766 enim
1595 2690 1722 2765 volunt
1741 2716 1867 2764 omnes
1889 2691 2022 2765 formas
2042 2716 2124 2765 esse*

527 2811 713 2899 essentias,
734 2809 882 2907 qnidam
902 2809 1032 2905 nullas,
1053 2809 1202 2907 quidam
1223 2810 1397 2908 quasdam
1412 2814 1580 2886 essentias
1596 2837 1673 2886 esse
1692 2810 1925 2902 confirmant3
1942 2810 2114 2909 quasdam

528 2952 616 3000 nou.
629 2929 697 3017 Qui
717 2943 836 3002 autem
854 2928 986 3002 formas
1003 2928 1249 3002 universaliter
1265 2931 1432 3004 essentias
1449 2956 1523 3004 esse
1540 2931 1679 3024 volunt,
1695 2932 1725 3003 si
1743 2930 1995 3004 rationabiliter
2008 2943 2115 3027 agant

527 3050 766 3148 inquiramus3
792 3065 828 3124 et
852 3053 1007 3148 primunr
1030 3045 1290 3150 inquirendum
1312 3050 1467 3145 ridetur,
1486 3055 1516 3126 si
1531 3053 1772 3126 concesserint
1796 3078 1910 3126 unum
1936 3051 2113 3151 praedicari

527 3168 574 3242 de
593 3194 828 3267 unoquoque,
854 3171 905 3242 sic
926 3171 1026 3269 quod
1046 3170 1297 3267 predicatione
1315 3194 1380 3243 sua
1399 3171 1571 3244 unitatem
1588 3171 1703 3244 inesse
1721 3171 1772 3242 illi
1788 3170 1835 3244 de
1856 3196 1930 3269 quo
1946 3170 2115 3270 pmdim·

527 3287 626 3361 bitur
649 3290 788 3362 innuat.
813 3289 922 3377 Quod
944 3291 972 3361 si
991 3289 1233 3362 concesserint
1249 3292 1431 3362 Socratem
1453 3290 1587 3363 habere
1611 3290 1807 3381 unitatem,
1833 3316 1918 3362 cum
1936 3315 2030 3363 unus
2052 3289 2112 3375 sit,

528 3406 729 3481 concedere
749 3405 903 3480 debent¹
919 3422 956 3481 et
974 3408 1148 3480 unitatem
1166 3408 1320 3480 Socratis
1337 3407 1471 3481 habere
1490 3410 1664 3482 unitatem
1683 3409 1835 3482 sormam
1853 3410 1928 3500 sui,
1946 3433 2112 3481 eumuna
2233 3458 2234 3463 ,

528 3529 592 3620 sit,
617 3542 653 3600 et
670 3525 766 3600 illam
792 3526 919 3617 aliam3
940 3543 977 3600 et
992 3529 1042 3600 sic
1059 3541 1159 3600 tanta
1181 3525 1424 3625 multiplicitas
1446 3527 1507 3600 liet
1530 3527 1629 3625 quod
1649 3528 1687 3600 iu
1707 3543 1834 3601 natura
1857 3553 2028 3602 numerus
2045 3550 2111 3599 non

529 3660 705 3719 occurrat.
724 3647 761 3718 si
781 3661 901 3718 autem
921 3645 993 3718 boc
1013 3646 1272 3718 inconveniens
1291 3647 1423 3719 evitare
1438 3647 1620 3738 volentes,
1644 3649 1768 3720 nescio
1792 3672 1901 3746 quam
1918 3649 2111 3747 reciproca·

529 3766 666 3847 tionem
695 3766 809 3838 lacere
835 3764 1027 3858 voluerint,
1056 3764 1205 3838 sortasse
1235 3764 1350 3861 majus
1381 3779 1445 3839 aut
1465 3765 1601 3864 aequale
1626 3766 1883 3840 inconveniens
1913 3767 2110 3851 incurrent,

529 3883 630 3980 quod
647 3884 793 3975 scilicet,
814 3883 938 3976 velint,
958 3883 1088 3977 nolint,
1108 3882 1311 3958 concedent
1325 3884 1423 3958 idem
1440 3885 1633 3960 informare
1648 3885 1802 3975 diversa,
1820 3887 1877 3959 vel
1893 3884 1992 3958 idem
2009 3884 2113 3958 infor·
2180 3881 2183 3884 ’

529 4026 633 4074 mans
660 4016 696 4075 et
717 4003 950 4076 informatum
974 4029 1050 4078 esse
1080 4004 1127 4077 ab
1154 4004 1297 4077 eodem
1326 4006 1363 4075 Si
1389 4006 1487 4078 enim
1515 4005 1632 4077 unitas
1656 4006 1811 4078 Socratis
1834 4005 2049 4078 informetur
2073 4001 2114 4075 ab

531 4123 665 4194 unitate
682 4146 761 4219 quae
783 4135 909 4194 mutuo
931 4123 1143 4197 informetur
1169 4124 1215 4196 ab
1233 4123 1370 4196 unitate
1385 4124 1563 4215 Socratis,
1581 4138 1618 4196 et
1640 4123 1737 4197 idem
1754 4126 1821 4197 erit
1843 4124 2041 4197 informans
2063 4122 2114 4194 di·

530 4266 644 4328 versa,
662 4256 699 4314 et
717 4240 914 4313 informans
933 4241 1067 4338 aliquid
1085 4256 1120 4316 et
1136 4240 1373 4315 informatum
1390 4242 1437 4314 ab
1454 4241 1599 4316 eodem.
1616 4244 1653 4315 si
1669 4257 1790 4316 autem
1807 4242 1879 4315 hoc
1893 4267 1966 4315 non
1985 4242 2110 4331 dicant,

529 4361 593 4434 sed
613 4363 754 4434 tertiam
770 4361 954 4433 informari
976 4360 1130 4460 aprima
1156 4361 1213 4433 vel
1238 4360 1436 4458 quamlibet
1456 4360 1751 4459 subsequentium
1768 4385 1791 4433 a
1807 4360 1967 4459 qualibet
1989 4384 2112 4460 praece·

529 4481 707 4574 dentium,
734 4505 878 4554 necesse
894 4496 947 4554 est
967 4506 1109 4580 semper
1129 4480 1268 4554 diversa
1289 4480 1483 4555 abeodem
1507 4482 1705 4554 informari.
1732 4485 1864 4554 Rursus
1892 4507 1977 4554 cum
1995 4504 2114 4554 omnes
2195 4516 2197 4520 ⁸

530 4601 654 4675 formae
687 4600 846 4673 essentiae
877 4601 970 4694 sint,
998 4616 1034 4673 et
1062 4599 1349 4698 unumquodque
1375 4602 1548 4674 unitatem
1572 4599 1703 4673 habeat
1728 4615 1764 4673 et
1788 4600 2057 4673 similitudinem
2080 4599 2112 4671 in

530 4718 665 4818 aliquo,
681 4719 849 4792 ridentur
864 4719 1122 4792 rationabiliter
1147 4721 1300 4793 unitates
1325 4721 1446 4819 plures
1462 4745 1538 4793 esse
1562 4717 1871 4812 similitudinibus,
1898 4735 1935 4792 et
1959 4721 2113 4793 similitu-

530 4837 632 4912 dines
650 4839 862 4931 unitatibus,
884 4853 919 4911 et
943 4839 1095 4912 unitates
1118 4842 1226 4913 etiam
1251 4839 1465 4935 unitatibus,
1488 4854 1524 4912 et
1538 4836 1787 4911 similitudines
1814 4838 2110 4912 similitudinibus.

564 5113 590 5165 1.
606 5113 667 5165 cod.
682 5116 811 5167 macedon
821 5115 907 5168 decem
918 5130 974 5168 cum
986 5115 1105 5168 annexit.
