4559 6100
755 511 1012 585 ruuonoen
1037 512 1298 587 cnutsrttus
1624 477 1633 494 ’
1761 515 1833 590 ue

237 662 413 740 sumtibus
438 662 611 757 eruditos,
640 675 676 734 et
700 661 799 760 quod
819 664 857 735 in
884 662 1084 737 corbonam
1111 687 1179 763 pro
1208 677 1358 761 peccato
1384 665 1535 764 quilibet
1562 689 1699 767 pauper
1717 680 1830 741 tutam

236 786 470 860 substantiam
498 781 688 858 effundens
713 780 904 875 obtulerat,
931 783 1004 856 boc
1029 784 1066 855 in
1093 782 1334 856 Saturnalium
1360 785 1559 885 sportulam
1581 801 1617 860 et
1639 786 1827 880 lstnerroe,

236 923 298 981 aut
323 908 361 979 in
389 906 528 980 sumtus
553 902 790 991 domesticos,
814 915 878 975 aut
901 902 939 975 in
964 899 1112 976 sordida
1131 917 1250 976 scorta
1272 906 1483 978 converti.»
1505 907 1604 979 Idem
1619 907 1658 979 in
1681 907 1829 1005 epistola

236 1025 287 1098 ad
307 1025 536 1099 Eustochium
557 1023 752 1120 virginem¹
773 1048 781 1093 ε
805 1026 920 1111 «Quae
941 1021 1221 1096 communicatio
1242 1022 1332 1095 lucis
1353 1024 1400 1096 ad
1419 1025 1606 1099 tenebras?
1630 1025 1720 1113 Quis
1746 1050 1831 1098 con·

235 1170 360 1219 sensus
383 1146 514 1219 Christi
539 1142 586 1218 ad
610 1142 743 1229 Belial?
772 1143 869 1232 Quid
895 1143 978 1217 lacit
1007 1168 1092 1217 cum
1120 1142 1288 1243 psalterio
1314 1146 1505 1239 Horatius,
1533 1170 1616 1219 cum
1636 1145 1828 1243 Evangelio

236 1268 350 1357 Maro,
369 1290 454 1337 cum
466 1262 641 1364 Apostolo
667 1261 847 1335 Cicerot»
875 1262 946 1349 Qui
969 1264 1076 1335 etiam
1098 1263 1216 1335 statim
1233 1264 1270 1336 in
1295 1263 1423 1337 eadem
1449 1265 1600 1365 epistola
1622 1290 1660 1338 se
1681 1283 1831 1366 propter

235 1382 428 1458 lectionem
466 1383 623 1458 Plutonis
653 1406 716 1454 seu
747 1381 899 1454 eliorum
929 1381 1233 1481 philosophorum
1261 1381 1391 1481 quihus
1418 1383 1646 1479 intendebat,
1681 1411 1765 1459 cum
1796 1389 1830 1460 ei

234 1528 353 1577 sermo
376 1504 608 1604 propheticus
634 1503 794 1575 incultus
817 1501 1003 1595 horreret,
1033 1517 1176 1602 raptum
1206 1504 1243 1576 in
1274 1505 1400 1603 spiritu
1430 1506 1534 1580 fuisse
1563 1520 1646 1579 ante
1671 1507 1828 1581 tribunal

236 1623 384 1698 districti
408 1623 539 1721 judicis
568 1623 712 1713 asserit,
743 1619 807 1693 ubi
835 1622 1074 1719 interrogatus
1099 1622 1348 1696 conditionem
1375 1650 1497 1716 suam,
1529 1626 1763 1698 christianum
1792 1653 1829 1700 se

235 1768 312 1817 esse
333 1744 530 1844 respondit.
562 1743 625 1816 Cui
651 1741 710 1814 ille
736 1741 798 1838 (pri
825 1740 1051 1840 presidebat,
1076 1743 1257 1836 Mentiris,
1283 1744 1353 1838 ait,
1381 1745 1637 1818 Ciceronianus
1662 1771 1721 1837 es,
1751 1770 1827 1820 non

235 1862 474 1956 Christianus3
503 1861 602 1934 «uhi
627 1861 725 1934 enim
750 1861 857 1934 luerit
874 1861 1063 1935 thesaurus
1088 1876 1183 1952 tuus,
1212 1861 1282 1934 illic
1308 1876 1344 1934 et
1366 1887 1431 1935 cor
1447 1869 1580 1936 tuum'.
1597 1893 1614 1933 u
1634 1866 1705 1953 Qui
1730 1864 1830 1938 deni·

236 2005 308 2082 que
332 1998 411 2084 post
429 1983 543 2057 multa
559 1981 682 2072 verba,
703 2004 809 2079 prece
826 1981 1064 2054 assistentium
1081 1996 1303 2074 sanctorum,
1330 1997 1365 2054 et
1385 1985 1487 2081 quasi
1507 1984 1574 2057 sub
1592 1983 1830 2060 obtestatione

235 2104 469 2196 sacramenti,
496 2100 595 2200 quod
623 2123 823 2197 numquam
850 2101 1003 2199 amplius
1029 2100 1213 2173 saeculares
1237 2099 1349 2173 libros
1373 2104 1521 2200 legeret,
1552 2104 1610 2175 rix
1638 2105 1829 2204 impetrare

236 2224 356 2322 potuit
378 2221 636 2318 indulgentiam
654 2239 719 2320 per
735 2244 845 2317 quam
868 2218 1047 2292 evaderet.
1066 2219 1171 2292 Unde
1196 2234 1232 2293 et
1257 2219 1425 2293 Rabanus
1450 2221 1494 2293 de
1510 2227 1694 2296 Pressurr's
1706 2228 1795 2298 Eccl
1811 2269 1827 2284 ·

236 2345 392 2415 sthsu'crs
412 2356 514 2442 parte
534 2341 706 2415 secunda.
739 2340 959 2436 «Legimus,
984 2339 1115 2437 inquit,
1146 2339 1193 2411 de
1218 2344 1258 2410 Β.
1283 2341 1518 2440 Hieronymo,
1546 2344 1718 2441 quoniam
1742 2370 1827 2419 cum

235 2460 369 2534 librum
403 2463 535 2558 legeret
560 2459 744 2534 Ciceronis
773 2458 819 2530 uh
846 2457 981 2557 Augelo
1013 2473 1201 2559 correptus
1227 2474 1300 2549 est,
1332 2483 1377 2532 eo
1404 2460 1505 2558 quod
1531 2461 1745 2536 christianus
1774 2467 1830 2539 vir

236 2605 460 2681 paganorum
485 2580 686 2654 intenderet
707 2579 933 2676 tigmentis.»
954 2577 1110 2650 lsidorus
1128 2581 1396 2652 Sententiarum
1411 2579 1505 2652 libro
1529 2585 1593 2676 111,
1617 2607 1698 2682 cap.
1721 2590 1825 2658 xm’:

239 2732 256 2770 u
270 2699 355 2774 ldeo
376 2699 592 2800 prohibetur
607 2699 821 2772 christianus
837 2697 954 2796 legere
972 2698 1143 2794 figmenta
1158 2711 1360 2796 poetarum,
1385 2700 1470 2797 quia
1488 2725 1553 2798 per
1569 2700 1831 2780 oblectamenta

237 2821 399 2895 inanium
426 2818 629 2892 fabularum
646 2833 805 2891 mentem
821 2818 950 2889 excitat
966 2813 1012 2888 ud
1030 2816 1261 2889 incitamenta
1277 2815 1481 2890 libidinum.
1502 2813 1580 2894 Non
1598 2822 1696 2894 euim
1712 2824 1831 2899 solum

238 2941 345 3015 thura
367 2939 555 3014 offerendo
579 2939 803 3012 daemonibus
830 2937 1056 3026 immolatum
1086 2935 1151 3010 sed
1177 2936 1285 3010 etiam
1311 2960 1439 3010 eorum
1462 2939 1557 3014 dicta
1582 2939 1753 3017 libentius
1776 2970 1833 3020 ca·

238 3061 386 3164 piendo.
404 3090 423 3131 »
442 3066 550 3134 item:
571 3058 759 3133 «Cavendi
779 3071 865 3132 sunt
889 3056 971 3130 libri
989 3058 1188 3155 gentilium,
1218 3071 1253 3130 et
1276 3073 1423 3157 propter
1442 3085 1604 3134 umorem
1628 3079 1833 3140 sanctarum

238 3181 498 3282 scripturarum
533 3174 684 3252 vitandi.
723 3174 1011 3276 simplicioribus
1037 3175 1163 3247 litteris
1198 3199 1276 3247 nou
1315 3190 1367 3248 est
1401 3180 1666 3276 praeponendus
1705 3206 1833 3260 succus

239 3301 476 3398 grammaticae
501 3299 603 3387 artis,
631 3297 798 3369 meliores
819 3296 917 3368 enim
943 3307 1027 3366 sunt
1055 3294 1278 3390 grammatici
1303 3319 1413 3392 quam
1439 3296 1607 3371 haretici.
1636 3302 1831 3377 Gramma-

240 3423 395 3494 ticorum
420 3418 584 3492 doctrina
608 3429 725 3516 potest
741 3417 848 3487 etiam
872 3411 1047 3513 prolicere
1069 3412 1117 3485 ad
1138 3412 1264 3506 vitam,
1284 3412 1370 3486 dum
1391 3415 1547 3489 fueritin
1566 3418 1731 3493 meliores
1747 3448 1832 3498 usus

240 3554 410 3613 assumta.
429 3569 448 3605 n
475 3543 526 3609 Ex
554 3534 709 3608 concilio
726 3538 773 3606 tv
790 3532 1035 3631 Cartagineusi
1057 3556 1137 3631 cap.
1159 3558 1196 3603 rx
1216 3558 1225 3602 :
1249 3534 1478 3634 «Episcopus
1503 3537 1687 3634 gentilium
1717 3539 1830 3616 libros

241 3684 315 3733 non
336 3659 443 3756 legat,
470 3657 721 3730 hereticorum
744 3667 866 3728 uutem
891 3676 958 3752 pro
985 3652 1193 3725 necessitate
1216 3666 1253 3724 et
1278 3667 1451 3752 tempore.
1472 3646 1704 3752 »Gregorius
1730 3663 1832 3734 Desi-

243 3780 345 3854 derio
368 3778 584 3878 episeopo‘:
608 3772 806 3846 «Pervenit
826 3772 873 3845 ad
892 3796 959 3843 nos
982 3770 1238 3844 fraternitatem
1261 3786 1361 3845 tuem
1385 3776 1654 3870 grammaticam
1677 3776 1832 3876 quihus·

241 3902 326 3974 dam
341 3918 543 3998 exponere3
562 3918 672 3994 quam
691 3894 833 3966 remita
851 3890 1000 3964 moleste
1014 3891 1251 3990 suscepimus,
1269 3913 1312 3963 ac
1331 3916 1456 3965 sumus
1473 3893 1703 3969 vehementer
1718 3922 1835 3999 asper·

243 4019 330 4108 uati,
353 4033 394 4090 ut
415 4041 458 4090 ea
473 4040 553 4115 quse
574 4014 673 4113 prius
688 4012 784 4086 dicta
807 4012 948 4084 fuerant
969 4011 1007 4080 in
1029 4009 1202 4107 gemitum
1228 4023 1262 4081 et
1286 4011 1462 4083 tristitiam
1487 4027 1729 4089 verteremus:
1750 4021 1835 4116 qnia

242 4162 318 4211 uno
344 4161 382 4209 se
407 4160 471 4210 ore
495 4160 578 4208 cum
602 4133 699 4207 lovis
722 4130 890 4206 laudibus
914 4128 1045 4201 Christi
1076 4126 1201 4201 laudes
1228 4152 1303 4201 nou
1332 4133 1510 4230 capiunt:
1539 4147 1575 4206 et
1599 4159 1709 4232 quarn
1730 4162 1836 4234 grave

243 4256 509 4355 nefandumque
536 4254 581 4327 sit
605 4253 815 4353 episcopum
842 4275 970 4324 canere
997 4274 1076 4348 quae
1102 4273 1170 4321 nec
1187 4246 1282 4322 laico
1311 4244 1477 4347 religioso
1500 4255 1731 4346 conveniant,
1760 4257 1835 4357 ipse

244 4375 482 4451 considera.»
503 4372 608 4447 Unde
630 4388 665 4446 et
693 4373 792 4444 Plato
815 4372 889 4471 ipse
910 4394 993 4442 cum
1018 4368 1170 4440 civitatis
1193 4383 1289 4440 recte
1316 4367 1527 4442 ordinandae
1554 4371 1710 4446 traderet
1737 4376 1836 4457 insti·

245 4497 435 4586 tutionem,
462 4507 588 4594 poetas
613 4516 636 4566 a
663 4489 865 4564 civitatibus
889 4486 1084 4586 ejiciendos
1107 4511 1184 4560 esse
1205 4486 1375 4580 decrevit,
1396 4488 1488 4562 sicut
1511 4490 1547 4562 in
1571 4495 1602 4563 ll
1628 4491 1672 4564 de
1689 4496 1837 4567 Ciuitate

244 4614 318 4687 net
337 4615 463 4689 beatus
483 4613 699 4710 Augustinus
724 4610 783 4682 his
805 4609 925 4682 verbis
949 4608 1230 4681 commemorat⁸
1257 4633 1266 4678 ι
1289 4612 1371 4678 «An
1399 4608 1504 4700 forte,
1531 4611 1668 4709 inquit,
1698 4613 1838 4688 Platoni

246 4735 365 4833 potius
389 4735 509 4835 palma
527 4730 649 4807 denda
672 4743 739 4821 est,
767 4730 931 4827 quicum
956 4727 1093 4800 ratione
1119 4725 1290 4798 formaret
1313 4726 1429 4824 qualis
1454 4752 1530 4803 esse
1549 4732 1672 4804 civitas
1693 4731 1836 4823 debeat,

281 5046 358 5111 tom).
371 5053 390 5098 t.
401 5043 447 5110 tv,
460 5059 487 5108 p.
501 5046 527 5106 t,
539 5043 587 5094 eol.
601 5044 648 5099 sm
661 5038 776 5091 corinth.
788 5036 822 5099 ΙΙ,
834 5052 891 5102 erp.
903 5052 937 5102 u,
945 5051 969 5088 r.
979 5038 1049 5090 1t.-
1059 5033 1179 5100 Qum,
1192 5048 1247 5100 cap.
1259 5049 1293 5098 rr,
1306 5048 1329 5087 r.
1341 5038 1413 5088 21.-
1424 5036 1508 5101 '⁰91²-
1518 5046 1537 5089 t.
1551 5036 1581 5089 u
1586 5075 1594 5103 ,
1608 5053 1634 5103 p,
1642 5042 1730 5094 ass·
1739 5039 1842 5107 tm,

246 5130 290 5181 ro.
301 5126 346 5189 ΣΙ,
357 5142 398 5192 ep.
410 5128 451 5181 tt.
463 5152 495 5165 -
505 5127 515 5160 ⁸
526 5124 582 5179 ω.
594 5122 626 5188 ll,
636 5136 689 5187 cap.
703 5134 755 5174 srr.
