<?xml version="1.0" encoding="UTF-8"?>
<!DOCTYPE html PUBLIC "-//W3C//DTD XHTML 1.0 Transitional//EN"
    "http://www.w3.org/TR/xhtml1/DTD/xhtml1-transitional.dtd">
<html xmlns="http://www.w3.org/1999/xhtml" xml:lang="en" lang="en">
 <head>
  <title>
</title>
<meta http-equiv="Content-Type" content="text/html;charset=utf-8" />
  <meta name='ocr-system' content='tesseract 3.04.00' />
  <meta name='ocr-capabilities' content='ocr_page ocr_carea ocr_par ocr_line ocrx_word'/>
</head>
<body>
  <div class='ocr_page' id='page_1' title='image "./petriablardiope00despgoog_0207.png"; bbox 0 0 4559 6100; ppageno 0'>
   <div class='ocr_carea' id='block_1_1' title="bbox 689 506 1814 600">
    <p class='ocr_par' dir='ltr' id='par_1_1' title="bbox 689 506 1814 600">
     <span class='ocr_line' id='line_1_1' title="bbox 689 506 1814 600; baseline 0.02 -22"><span class='ocrx_word' id='word_1_1' title='bbox 689 507 734 581; x_wconf 89' lang='lat' dir='ltr'><strong>lN</strong></span> <span class='ocrx_word' id='word_1_2' title='bbox 758 506 1005 582; x_wconf 72' lang='lat' dir='ltr'><strong>epistolant</strong></span> <span class='ocrx_word' id='word_1_3' title='bbox 1030 510 1090 583; x_wconf 77' lang='lat' dir='ltr'><strong>at)</strong></span> <span class='ocrx_word' id='word_1_4' title='bbox 1115 513 1342 590; x_wconf 76' lang='lat' dir='ltr'><strong>Ronanus</strong></span> <span class='ocrx_word' id='word_1_5' title='bbox 1743 524 1814 600; x_wconf 71' lang='lat'><strong>{87</strong></span> 
     </span>
    </p>
   </div>
   <div class='ocr_carea' id='block_1_2' title="bbox 217 649 1815 869">
    <p class='ocr_par' dir='ltr' id='par_1_2' title="bbox 217 649 1815 868">
     <span class='ocr_line' id='line_1_2' title="bbox 219 649 1815 773; baseline 0.018 -52"><span class='ocrx_word' id='word_1_6' title='bbox 219 649 389 724; x_wconf 79' lang='lat' dir='ltr'><strong>Ecclesia</strong></span> <span class='ocrx_word' id='word_1_7' title='bbox 413 655 495 726; x_wconf 88' lang='lat' dir='ltr'><strong>llaec</strong></span> <span class='ocrx_word' id='word_1_8' title='bbox 512 677 669 752; x_wconf 88' lang='lat' dir='ltr'><strong>namque</strong></span> <span class='ocrx_word' id='word_1_9' title='bbox 685 657 734 728; x_wconf 89' lang='lat' dir='ltr'><strong>ita</strong></span> <span class='ocrx_word' id='word_1_10' title='bbox 750 656 979 755; x_wconf 87' lang='lat' dir='ltr'><strong>intelligens</strong></span> <span class='ocrx_word' id='word_1_11' title='bbox 968 683 1006 732; x_wconf 90' lang='grc' dir='ltr'><strong>ιιι</strong></span> <span class='ocrx_word' id='word_1_12' title='bbox 1021 660 1100 759; x_wconf 90' lang='lat' dir='ltr'><strong>lege</strong></span> <span class='ocrx_word' id='word_1_13' title='bbox 1115 665 1258 764; x_wconf 89' lang='lat' dir='ltr'><strong>scripta,</strong></span> <span class='ocrx_word' id='word_1_14' title='bbox 1282 680 1369 740; x_wconf 89' lang='lat' dir='ltr'><strong>tunc</strong></span> <span class='ocrx_word' id='word_1_15' title='bbox 1384 663 1532 741; x_wconf 88' lang='lat' dir='ltr'><strong>beatum</strong></span> <span class='ocrx_word' id='word_1_16' title='bbox 1550 669 1652 744; x_wconf 90' lang='lat' dir='ltr'><strong>illud</strong></span> <span class='ocrx_word' id='word_1_17' title='bbox 1660 673 1815 773; x_wconf 73' lang='lat' dir='ltr'><strong>Aposto-</strong></span> 
     </span>
     <span class='ocr_line' id='line_1_3' title="bbox 217 768 1814 869; baseline 0.016 -28"><span class='ocrx_word' id='word_1_18' title='bbox 217 768 337 844; x_wconf 81' lang='lat' dir='ltr'><strong>lorum</strong></span> <span class='ocrx_word' id='word_1_19' title='bbox 354 769 549 846; x_wconf 89' lang='lat' dir='ltr'><strong>concilium</strong></span> <span class='ocrx_word' id='word_1_20' title='bbox 566 775 782 849; x_wconf 87' lang='lat' dir='ltr'><strong>decernebat</strong></span> <span class='ocrx_word' id='word_1_21' title='bbox 797 776 961 869; x_wconf 88' lang='lat' dir='ltr'><strong>decreta,</strong></span> <span class='ocrx_word' id='word_1_22' title='bbox 980 780 1157 856; x_wconf 89' lang='lat' dir='ltr'><strong>Gentibus</strong></span> <span class='ocrx_word' id='word_1_23' title='bbox 1172 784 1331 857; x_wconf 90' lang='lat' dir='ltr'><strong>scribens</strong></span> <span class='ocrx_word' id='word_1_24' title='bbox 1348 801 1387 859; x_wconf 92' lang='lat' dir='ltr'><strong>ut</strong></span> <span class='ocrx_word' id='word_1_25' title='bbox 1405 785 1625 860; x_wconf 79' lang='lat' dir='ltr'><strong>abstinerent</strong></span> <span class='ocrx_word' id='word_1_26' title='bbox 1637 815 1677 863; x_wconf 88' lang='lat' dir='ltr'><strong>se</strong></span> <span class='ocrx_word' id='word_1_27' title='bbox 1691 816 1714 865; x_wconf 87' lang='lat' dir='ltr'><strong>a</strong></span> <span class='ocrx_word' id='word_1_28' title='bbox 1730 817 1814 868; x_wconf 87' lang='lat' dir='ltr'><strong>san</strong></span> 
     </span>
    </p>
   </div>
   <div class='ocr_carea' id='block_1_3' title="bbox 147 891 1897 4829">
    <p class='ocr_par' dir='ltr' id='par_1_3' title="bbox 217 891 1814 1122">
     <span class='ocr_line' id='line_1_4' title="bbox 218 891 1814 996; baseline 0.017 -35"><span class='ocrx_word' id='word_1_29' title='bbox 218 891 325 987; x_wconf 87' lang='lat' dir='ltr'><strong>guine</strong></span> <span class='ocrx_word' id='word_1_30' title='bbox 352 906 388 965; x_wconf 91' lang='lat' dir='ltr'><strong>et</strong></span> <span class='ocrx_word' id='word_1_31' title='bbox 410 894 599 967; x_wconf 78' lang='lat' dir='ltr'><strong>suffocato.</strong></span> <span class='ocrx_word' id='word_1_32' title='bbox 619 898 753 968; x_wconf 88' lang='lat' dir='ltr'><strong>Verum</strong></span> <span class='ocrx_word' id='word_1_33' title='bbox 780 899 941 996; x_wconf 76' lang='lat' dir='ltr'>requires</span> <span class='ocrx_word' id='word_1_34' title='bbox 964 895 1182 990; x_wconf 73' lang='lat' dir='ltr'><strong>lenacia,</strong></span> <span class='ocrx_word' id='word_1_35' title='bbox 1153 927 1185 976; x_wconf 84' lang='lat' dir='ltr'><strong>st</strong></span> <span class='ocrx_word' id='word_1_36' title='bbox 1210 903 1318 977; x_wconf 88' lang='lat' dir='ltr'><strong>etiarn</strong></span> <span class='ocrx_word' id='word_1_37' title='bbox 1340 904 1386 978; x_wconf 94' lang='lat' dir='ltr'><strong>de</strong></span> <span class='ocrx_word' id='word_1_38' title='bbox 1411 906 1588 980; x_wconf 82' lang='lat' dir='ltr'><strong>suffocato</strong></span> <span class='ocrx_word' id='word_1_39' title='bbox 1611 916 1814 989; x_wconf 87' lang='lat' dir='ltr'><strong>communis</strong></span> 
     </span>
     <span class='ocr_line' id='line_1_5' title="bbox 217 1006 1812 1122; baseline 0.017 -44"><span class='ocrx_word' id='word_1_40' title='bbox 217 1006 299 1081; x_wconf 87' lang='lat' dir='ltr'><strong>filiis</strong></span> <span class='ocrx_word' id='word_1_41' title='bbox 315 1014 422 1085; x_wconf 89' lang='lat' dir='ltr'><strong>lsrael</strong></span> <span class='ocrx_word' id='word_1_42' title='bbox 439 1038 523 1085; x_wconf 89' lang='lat' dir='ltr'><strong>enm</strong></span> <span class='ocrx_word' id='word_1_43' title='bbox 540 1011 688 1087; x_wconf 87' lang='lat' dir='ltr'><strong>advenis</strong></span> <span class='ocrx_word' id='word_1_44' title='bbox 704 1014 787 1087; x_wconf 91' lang='lat' dir='ltr'><strong>data</strong></span> <span class='ocrx_word' id='word_1_45' title='bbox 802 1016 845 1088; x_wconf 91' lang='lat' dir='ltr'><strong>sit</strong></span> <span class='ocrx_word' id='word_1_46' title='bbox 862 1016 939 1090; x_wconf 76' lang='lat' dir='ltr'><strong>lex?</strong></span> <span class='ocrx_word' id='word_1_47' title='bbox 957 1020 1067 1092; x_wconf 68' lang='lat' dir='ltr'><strong>andr</strong></span> <span class='ocrx_word' id='word_1_48' title='bbox 1084 1048 1100 1106; x_wconf 62' lang='lat' dir='ltr'><strong>z,</strong></span> <span class='ocrx_word' id='word_1_49' title='bbox 1110 1049 1130 1093; x_wconf 80' lang='grc' dir='ltr'><strong>ι(</strong></span> <span class='ocrx_word' id='word_1_50' title='bbox 1141 1026 1274 1116; x_wconf 89' lang='lat' dir='ltr'>Homo,</span> <span class='ocrx_word' id='word_1_51' title='bbox 1290 1025 1421 1122; x_wconf 91' lang='lat' dir='ltr'><strong>iuquit,</strong></span> <span class='ocrx_word' id='word_1_52' title='bbox 1440 1049 1485 1098; x_wconf 83' lang='lat' dir='ltr'><strong>ex</strong></span> <span class='ocrx_word' id='word_1_53' title='bbox 1500 1025 1582 1099; x_wconf 80' lang='lat' dir='ltr'><strong>titiis</strong></span> <span class='ocrx_word' id='word_1_54' title='bbox 1595 1030 1701 1102; x_wconf 90' lang='lat' dir='ltr'><strong>lsrael</strong></span> <span class='ocrx_word' id='word_1_55' title='bbox 1717 1045 1753 1103; x_wconf 93' lang='lat' dir='ltr'><strong>et</strong></span> <span class='ocrx_word' id='word_1_56' title='bbox 1769 1057 1812 1106; x_wconf 80' lang='lat' dir='ltr'><strong>ex</strong></span> 
     </span>
    </p>

    <p class='ocr_par' dir='ltr' id='par_1_4' title="bbox 147 1129 1897 1361">
     <span class='ocr_line' id='line_1_6' title="bbox 147 1129 1814 1245; baseline 0.017 -49"><span class='ocrx_word' id='word_1_57' title='bbox 147 1213 161 1228; x_wconf 36' lang='lat'><em>⁶</em></span> <span class='ocrx_word' id='word_1_58' title='bbox 220 1156 238 1195; x_wconf 78' lang='lat' dir='ltr'><strong>n</strong></span> <span class='ocrx_word' id='word_1_59' title='bbox 255 1129 403 1206; x_wconf 87' lang='lat' dir='ltr'><strong>advenis</strong></span> <span class='ocrx_word' id='word_1_60' title='bbox 419 1136 580 1234; x_wconf 86' lang='lat' dir='ltr'><strong>quisunt</strong></span> <span class='ocrx_word' id='word_1_61' title='bbox 595 1135 632 1207; x_wconf 93' lang='lat' dir='ltr'><strong>in</strong></span> <span class='ocrx_word' id='word_1_62' title='bbox 650 1134 768 1228; x_wconf 86' lang='lat' dir='ltr'><strong>vobis,</strong></span> <span class='ocrx_word' id='word_1_63' title='bbox 782 1136 991 1238; x_wconf 89' lang='lat' dir='ltr'><strong>quicunque</strong></span> <span class='ocrx_word' id='word_1_64' title='bbox 1006 1156 1157 1215; x_wconf 83' lang='lat' dir='ltr'><strong>venatus</strong></span> <span class='ocrx_word' id='word_1_65' title='bbox 1175 1143 1281 1217; x_wconf 82' lang='lat' dir='ltr'><strong>luerit</strong></span> <span class='ocrx_word' id='word_1_66' title='bbox 1297 1144 1410 1217; x_wconf 87' lang='lat' dir='ltr'><strong>feram</strong></span> <span class='ocrx_word' id='word_1_67' title='bbox 1426 1159 1489 1218; x_wconf 93' lang='lat' dir='ltr'><strong>aut</strong></span> <span class='ocrx_word' id='word_1_68' title='bbox 1502 1167 1605 1218; x_wconf 83' lang='lat' dir='ltr'><strong>arem</strong></span> <span class='ocrx_word' id='word_1_69' title='bbox 1619 1173 1698 1245; x_wconf 82' lang='lat' dir='ltr'><strong>quae</strong></span> <span class='ocrx_word' id='word_1_70' title='bbox 1713 1175 1814 1223; x_wconf 90' lang='lat' dir='ltr'><strong>man·</strong></span> 
     </span>
     <span class='ocr_line' id='line_1_7' title="bbox 221 1247 1897 1361; baseline 0.014 -40"><span class='ocrx_word' id='word_1_71' title='bbox 221 1276 239 1312; x_wconf 86' lang='lat'><strong>«</strong></span> <span class='ocrx_word' id='word_1_72' title='bbox 254 1247 420 1345; x_wconf 89' lang='lat' dir='ltr'><strong>ducatur,</strong></span> <span class='ocrx_word' id='word_1_73' title='bbox 435 1252 597 1327; x_wconf 82' lang='lat' dir='ltr'><strong>effundat</strong></span> <span class='ocrx_word' id='word_1_74' title='bbox 612 1256 822 1351; x_wconf 88' lang='lat' dir='ltr'><strong>sanguinem</strong></span> <span class='ocrx_word' id='word_1_75' title='bbox 838 1257 914 1355; x_wconf 87' lang='lat' dir='ltr'><strong>ejus</strong></span> <span class='ocrx_word' id='word_1_76' title='bbox 926 1272 963 1332; x_wconf 88' lang='lat' dir='ltr'><strong>et</strong></span> <span class='ocrx_word' id='word_1_77' title='bbox 975 1263 1159 1361; x_wconf 88' lang='lat' dir='ltr'><strong>cooperiat</strong></span> <span class='ocrx_word' id='word_1_78' title='bbox 1175 1278 1306 1336; x_wconf 76' lang='lat' dir='ltr'><strong>terram</strong></span> <span class='ocrx_word' id='word_1_79' title='bbox 1311 1266 1418 1361; x_wconf 89' lang='lat' dir='ltr'><strong>,quia</strong></span> <span class='ocrx_word' id='word_1_80' title='bbox 1434 1266 1556 1338; x_wconf 90' lang='lat' dir='ltr'><strong>anima</strong></span> <span class='ocrx_word' id='word_1_81' title='bbox 1566 1268 1685 1340; x_wconf 89' lang='lat' dir='ltr'><strong>omnis</strong></span> <span class='ocrx_word' id='word_1_82' title='bbox 1696 1272 1813 1344; x_wconf 90' lang='lat' dir='ltr'><strong>carnis</strong></span> <span class='ocrx_word' id='word_1_83' title='bbox 1895 1323 1897 1328; x_wconf 79' lang='lat'><em>·</em></span> 
     </span>
    </p>

    <p class='ocr_par' dir='ltr' id='par_1_5' title="bbox 217 1372 1824 1713">
     <span class='ocr_line' id='line_1_8' title="bbox 220 1372 1809 1484; baseline 0.013 -44"><span class='ocrx_word' id='word_1_84' title='bbox 220 1395 240 1433; x_wconf 77' lang='lat' dir='ltr'><strong>r</strong></span> <span class='ocrx_word' id='word_1_85' title='bbox 253 1372 398 1467; x_wconf 80' lang='lat' dir='ltr'><strong>sangnis</strong></span> <span class='ocrx_word' id='word_1_86' title='bbox 415 1374 526 1472; x_wconf 89' lang='lat' dir='ltr'><strong>ipsius</strong></span> <span class='ocrx_word' id='word_1_87' title='bbox 541 1388 605 1447; x_wconf 88' lang='lat' dir='ltr'><strong>est.</strong></span> <span class='ocrx_word' id='word_1_88' title='bbox 618 1378 780 1448; x_wconf 88' lang='lat' dir='ltr'><strong>»Verum</strong></span> <span class='ocrx_word' id='word_1_89' title='bbox 797 1377 883 1474; x_wconf 92' lang='lat' dir='ltr'><strong>quia</strong></span> <span class='ocrx_word' id='word_1_90' title='bbox 898 1379 992 1452; x_wconf 89' lang='lat' dir='ltr'><strong>inter</strong></span> <span class='ocrx_word' id='word_1_91' title='bbox 1007 1380 1067 1454; x_wconf 86' lang='lat' dir='ltr'><strong>illa</strong></span> <span class='ocrx_word' id='word_1_92' title='bbox 1079 1405 1160 1480; x_wconf 89' lang='lat' dir='ltr'><strong>quae</strong></span> <span class='ocrx_word' id='word_1_93' title='bbox 1177 1381 1223 1454; x_wconf 92' lang='lat' dir='ltr'><strong>de</strong></span> <span class='ocrx_word' id='word_1_94' title='bbox 1239 1386 1388 1456; x_wconf 69' lang='lat' dir='ltr'><strong>levitice</strong></span> <span class='ocrx_word' id='word_1_95' title='bbox 1403 1386 1567 1483; x_wconf 88' lang='lat' dir='ltr'><strong>superius</strong></span> <span class='ocrx_word' id='word_1_96' title='bbox 1582 1388 1809 1484; x_wconf 86' lang='lat' dir='ltr'><strong>prourlimus,</strong></span> 
     </span>
     <span class='ocr_line' id='line_1_9' title="bbox 217 1488 1824 1605; baseline 0.014 -47"><span class='ocrx_word' id='word_1_97' title='bbox 217 1488 324 1561; x_wconf 87' lang='lat' dir='ltr'><strong>etiarn</strong></span> <span class='ocrx_word' id='word_1_98' title='bbox 339 1491 412 1566; x_wconf 88' lang='lat' dir='ltr'><strong>lroc</strong></span> <span class='ocrx_word' id='word_1_99' title='bbox 424 1493 611 1566; x_wconf 81' lang='lat' dir='ltr'><strong>refertur:</strong></span> <span class='ocrx_word' id='word_1_100' title='bbox 626 1498 773 1569; x_wconf 76' lang='lat' dir='ltr'><strong>«Homo</strong></span> <span class='ocrx_word' id='word_1_101' title='bbox 789 1515 833 1568; x_wconf 82' lang='lat' dir='ltr'><strong>ex</strong></span> <span class='ocrx_word' id='word_1_102' title='bbox 848 1495 929 1571; x_wconf 86' lang='lat' dir='ltr'><strong>titiis</strong></span> <span class='ocrx_word' id='word_1_103' title='bbox 944 1499 1050 1573; x_wconf 88' lang='lat' dir='ltr'><strong>lsrael</strong></span> <span class='ocrx_word' id='word_1_104' title='bbox 1067 1499 1183 1576; x_wconf 83' lang='lat' dir='ltr'><strong>velex</strong></span> <span class='ocrx_word' id='word_1_105' title='bbox 1199 1503 1348 1575; x_wconf 83' lang='lat' dir='ltr'><strong>advenis</strong></span> <span class='ocrx_word' id='word_1_106' title='bbox 1365 1505 1428 1601; x_wconf 91' lang='lat' dir='ltr'><strong>qui</strong></span> <span class='ocrx_word' id='word_1_107' title='bbox 1444 1506 1578 1577; x_wconf 76' lang='lat' dir='ltr'><strong>suntin</strong></span> <span class='ocrx_word' id='word_1_108' title='bbox 1595 1507 1646 1578; x_wconf 84' lang='lat' dir='ltr'><strong>eis</strong></span> <span class='ocrx_word' id='word_1_109' title='bbox 1662 1509 1813 1605; x_wconf 89' lang='lat' dir='ltr'><strong>quicun·</strong></span> <span class='ocrx_word' id='word_1_110' title='bbox 1818 1533 1824 1550; x_wconf 90' lang='lat'><strong>·</strong></span> 
     </span>
     <span class='ocr_line' id='line_1_10' title="bbox 222 1589 1812 1713; baseline 0.01 -31"><span class='ocrx_word' id='word_1_111' title='bbox 222 1629 325 1705; x_wconf 76' lang='lat' dir='ltr'><strong>aque</strong></span> <span class='ocrx_word' id='word_1_112' title='bbox 336 1611 459 1686; x_wconf 84' lang='lat' dir='ltr'><strong>lecerit</strong></span> <span class='ocrx_word' id='word_1_113' title='bbox 473 1589 726 1687; x_wconf 79' lang='lat' dir='ltr'><strong>holocaustum</strong></span> <span class='ocrx_word' id='word_1_114' title='bbox 742 1629 805 1688; x_wconf 88' lang='lat' dir='ltr'><strong>aut</strong></span> <span class='ocrx_word' id='word_1_115' title='bbox 819 1616 1047 1713; x_wconf 87' lang='lat' dir='ltr'><strong>sacrificium,</strong></span> <span class='ocrx_word' id='word_1_116' title='bbox 1062 1620 1159 1693; x_wconf 86' lang='lat' dir='ltr'><strong>etad</strong></span> <span class='ocrx_word' id='word_1_117' title='bbox 1174 1622 1307 1694; x_wconf 74' lang='lat' dir='ltr'><strong>oeuum</strong></span> <span class='ocrx_word' id='word_1_118' title='bbox 1315 1622 1536 1696; x_wconf 71' lang='lat' dir='ltr'><strong>tabernaculi</strong></span> <span class='ocrx_word' id='word_1_119' title='bbox 1548 1648 1623 1696; x_wconf 94' lang='lat' dir='ltr'><strong>non</strong></span> <span class='ocrx_word' id='word_1_120' title='bbox 1636 1624 1812 1698; x_wconf 80' lang='lat' dir='ltr'><strong>addixerit</strong></span> 
     </span>
    </p>

    <p class='ocr_par' dir='ltr' id='par_1_6' title="bbox 208 1727 1816 2798">
     <span class='ocr_line' id='line_1_11' title="bbox 219 1727 1811 1842; baseline 0.009 -39"><span class='ocrx_word' id='word_1_121' title='bbox 219 1754 239 1792; x_wconf 77' lang='lat' dir='ltr'><strong>a</strong></span> <span class='ocrx_word' id='word_1_122' title='bbox 254 1727 370 1805; x_wconf 82' lang='lat' dir='ltr'><strong>facere</strong></span> <span class='ocrx_word' id='word_1_123' title='bbox 384 1733 471 1805; x_wconf 92' lang='lat' dir='ltr'><strong>illud</strong></span> <span class='ocrx_word' id='word_1_124' title='bbox 486 1736 660 1824; x_wconf 91' lang='lat' dir='ltr'><strong>Domino,</strong></span> <span class='ocrx_word' id='word_1_125' title='bbox 673 1736 967 1810; x_wconf 81' lang='lat' dir='ltr'><strong>exterminabitur</strong></span> <span class='ocrx_word' id='word_1_126' title='bbox 983 1735 1030 1811; x_wconf 90' lang='lat' dir='ltr'><strong>de</strong></span> <span class='ocrx_word' id='word_1_127' title='bbox 1046 1740 1185 1840; x_wconf 92' lang='lat' dir='ltr'><strong>populo</strong></span> <span class='ocrx_word' id='word_1_128' title='bbox 1200 1764 1280 1814; x_wconf 91' lang='lat' dir='ltr'><strong>suo</strong></span> <span class='ocrx_word' id='word_1_129' title='bbox 1291 1769 1309 1809; x_wconf 83' lang='lat' dir='ltr'><strong>u</strong></span> <span class='ocrx_word' id='word_1_130' title='bbox 1325 1746 1367 1814; x_wconf 87' lang='lat' dir='ltr'><strong>Et</strong></span> <span class='ocrx_word' id='word_1_131' title='bbox 1385 1765 1450 1842; x_wconf 90' lang='lat' dir='ltr'><strong>per</strong></span> <span class='ocrx_word' id='word_1_132' title='bbox 1464 1743 1537 1817; x_wconf 91' lang='lat' dir='ltr'><strong>hoc</strong></span> <span class='ocrx_word' id='word_1_133' title='bbox 1550 1744 1811 1818; x_wconf 80' lang='lat' dir='ltr'><strong>etiamridetur</strong></span> 
     </span>
     <span class='ocr_line' id='line_1_12' title="bbox 216 1850 1816 1966; baseline 0.009 -43"><span class='ocrx_word' id='word_1_134' title='bbox 216 1850 373 1924; x_wconf 82' lang='lat' dir='ltr'><strong>Ecclesia</strong></span> <span class='ocrx_word' id='word_1_135' title='bbox 387 1877 430 1925; x_wconf 80' lang='lat' dir='ltr'><strong>ex</strong></span> <span class='ocrx_word' id='word_1_136' title='bbox 453 1854 629 1927; x_wconf 82' lang='lat' dir='ltr'><strong>Gentibus</strong></span> <span class='ocrx_word' id='word_1_137' title='bbox 649 1854 867 1929; x_wconf 74' lang='lat' dir='ltr'><strong>holocaustis</strong></span> <span class='ocrx_word' id='word_1_138' title='bbox 883 1857 1042 1932; x_wconf 79' lang='lat' dir='ltr'><strong>obnoxia</strong></span> <span class='ocrx_word' id='word_1_139' title='bbox 1062 1858 1152 1933; x_wconf 81' lang='lat' dir='ltr'><strong>lieri.</strong></span> <span class='ocrx_word' id='word_1_140' title='bbox 1178 1865 1259 1934; x_wconf 89' lang='lat' dir='ltr'><strong>Non</strong></span> <span class='ocrx_word' id='word_1_141' title='bbox 1277 1875 1318 1934; x_wconf 93' lang='lat' dir='ltr'><strong>ut</strong></span> <span class='ocrx_word' id='word_1_142' title='bbox 1334 1863 1438 1935; x_wconf 82' lang='lat' dir='ltr'><strong>iaciat</strong></span> <span class='ocrx_word' id='word_1_143' title='bbox 1449 1863 1570 1960; x_wconf 85' lang='lat' dir='ltr'><strong>jubet,</strong></span> <span class='ocrx_word' id='word_1_144' title='bbox 1593 1864 1657 1936; x_wconf 90' lang='lat' dir='ltr'><strong>sed</strong></span> <span class='ocrx_word' id='word_1_145' title='bbox 1674 1865 1702 1937; x_wconf 94' lang='lat' dir='ltr'><strong>si</strong></span> <span class='ocrx_word' id='word_1_146' title='bbox 1720 1865 1816 1966; x_wconf 85' lang='lat' dir='ltr'><strong>forte</strong></span> 
     </span>
     <span class='ocr_line' id='line_1_13' title="bbox 219 1967 1811 2082; baseline 0.012 -43"><span class='ocrx_word' id='word_1_147' title='bbox 219 1967 351 2064; x_wconf 84' lang='lat' dir='ltr'><strong>lecerit,</strong></span> <span class='ocrx_word' id='word_1_148' title='bbox 363 1974 552 2071; x_wconf 87' lang='lat' dir='ltr'><strong>quomodo</strong></span> <span class='ocrx_word' id='word_1_149' title='bbox 568 1975 685 2049; x_wconf 84' lang='lat' dir='ltr'><strong>iacere</strong></span> <span class='ocrx_word' id='word_1_150' title='bbox 701 1975 831 2049; x_wconf 85' lang='lat' dir='ltr'><strong>debeat</strong></span> <span class='ocrx_word' id='word_1_151' title='bbox 845 1975 965 2051; x_wconf 90' lang='lat' dir='ltr'><strong>docet.</strong></span> <span class='ocrx_word' id='word_1_152' title='bbox 977 1983 1126 2053; x_wconf 91' lang='lat' dir='ltr'><strong>Certum</strong></span> <span class='ocrx_word' id='word_1_153' title='bbox 1140 1995 1194 2054; x_wconf 88' lang='lat' dir='ltr'><strong>est</strong></span> <span class='ocrx_word' id='word_1_154' title='bbox 1210 1983 1324 2072; x_wconf 88' lang='lat' dir='ltr'><strong>enirn,</strong></span> <span class='ocrx_word' id='word_1_155' title='bbox 1335 1982 1435 2080; x_wconf 87' lang='lat' dir='ltr'><strong>quod</strong></span> <span class='ocrx_word' id='word_1_156' title='bbox 1451 1983 1539 2055; x_wconf 90' lang='lat' dir='ltr'><strong>dum</strong></span> <span class='ocrx_word' id='word_1_157' title='bbox 1554 1983 1811 2082; x_wconf 85' lang='lat' dir='ltr'><strong>Hierosolymis</strong></span> 
     </span>
     <span class='ocr_line' id='line_1_14' title="bbox 220 2092 1809 2200; baseline 0.011 -40"><span class='ocrx_word' id='word_1_158' title='bbox 220 2092 395 2189; x_wconf 88' lang='lat' dir='ltr'><strong>templum</strong></span> <span class='ocrx_word' id='word_1_159' title='bbox 415 2107 614 2186; x_wconf 89' lang='lat' dir='ltr'><strong>constaret,</strong></span> <span class='ocrx_word' id='word_1_160' title='bbox 639 2110 675 2168; x_wconf 90' lang='lat' dir='ltr'><strong>et</strong></span> <span class='ocrx_word' id='word_1_161' title='bbox 696 2095 822 2194; x_wconf 89' lang='lat' dir='ltr'><strong>religio</strong></span> <span class='ocrx_word' id='word_1_162' title='bbox 843 2097 974 2171; x_wconf 88' lang='lat' dir='ltr'><strong>tradita</strong></span> <span class='ocrx_word' id='word_1_163' title='bbox 995 2100 1157 2199; x_wconf 87' lang='lat' dir='ltr'><strong>patribus</strong></span> <span class='ocrx_word' id='word_1_164' title='bbox 1174 2101 1322 2197; x_wconf 82' lang='lat' dir='ltr'><strong>vigeret,</strong></span> <span class='ocrx_word' id='word_1_165' title='bbox 1346 2100 1492 2200; x_wconf 88' lang='lat' dir='ltr'><strong>plurimi</strong></span> <span class='ocrx_word' id='word_1_166' title='bbox 1511 2104 1620 2180; x_wconf 77' lang='lat' dir='ltr'><strong>etism</strong></span> <span class='ocrx_word' id='word_1_167' title='bbox 1639 2105 1809 2178; x_wconf 65' lang='lat' dir='ltr'><strong>&amp;atium</strong></span> 
     </span>
     <span class='ocr_line' id='line_1_15' title="bbox 217 2210 1810 2319; baseline 0.009 -40"><span class='ocrx_word' id='word_1_168' title='bbox 217 2210 409 2286; x_wconf 81' lang='lat' dir='ltr'><strong>veniebant</strong></span> <span class='ocrx_word' id='word_1_169' title='bbox 428 2214 476 2287; x_wconf 91' lang='lat' dir='ltr'><strong>ad</strong></span> <span class='ocrx_word' id='word_1_170' title='bbox 498 2215 672 2315; x_wconf 89' lang='lat' dir='ltr'><strong>templum</strong></span> <span class='ocrx_word' id='word_1_171' title='bbox 695 2216 849 2290; x_wconf 87' lang='lat' dir='ltr'><strong>adorare</strong></span> <span class='ocrx_word' id='word_1_172' title='bbox 868 2231 905 2290; x_wconf 91' lang='lat' dir='ltr'><strong>et</strong></span> <span class='ocrx_word' id='word_1_173' title='bbox 927 2217 1057 2291; x_wconf 78' lang='lat' dir='ltr'><strong>offerre</strong></span> <span class='ocrx_word' id='word_1_174' title='bbox 1078 2219 1264 2293; x_wconf 79' lang='lat' dir='ltr'><strong>sacrificia.</strong></span> <span class='ocrx_word' id='word_1_175' title='bbox 1281 2221 1353 2293; x_wconf 87' lang='lat' dir='ltr'><strong>Sed</strong></span> <span class='ocrx_word' id='word_1_176' title='bbox 1376 2221 1448 2293; x_wconf 89' lang='lat' dir='ltr'><strong>hoc</strong></span> <span class='ocrx_word' id='word_1_177' title='bbox 1469 2222 1644 2319; x_wconf 90' lang='lat' dir='ltr'><strong>qnoniam</strong></span> <span class='ocrx_word' id='word_1_178' title='bbox 1666 2224 1704 2294; x_wconf 93' lang='lat' dir='ltr'><strong>in</strong></span> <span class='ocrx_word' id='word_1_179' title='bbox 1728 2222 1810 2296; x_wconf 91' lang='lat' dir='ltr'><strong>loco</strong></span> 
     </span>
     <span class='ocr_line' id='line_1_16' title="bbox 216 2332 1810 2436; baseline 0.009 -36"><span class='ocrx_word' id='word_1_180' title='bbox 216 2349 294 2400; x_wconf 90' lang='lat' dir='ltr'><strong>uno</strong></span> <span class='ocrx_word' id='word_1_181' title='bbox 315 2332 568 2406; x_wconf 84' lang='lat' dir='ltr'><strong>tantummodo</strong></span> <span class='ocrx_word' id='word_1_182' title='bbox 591 2333 668 2408; x_wconf 79' lang='lat' dir='ltr'><strong>neri</strong></span> <span class='ocrx_word' id='word_1_183' title='bbox 689 2350 907 2435; x_wconf 86' lang='lat' dir='ltr'><strong>praeceptum</strong></span> <span class='ocrx_word' id='word_1_184' title='bbox 931 2351 997 2428; x_wconf 86' lang='lat' dir='ltr'><strong>est,</strong></span> <span class='ocrx_word' id='word_1_185' title='bbox 1026 2338 1072 2410; x_wconf 93' lang='lat' dir='ltr'><strong>de</strong></span> <span class='ocrx_word' id='word_1_186' title='bbox 1096 2363 1172 2436; x_wconf 89' lang='lat' dir='ltr'><strong>quo</strong></span> <span class='ocrx_word' id='word_1_187' title='bbox 1188 2339 1295 2412; x_wconf 88' lang='lat' dir='ltr'><strong>etiam</strong></span> <span class='ocrx_word' id='word_1_188' title='bbox 1320 2341 1429 2413; x_wconf 91' lang='lat' dir='ltr'><strong>etiam</strong></span> <span class='ocrx_word' id='word_1_189' title='bbox 1450 2340 1512 2413; x_wconf 87' lang='lat' dir='ltr'><strong>bic</strong></span> <span class='ocrx_word' id='word_1_190' title='bbox 1531 2341 1681 2414; x_wconf 86' lang='lat' dir='ltr'><strong>mandat</strong></span> <span class='ocrx_word' id='word_1_191' title='bbox 1701 2355 1741 2414; x_wconf 86' lang='lat' dir='ltr'><strong>ut</strong></span> <span class='ocrx_word' id='word_1_192' title='bbox 1763 2342 1810 2415; x_wconf 83' lang='lat' dir='ltr'><strong>ad</strong></span> 
     </span>
     <span class='ocr_line' id='line_1_17' title="bbox 213 2452 1807 2565; baseline 0.008 -44"><span class='ocrx_word' id='word_1_193' title='bbox 213 2452 347 2523; x_wconf 84' lang='lat' dir='ltr'><strong>ostium</strong></span> <span class='ocrx_word' id='word_1_194' title='bbox 367 2453 589 2530; x_wconf 90' lang='lat' dir='ltr'><strong>tabernaculi</strong></span> <span class='ocrx_word' id='word_1_195' title='bbox 610 2455 810 2565; x_wconf 77' lang='lat' dir='ltr'><strong>jugulanda</strong></span> <span class='ocrx_word' id='word_1_196' title='bbox 830 2457 976 2530; x_wconf 81' lang='lat' dir='ltr'><strong>victima</strong></span> <span class='ocrx_word' id='word_1_197' title='bbox 998 2457 1211 2550; x_wconf 85' lang='lat' dir='ltr'><strong>deducatur,</strong></span> <span class='ocrx_word' id='word_1_198' title='bbox 1231 2459 1368 2533; x_wconf 86' lang='lat' dir='ltr'><strong>tamdiu</strong></span> <span class='ocrx_word' id='word_1_199' title='bbox 1392 2455 1511 2560; x_wconf 90' lang='lat' dir='ltr'><strong>potuit</strong></span> <span class='ocrx_word' id='word_1_200' title='bbox 1533 2460 1692 2557; x_wconf 82' lang='lat' dir='ltr'><strong>legitime</strong></span> <span class='ocrx_word' id='word_1_201' title='bbox 1710 2461 1807 2552; x_wconf 88' lang='lat' dir='ltr'><strong>lieri,</strong></span> 
     </span>
     <span class='ocr_line' id='line_1_18' title="bbox 208 2569 1809 2679; baseline 0.007 -36"><span class='ocrx_word' id='word_1_202' title='bbox 208 2573 384 2667; x_wconf 85' lang='lat' dir='ltr'><strong>quamdiu</strong></span> <span class='ocrx_word' id='word_1_203' title='bbox 408 2587 518 2647; x_wconf 90' lang='lat' dir='ltr'><strong>status</strong></span> <span class='ocrx_word' id='word_1_204' title='bbox 534 2569 606 2647; x_wconf 91' lang='lat' dir='ltr'><strong>loci</strong></span> <span class='ocrx_word' id='word_1_205' title='bbox 625 2577 821 2675; x_wconf 88' lang='lat' dir='ltr'><strong>permansit</strong></span> <span class='ocrx_word' id='word_1_206' title='bbox 839 2576 1044 2650; x_wconf 87' lang='lat' dir='ltr'><strong>incolumis.</strong></span> <span class='ocrx_word' id='word_1_207' title='bbox 1063 2579 1229 2676; x_wconf 88' lang='lat' dir='ltr'><strong>Denique</strong></span> <span class='ocrx_word' id='word_1_208' title='bbox 1245 2592 1281 2653; x_wconf 89' lang='lat' dir='ltr'><strong>et</strong></span> <span class='ocrx_word' id='word_1_209' title='bbox 1296 2578 1459 2653; x_wconf 74' lang='lat' dir='ltr'><strong>Salvator</strong></span> <span class='ocrx_word' id='word_1_210' title='bbox 1474 2579 1523 2653; x_wconf 86' lang='lat' dir='ltr'><strong>ad</strong></span> <span class='ocrx_word' id='word_1_211' title='bbox 1544 2579 1671 2653; x_wconf 85' lang='lat' dir='ltr'><strong>decem</strong></span> <span class='ocrx_word' id='word_1_212' title='bbox 1690 2580 1809 2679; x_wconf 89' lang='lat' dir='ltr'><strong>lepro-</strong></span> 
     </span>
     <span class='ocr_line' id='line_1_19' title="bbox 209 2694 1809 2798; baseline 0.007 -36"><span class='ocrx_word' id='word_1_213' title='bbox 209 2714 285 2779; x_wconf 87' lang='lat' dir='ltr'><strong>sos,</strong></span> <span class='ocrx_word' id='word_1_214' title='bbox 301 2715 395 2790; x_wconf 88' lang='lat' dir='ltr'><strong>quos</strong></span> <span class='ocrx_word' id='word_1_215' title='bbox 412 2694 661 2787; x_wconf 85' lang='lat' dir='ltr'><strong>mundaverat,</strong></span> <span class='ocrx_word' id='word_1_216' title='bbox 682 2696 843 2794; x_wconf 82' lang='lat' dir='ltr'><strong>inquit¹:</strong></span> <span class='ocrx_word' id='word_1_217' title='bbox 863 2725 883 2765; x_wconf 78' lang='lat' dir='ltr'><strong>a</strong></span> <span class='ocrx_word' id='word_1_218' title='bbox 898 2701 963 2786; x_wconf 88' lang='lat' dir='ltr'><strong>lte,</strong></span> <span class='ocrx_word' id='word_1_219' title='bbox 981 2697 1161 2770; x_wconf 82' lang='lat' dir='ltr'><strong>ostendite</strong></span> <span class='ocrx_word' id='word_1_220' title='bbox 1175 2722 1242 2770; x_wconf 82' lang='lat' dir='ltr'><strong>vos</strong></span> <span class='ocrx_word' id='word_1_221' title='bbox 1258 2698 1525 2789; x_wconf 81' lang='lat' dir='ltr'><strong>Sacerdotibus,</strong></span> <span class='ocrx_word' id='word_1_222' title='bbox 1545 2714 1581 2771; x_wconf 90' lang='lat' dir='ltr'><strong>et</strong></span> <span class='ocrx_word' id='word_1_223' title='bbox 1595 2700 1721 2772; x_wconf 78' lang='lat' dir='ltr'><strong>offerte</strong></span> <span class='ocrx_word' id='word_1_224' title='bbox 1743 2723 1809 2798; x_wconf 90' lang='lat' dir='ltr'><strong>pro</strong></span> 
     </span>
    </p>

    <p class='ocr_par' dir='ltr' id='par_1_7' title="bbox 160 2812 1888 4829">
     <span class='ocr_line' id='line_1_20' title="bbox 208 2812 1810 2918; baseline 0.006 -34"><span class='ocrx_word' id='word_1_225' title='bbox 208 2841 229 2875; x_wconf 78' lang='grc' dir='ltr'><strong>α</strong></span> <span class='ocrx_word' id='word_1_226' title='bbox 245 2812 351 2886; x_wconf 83' lang='lat' dir='ltr'><strong>vobis</strong></span> <span class='ocrx_word' id='word_1_227' title='bbox 370 2814 506 2889; x_wconf 88' lang='lat' dir='ltr'><strong>hostias</strong></span> <span class='ocrx_word' id='word_1_228' title='bbox 524 2816 617 2888; x_wconf 90' lang='lat' dir='ltr'><strong>sicut</strong></span> <span class='ocrx_word' id='word_1_229' title='bbox 631 2818 792 2916; x_wconf 86' lang='lat' dir='ltr'><strong>praecipit</strong></span> <span class='ocrx_word' id='word_1_230' title='bbox 804 2820 958 2915; x_wconf 84' lang='lat' dir='ltr'><strong>Moyses.</strong></span> <span class='ocrx_word' id='word_1_231' title='bbox 975 2843 993 2885; x_wconf 83' lang='lat' dir='ltr'><strong>n</strong></span> <span class='ocrx_word' id='word_1_232' title='bbox 1008 2821 1112 2890; x_wconf 85' lang='lat' dir='ltr'><strong>Nunc</strong></span> <span class='ocrx_word' id='word_1_233' title='bbox 1125 2839 1213 2890; x_wconf 84' lang='lat' dir='ltr'><strong>vero</strong></span> <span class='ocrx_word' id='word_1_234' title='bbox 1227 2819 1416 2916; x_wconf 86' lang='lat' dir='ltr'><strong>quomodo</strong></span> <span class='ocrx_word' id='word_1_235' title='bbox 1427 2821 1632 2918; x_wconf 85' lang='lat' dir='ltr'><strong>exposcitur</strong></span> <span class='ocrx_word' id='word_1_236' title='bbox 1642 2820 1690 2892; x_wconf 88' lang='lat' dir='ltr'><strong>ab</strong></span> <span class='ocrx_word' id='word_1_237' title='bbox 1701 2820 1810 2893; x_wconf 77' lang='lat' dir='ltr'><strong>adve-</strong></span> 
     </span>
     <span class='ocr_line' id='line_1_21' title="bbox 204 2933 1806 3036; baseline 0.006 -34"><span class='ocrx_word' id='word_1_238' title='bbox 204 2933 284 3022; x_wconf 88' lang='lat' dir='ltr'><strong>nis,</strong></span> <span class='ocrx_word' id='word_1_239' title='bbox 300 2935 402 3031; x_wconf 88' lang='lat' dir='ltr'><strong>quod</strong></span> <span class='ocrx_word' id='word_1_240' title='bbox 416 2934 586 3008; x_wconf 83' lang='lat' dir='ltr'><strong>exhibere</strong></span> <span class='ocrx_word' id='word_1_241' title='bbox 602 2953 649 3009; x_wconf 90' lang='lat' dir='ltr'><strong>ne</strong></span> <span class='ocrx_word' id='word_1_242' title='bbox 671 2938 826 3036; x_wconf 90' lang='lat' dir='ltr'><strong>propriis</strong></span> <span class='ocrx_word' id='word_1_243' title='bbox 839 2937 987 3035; x_wconf 89' lang='lat' dir='ltr'><strong>quidem</strong></span> <span class='ocrx_word' id='word_1_244' title='bbox 1006 2936 1206 3010; x_wconf 86' lang='lat' dir='ltr'><strong>cultoribus</strong></span> <span class='ocrx_word' id='word_1_245' title='bbox 1221 2937 1327 3010; x_wconf 76' lang='lat' dir='ltr'><strong>licet?</strong></span> <span class='ocrx_word' id='word_1_246' title='bbox 1344 2942 1426 3010; x_wconf 80' lang='lat' dir='ltr'><strong>Haec</strong></span> <span class='ocrx_word' id='word_1_247' title='bbox 1442 2938 1539 3011; x_wconf 90' lang='lat' dir='ltr'><strong>dicta</strong></span> <span class='ocrx_word' id='word_1_248' title='bbox 1553 2953 1637 3010; x_wconf 85' lang='lat' dir='ltr'><strong>eunt</strong></span> <span class='ocrx_word' id='word_1_249' title='bbox 1651 2961 1674 3011; x_wconf 87' lang='lat' dir='ltr'><strong>a</strong></span> <span class='ocrx_word' id='word_1_250' title='bbox 1687 2939 1806 3033; x_wconf 89' lang='lat' dir='ltr'><strong>nobis,</strong></span> 
     </span>
     <span class='ocr_line' id='line_1_22' title="bbox 200 3054 1809 3158; baseline 0.006 -34"><span class='ocrx_word' id='word_1_251' title='bbox 200 3066 249 3124; x_wconf 89' lang='lat' dir='ltr'><strong>ut</strong></span> <span class='ocrx_word' id='word_1_252' title='bbox 274 3056 547 3129; x_wconf 89' lang='lat' dir='ltr'><strong>ostenderemus</strong></span> <span class='ocrx_word' id='word_1_253' title='bbox 569 3057 750 3156; x_wconf 83' lang='lat' dir='ltr'><strong>praecipue</strong></span> <span class='ocrx_word' id='word_1_254' title='bbox 774 3054 821 3130; x_wconf 90' lang='lat' dir='ltr'><strong>de</strong></span> <span class='ocrx_word' id='word_1_255' title='bbox 840 3058 1122 3130; x_wconf 86' lang='lat' dir='ltr'><strong>circumcisionis</strong></span> <span class='ocrx_word' id='word_1_256' title='bbox 1147 3072 1346 3158; x_wconf 80' lang='lat' dir='ltr'><strong>praecepto,</strong></span> <span class='ocrx_word' id='word_1_257' title='bbox 1371 3058 1472 3156; x_wconf 90' lang='lat' dir='ltr'><strong>quod</strong></span> <span class='ocrx_word' id='word_1_258' title='bbox 1497 3081 1572 3130; x_wconf 91' lang='lat' dir='ltr'><strong>non</strong></span> <span class='ocrx_word' id='word_1_259' title='bbox 1598 3054 1678 3132; x_wconf 89' lang='lat' dir='ltr'><strong>aliis</strong></span> <span class='ocrx_word' id='word_1_260' title='bbox 1698 3082 1809 3157; x_wconf 86' lang='lat' dir='ltr'><strong>quarn</strong></span> 
     </span>
     <span class='ocr_line' id='line_1_23' title="bbox 197 3170 1805 3277; baseline 0.005 -33"><span class='ocrx_word' id='word_1_261' title='bbox 197 3170 264 3244; x_wconf 87' lang='lat' dir='ltr'><strong>his</strong></span> <span class='ocrx_word' id='word_1_262' title='bbox 291 3176 355 3269; x_wconf 91' lang='lat' dir='ltr'><strong>qui</strong></span> <span class='ocrx_word' id='word_1_263' title='bbox 381 3200 423 3247; x_wconf 87' lang='lat' dir='ltr'><strong>ex</strong></span> <span class='ocrx_word' id='word_1_264' title='bbox 448 3174 629 3249; x_wconf 77' lang='lat' dir='ltr'><strong>Abraham</strong></span> <span class='ocrx_word' id='word_1_265' title='bbox 651 3198 765 3275; x_wconf 88' lang='lat' dir='ltr'><strong>genus</strong></span> <span class='ocrx_word' id='word_1_266' title='bbox 791 3176 947 3268; x_wconf 82' lang='lat' dir='ltr'><strong>ducant,</strong></span> <span class='ocrx_word' id='word_1_267' title='bbox 974 3177 1250 3275; x_wconf 77' lang='lat' dir='ltr'><strong>vernaculisque</strong></span> <span class='ocrx_word' id='word_1_268' title='bbox 1278 3200 1404 3250; x_wconf 91' lang='lat' dir='ltr'><strong>eorum</strong></span> <span class='ocrx_word' id='word_1_269' title='bbox 1429 3177 1487 3249; x_wconf 82' lang='lat' dir='ltr'><strong>vel</strong></span> <span class='ocrx_word' id='word_1_270' title='bbox 1514 3178 1631 3277; x_wconf 89' lang='lat' dir='ltr'><strong>pretio</strong></span> <span class='ocrx_word' id='word_1_271' title='bbox 1656 3179 1805 3277; x_wconf 87' lang='lat' dir='ltr'><strong>emptis,</strong></span> 
     </span>
     <span class='ocr_line' id='line_1_24' title="bbox 195 3294 1807 3395; baseline 0.003 -30"><span class='ocrx_word' id='word_1_272' title='bbox 195 3307 303 3365; x_wconf 79' lang='lat' dir='ltr'><strong>esset</strong></span> <span class='ocrx_word' id='word_1_273' title='bbox 324 3294 549 3390; x_wconf 68' lang='lat' dir='ltr'><strong>injunctum</strong></span> <span class='ocrx_word' id='word_1_274' title='bbox 571 3295 705 3369; x_wconf 81' lang='lat' dir='ltr'><strong>liberos</strong></span> <span class='ocrx_word' id='word_1_275' title='bbox 728 3318 804 3369; x_wconf 87' lang='lat' dir='ltr'><strong>esse</strong></span> <span class='ocrx_word' id='word_1_276' title='bbox 825 3294 873 3369; x_wconf 91' lang='lat' dir='ltr'><strong>ab</strong></span> <span class='ocrx_word' id='word_1_277' title='bbox 890 3295 1100 3392; x_wconf 85' lang='lat' dir='ltr'><strong>hujusmodi</strong></span> <span class='ocrx_word' id='word_1_278' title='bbox 1123 3296 1262 3393; x_wconf 89' lang='lat' dir='ltr'><strong>legibus</strong></span> <span class='ocrx_word' id='word_1_279' title='bbox 1278 3320 1341 3369; x_wconf 89' lang='lat' dir='ltr'><strong>eos</strong></span> <span class='ocrx_word' id='word_1_280' title='bbox 1357 3298 1422 3393; x_wconf 90' lang='lat' dir='ltr'><strong>qui</strong></span> <span class='ocrx_word' id='word_1_281' title='bbox 1439 3318 1505 3395; x_wconf 86' lang='lat' dir='ltr'><strong>per</strong></span> <span class='ocrx_word' id='word_1_282' title='bbox 1521 3296 1705 3368; x_wconf 87' lang='lat' dir='ltr'><strong>Christum</strong></span> <span class='ocrx_word' id='word_1_283' title='bbox 1728 3300 1807 3370; x_wconf 91' lang='lat' dir='ltr'><strong>Deo</strong></span> 
     </span>
     <span class='ocr_line' id='line_1_25' title="bbox 189 3413 1805 3514; baseline 0.002 -31"><span class='ocrx_word' id='word_1_284' title='bbox 189 3436 243 3484; x_wconf 80' lang='lat' dir='ltr'><strong>ex</strong></span> <span class='ocrx_word' id='word_1_285' title='bbox 265 3413 435 3510; x_wconf 86' lang='lat' dir='ltr'><strong>gentibus</strong></span> <span class='ocrx_word' id='word_1_286' title='bbox 452 3414 616 3487; x_wconf 79' lang='lat' dir='ltr'><strong>eredunt.</strong></span> <span class='ocrx_word' id='word_1_287' title='bbox 635 3443 652 3483; x_wconf 81' lang='lat' dir='ltr'><strong>n</strong></span> <span class='ocrx_word' id='word_1_288' title='bbox 671 3420 760 3487; x_wconf 84' lang='lat' dir='ltr'><strong>item</strong></span> <span class='ocrx_word' id='word_1_289' title='bbox 781 3442 790 3486; x_wconf 78' lang='grc' dir='ltr'>ι</span> <span class='ocrx_word' id='word_1_290' title='bbox 812 3419 1069 3514; x_wconf 76' lang='lat' dir='ltr'><strong>«Recuperent</strong></span> <span class='ocrx_word' id='word_1_291' title='bbox 1085 3434 1171 3512; x_wconf 79' lang='lat' dir='ltr'><strong>ergo</strong></span> <span class='ocrx_word' id='word_1_292' title='bbox 1188 3416 1287 3514; x_wconf 86' lang='lat' dir='ltr'><strong>prins</strong></span> <span class='ocrx_word' id='word_1_293' title='bbox 1303 3427 1476 3487; x_wconf 88' lang='lat' dir='ltr'><strong>statutum</strong></span> <span class='ocrx_word' id='word_1_294' title='bbox 1493 3413 1682 3513; x_wconf 90' lang='lat' dir='ltr'><strong>templum,</strong></span> <span class='ocrx_word' id='word_1_295' title='bbox 1701 3430 1771 3488; x_wconf 85' lang='lat' dir='ltr'><strong>etc.</strong></span> <span class='ocrx_word' id='word_1_296' title='bbox 1784 3444 1805 3486; x_wconf 82' lang='grc' dir='ltr'><strong>ιι</strong></span> 
     </span>
     <span class='ocr_line' id='line_1_26' title="bbox 251 3532 1807 3632; baseline 0.007 -33"><span class='ocrx_word' id='word_1_297' title='bbox 251 3561 275 3599; x_wconf 74' lang='grc' dir='ltr'>α</span> <span class='ocrx_word' id='word_1_298' title='bbox 289 3533 327 3605; x_wconf 89' lang='lat' dir='ltr'><strong>Si</strong></span> <span class='ocrx_word' id='word_1_299' title='bbox 345 3547 466 3607; x_wconf 87' lang='lat' dir='ltr'><strong>autern</strong></span> <span class='ocrx_word' id='word_1_300' title='bbox 483 3535 751 3631; x_wconf 88' lang='lat' dir='ltr'><strong>cognominaris</strong></span> <span class='ocrx_word' id='word_1_301' title='bbox 766 3533 921 3608; x_wconf 81' lang='lat' dir='ltr'><strong>iudaeus.</strong></span> <span class='ocrx_word' id='word_1_302' title='bbox 937 3560 955 3601; x_wconf 77' lang='lat' dir='ltr'><strong>s</strong></span> <span class='ocrx_word' id='word_1_303' title='bbox 974 3533 1147 3623; x_wconf 85' lang='lat' dir='ltr'><strong>Gentiles,</strong></span> <span class='ocrx_word' id='word_1_304' title='bbox 1166 3535 1229 3632; x_wconf 91' lang='lat' dir='ltr'><strong>qni</strong></span> <span class='ocrx_word' id='word_1_305' title='bbox 1245 3556 1266 3606; x_wconf 83' lang='lat' dir='ltr'><strong>a</strong></span> <span class='ocrx_word' id='word_1_306' title='bbox 1283 3552 1413 3632; x_wconf 79' lang='lat' dir='ltr'><strong>genere</strong></span> <span class='ocrx_word' id='word_1_307' title='bbox 1435 3546 1644 3606; x_wconf 85' lang='lat' dir='ltr'><strong>sanctorum</strong></span> <span class='ocrx_word' id='word_1_308' title='bbox 1661 3532 1807 3610; x_wconf 88' lang='lat' dir='ltr'><strong>Patrum</strong></span> 
     </span>
     <span class='ocr_line' id='line_1_27' title="bbox 184 3652 1808 3753; baseline 0.004 -29"><span class='ocrx_word' id='word_1_309' title='bbox 184 3652 413 3726; x_wconf 79' lang='lat' dir='ltr'><strong>haereditate</strong></span> <span class='ocrx_word' id='word_1_310' title='bbox 437 3656 586 3743; x_wconf 89' lang='lat' dir='ltr'><strong>remoti,</strong></span> <span class='ocrx_word' id='word_1_311' title='bbox 608 3679 631 3726; x_wconf 94' lang='lat' dir='ltr'><strong>o</strong></span> <span class='ocrx_word' id='word_1_312' title='bbox 647 3654 781 3748; x_wconf 87' lang='lat' dir='ltr'><strong>ludaee,</strong></span> <span class='ocrx_word' id='word_1_313' title='bbox 801 3654 867 3727; x_wconf 91' lang='lat' dir='ltr'><strong>tibi</strong></span> <span class='ocrx_word' id='word_1_314' title='bbox 884 3652 1065 3745; x_wconf 83' lang='lat' dir='ltr'><strong>ridentur,</strong></span> <span class='ocrx_word' id='word_1_315' title='bbox 1084 3674 1170 3728; x_wconf 89' lang='lat' dir='ltr'><strong>cum</strong></span> <span class='ocrx_word' id='word_1_316' title='bbox 1190 3653 1288 3728; x_wconf 89' lang='lat' dir='ltr'><strong>dieat</strong></span> <span class='ocrx_word' id='word_1_317' title='bbox 1306 3654 1487 3726; x_wconf 89' lang='lat' dir='ltr'><strong>Dominus</strong></span> <span class='ocrx_word' id='word_1_318' title='bbox 1509 3653 1670 3744; x_wconf 69' lang='lat' dir='ltr'><strong>abrahae,</strong></span> <span class='ocrx_word' id='word_1_319' title='bbox 1691 3683 1709 3723; x_wconf 77' lang='lat' dir='ltr'><strong>a</strong></span> <span class='ocrx_word' id='word_1_320' title='bbox 1721 3656 1808 3753; x_wconf 88' lang='lat' dir='ltr'><strong>qnia</strong></span> 
     </span>
     <span class='ocr_line' id='line_1_28' title="bbox 179 3772 1808 3873; baseline 0.001 -28"><span class='ocrx_word' id='word_1_321' title='bbox 179 3775 225 3845; x_wconf 86' lang='lat' dir='ltr'><strong>in</strong></span> <span class='ocrx_word' id='word_1_322' title='bbox 257 3778 367 3845; x_wconf 83' lang='lat' dir='ltr'><strong>Isaac</strong></span> <span class='ocrx_word' id='word_1_323' title='bbox 392 3772 582 3846; x_wconf 84' lang='lat' dir='ltr'><strong>vocabitur</strong></span> <span class='ocrx_word' id='word_1_324' title='bbox 606 3773 672 3848; x_wconf 90' lang='lat' dir='ltr'><strong>tibi</strong></span> <span class='ocrx_word' id='word_1_325' title='bbox 697 3792 835 3867; x_wconf 81' lang='lat' dir='ltr'><strong>semea,</strong></span> <span class='ocrx_word' id='word_1_326' title='bbox 853 3800 871 3841; x_wconf 81' lang='lat' dir='ltr'><strong>n</strong></span> <span class='ocrx_word' id='word_1_327' title='bbox 892 3787 927 3847; x_wconf 92' lang='lat' dir='ltr'><strong>et</strong></span> <span class='ocrx_word' id='word_1_328' title='bbox 943 3774 1091 3873; x_wconf 88' lang='lat' dir='ltr'><strong>insuper</strong></span> <span class='ocrx_word' id='word_1_329' title='bbox 1112 3772 1191 3871; x_wconf 89' lang='lat' dir='ltr'><strong>lege</strong></span> <span class='ocrx_word' id='word_1_330' title='bbox 1209 3775 1341 3873; x_wconf 89' lang='lat' dir='ltr'><strong>scripta</strong></span> <span class='ocrx_word' id='word_1_331' title='bbox 1366 3794 1442 3845; x_wconf 90' lang='lat' dir='ltr'><strong>non</strong></span> <span class='ocrx_word' id='word_1_332' title='bbox 1466 3787 1551 3845; x_wconf 87' lang='lat' dir='ltr'><strong>sunt</strong></span> <span class='ocrx_word' id='word_1_333' title='bbox 1572 3773 1748 3865; x_wconf 83' lang='lat' dir='ltr'><strong>instructi,</strong></span> <span class='ocrx_word' id='word_1_334' title='bbox 1772 3789 1808 3847; x_wconf 90' lang='lat' dir='ltr'><strong>et</strong></span> 
     </span>
     <span class='ocr_line' id='line_1_29' title="bbox 176 3891 1807 3992; baseline 0.001 -28"><span class='ocrx_word' id='word_1_335' title='bbox 176 3893 239 3966; x_wconf 85' lang='lat' dir='ltr'><strong>ita</strong></span> <span class='ocrx_word' id='word_1_336' title='bbox 265 3891 373 3965; x_wconf 87' lang='lat' dir='ltr'><strong>bene</strong></span> <span class='ocrx_word' id='word_1_337' title='bbox 399 3906 616 3992; x_wconf 75' lang='lat' dir='ltr'><strong>operantur,</strong></span> <span class='ocrx_word' id='word_1_338' title='bbox 637 3894 701 3967; x_wconf 89' lang='lat' dir='ltr'><strong>sed</strong></span> <span class='ocrx_word' id='word_1_339' title='bbox 722 3895 761 3966; x_wconf 92' lang='lat' dir='ltr'><strong>in</strong></span> <span class='ocrx_word' id='word_1_340' title='bbox 780 3908 815 3966; x_wconf 90' lang='lat' dir='ltr'><strong>te</strong></span> <span class='ocrx_word' id='word_1_341' title='bbox 836 3907 966 3967; x_wconf 82' lang='lat' dir='ltr'><strong>contra</strong></span> <span class='ocrx_word' id='word_1_342' title='bbox 991 3908 1058 3966; x_wconf 87' lang='lat' dir='ltr'><strong>est.</strong></span> <span class='ocrx_word' id='word_1_343' title='bbox 1085 3893 1195 3983; x_wconf 89' lang='lat' dir='ltr'><strong>Quod</strong></span> <span class='ocrx_word' id='word_1_344' title='bbox 1218 3918 1303 3965; x_wconf 88' lang='lat' dir='ltr'><strong>cum</strong></span> <span class='ocrx_word' id='word_1_345' title='bbox 1324 3893 1627 3991; x_wconf 86' lang='lat' dir='ltr'><strong>incompositione</strong></span> <span class='ocrx_word' id='word_1_346' title='bbox 1648 3891 1807 3991; x_wconf 86' lang='lat' dir='ltr'><strong>quadam</strong></span> 
     </span>
     <span class='ocr_line' id='line_1_30' title="bbox 173 4012 1807 4114; baseline 0.001 -31"><span class='ocrx_word' id='word_1_347' title='bbox 173 4026 217 4083; x_wconf 88' lang='lat' dir='ltr'><strong>et</strong></span> <span class='ocrx_word' id='word_1_348' title='bbox 246 4012 476 4111; x_wconf 82' lang='lat' dir='ltr'><strong>improperii</strong></span> <span class='ocrx_word' id='word_1_349' title='bbox 498 4013 749 4112; x_wconf 85' lang='lat' dir='ltr'><strong>indignatione</strong></span> <span class='ocrx_word' id='word_1_350' title='bbox 765 4012 952 4114; x_wconf 82' lang='lat' dir='ltr'><strong>proferens</strong></span> <span class='ocrx_word' id='word_1_351' title='bbox 967 4026 1177 4111; x_wconf 83' lang='lat' dir='ltr'><strong>exaggerat,</strong></span> <span class='ocrx_word' id='word_1_352' title='bbox 1197 4012 1321 4085; x_wconf 89' lang='lat' dir='ltr'><strong>dicens</strong></span> <span class='ocrx_word' id='word_1_353' title='bbox 1343 4039 1351 4082; x_wconf 73' lang='grc' dir='ltr'><strong><em>ε</em></strong></span> <span class='ocrx_word' id='word_1_354' title='bbox 1375 4012 1451 4083; x_wconf 86' lang='lat' dir='ltr'><strong>«Si</strong></span> <span class='ocrx_word' id='word_1_355' title='bbox 1476 4027 1513 4084; x_wconf 94' lang='lat' dir='ltr'><strong>tu</strong></span> <span class='ocrx_word' id='word_1_356' title='bbox 1536 4013 1807 4110; x_wconf 87' lang='lat' dir='ltr'><strong>cognominaris</strong></span> 
     </span>
     <span class='ocr_line' id='line_1_31' title="bbox 172 4130 1804 4228; baseline -0.001 -23"><span class='ocrx_word' id='word_1_357' title='bbox 172 4133 364 4224; x_wconf 79' lang='lat' dir='ltr'><strong>Judaeus,</strong></span> <span class='ocrx_word' id='word_1_358' title='bbox 378 4164 396 4201; x_wconf 75' lang='lat' dir='ltr'><strong>s</strong></span> <span class='ocrx_word' id='word_1_359' title='bbox 410 4134 482 4207; x_wconf 86' lang='lat' dir='ltr'><strong>hoc</strong></span> <span class='ocrx_word' id='word_1_360' title='bbox 498 4148 564 4228; x_wconf 90' lang='lat' dir='ltr'><strong>est,</strong></span> <span class='ocrx_word' id='word_1_361' title='bbox 579 4157 654 4206; x_wconf 93' lang='lat' dir='ltr'><strong>non</strong></span> <span class='ocrx_word' id='word_1_362' title='bbox 671 4133 730 4207; x_wconf 90' lang='lat' dir='ltr'><strong>ille</strong></span> <span class='ocrx_word' id='word_1_363' title='bbox 741 4132 882 4206; x_wconf 83' lang='lat' dir='ltr'><strong>ludaeus</strong></span> <span class='ocrx_word' id='word_1_364' title='bbox 899 4135 1086 4224; x_wconf 81' lang='lat' dir='ltr'><strong>exsistens,</strong></span> <span class='ocrx_word' id='word_1_365' title='bbox 1102 4133 1303 4209; x_wconf 89' lang='lat' dir='ltr'><strong>imitatione</strong></span> <span class='ocrx_word' id='word_1_366' title='bbox 1315 4131 1451 4205; x_wconf 88' lang='lat' dir='ltr'><strong>scilicet</strong></span> <span class='ocrx_word' id='word_1_367' title='bbox 1465 4130 1624 4204; x_wconf 83' lang='lat' dir='ltr'><strong>fidelium</strong></span> <span class='ocrx_word' id='word_1_368' title='bbox 1644 4135 1804 4223; x_wconf 79' lang='lat' dir='ltr'><strong>Petrum,</strong></span> 
     </span>
     <span class='ocr_line' id='line_1_32' title="bbox 169 4250 1807 4352; baseline -0.002 -24"><span class='ocrx_word' id='word_1_369' title='bbox 169 4254 249 4328; x_wconf 83' lang='lat' dir='ltr'><strong>sed</strong></span> <span class='ocrx_word' id='word_1_370' title='bbox 271 4250 366 4327; x_wconf 87' lang='lat' dir='ltr'><strong>solo</strong></span> <span class='ocrx_word' id='word_1_371' title='bbox 384 4256 535 4327; x_wconf 88' lang='lat' dir='ltr'><strong>nomine</strong></span> <span class='ocrx_word' id='word_1_372' title='bbox 548 4254 829 4352; x_wconf 81' lang='lat' dir='ltr'><strong>cognominaris,</strong></span> <span class='ocrx_word' id='word_1_373' title='bbox 849 4252 974 4325; x_wconf 88' lang='lat' dir='ltr'><strong>aluda</strong></span> <span class='ocrx_word' id='word_1_374' title='bbox 987 4253 1122 4327; x_wconf 79' lang='lat' dir='ltr'><strong>scilicet</strong></span> <span class='ocrx_word' id='word_1_375' title='bbox 1140 4252 1358 4342; x_wconf 85' lang='lat' dir='ltr'><strong>Patriarcha,</strong></span> <span class='ocrx_word' id='word_1_376' title='bbox 1376 4276 1439 4324; x_wconf 89' lang='lat' dir='ltr'><strong>seu</strong></span> <span class='ocrx_word' id='word_1_377' title='bbox 1457 4275 1479 4324; x_wconf 92' lang='lat' dir='ltr'><strong>a</strong></span> <span class='ocrx_word' id='word_1_378' title='bbox 1494 4251 1586 4325; x_wconf 85' lang='lat' dir='ltr'><strong>luda</strong></span> <span class='ocrx_word' id='word_1_379' title='bbox 1601 4250 1807 4325; x_wconf 76' lang='lat' dir='ltr'><strong>nachabeo</strong></span> 
     </span>
     <span class='ocr_line' id='line_1_33' title="bbox 166 4371 1888 4470; baseline -0.002 -23"><span class='ocrx_word' id='word_1_380' title='bbox 166 4376 228 4447; x_wconf 84' lang='lat' dir='ltr'><strong>sic</strong></span> <span class='ocrx_word' id='word_1_381' title='bbox 248 4372 430 4463; x_wconf 82' lang='lat' dir='ltr'><strong>vocatis,</strong></span> <span class='ocrx_word' id='word_1_382' title='bbox 446 4384 514 4446; x_wconf 87' lang='lat' dir='ltr'><strong>ete.</strong></span> <span class='ocrx_word' id='word_1_383' title='bbox 533 4373 731 4470; x_wconf 89' lang='lat' dir='ltr'><strong>Origenes:</strong></span> <span class='ocrx_word' id='word_1_384' title='bbox 752 4401 769 4443; x_wconf 82' lang='lat' dir='ltr'><strong>n</strong></span> <span class='ocrx_word' id='word_1_385' title='bbox 784 4373 865 4445; x_wconf 85' lang='lat' dir='ltr'><strong>Non</strong></span> <span class='ocrx_word' id='word_1_386' title='bbox 885 4400 902 4439; x_wconf 80' lang='grc' dir='ltr'><strong>α</strong></span> <span class='ocrx_word' id='word_1_387' title='bbox 920 4371 1066 4466; x_wconf 84' lang='lat' dir='ltr'><strong>diceris,</strong></span> <span class='ocrx_word' id='word_1_388' title='bbox 1078 4401 1097 4442; x_wconf 78' lang='grc' dir='ltr'><strong>ιι</strong></span> <span class='ocrx_word' id='word_1_389' title='bbox 1115 4372 1180 4446; x_wconf 87' lang='lat' dir='ltr'><strong>sed</strong></span> <span class='ocrx_word' id='word_1_390' title='bbox 1201 4400 1219 4442; x_wconf 80' lang='lat' dir='ltr'><strong>a</strong></span> <span class='ocrx_word' id='word_1_391' title='bbox 1236 4372 1523 4469; x_wconf 60' lang='lat' dir='ltr'><strong>cognominatim</strong></span> <span class='ocrx_word' id='word_1_392' title='bbox 1538 4398 1557 4439; x_wconf 84' lang='lat' dir='ltr'><strong>n</strong></span> <span class='ocrx_word' id='word_1_393' title='bbox 1576 4371 1683 4443; x_wconf 91' lang='lat' dir='ltr'><strong>docet</strong></span> <span class='ocrx_word' id='word_1_394' title='bbox 1698 4371 1736 4443; x_wconf 89' lang='lat' dir='ltr'><strong>in</strong></span> <span class='ocrx_word' id='word_1_395' title='bbox 1751 4393 1806 4444; x_wconf 83' lang='lat' dir='ltr'><strong>se·</strong></span> <span class='ocrx_word' id='word_1_396' title='bbox 1886 4424 1888 4428; x_wconf 85' lang='lat'><em>-</em></span> 
     </span>
     <span class='ocr_line' id='line_1_34' title="bbox 164 4490 1805 4594; baseline -0.002 -26"><span class='ocrx_word' id='word_1_397' title='bbox 164 4490 416 4594; x_wconf 85' lang='lat' dir='ltr'><strong>quentibus,</strong></span> <span class='ocrx_word' id='word_1_398' title='bbox 437 4494 522 4590; x_wconf 91' lang='lat' dir='ltr'><strong>quia</strong></span> <span class='ocrx_word' id='word_1_399' title='bbox 537 4516 621 4566; x_wconf 83' lang='lat' dir='ltr'><strong>rere</strong></span> <span class='ocrx_word' id='word_1_400' title='bbox 638 4493 780 4566; x_wconf 83' lang='lat' dir='ltr'><strong>ludaens</strong></span> <span class='ocrx_word' id='word_1_401' title='bbox 801 4492 861 4566; x_wconf 93' lang='lat' dir='ltr'><strong>ille</strong></span> <span class='ocrx_word' id='word_1_402' title='bbox 881 4492 939 4585; x_wconf 89' lang='lat' dir='ltr'><strong>sit,</strong></span> <span class='ocrx_word' id='word_1_403' title='bbox 958 4492 1022 4590; x_wconf 89' lang='lat' dir='ltr'><strong>qui</strong></span> <span class='ocrx_word' id='word_1_404' title='bbox 1046 4493 1083 4565; x_wconf 92' lang='lat' dir='ltr'><strong>in</strong></span> <span class='ocrx_word' id='word_1_405' title='bbox 1106 4493 1251 4565; x_wconf 86' lang='lat' dir='ltr'><strong>o&#39;cculto</strong></span> <span class='ocrx_word' id='word_1_406' title='bbox 1269 4490 1503 4565; x_wconf 86' lang='lat' dir='ltr'><strong>circumcisus</strong></span> <span class='ocrx_word' id='word_1_407' title='bbox 1518 4505 1590 4583; x_wconf 86' lang='lat' dir='ltr'><strong>est;</strong></span> <span class='ocrx_word' id='word_1_408' title='bbox 1606 4491 1669 4588; x_wconf 88' lang='lat' dir='ltr'><strong>qui</strong></span> <span class='ocrx_word' id='word_1_409' title='bbox 1685 4503 1805 4564; x_wconf 82' lang='lat' dir='ltr'><strong>auten</strong></span> 
     </span>
     <span class='ocr_line' id='line_1_35' title="bbox 160 4608 1802 4706; baseline -0.004 -18"><span class='ocrx_word' id='word_1_410' title='bbox 160 4615 206 4688; x_wconf 88' lang='lat' dir='ltr'><strong>in</strong></span> <span class='ocrx_word' id='word_1_411' title='bbox 223 4611 514 4705; x_wconf 60' lang='lat' dir='ltr'><strong>manifestant</strong></span> <span class='ocrx_word' id='word_1_412' title='bbox 526 4612 692 4686; x_wconf 83' lang='lat' dir='ltr'><strong>rideatur</strong></span> <span class='ocrx_word' id='word_1_413' title='bbox 709 4612 756 4685; x_wconf 85' lang='lat' dir='ltr'><strong>ab</strong></span> <span class='ocrx_word' id='word_1_414' title='bbox 773 4609 1001 4701; x_wconf 87' lang='lat' dir='ltr'><strong>hominibus,</strong></span> <span class='ocrx_word' id='word_1_415' title='bbox 1013 4634 1089 4685; x_wconf 93' lang='lat' dir='ltr'><strong>non</strong></span> <span class='ocrx_word' id='word_1_416' title='bbox 1107 4626 1160 4684; x_wconf 89' lang='lat' dir='ltr'><strong>est</strong></span> <span class='ocrx_word' id='word_1_417' title='bbox 1174 4634 1273 4703; x_wconf 86' lang='lat' dir='ltr'><strong>vere,</strong></span> <span class='ocrx_word' id='word_1_418' title='bbox 1285 4608 1349 4683; x_wconf 88' lang='lat' dir='ltr'><strong>sed</strong></span> <span class='ocrx_word' id='word_1_419' title='bbox 1360 4610 1639 4706; x_wconf 87' lang='lat' dir='ltr'><strong>cognominatur</strong></span> <span class='ocrx_word' id='word_1_420' title='bbox 1647 4608 1802 4683; x_wconf 72' lang='lat' dir='ltr'><strong>tudem.</strong></span> 
     </span>
     <span class='ocr_line' id='line_1_36' title="bbox 160 4727 1806 4829; baseline -0.006 -21"><span class='ocrx_word' id='word_1_421' title='bbox 160 4740 212 4808; x_wconf 81' lang='lat' dir='ltr'><strong>Et</strong></span> <span class='ocrx_word' id='word_1_422' title='bbox 240 4737 293 4807; x_wconf 88' lang='lat' dir='ltr'><strong>in</strong></span> <span class='ocrx_word' id='word_1_423' title='bbox 325 4730 592 4829; x_wconf 75' lang='lat' dir='ltr'><strong>Apocalypsi⁸t</strong></span> <span class='ocrx_word' id='word_1_424' title='bbox 613 4732 716 4820; x_wconf 77' lang='lat' dir='ltr'><strong>«Qui</strong></span> <span class='ocrx_word' id='word_1_425' title='bbox 732 4731 861 4807; x_wconf 86' lang='lat' dir='ltr'><strong>dicunt</strong></span> <span class='ocrx_word' id='word_1_426' title='bbox 872 4755 912 4803; x_wconf 88' lang='lat' dir='ltr'><strong>se</strong></span> <span class='ocrx_word' id='word_1_427' title='bbox 926 4728 1069 4806; x_wconf 85' lang='lat' dir='ltr'><strong>ludaeos</strong></span> <span class='ocrx_word' id='word_1_428' title='bbox 1082 4756 1171 4824; x_wconf 89' lang='lat' dir='ltr'><strong>esse,</strong></span> <span class='ocrx_word' id='word_1_429' title='bbox 1189 4745 1225 4804; x_wconf 92' lang='lat' dir='ltr'><strong>et</strong></span> <span class='ocrx_word' id='word_1_430' title='bbox 1241 4754 1317 4803; x_wconf 92' lang='lat' dir='ltr'><strong>non</strong></span> <span class='ocrx_word' id='word_1_431' title='bbox 1334 4743 1431 4803; x_wconf 89' lang='lat' dir='ltr'><strong>sunt.</strong></span> <span class='ocrx_word' id='word_1_432' title='bbox 1446 4756 1465 4798; x_wconf 79' lang='lat' dir='ltr'><strong>s</strong></span> <span class='ocrx_word' id='word_1_433' title='bbox 1479 4730 1549 4817; x_wconf 90' lang='lat' dir='ltr'><strong>Qni</strong></span> <span class='ocrx_word' id='word_1_434' title='bbox 1568 4750 1652 4802; x_wconf 84' lang='lat' dir='ltr'><strong>vere</strong></span> <span class='ocrx_word' id='word_1_435' title='bbox 1663 4727 1806 4813; x_wconf 64' lang='lat' dir='ltr'><strong>ludens</strong></span> 
     </span>
    </p>
   </div>
   <div class='ocr_carea' id='block_1_4' title="bbox 151 4951 1806 5197">
    <p class='ocr_par' dir='ltr' id='par_1_8' title="bbox 151 4951 1806 5197">
     <span class='ocr_line' id='line_1_37' title="bbox 191 4951 1806 5026; baseline -0.007 -11"><span class='ocrx_word' id='word_1_436' title='bbox 191 4977 199 5003; x_wconf 89' lang='lat'>¹</span> <span class='ocrx_word' id='word_1_437' title='bbox 213 4967 328 5021; x_wconf 68' lang='lat' dir='ltr'><strong>mie.</strong></span> <span class='ocrx_word' id='word_1_438' title='bbox 341 4975 414 5026; x_wconf 73' lang='lat' dir='ltr'><strong>,sap</strong></span> <span class='ocrx_word' id='word_1_439' title='bbox 426 4973 487 5021; x_wconf 84' lang='lat' dir='ltr'><strong>xrn,</strong></span> <span class='ocrx_word' id='word_1_440' title='bbox 497 4974 520 5012; x_wconf 85' lang='grc' dir='ltr'><strong>ι.</strong></span> <span class='ocrx_word' id='word_1_441' title='bbox 534 4961 572 5012; x_wconf 80' lang='lat' dir='ltr'><strong>ts.</strong></span> <span class='ocrx_word' id='word_1_442' title='bbox 585 4959 726 5021; x_wconf 72' lang='lat' dir='ltr'><strong>-21bia,</strong></span> <span class='ocrx_word' id='word_1_443' title='bbox 739 4974 762 5011; x_wconf 89' lang='grc' dir='ltr'><strong>ι,</strong></span> <span class='ocrx_word' id='word_1_444' title='bbox 775 4964 790 5012; x_wconf 87' lang='lat' dir='ltr'><strong>e</strong></span> <span class='ocrx_word' id='word_1_445' title='bbox 803 4977 811 5011; x_wconf 79' lang='lat' dir='ltr'><strong>a</strong></span> <span class='ocrx_word' id='word_1_446' title='bbox 824 4978 837 5007; x_wconf 82' lang='grc' dir='ltr'>ι</span> <span class='ocrx_word' id='word_1_447' title='bbox 849 4959 930 5010; x_wconf 88' lang='lat' dir='ltr'><strong>llomo</strong></span> <span class='ocrx_word' id='word_1_448' title='bbox 948 4960 981 5011; x_wconf 84' lang='lat' dir='ltr'><strong>de</strong></span> <span class='ocrx_word' id='word_1_449' title='bbox 1034 4959 1182 5010; x_wconf 77' lang='lat' dir='ltr'><strong>tabernaculi</strong></span> <span class='ocrx_word' id='word_1_450' title='bbox 1202 4959 1334 5008; x_wconf 64' lang='lat' dir='ltr'><strong>momenti</strong></span> <span class='ocrx_word' id='word_1_451' title='bbox 1357 4970 1407 5008; x_wconf 90' lang='lat' dir='ltr'><strong>non</strong></span> <span class='ocrx_word' id='word_1_452' title='bbox 1427 4957 1557 5007; x_wconf 80' lang='lat' dir='ltr'><strong>adduxerit</strong></span> <span class='ocrx_word' id='word_1_453' title='bbox 1575 4968 1628 5005; x_wconf 82' lang='lat' dir='ltr'><strong>eam</strong></span> <span class='ocrx_word' id='word_1_454' title='bbox 1647 4960 1676 5004; x_wconf 87' lang='lat' dir='ltr'><strong>nt</strong></span> <span class='ocrx_word' id='word_1_455' title='bbox 1689 4951 1806 5005; x_wconf 76' lang='lat' dir='ltr'><strong>otientur</strong></span> 
     </span>
     <span class='ocr_line' id='line_1_38' title="bbox 152 5033 1801 5105; baseline -0.007 -12"><span class='ocrx_word' id='word_1_456' title='bbox 152 5053 246 5105; x_wconf 69' lang='lat' dir='ltr'><strong>m</strong></span> <span class='ocrx_word' id='word_1_457' title='bbox 266 5042 370 5098; x_wconf 73' lang='lat' dir='ltr'><strong>lmet</strong></span> <span class='ocrx_word' id='word_1_458' title='bbox 381 5049 408 5092; x_wconf 87' lang='lat' dir='ltr'><strong>et</strong></span> <span class='ocrx_word' id='word_1_459' title='bbox 423 5043 455 5091; x_wconf 81' lang='lat' dir='ltr'><strong>de</strong></span> <span class='ocrx_word' id='word_1_460' title='bbox 471 5041 571 5093; x_wconf 81' lang='lat' dir='ltr'><strong>atrants</strong></span> <span class='ocrx_word' id='word_1_461' title='bbox 585 5041 629 5103; x_wconf 77' lang='lat' dir='ltr'><strong>unt</strong></span> <span class='ocrx_word' id='word_1_462' title='bbox 644 5041 831 5104; x_wconf 56' lang='lat' dir='ltr'><strong>unguuntur</strong></span> <span class='ocrx_word' id='word_1_463' title='bbox 846 5041 913 5104; x_wconf 78' lang='lat' dir='ltr'><strong>apud</strong></span> <span class='ocrx_word' id='word_1_464' title='bbox 927 5050 981 5104; x_wconf 83' lang='lat' dir='ltr'><strong>ros,</strong></span> <span class='ocrx_word' id='word_1_465' title='bbox 1034 5038 1149 5099; x_wconf 66' lang='lat' dir='ltr'><strong>Domine</strong></span> <span class='ocrx_word' id='word_1_466' title='bbox 1161 5039 1273 5089; x_wconf 77' lang='lat' dir='ltr'><strong>totertbtt</strong></span> <span class='ocrx_word' id='word_1_467' title='bbox 1288 5038 1321 5088; x_wconf 83' lang='lat' dir='ltr'><strong>(te</strong></span> <span class='ocrx_word' id='word_1_468' title='bbox 1332 5038 1424 5099; x_wconf 77' lang='lat' dir='ltr'><strong>peneto</strong></span> <span class='ocrx_word' id='word_1_469' title='bbox 1435 5048 1489 5087; x_wconf 82' lang='lat' dir='ltr'><strong>nro.</strong></span> <span class='ocrx_word' id='word_1_470' title='bbox 1499 5053 1514 5082; x_wconf 68' lang='grc' dir='ltr'>ι</span> <span class='ocrx_word' id='word_1_471' title='bbox 1527 5056 1556 5073; x_wconf 85' lang='lat'><strong>-—</strong></span> <span class='ocrx_word' id='word_1_472' title='bbox 1568 5033 1659 5095; x_wconf 51' lang='lat' dir='ltr'><strong>’Lam</strong></span> <span class='ocrx_word' id='word_1_473' title='bbox 1671 5045 1727 5095; x_wconf 74' lang='lat' dir='ltr'><strong>esp.</strong></span> <span class='ocrx_word' id='word_1_474' title='bbox 1740 5043 1801 5095; x_wconf 78' lang='lat' dir='ltr'><strong>aru,</strong></span> 
     </span>
     <span class='ocr_line' id='line_1_39' title="bbox 151 5119 1466 5197; baseline -0.009 -18"><span class='ocrx_word' id='word_1_475' title='bbox 151 5137 199 5197; x_wconf 73' lang='lat' dir='ltr'><strong>qus</strong></span> <span class='ocrx_word' id='word_1_476' title='bbox 218 5123 380 5183; x_wconf 67' lang='lat' dir='ltr'><strong>candent</strong></span> <span class='ocrx_word' id='word_1_477' title='bbox 396 5122 565 5173; x_wconf 69' lang='lat' dir='ltr'><strong>tonantum</strong></span> <span class='ocrx_word' id='word_1_478' title='bbox 582 5123 634 5175; x_wconf 81' lang='lat' dir='ltr'><strong>slve</strong></span> <span class='ocrx_word' id='word_1_479' title='bbox 647 5124 785 5185; x_wconf 79' lang='lat' dir='ltr'><strong>nettnan,</strong></span> <span class='ocrx_word' id='word_1_480' title='bbox 798 5127 823 5173; x_wconf 83' lang='lat' dir='ltr'><strong>et</strong></span> <span class='ocrx_word' id='word_1_481' title='bbox 840 5122 872 5174; x_wconf 81' lang='lat' dir='ltr'><strong>ad</strong></span> <span class='ocrx_word' id='word_1_482' title='bbox 890 5122 980 5173; x_wconf 72' lang='lat' dir='ltr'><strong>mann</strong></span> <span class='ocrx_word' id='word_1_483' title='bbox 1034 5130 1057 5169; x_wconf 81' lang='lat' dir='ltr'><strong>r.</strong></span> <span class='ocrx_word' id='word_1_484' title='bbox 1071 5121 1275 5183; x_wconf 75' lang='lat' dir='ltr'><strong>rt.-⁴apoe.‚</strong></span> <span class='ocrx_word' id='word_1_485' title='bbox 1288 5130 1344 5182; x_wconf 79' lang='lat' dir='ltr'><strong>erp.</strong></span> <span class='ocrx_word' id='word_1_486' title='bbox 1356 5129 1394 5177; x_wconf 80' lang='grc' dir='ltr'>ιιι,</span> <span class='ocrx_word' id='word_1_487' title='bbox 1406 5130 1428 5167; x_wconf 83' lang='lat' dir='ltr'><strong>r.</strong></span> <span class='ocrx_word' id='word_1_488' title='bbox 1442 5119 1466 5168; x_wconf 82' lang='grc'><strong>9.</strong></span> 
     </span>
    </p>
   </div>
   <div class='ocr_carea' id='block_1_5' title="bbox 0 0 2284 6100">
    <p class='ocr_par' dir='ltr' id='par_1_9' title="bbox 0 0 2284 6100">
     <span class='ocr_line' id='line_1_40' title="bbox 0 0 2284 6100; baseline 0 3"><span class='ocrx_word' id='word_1_489' title='bbox 0 0 2284 6100; x_wconf 95' lang='lat' dir='ltr'><strong> </strong></span> 
     </span>
    </p>
   </div>
  </div>
 </body>
</html>
