4559 6100
1211 9 1215 20 .
1242 0 1273 12 -·
1296 0 1301 6 -
1332 0 1364 37 ‹,
1427 26 1437 43 ‚

512 119 686 212 peracerba
710 117 880 186 ridebatur
902 120 1035 206 injuria,
1057 120 1198 210 reperire
1226 120 1365 209 aliquem
1390 120 1446 210 qui
1466 120 1536 210 pari
1558 117 1768 210 responderet
1787 115 1959 208 protervia.
1984 113 2130 179 Possem

513 230 618 320 aliqua
642 230 682 297 de
707 233 800 323 nugis
821 232 883 296 tuis
899 231 976 296 huic
995 229 1150 322 opusculo
1172 254 1213 297 ex
1237 232 1367 298 testium
1382 230 1600 321 probabilium
1623 229 1845 320 astipulatione
1872 228 2039 307 inserere,
2070 224 2131 290 sed

513 373 627 416 vereor
655 351 804 441 paginam
829 348 906 415 foedi
930 350 1104 416 commenti
1125 350 1368 440 interpositione
1392 351 1590 441 interpolari.
1615 353 1765 418 Ceterum
1788 348 1909 413 cunctis
1934 361 2018 410 nota
2044 360 2131 410 teste

513 491 580 533 non
607 469 765 561 indigent.
791 471 888 535 Illum
913 470 1021 559 itaque
1043 467 1285 535 commentandi
1312 487 1345 535 et
1364 469 1508 561 nugandi
1534 494 1627 536 usum
1650 468 1692 535 ad
1717 468 1861 535 divinum
1885 488 1971 555 saepe
1996 466 2127 528 insuu-

512 603 657 653 mentum
678 589 826 673 accersis;
851 606 883 654 et
908 605 1052 655 astruunt
1068 590 1207 679 imperiti
1232 590 1424 680 gravitaret
1449 588 1612 680 granditer
1637 588 1776 670 dictum,
1803 584 1894 676 quod
1918 584 2073 649 ubertim
2094 602 2127 649 et

513 705 702 796 eloquenter
721 708 840 775 effutis.
865 706 929 774 Sed
950 732 1017 773 non
1036 710 1082 775 sic
1102 732 1170 775 esse
1187 709 1270 774 ratio
1286 708 1462 774 necessaria
1482 709 1655 775 convincit.
1677 707 1874 795 Frequenter
1891 704 1983 795 enim
2002 703 2126 768 veritas

512 825 656 894 absolute
676 845 709 893 et
724 829 854 919 illepide
869 828 1044 919 profertur,
1060 846 1093 895 et
1108 829 1227 895 falsitas
1242 827 1418 919 plausibilis
1435 827 1555 918 eloquii
1572 830 1724 894 comitate
1739 823 2000 892 commendatur.
2019 825 2124 888 Simi-

511 945 619 1034 lesque
639 964 729 1030 snut,
757 963 793 1013 ut
812 950 857 1015 ait
876 948 1090 1040 Augustinus,
1108 946 1291 1038 simplicitas
1308 946 1437 1013 dicendi
1458 962 1492 1012 et
1509 945 1692 1036 eloquentia
1713 946 1795 1011 vasis
1815 944 1985 1010 misticanis
2005 959 2043 1008 et
2063 968 2124 1009 ur·

510 1062 603 1130 banis
620 1089 627 1131 :
646 1065 763 1131 falsitas
779 1089 856 1132 vero
869 1083 903 1131 et
918 1066 1046 1148 veritas,
1060 1066 1188 1131 ferculis
1204 1065 1319 1131 vilibus
1334 1081 1368 1131 et
1377 1066 1541 1155 preciosis.
1556 1066 1700 1155 Utraque
1712 1079 1820 1129 autem
1836 1061 1955 1128 fercula
1973 1064 2122 1152 utrisque

511 1196 643 1267 possunt
657 1181 739 1246 rasis
755 1180 938 1245 ministrari.
952 1179 1065 1269 Neque
1080 1180 1144 1244 hoc
1160 1178 1235 1245 ideo
1253 1179 1403 1263 dixerim,
1422 1196 1458 1244 ut
1471 1196 1502 1246 te
1519 1179 1696 1245 notabilem
1714 1195 1747 1244 et
1762 1193 1943 1268 suspectum
1958 1174 2118 1258 reddam;

510 1297 568 1362 sed
584 1314 620 1363 ut
634 1300 801 1366 veritatem
823 1298 941 1363 nonin
959 1298 1104 1362 omnium
1128 1297 1281 1363 facundia
1302 1306 1370 1363 esse
1390 1296 1574 1387 simpliciter
1594 1314 1746 1362 astruam.
1764 1294 1829 1362 Sed
1841 1318 1936 1385 super
1951 1295 2019 1359 boc
2035 1294 2120 1359 bac·

510 1431 630 1482 tenus:
657 1415 699 1482 ad
727 1415 849 1506 reliqua
874 1417 981 1506 potius
1004 1432 1214 1483 transeamus.
1243 1415 1441 1482 Iamdudum
1465 1415 1687 1481 sanctitudinis
1714 1431 1778 1480 tuae
1804 1413 1941 1479 odorem
1966 1413 2034 1478 ales
2061 1436 2118 1503 per

511 1535 624 1601 orbem
653 1535 739 1601 fama
766 1536 929 1626 dispersit,
957 1536 1183 1626 praeconizavit
1208 1538 1339 1619 merita,
1367 1535 1521 1601 miracula
1546 1534 1745 1601 declamavit.
1772 1531 1891 1598 Felicia
1911 1529 2118 1619 jactabamus

511 1652 666 1719 moderna
688 1654 795 1721 secula
817 1671 884 1720 tam
905 1656 1028 1721 corusci
1046 1653 1158 1720 sideris
1179 1672 1345 1722 venustata
1365 1657 1487 1736 nitore,
1509 1653 1730 1742 mundumque
1746 1655 1814 1740 jam
1835 1649 1980 1717 debitum
2003 1652 2118 1741 perdi·

510 1772 591 1839 tioni
612 1775 676 1841 tuis
695 1775 818 1856 meritis
839 1773 1008 1866 subsistere
1031 1774 1236 1865 putabamus.
1264 1774 1477 1866 Sperabamus
1498 1776 1531 1840 in
1551 1774 1671 1865 lingue
1692 1789 1756 1840 tuae
1774 1770 1906 1837 arbitrio
1927 1770 2000 1835 coeli
2020 1770 2117 1835 sitam

509 1890 729 1973 clementiam,
748 1894 829 1959 seris
850 1894 1050 1984 temperiem,
1075 1893 1257 1960 ubertatem
1277 1910 1389 1976 terre,
1411 1895 1573 1959 fructuum
1594 1892 1867 1958 benedictionem.
1890 1891 1995 1978 Caput
2021 1905 2116 1955 tuum

509 2012 610 2077 nubes
625 2012 791 2103 tangebat.
804 2014 846 2077 Et
856 2014 946 2098 juxta
961 2013 1091 2105 vulgare
1107 2014 1326 2103 proverbium,
1344 2015 1427 2079 rami
1444 2014 1490 2078 tui
1512 2012 1641 2078 umbras
1653 2010 1814 2076 montium
1829 2007 2112 2073 transcendebant.

508 2131 560 2197 Sic
575 2129 632 2195 diu
642 2132 760 2213 uixisti,
776 2132 820 2197 sic
833 2132 1009 2198 Ecclesiam
1024 2136 1116 2224 castis
1131 2134 1383 2200 institutionibus
1399 2133 1595 2215 informasti,
1616 2147 1653 2197 ut
1664 2130 1706 2197 ad
1722 2129 1916 2196 semicinctia
1935 2145 1990 2194 tua
2005 2130 2114 2219 rugire

512 2247 677 2314 daemones
693 2265 943 2332 autumaremus,
959 2268 992 2316 et
1005 2251 1152 2317 beatulos
1167 2275 1227 2317 nos
1241 2269 1331 2319 tanto
1347 2252 1557 2343 gloriaremur
1572 2268 1722 2343 patrono.

552 2366 669 2450 Nunc,
687 2368 770 2457 proh
787 2366 899 2433 dolor!
917 2346 1022 2460 palnit
1036 2367 1126 2458 quod
1148 2370 1283 2453 latebat,
1300 2386 1334 2437 et
1350 2371 1474 2437 colubri
1489 2372 1631 2461 soporati
1647 2369 1780 2436 tandem
1797 2369 1926 2435 aculeos
1941 2370 2110 2433 suscitasti.

507 2487 639 2552 Omissis
652 2488 814 2571 omnibus,
832 2488 965 2555 Petrum
980 2488 1187 2555 Abaelardum
1202 2492 1292 2581 quasi
1307 2488 1488 2582 signumad
1503 2491 1651 2582 sagittam
1666 2490 1810 2579 posuisti,
1824 2490 1859 2552 in
1874 2511 1972 2578 quem
1985 2487 2113 2553 acerbi-

507 2605 580 2675 tatis
596 2622 661 2675 tuae
676 2607 762 2673 virus
785 2612 969 2691 eromer'es,
988 2632 1086 2701 quem
1102 2609 1144 2677 de
1160 2627 1244 2678 terra
1266 2612 1440 2678 viventium
1455 2608 1603 2692 tolleres,
1626 2632 1724 2698 quem
1741 2610 1985 2674 intermortuos
2005 2606 2113 2673 collo·

507 2749 607 2792 cares.
630 2728 812 2819 Corrogatis
828 2728 1052 2819 undecumque
1068 2731 1235 2820 Episcopis
1256 2753 1331 2796 eum
1352 2732 1387 2795 in
1407 2731 1584 2797 Senonensi
1601 2730 1744 2796 Concilio
1767 2729 1945 2795 hereticum
1967 2751 2115 2818 pronun-

507 2846 616 2928 cies,
640 2845 682 2911 ab
703 2864 795 2913 uteru
818 2830 1099 2914 massanensis
1121 2850 1210 2915 velut
1232 2851 1383 2916 aborsum
1398 2849 1581 2941 preesse.
1604 2851 1643 2915 In
1662 2851 1714 2916 vu
1730 2849 1845 2914 essse
1868 2846 2111 2931 ansonem,

507 2973 660 3057 tanquam
688 2967 818 3033 sicarius
843 2967 884 3034 de
912 2969 1038 3035 occulto
1066 2968 1231 3061 prodiens,
1260 2971 1369 3036 tunica
1397 2969 1582 3036 inconsutili
1610 2969 1763 3061 spoliasti.
1793 2969 2045 3035 Concionaban's
2068 2969 2113 3035 ad

508 3087 681 3176 populum,
708 3103 745 3152 ut
770 3090 952 3155 orationem
978 3089 1130 3156 firnderet
1153 3090 1196 3156 ad
1218 3092 1323 3156 Deum
1347 3115 1407 3182 pro
1433 3114 1502 3158 eo:
1527 3091 1660 3156 interius
1685 3106 1792 3157 antem
1817 3088 2010 3179 disponebas
2037 3112 2112 3155 eum

508 3206 775 3293 proscribendum
798 3207 840 3273 ab
861 3209 940 3275 orbe
962 3209 1154 3276 Christiano.
1173 3209 1262 3295 Quid
1281 3210 1394 3303 vulgus
1416 3209 1555 3277 faceret?
1575 3207 1655 3298 quid
1673 3208 1785 3300 vulgus
1809 3225 1932 3292 oraret,
1955 3232 2031 3274 cum
2053 3233 2111 3298 pro

507 3343 573 3410 quo
595 3337 678 3389 esset
698 3325 859 3392 orandum
879 3328 1035 3393 nesciret?
1050 3331 1101 3395 Tu
1116 3329 1165 3394 vir
1180 3331 1260 3412 Dei,
1279 3332 1335 3420 qui
1355 3330 1508 3396 miracula
1529 3328 1660 3412 feceras,
1683 3330 1738 3418 qui
1760 3327 1802 3394 ad
1816 3328 1918 3418 pedes
1937 3329 2013 3393 Jesu
2036 3351 2111 3393 cum

506 3439 609 3505 Maria
636 3440 789 3523 sedebas,
816 3446 871 3533 qui
896 3447 1108 3513 conservabas
1135 3451 1247 3515 omnia
1270 3451 1370 3515 verba
1394 3451 1462 3516 baec
1488 3450 1523 3513 in
1549 3447 1649 3514 corde
1675 3462 1751 3531 tuo,
1779 3449 1985 3537 purissimum
2011 3469 2110 3512 sacrm

508 3564 756 3661 orationisthns
778 3590 888 3634 coram
910 3572 1054 3659 supernis
1075 3564 1247 3638 'obtutibus
1271 3573 1401 3640 adolere
1426 3571 1579 3656 deberes,
1604 3587 1641 3636 ut
1661 3594 1734 3637 reus
1756 3571 1869 3637 Petrus
1890 3572 2108 3662 resipisceret,

508 3699 541 3749 et
564 3684 634 3752 talis
651 3671 831 3752 efficeretur
850 3706 948 3776 quem
967 3688 1056 3754 nulla
1080 3692 1217 3781 suspicio
1237 3692 1431 3782 inquinaret.
1451 3692 1516 3758 Sed
1535 3691 1668 3757 forsitan
1691 3690 1833 3757 malebas
1853 3691 1968 3772 talem,
1987 3692 2021 3755 io
2045 3713 2110 3780 quo

506 3805 761 3893 reprehensionis
783 3803 936 3872 idoneam
963 3808 1188 3876 nanciscereris
1213 3812 1426 3878 occasionem.
1451 3811 1597 3902 Denique
1623 3827 1698 3903 post
1723 3808 1897 3902 prandium
1924 3809 2037 3875 allatus
2061 3825 2108 3874 est

506 3918 588 3987 liber
603 3921 705 4003 Petri,
730 3942 763 3989 et
782 3926 912 3992 cuidam
928 3944 1124 4021 praeceptum
1142 3947 1241 3997 estut
1261 3955 1342 3998 voce
1358 3931 1498 3997 clamosa
1513 3931 1601 3996 Petri
1621 3929 1772 4021 opuscula
1789 3945 1988 4019 personaret.
2006 3930 2050 3992 At
2059 3925 2111 3991 ille

454 4058 460 4071 ·
507 4056 540 4107 et
559 4042 647 4108 Petn'
662 4041 739 4108 odio
757 4044 928 4126 animatus,
946 4049 1063 4110 atritis
1082 4052 1226 4137 germine
1242 4053 1409 4145 irrigatus;
1432 4076 1500 4118 non
1519 4051 1602 4115 illius
1619 4050 1676 4140 qui
1695 4047 1791 4115 dixit¹
1813 4071 1821 4114 :
1841 4079 1854 4104 ι
1869 4049 1938 4138 Ego
1954 4069 2025 4112 sum
2040 4045 2111 4110 vitis

506 4183 629 4243 vera,»
655 4160 713 4230 sed
736 4160 821 4227 illius
843 4162 899 4252 qui
921 4164 1137 4255 patriarcham
1171 4165 1296 4233 nudum
1321 4170 1431 4234 stravit
1453 4170 1487 4233 in
1512 4189 1604 4249 area,
1629 4167 1776 4232 sonorius
1798 4190 1896 4256 quam
1919 4165 2111 4257 posnrlatsrm

507 4280 611 4347 fuerat
630 4281 831 4349 exclamarit.
849 4283 926 4349 Post
949 4283 1055 4374 aliqua
1074 4285 1241 4376 pontifices
1266 4288 1436 4372 insultare,
1454 4286 1572 4380 pedem
1591 4286 1668 4379 pedi
1688 4285 1881 4377 applodere,
1906 4286 2026 4369 ridere,
2044 4309 2109 4351 nu·

536 4548 630 4613 uum,
643 4563 786 4615 ctp.1v,v.
802 4554 824 4603 l.

2235 1732 2238 1869 l
