<?xml version="1.0" encoding="UTF-8"?>
<!DOCTYPE html PUBLIC "-//W3C//DTD XHTML 1.0 Transitional//EN"
    "http://www.w3.org/TR/xhtml1/DTD/xhtml1-transitional.dtd">
<html xmlns="http://www.w3.org/1999/xhtml" xml:lang="en" lang="en">
 <head>
  <title>
</title>
<meta http-equiv="Content-Type" content="text/html;charset=utf-8" />
  <meta name='ocr-system' content='tesseract 3.04.00' />
  <meta name='ocr-capabilities' content='ocr_page ocr_carea ocr_par ocr_line ocrx_word'/>
</head>
<body>
  <div class='ocr_page' id='page_1' title='image "./petriablardiope00despgoog_0648.png"; bbox 0 0 4559 6100; ppageno 0'>
   <div class='ocr_carea' id='block_1_1' title="bbox 479 518 1470 597">
    <p class='ocr_par' dir='ltr' id='par_1_1' title="bbox 479 518 1470 597">
     <span class='ocr_line' id='line_1_1' title="bbox 479 518 1470 597; baseline -0.004 -2"><span class='ocrx_word' id='word_1_1' title='bbox 479 525 549 597; x_wconf 85' lang='lat'>59⁰</span> <span class='ocrx_word' id='word_1_2' title='bbox 1081 518 1209 590; x_wconf 77' lang='lat' dir='ltr'>Pli‘l&#39;lll</span> <span class='ocrx_word' id='word_1_3' title='bbox 1235 518 1470 592; x_wconf 76' lang='lat' dir='ltr'><strong>ABAELARDI</strong></span> 
     </span>
    </p>
   </div>
   <div class='ocr_carea' id='block_1_2' title="bbox 474 667 2077 2030">
    <p class='ocr_par' dir='ltr' id='par_1_2' title="bbox 474 667 2077 2030">
     <span class='ocr_line' id='line_1_2' title="bbox 477 667 2075 765; baseline 0 -27"><span class='ocrx_word' id='word_1_4' title='bbox 477 672 614 765; x_wconf 81' lang='lat' dir='ltr'>gemitus</span> <span class='ocrx_word' id='word_1_5' title='bbox 626 686 675 736; x_wconf 86' lang='lat' dir='ltr'>est</span> <span class='ocrx_word' id='word_1_6' title='bbox 691 669 769 734; x_wconf 93' lang='lat' dir='ltr'>dum</span> <span class='ocrx_word' id='word_1_7' title='bbox 786 685 937 759; x_wconf 90' lang='lat' dir='ltr'>peccator</span> <span class='ocrx_word' id='word_1_8' title='bbox 953 667 994 734; x_wconf 94' lang='lat' dir='ltr'>de</span> <span class='ocrx_word' id='word_1_9' title='bbox 1010 670 1148 758; x_wconf 88' lang='lat' dir='ltr'>peccatis</span> <span class='ocrx_word' id='word_1_10' title='bbox 1163 669 1227 733; x_wconf 88' lang='lat' dir='ltr'>suis</span> <span class='ocrx_word' id='word_1_11' title='bbox 1243 667 1332 734; x_wconf 92' lang='lat' dir='ltr'>dolet</span> <span class='ocrx_word' id='word_1_12' title='bbox 1346 686 1379 734; x_wconf 89' lang='lat' dir='ltr'>et</span> <span class='ocrx_word' id='word_1_13' title='bbox 1393 669 1526 734; x_wconf 90' lang='lat' dir='ltr'>interius</span> <span class='ocrx_word' id='word_1_14' title='bbox 1542 669 1701 752; x_wconf 86' lang='lat' dir='ltr'>turbatur,</span> <span class='ocrx_word' id='word_1_15' title='bbox 1719 670 1809 761; x_wconf 89' lang='lat' dir='ltr'>quod</span> <span class='ocrx_word' id='word_1_16' title='bbox 1824 689 1883 754; x_wconf 90' lang='lat' dir='ltr'>est,</span> <span class='ocrx_word' id='word_1_17' title='bbox 1901 671 1981 737; x_wconf 93' lang='lat' dir='ltr'>dum</span> <span class='ocrx_word' id='word_1_18' title='bbox 1994 697 2075 764; x_wconf 89' lang='lat' dir='ltr'>pec·</span> 
     </span>
     <span class='ocr_line' id='line_1_3' title="bbox 478 766 2077 859; baseline 0 -23"><span class='ocrx_word' id='word_1_19' title='bbox 478 787 585 836; x_wconf 91' lang='lat' dir='ltr'>catum</span> <span class='ocrx_word' id='word_1_20' title='bbox 609 786 642 835; x_wconf 93' lang='lat' dir='ltr'>et</span> <span class='ocrx_word' id='word_1_21' title='bbox 663 769 812 857; x_wconf 88' lang='lat' dir='ltr'>iniquitas</span> <span class='ocrx_word' id='word_1_22' title='bbox 837 767 996 856; x_wconf 87' lang='lat' dir='ltr'>displicet,</span> <span class='ocrx_word' id='word_1_23' title='bbox 1026 790 1094 831; x_wconf 91' lang='lat' dir='ltr'>non</span> <span class='ocrx_word' id='word_1_24' title='bbox 1119 767 1234 831; x_wconf 91' lang='lat' dir='ltr'>timore</span> <span class='ocrx_word' id='word_1_25' title='bbox 1259 790 1374 856; x_wconf 86' lang='lat' dir='ltr'>poenae,</span> <span class='ocrx_word' id='word_1_26' title='bbox 1393 766 1451 833; x_wconf 92' lang='lat' dir='ltr'>sed</span> <span class='ocrx_word' id='word_1_27' title='bbox 1476 790 1585 831; x_wconf 91' lang='lat' dir='ltr'>amore</span> <span class='ocrx_word' id='word_1_28' title='bbox 1603 769 1753 853; x_wconf 80' lang='lat' dir='ltr'>justitiae3</span> <span class='ocrx_word' id='word_1_29' title='bbox 1779 769 1921 859; x_wconf 89' lang='lat' dir='ltr'>alioquin</span> <span class='ocrx_word' id='word_1_30' title='bbox 1936 794 2004 836; x_wconf 90' lang='lat' dir='ltr'>non</span> <span class='ocrx_word' id='word_1_31' title='bbox 2028 789 2077 837; x_wconf 88' lang='lat' dir='ltr'>est</span> 
     </span>
     <span class='ocr_line' id='line_1_4' title="bbox 477 864 2075 945; baseline -0.001 -11"><span class='ocrx_word' id='word_1_32' title='bbox 477 867 584 934; x_wconf 89' lang='lat' dir='ltr'>cordis</span> <span class='ocrx_word' id='word_1_33' title='bbox 601 867 750 932; x_wconf 88' lang='lat' dir='ltr'>contritio</span> <span class='ocrx_word' id='word_1_34' title='bbox 767 865 809 930; x_wconf 90' lang='lat' dir='ltr'>ad</span> <span class='ocrx_word' id='word_1_35' title='bbox 826 865 973 945; x_wconf 89' lang='lat' dir='ltr'>salutem,</span> <span class='ocrx_word' id='word_1_36' title='bbox 991 864 1047 930; x_wconf 90' lang='lat' dir='ltr'>sed</span> <span class='ocrx_word' id='word_1_37' title='bbox 1068 864 1185 929; x_wconf 87' lang='lat' dir='ltr'>mentis</span> <span class='ocrx_word' id='word_1_38' title='bbox 1200 865 1414 930; x_wconf 75' lang='lat' dir='ltr'><strong>consternatio</strong></span> <span class='ocrx_word' id='word_1_39' title='bbox 1431 865 1474 931; x_wconf 88' lang='lat' dir='ltr'>ad</span> <span class='ocrx_word' id='word_1_40' title='bbox 1489 864 1742 932; x_wconf 82' lang='lat' dir='ltr'>damnationem.</span> <span class='ocrx_word' id='word_1_41' title='bbox 1761 868 1812 933; x_wconf 89' lang='lat' dir='ltr'>Sic</span> <span class='ocrx_word' id='word_1_42' title='bbox 1834 868 1921 933; x_wconf 90' lang='lat' dir='ltr'>enim</span> <span class='ocrx_word' id='word_1_43' title='bbox 1942 884 1977 933; x_wconf 91' lang='lat' dir='ltr'>et</span> <span class='ocrx_word' id='word_1_44' title='bbox 1996 869 2075 934; x_wconf 89' lang='lat' dir='ltr'>mali</span> 
     </span>
     <span class='ocr_line' id='line_1_5' title="bbox 478 961 2076 1053; baseline 0 -23"><span class='ocrx_word' id='word_1_45' title='bbox 478 968 512 1030; x_wconf 92' lang='lat' dir='ltr'>in</span> <span class='ocrx_word' id='word_1_46' title='bbox 536 966 644 1029; x_wconf 85' lang='lat' dir='ltr'>futuro</span> <span class='ocrx_word' id='word_1_47' title='bbox 660 963 833 1043; x_wconf 91' lang='lat' dir='ltr'>dolebunt,</span> <span class='ocrx_word' id='word_1_48' title='bbox 854 986 920 1028; x_wconf 93' lang='lat' dir='ltr'>non</span> <span class='ocrx_word' id='word_1_49' title='bbox 940 963 981 1028; x_wconf 89' lang='lat' dir='ltr'>de</span> <span class='ocrx_word' id='word_1_50' title='bbox 996 977 1129 1053; x_wconf 91' lang='lat' dir='ltr'>peccato</span> <span class='ocrx_word' id='word_1_51' title='bbox 1150 985 1214 1049; x_wconf 85' lang='lat' dir='ltr'>quo</span> <span class='ocrx_word' id='word_1_52' title='bbox 1230 963 1335 1027; x_wconf 92' lang='lat' dir='ltr'>Deum</span> <span class='ocrx_word' id='word_1_53' title='bbox 1356 961 1580 1044; x_wconf 78' lang='lat' dir='ltr'>offenderunt,</span> <span class='ocrx_word' id='word_1_54' title='bbox 1598 963 1656 1028; x_wconf 92' lang='lat' dir='ltr'>sed</span> <span class='ocrx_word' id='word_1_55' title='bbox 1672 964 1714 1029; x_wconf 95' lang='lat' dir='ltr'>de</span> <span class='ocrx_word' id='word_1_56' title='bbox 1729 966 1809 1047; x_wconf 89' lang='lat' dir='ltr'>hoc,</span> <span class='ocrx_word' id='word_1_57' title='bbox 1832 964 1922 1053; x_wconf 90' lang='lat' dir='ltr'>quod</span> <span class='ocrx_word' id='word_1_58' title='bbox 1937 982 1986 1031; x_wconf 85' lang='lat' dir='ltr'>est</span> <span class='ocrx_word' id='word_1_59' title='bbox 1999 989 2076 1053; x_wconf 88' lang='lat' dir='ltr'>pec·</span> 
     </span>
     <span class='ocr_line' id='line_1_6' title="bbox 476 1059 2073 1154; baseline -0.001 -23"><span class='ocrx_word' id='word_1_60' title='bbox 476 1081 595 1144; x_wconf 88' lang='lat' dir='ltr'>catum,</span> <span class='ocrx_word' id='word_1_61' title='bbox 616 1063 692 1152; x_wconf 89' lang='lat' dir='ltr'>quia</span> <span class='ocrx_word' id='word_1_62' title='bbox 714 1061 791 1127; x_wconf 90' lang='lat' dir='ltr'>inde</span> <span class='ocrx_word' id='word_1_63' title='bbox 805 1061 992 1150; x_wconf 89' lang='lat' dir='ltr'>punientur.</span> <span class='ocrx_word' id='word_1_64' title='bbox 1011 1061 1075 1143; x_wconf 91' lang='lat' dir='ltr'>Qui</span> <span class='ocrx_word' id='word_1_65' title='bbox 1098 1060 1194 1149; x_wconf 89' lang='lat' dir='ltr'>igitur</span> <span class='ocrx_word' id='word_1_66' title='bbox 1208 1059 1254 1124; x_wconf 90' lang='lat' dir='ltr'>sic</span> <span class='ocrx_word' id='word_1_67' title='bbox 1268 1082 1328 1149; x_wconf 93' lang='lat' dir='ltr'>pro</span> <span class='ocrx_word' id='word_1_68' title='bbox 1344 1061 1483 1150; x_wconf 89' lang='lat' dir='ltr'>peccatis</span> <span class='ocrx_word' id='word_1_69' title='bbox 1501 1077 1652 1150; x_wconf 86' lang='lat' dir='ltr'>gemunt,</span> <span class='ocrx_word' id='word_1_70' title='bbox 1670 1085 1738 1126; x_wconf 89' lang='lat' dir='ltr'>non</span> <span class='ocrx_word' id='word_1_71' title='bbox 1753 1078 1883 1152; x_wconf 88' lang='lat' dir='ltr'>peccata</span> <span class='ocrx_word' id='word_1_72' title='bbox 1899 1064 1945 1129; x_wconf 88' lang='lat' dir='ltr'>eis</span> <span class='ocrx_word' id='word_1_73' title='bbox 1960 1063 2073 1154; x_wconf 78' lang='lat' dir='ltr'>displi-</span> 
     </span>
     <span class='ocr_line' id='line_1_7' title="bbox 476 1157 2074 1251; baseline 0.001 -26"><span class='ocrx_word' id='word_1_74' title='bbox 476 1177 550 1226; x_wconf 86' lang='lat' dir='ltr'>cent</span> <span class='ocrx_word' id='word_1_75' title='bbox 575 1176 707 1250; x_wconf 89' lang='lat' dir='ltr'>propter</span> <span class='ocrx_word' id='word_1_76' title='bbox 735 1160 847 1240; x_wconf 86' lang='lat' dir='ltr'>Deum,</span> <span class='ocrx_word' id='word_1_77' title='bbox 859 1158 917 1224; x_wconf 93' lang='lat' dir='ltr'>sed</span> <span class='ocrx_word' id='word_1_78' title='bbox 932 1174 1065 1247; x_wconf 89' lang='lat' dir='ltr'>propter</span> <span class='ocrx_word' id='word_1_79' title='bbox 1085 1180 1227 1246; x_wconf 86' lang='lat' dir='ltr'>poenam.</span> <span class='ocrx_word' id='word_1_80' title='bbox 1245 1157 1331 1222; x_wconf 88' lang='lat' dir='ltr'>Talis</span> <span class='ocrx_word' id='word_1_81' title='bbox 1356 1158 1451 1248; x_wconf 88' lang='lat' dir='ltr'>igitur</span> <span class='ocrx_word' id='word_1_82' title='bbox 1472 1158 1622 1223; x_wconf 85' lang='lat' dir='ltr'>contritio</span> <span class='ocrx_word' id='word_1_83' title='bbox 1645 1158 1763 1225; x_wconf 91' lang='lat' dir='ltr'>nullius</span> <span class='ocrx_word' id='word_1_84' title='bbox 1786 1162 1893 1225; x_wconf 89' lang='lat' dir='ltr'>meriti</span> <span class='ocrx_word' id='word_1_85' title='bbox 1915 1177 1964 1225; x_wconf 86' lang='lat' dir='ltr'>est</span> <span class='ocrx_word' id='word_1_86' title='bbox 1987 1161 2074 1251; x_wconf 88' lang='lat' dir='ltr'>apud</span> 
     </span>
     <span class='ocr_line' id='line_1_8' title="bbox 475 1253 2075 1347; baseline -0.001 -23"><span class='ocrx_word' id='word_1_87' title='bbox 475 1261 592 1325; x_wconf 91' lang='lat' dir='ltr'>Deum.</span> <span class='ocrx_word' id='word_1_88' title='bbox 618 1260 666 1323; x_wconf 92' lang='lat' dir='ltr'>De</span> <span class='ocrx_word' id='word_1_89' title='bbox 683 1280 721 1322; x_wconf 89' lang='lat' dir='ltr'>ea</span> <span class='ocrx_word' id='word_1_90' title='bbox 737 1280 829 1337; x_wconf 88' lang='lat' dir='ltr'>vero,</span> <span class='ocrx_word' id='word_1_91' title='bbox 847 1279 919 1345; x_wconf 84' lang='lat' dir='ltr'>qnae</span> <span class='ocrx_word' id='word_1_92' title='bbox 944 1255 981 1321; x_wconf 93' lang='lat' dir='ltr'>fit</span> <span class='ocrx_word' id='word_1_93' title='bbox 1001 1278 1043 1321; x_wconf 89' lang='lat' dir='ltr'>ex</span> <span class='ocrx_word' id='word_1_94' title='bbox 1064 1253 1236 1320; x_wconf 81' lang='lat' dir='ltr'>dilectione</span> <span class='ocrx_word' id='word_1_95' title='bbox 1251 1255 1325 1337; x_wconf 90' lang='lat' dir='ltr'>Dei,</span> <span class='ocrx_word' id='word_1_96' title='bbox 1345 1278 1385 1321; x_wconf 84' lang='lat' dir='ltr'>ex</span> <span class='ocrx_word' id='word_1_97' title='bbox 1401 1278 1510 1321; x_wconf 91' lang='lat' dir='ltr'>amore</span> <span class='ocrx_word' id='word_1_98' title='bbox 1525 1257 1672 1341; x_wconf 80' lang='lat' dir='ltr'>justitian,</span> <span class='ocrx_word' id='word_1_99' title='bbox 1690 1257 1811 1323; x_wconf 73' lang='lat' dir='ltr'>dimum</span> <span class='ocrx_word' id='word_1_100' title='bbox 1832 1274 1880 1323; x_wconf 89' lang='lat' dir='ltr'>est</span> <span class='ocrx_word' id='word_1_101' title='bbox 1899 1259 1996 1323; x_wconf 88' lang='lat' dir='ltr'>etiam</span> <span class='ocrx_word' id='word_1_102' title='bbox 2015 1281 2075 1347; x_wconf 90' lang='lat' dir='ltr'>per</span> 
     </span>
     <span class='ocr_line' id='line_1_9' title="bbox 474 1352 2071 1447; baseline -0.001 -26"><span class='ocrx_word' id='word_1_103' title='bbox 474 1358 664 1447; x_wconf 85' lang='lat' dir='ltr'>prophetam</span> <span class='ocrx_word' id='word_1_104' title='bbox 685 1379 692 1420; x_wconf 92' lang='lat'>:</span> <span class='ocrx_word' id='word_1_105' title='bbox 712 1357 749 1420; x_wconf 90' lang='lat' dir='ltr'>In</span> <span class='ocrx_word' id='word_1_106' title='bbox 768 1376 957 1442; x_wconf 91' lang='lat' dir='ltr'>quacunque</span> <span class='ocrx_word' id='word_1_107' title='bbox 973 1354 1054 1418; x_wconf 87' lang='lat' dir='ltr'>hora</span> <span class='ocrx_word' id='word_1_108' title='bbox 1074 1375 1246 1417; x_wconf 87' lang='lat' dir='ltr'>conversus</span> <span class='ocrx_word' id='word_1_109' title='bbox 1265 1352 1362 1418; x_wconf 85' lang='lat' dir='ltr'>fuerit</span> <span class='ocrx_word' id='word_1_110' title='bbox 1382 1371 1547 1444; x_wconf 88' lang='lat' dir='ltr'>peccator,</span> <span class='ocrx_word' id='word_1_111' title='bbox 1565 1369 1628 1419; x_wconf 91' lang='lat' dir='ltr'>etc.</span> <span class='ocrx_word' id='word_1_112' title='bbox 1646 1355 1750 1438; x_wconf 90' lang='lat' dir='ltr'>Nota,</span> <span class='ocrx_word' id='word_1_113' title='bbox 1768 1355 1858 1445; x_wconf 89' lang='lat' dir='ltr'>quod</span> <span class='ocrx_word' id='word_1_114' title='bbox 1880 1379 1949 1420; x_wconf 89' lang='lat' dir='ltr'>non</span> <span class='ocrx_word' id='word_1_115' title='bbox 1971 1356 2071 1438; x_wconf 81' lang='lat' dir='ltr'>dixit,</span> 
     </span>
     <span class='ocr_line' id='line_1_10' title="bbox 476 1449 2075 1542; baseline -0.001 -22"><span class='ocrx_word' id='word_1_116' title='bbox 476 1454 528 1520; x_wconf 92' lang='lat' dir='ltr'>die</span> <span class='ocrx_word' id='word_1_117' title='bbox 543 1454 593 1518; x_wconf 84' lang='lat' dir='ltr'>vel</span> <span class='ocrx_word' id='word_1_118' title='bbox 616 1476 726 1518; x_wconf 89' lang='lat' dir='ltr'>mense</span> <span class='ocrx_word' id='word_1_119' title='bbox 742 1452 793 1517; x_wconf 88' lang='lat' dir='ltr'>vel</span> <span class='ocrx_word' id='word_1_120' title='bbox 823 1474 922 1530; x_wconf 90' lang='lat' dir='ltr'>anno,</span> <span class='ocrx_word' id='word_1_121' title='bbox 945 1451 1019 1540; x_wconf 93' lang='lat' dir='ltr'>quia</span> <span class='ocrx_word' id='word_1_122' title='bbox 1041 1472 1115 1515; x_wconf 91' lang='lat' dir='ltr'>cum</span> <span class='ocrx_word' id='word_1_123' title='bbox 1138 1451 1210 1515; x_wconf 90' lang='lat' dir='ltr'>Deo</span> <span class='ocrx_word' id='word_1_124' title='bbox 1234 1449 1312 1513; x_wconf 92' lang='lat' dir='ltr'>nibil</span> <span class='ocrx_word' id='word_1_125' title='bbox 1332 1451 1461 1515; x_wconf 91' lang='lat' dir='ltr'>tardum</span> <span class='ocrx_word' id='word_1_126' title='bbox 1478 1452 1519 1516; x_wconf 85' lang='lat' dir='ltr'>sit</span> <span class='ocrx_word' id='word_1_127' title='bbox 1537 1450 1590 1516; x_wconf 75' lang='lat' dir='ltr'>vel</span> <span class='ocrx_word' id='word_1_128' title='bbox 1611 1452 1741 1531; x_wconf 89' lang='lat' dir='ltr'>absens,</span> <span class='ocrx_word' id='word_1_129' title='bbox 1759 1455 1948 1542; x_wconf 88' lang='lat' dir='ltr'>quantocius</span> <span class='ocrx_word' id='word_1_130' title='bbox 1963 1453 2075 1542; x_wconf 85' lang='lat' dir='ltr'>aliquis</span> 
     </span>
     <span class='ocr_line' id='line_1_11' title="bbox 474 1547 2073 1639; baseline -0.001 -23"><span class='ocrx_word' id='word_1_131' title='bbox 474 1574 549 1616; x_wconf 88' lang='lat' dir='ltr'>vere</span> <span class='ocrx_word' id='word_1_132' title='bbox 564 1552 708 1639; x_wconf 85' lang='lat' dir='ltr'>poenitet,</span> <span class='ocrx_word' id='word_1_133' title='bbox 726 1550 886 1614; x_wconf 84' lang='lat' dir='ltr'>tantocius</span> <span class='ocrx_word' id='word_1_134' title='bbox 901 1565 933 1614; x_wconf 91' lang='lat' dir='ltr'>et</span> <span class='ocrx_word' id='word_1_135' title='bbox 948 1550 1015 1638; x_wconf 88' lang='lat' dir='ltr'>ipse</span> <span class='ocrx_word' id='word_1_136' title='bbox 1026 1571 1166 1637; x_wconf 85' lang='lat' dir='ltr'>praesens</span> <span class='ocrx_word' id='word_1_137' title='bbox 1182 1547 1328 1612; x_wconf 84' lang='lat' dir='ltr'>remittit.</span> <span class='ocrx_word' id='word_1_138' title='bbox 1346 1547 1443 1614; x_wconf 89' lang='lat' dir='ltr'>Unde</span> <span class='ocrx_word' id='word_1_139' title='bbox 1459 1565 1493 1615; x_wconf 90' lang='lat' dir='ltr'>et</span> <span class='ocrx_word' id='word_1_140' title='bbox 1508 1548 1612 1613; x_wconf 89' lang='lat' dir='ltr'>David</span> <span class='ocrx_word' id='word_1_141' title='bbox 1631 1572 1640 1614; x_wconf 80' lang='lat' dir='ltr'>t</span> <span class='ocrx_word' id='word_1_142' title='bbox 1658 1550 1745 1629; x_wconf 86' lang='lat' dir='ltr'>Dixi,</span> <span class='ocrx_word' id='word_1_143' title='bbox 1762 1550 1941 1616; x_wconf 91' lang='lat' dir='ltr'>confitebor</span> <span class='ocrx_word' id='word_1_144' title='bbox 1956 1550 2073 1616; x_wconf 82' lang='lat' dir='ltr'>adver·</span> 
     </span>
     <span class='ocr_line' id='line_1_12' title="bbox 476 1645 2073 1737; baseline 0 -24"><span class='ocrx_word' id='word_1_145' title='bbox 476 1672 548 1713; x_wconf 90' lang='lat' dir='ltr'>sum</span> <span class='ocrx_word' id='word_1_146' title='bbox 564 1671 616 1713; x_wconf 93' lang='lat' dir='ltr'>me</span> <span class='ocrx_word' id='word_1_147' title='bbox 633 1649 818 1733; x_wconf 89' lang='lat' dir='ltr'>injustitiam</span> <span class='ocrx_word' id='word_1_148' title='bbox 837 1669 942 1711; x_wconf 91' lang='lat' dir='ltr'>meam</span> <span class='ocrx_word' id='word_1_149' title='bbox 956 1647 1115 1727; x_wconf 88' lang='lat' dir='ltr'>Domino,</span> <span class='ocrx_word' id='word_1_150' title='bbox 1133 1645 1168 1709; x_wconf 94' lang='lat' dir='ltr'>id</span> <span class='ocrx_word' id='word_1_151' title='bbox 1185 1661 1245 1725; x_wconf 88' lang='lat' dir='ltr'>est,</span> <span class='ocrx_word' id='word_1_152' title='bbox 1269 1645 1446 1711; x_wconf 84' lang='lat' dir='ltr'>deliberavi</span> <span class='ocrx_word' id='word_1_153' title='bbox 1463 1648 1496 1710; x_wconf 91' lang='lat' dir='ltr'>in</span> <span class='ocrx_word' id='word_1_154' title='bbox 1515 1646 1614 1711; x_wconf 87' lang='lat' dir='ltr'>eorde</span> <span class='ocrx_word' id='word_1_155' title='bbox 1629 1670 1703 1712; x_wconf 93' lang='lat' dir='ltr'>meo</span> <span class='ocrx_word' id='word_1_156' title='bbox 1726 1648 1805 1714; x_wconf 89' lang='lat' dir='ltr'>illud</span> <span class='ocrx_word' id='word_1_157' title='bbox 1822 1647 1911 1737; x_wconf 93' lang='lat' dir='ltr'>quod</span> <span class='ocrx_word' id='word_1_158' title='bbox 1926 1664 2073 1714; x_wconf 85' lang='lat' dir='ltr'>oontem-</span> 
     </span>
     <span class='ocr_line' id='line_1_13' title="bbox 478 1742 2073 1835; baseline -0.001 -24"><span class='ocrx_word' id='word_1_159' title='bbox 478 1745 586 1811; x_wconf 89' lang='lat' dir='ltr'>nendo</span> <span class='ocrx_word' id='word_1_160' title='bbox 599 1746 704 1810; x_wconf 92' lang='lat' dir='ltr'>Deum</span> <span class='ocrx_word' id='word_1_161' title='bbox 717 1746 789 1825; x_wconf 84' lang='lat' dir='ltr'>feci,</span> <span class='ocrx_word' id='word_1_162' title='bbox 803 1746 882 1808; x_wconf 83' lang='lat' dir='ltr'>milri</span> <span class='ocrx_word' id='word_1_163' title='bbox 899 1742 1067 1834; x_wconf 81' lang='lat' dir='ltr'>displicere</span> <span class='ocrx_word' id='word_1_164' title='bbox 1090 1760 1224 1833; x_wconf 88' lang='lat' dir='ltr'>propter</span> <span class='ocrx_word' id='word_1_165' title='bbox 1235 1743 1352 1808; x_wconf 86' lang='lat' dir='ltr'>Deum.</span> <span class='ocrx_word' id='word_1_166' title='bbox 1364 1744 1553 1833; x_wconf 90' lang='lat' dir='ltr'>Promptum</span> <span class='ocrx_word' id='word_1_167' title='bbox 1565 1760 1613 1809; x_wconf 92' lang='lat' dir='ltr'>est</span> <span class='ocrx_word' id='word_1_168' title='bbox 1628 1745 1724 1835; x_wconf 87' lang='lat' dir='ltr'>igitur</span> <span class='ocrx_word' id='word_1_169' title='bbox 1738 1761 1772 1811; x_wconf 91' lang='lat' dir='ltr'>et</span> <span class='ocrx_word' id='word_1_170' title='bbox 1778 1746 1979 1811; x_wconf 90' lang='lat' dir='ltr'>manifestum</span> <span class='ocrx_word' id='word_1_171' title='bbox 1986 1746 2073 1835; x_wconf 89' lang='lat' dir='ltr'>quod</span> 
     </span>
     <span class='ocr_line' id='line_1_14' title="bbox 475 1842 2073 1934; baseline -0.001 -25"><span class='ocrx_word' id='word_1_172' title='bbox 475 1867 516 1909; x_wconf 88' lang='lat' dir='ltr'>ex</span> <span class='ocrx_word' id='word_1_173' title='bbox 531 1867 596 1934; x_wconf 90' lang='lat' dir='ltr'>quo</span> <span class='ocrx_word' id='word_1_174' title='bbox 607 1844 718 1933; x_wconf 91' lang='lat' dir='ltr'>aliquis</span> <span class='ocrx_word' id='word_1_175' title='bbox 735 1866 810 1909; x_wconf 83' lang='lat' dir='ltr'>rere</span> <span class='ocrx_word' id='word_1_176' title='bbox 829 1842 870 1908; x_wconf 92' lang='lat' dir='ltr'>de</span> <span class='ocrx_word' id='word_1_177' title='bbox 886 1858 1019 1932; x_wconf 86' lang='lat' dir='ltr'>peccato</span> <span class='ocrx_word' id='word_1_178' title='bbox 1031 1843 1147 1932; x_wconf 80' lang='lat' dir='ltr'>gemit,</span> <span class='ocrx_word' id='word_1_179' title='bbox 1166 1842 1271 1931; x_wconf 91' lang='lat' dir='ltr'>ipsum</span> <span class='ocrx_word' id='word_1_180' title='bbox 1282 1842 1342 1906; x_wconf 90' lang='lat' dir='ltr'>sibi</span> <span class='ocrx_word' id='word_1_181' title='bbox 1362 1865 1380 1906; x_wconf 91' lang='lat' dir='ltr'>a</span> <span class='ocrx_word' id='word_1_182' title='bbox 1396 1843 1467 1907; x_wconf 90' lang='lat' dir='ltr'>Deo</span> <span class='ocrx_word' id='word_1_183' title='bbox 1483 1842 1697 1908; x_wconf 91' lang='lat' dir='ltr'>dimitti.Non</span> <span class='ocrx_word' id='word_1_184' title='bbox 1713 1867 1790 1909; x_wconf 82' lang='lat' dir='ltr'>vero</span> <span class='ocrx_word' id='word_1_185' title='bbox 1804 1844 1892 1909; x_wconf 89' lang='lat' dir='ltr'>aliud</span> <span class='ocrx_word' id='word_1_186' title='bbox 1908 1861 1956 1910; x_wconf 91' lang='lat' dir='ltr'>est</span> <span class='ocrx_word' id='word_1_187' title='bbox 1970 1845 2073 1909; x_wconf 87' lang='lat' dir='ltr'>Deum</span> 
     </span>
     <span class='ocr_line' id='line_1_15' title="bbox 476 1939 1673 2030; baseline 0.001 -25"><span class='ocrx_word' id='word_1_188' title='bbox 476 1957 589 2029; x_wconf 84' lang='lat' dir='ltr'>pecata</span> <span class='ocrx_word' id='word_1_189' title='bbox 599 1942 770 2019; x_wconf 83' lang='lat' dir='ltr'>dimittere,</span> <span class='ocrx_word' id='word_1_190' title='bbox 785 1963 881 2030; x_wconf 90' lang='lat' dir='ltr'>quam</span> <span class='ocrx_word' id='word_1_191' title='bbox 892 1956 1044 2005; x_wconf 71' lang='lat' dir='ltr'>eternam</span> <span class='ocrx_word' id='word_1_192' title='bbox 1055 1962 1184 2029; x_wconf 89' lang='lat' dir='ltr'>poenam</span> <span class='ocrx_word' id='word_1_193' title='bbox 1200 1962 1260 2029; x_wconf 93' lang='lat' dir='ltr'>pro</span> <span class='ocrx_word' id='word_1_194' title='bbox 1269 1939 1339 2029; x_wconf 85' lang='lat' dir='ltr'>ipso</span> <span class='ocrx_word' id='word_1_195' title='bbox 1357 1939 1501 2005; x_wconf 77' lang='lat' dir='ltr'>debitam</span> <span class='ocrx_word' id='word_1_196' title='bbox 1515 1940 1673 2006; x_wconf 83' lang='lat' dir='ltr'>relaxare.</span> 
     </span>
    </p>
   </div>
   <div class='ocr_carea' id='block_1_3' title="bbox 1071 2258 1480 2350">
    <p class='ocr_par' dir='ltr' id='par_1_3' title="bbox 1071 2258 1480 2350">
     <span class='ocr_line' id='line_1_16' title="bbox 1071 2258 1480 2350; baseline -0.007 0"><span class='ocrx_word' id='word_1_197' title='bbox 1071 2258 1253 2350; x_wconf 78' lang='lat' dir='ltr'><strong>CAPUT</strong></span> <span class='ocrx_word' id='word_1_198' title='bbox 1296 2258 1480 2349; x_wconf 83' lang='lat' dir='ltr'><strong>XXXVI.</strong></span> 
     </span>
    </p>
   </div>
   <div class='ocr_carea' id='block_1_4' title="bbox 1052 2473 1502 2554">
    <p class='ocr_par' dir='ltr' id='par_1_4' title="bbox 1052 2473 1502 2554">
     <span class='ocr_line' id='line_1_17' title="bbox 1052 2473 1502 2554; baseline -0.002 -21"><span class='ocrx_word' id='word_1_199' title='bbox 1052 2479 1098 2533; x_wconf 86' lang='lat' dir='ltr'>De</span> <span class='ocrx_word' id='word_1_200' title='bbox 1111 2473 1293 2533; x_wconf 80' lang='lat' dir='ltr'>consessione</span> <span class='ocrx_word' id='word_1_201' title='bbox 1306 2485 1502 2554; x_wconf 89' lang='lat' dir='ltr'>peccatorum.</span> 
     </span>
    </p>
   </div>
   <div class='ocr_carea' id='block_1_5' title="bbox 473 2656 2073 3047">
    <p class='ocr_par' dir='ltr' id='par_1_5' title="bbox 473 2656 2073 3047">
     <span class='ocr_line' id='line_1_18' title="bbox 520 2656 2073 2749; baseline -0.001 -21"><span class='ocrx_word' id='word_1_202' title='bbox 520 2665 568 2728; x_wconf 91' lang='lat' dir='ltr'>De</span> <span class='ocrx_word' id='word_1_203' title='bbox 585 2663 785 2728; x_wconf 82' lang='lat' dir='ltr'>consessione</span> <span class='ocrx_word' id='word_1_204' title='bbox 801 2682 929 2749; x_wconf 89' lang='lat' dir='ltr'>quoque</span> <span class='ocrx_word' id='word_1_205' title='bbox 945 2657 1125 2736; x_wconf 89' lang='lat' dir='ltr'>sciendum,</span> <span class='ocrx_word' id='word_1_206' title='bbox 1144 2657 1232 2747; x_wconf 91' lang='lat' dir='ltr'>quod</span> <span class='ocrx_word' id='word_1_207' title='bbox 1248 2656 1342 2722; x_wconf 82' lang='lat' dir='ltr'>valde</span> <span class='ocrx_word' id='word_1_208' title='bbox 1359 2674 1406 2722; x_wconf 87' lang='lat' dir='ltr'>est</span> <span class='ocrx_word' id='word_1_209' title='bbox 1422 2656 1519 2722; x_wconf 91' lang='lat' dir='ltr'>utilis.</span> <span class='ocrx_word' id='word_1_210' title='bbox 1538 2658 1590 2722; x_wconf 87' lang='lat' dir='ltr'>Ad</span> <span class='ocrx_word' id='word_1_211' title='bbox 1606 2660 1761 2744; x_wconf 88' lang='lat' dir='ltr'>majorem</span> <span class='ocrx_word' id='word_1_212' title='bbox 1777 2659 1934 2749; x_wconf 90' lang='lat' dir='ltr'>siquidem</span> <span class='ocrx_word' id='word_1_213' title='bbox 1949 2661 2073 2726; x_wconf 91' lang='lat' dir='ltr'>humili·</span> 
     </span>
     <span class='ocr_line' id='line_1_19' title="bbox 473 2753 2071 2845; baseline -0.003 -18"><span class='ocrx_word' id='word_1_214' title='bbox 473 2762 547 2827; x_wconf 89' lang='lat' dir='ltr'>tatis</span> <span class='ocrx_word' id='word_1_215' title='bbox 563 2760 794 2825; x_wconf 77' lang='lat' dir='ltr'>exhibitionem</span> <span class='ocrx_word' id='word_1_216' title='bbox 808 2757 950 2821; x_wconf 89' lang='lat' dir='ltr'>instituta</span> <span class='ocrx_word' id='word_1_217' title='bbox 967 2772 1025 2820; x_wconf 89' lang='lat' dir='ltr'>est.</span> <span class='ocrx_word' id='word_1_218' title='bbox 1045 2753 1142 2820; x_wconf 88' lang='lat' dir='ltr'>Unde</span> <span class='ocrx_word' id='word_1_219' title='bbox 1161 2780 1169 2820; x_wconf 75' lang='grc' dir='ltr'>ε</span> <span class='ocrx_word' id='word_1_220' title='bbox 1187 2753 1391 2819; x_wconf 87' lang='lat' dir='ltr'>Confitemini</span> <span class='ocrx_word' id='word_1_221' title='bbox 1408 2755 1596 2820; x_wconf 90' lang='lat' dir='ltr'>alterutrum</span> <span class='ocrx_word' id='word_1_222' title='bbox 1612 2772 1743 2845; x_wconf 88' lang='lat' dir='ltr'>peccata</span> <span class='ocrx_word' id='word_1_223' title='bbox 1758 2772 1875 2823; x_wconf 86' lang='lat' dir='ltr'>vestra.</span> <span class='ocrx_word' id='word_1_224' title='bbox 1892 2760 1974 2823; x_wconf 91' lang='lat' dir='ltr'>Cum</span> <span class='ocrx_word' id='word_1_225' title='bbox 1987 2760 2071 2825; x_wconf 88' lang='lat' dir='ltr'>enim</span> 
     </span>
     <span class='ocr_line' id='line_1_20' title="bbox 475 2851 2072 2946; baseline -0.001 -23"><span class='ocrx_word' id='word_1_226' title='bbox 475 2859 509 2923; x_wconf 93' lang='lat' dir='ltr'>in</span> <span class='ocrx_word' id='word_1_227' title='bbox 525 2881 582 2923; x_wconf 89' lang='lat' dir='ltr'>sua</span> <span class='ocrx_word' id='word_1_228' title='bbox 595 2870 752 2946; x_wconf 85' lang='lat' dir='ltr'>potestate</span> <span class='ocrx_word' id='word_1_229' title='bbox 767 2855 866 2918; x_wconf 94' lang='lat' dir='ltr'>homo</span> <span class='ocrx_word' id='word_1_230' title='bbox 881 2853 1003 2943; x_wconf 89' lang='lat' dir='ltr'>positus</span> <span class='ocrx_word' id='word_1_231' title='bbox 1020 2876 1039 2916; x_wconf 91' lang='lat' dir='ltr'>a</span> <span class='ocrx_word' id='word_1_232' title='bbox 1054 2853 1124 2917; x_wconf 90' lang='lat' dir='ltr'>Deo</span> <span class='ocrx_word' id='word_1_233' title='bbox 1143 2851 1331 2926; x_wconf 87' lang='lat' dir='ltr'>discesserit,</span> <span class='ocrx_word' id='word_1_234' title='bbox 1354 2852 1549 2916; x_wconf 84' lang='lat' dir='ltr'>conveniens</span> <span class='ocrx_word' id='word_1_235' title='bbox 1564 2870 1644 2933; x_wconf 85' lang='lat' dir='ltr'>erat,</span> <span class='ocrx_word' id='word_1_236' title='bbox 1663 2854 1791 2919; x_wconf 87' lang='lat' dir='ltr'>utidem</span> <span class='ocrx_word' id='word_1_237' title='bbox 1801 2855 1860 2919; x_wconf 93' lang='lat' dir='ltr'>sub</span> <span class='ocrx_word' id='word_1_238' title='bbox 1877 2855 1939 2920; x_wconf 90' lang='lat' dir='ltr'>alio</span> <span class='ocrx_word' id='word_1_239' title='bbox 1953 2856 2072 2945; x_wconf 90' lang='lat' dir='ltr'>positus</span> 
     </span>
     <span class='ocr_line' id='line_1_21' title="bbox 475 2947 2072 3047; baseline -0.002 -26"><span class='ocrx_word' id='word_1_240' title='bbox 475 2979 549 3021; x_wconf 90' lang='lat' dir='ltr'>cum</span> <span class='ocrx_word' id='word_1_241' title='bbox 571 2954 749 3018; x_wconf 89' lang='lat' dir='ltr'>bumilitate</span> <span class='ocrx_word' id='word_1_242' title='bbox 773 2967 806 3017; x_wconf 88' lang='lat' dir='ltr'>et</span> <span class='ocrx_word' id='word_1_243' title='bbox 822 2951 994 3016; x_wconf 87' lang='lat' dir='ltr'>devotione</span> <span class='ocrx_word' id='word_1_244' title='bbox 1016 2947 1149 3016; x_wconf 91' lang='lat' dir='ltr'>rediret.</span> <span class='ocrx_word' id='word_1_245' title='bbox 1168 2949 1312 3039; x_wconf 88' lang='lat' dir='ltr'>Ideoque</span> <span class='ocrx_word' id='word_1_246' title='bbox 1326 2950 1462 3013; x_wconf 91' lang='lat' dir='ltr'>instituit</span> <span class='ocrx_word' id='word_1_247' title='bbox 1483 2951 1569 3015; x_wconf 89' lang='lat' dir='ltr'>Dens</span> <span class='ocrx_word' id='word_1_248' title='bbox 1585 2949 1785 3047; x_wconf 62' lang='lat' dir='ltr'>sacerdotem</span> <span class='ocrx_word' id='word_1_249' title='bbox 1806 2954 1855 3017; x_wconf 90' lang='lat' dir='ltr'>sui</span> <span class='ocrx_word' id='word_1_250' title='bbox 1871 2953 2025 3018; x_wconf 83' lang='lat' dir='ltr'>vicarium</span> <span class='ocrx_word' id='word_1_251' title='bbox 2040 2970 2072 3018; x_wconf 91' lang='lat' dir='ltr'>et</span> 
     </span>
    </p>
   </div>
   <div class='ocr_carea' id='block_1_6' title="bbox 382 3046 2072 5187">
    <p class='ocr_par' dir='ltr' id='par_1_6' title="bbox 382 3046 2072 5187">
     <span class='ocr_line' id='line_1_22' title="bbox 477 3046 2071 3144; baseline -0.003 -24"><span class='ocrx_word' id='word_1_252' title='bbox 477 3054 567 3144; x_wconf 87' lang='lat' dir='ltr'>quasi</span> <span class='ocrx_word' id='word_1_253' title='bbox 584 3052 758 3133; x_wconf 90' lang='lat' dir='ltr'>medicum,</span> <span class='ocrx_word' id='word_1_254' title='bbox 783 3048 834 3114; x_wconf 89' lang='lat' dir='ltr'>cui</span> <span class='ocrx_word' id='word_1_255' title='bbox 854 3046 935 3138; x_wconf 84' lang='lat' dir='ltr'>(sua)</span> <span class='ocrx_word' id='word_1_256' title='bbox 951 3064 1082 3138; x_wconf 89' lang='lat' dir='ltr'>peccata</span> <span class='ocrx_word' id='word_1_257' title='bbox 1098 3048 1189 3137; x_wconf 91' lang='lat' dir='ltr'>quasi</span> <span class='ocrx_word' id='word_1_258' title='bbox 1206 3047 1339 3113; x_wconf 84' lang='lat' dir='ltr'>vulnera</span> <span class='ocrx_word' id='word_1_259' title='bbox 1355 3046 1397 3113; x_wconf 89' lang='lat' dir='ltr'>ad</span> <span class='ocrx_word' id='word_1_260' title='bbox 1414 3047 1593 3114; x_wconf 90' lang='lat' dir='ltr'>sanandum</span> <span class='ocrx_word' id='word_1_261' title='bbox 1611 3048 1848 3140; x_wconf 82' lang='lat' dir='ltr'>delegarentur,</span> <span class='ocrx_word' id='word_1_262' title='bbox 1868 3067 1903 3115; x_wconf 94' lang='lat' dir='ltr'>ut</span> <span class='ocrx_word' id='word_1_263' title='bbox 1921 3075 1989 3116; x_wconf 87' lang='lat' dir='ltr'>non</span> <span class='ocrx_word' id='word_1_264' title='bbox 2004 3076 2022 3117; x_wconf 94' lang='lat' dir='ltr'>a</span> <span class='ocrx_word' id='word_1_265' title='bbox 2039 3074 2071 3116; x_wconf 93' lang='lat' dir='ltr'>se</span> 
     </span>
     <span class='ocr_line' id='line_1_23' title="bbox 473 3146 2068 3238; baseline -0.004 -19"><span class='ocrx_word' id='word_1_266' title='bbox 473 3152 531 3219; x_wconf 89' lang='lat' dir='ltr'>sed</span> <span class='ocrx_word' id='word_1_267' title='bbox 546 3151 587 3218; x_wconf 92' lang='lat' dir='ltr'>ab</span> <span class='ocrx_word' id='word_1_268' title='bbox 606 3149 682 3231; x_wconf 88' lang='lat' dir='ltr'>alio,</span> <span class='ocrx_word' id='word_1_269' title='bbox 699 3147 828 3235; x_wconf 88' lang='lat' dir='ltr'>majoris</span> <span class='ocrx_word' id='word_1_270' title='bbox 845 3146 1032 3212; x_wconf 91' lang='lat' dir='ltr'>humilitatis</span> <span class='ocrx_word' id='word_1_271' title='bbox 1048 3169 1156 3227; x_wconf 89' lang='lat' dir='ltr'>causa,</span> <span class='ocrx_word' id='word_1_272' title='bbox 1174 3146 1310 3211; x_wconf 91' lang='lat' dir='ltr'>modum</span> <span class='ocrx_word' id='word_1_273' title='bbox 1322 3146 1545 3212; x_wconf 84' lang='lat' dir='ltr'>satisfactionis</span> <span class='ocrx_word' id='word_1_274' title='bbox 1569 3147 1714 3238; x_wconf 90' lang='lat' dir='ltr'>accipiat.</span> <span class='ocrx_word' id='word_1_275' title='bbox 1737 3148 1927 3213; x_wconf 88' lang='lat' dir='ltr'>Notandum</span> <span class='ocrx_word' id='word_1_276' title='bbox 1945 3164 2068 3220; x_wconf 88' lang='lat' dir='ltr'>tamen,</span> 
     </span>
     <span class='ocr_line' id='line_1_24' title="bbox 473 3242 2071 3340; baseline -0.003 -26"><span class='ocrx_word' id='word_1_277' title='bbox 473 3249 589 3340; x_wconf 84' lang='lat' dir='ltr'>quodsi</span> <span class='ocrx_word' id='word_1_278' title='bbox 612 3248 745 3314; x_wconf 91' lang='lat' dir='ltr'>articulo</span> <span class='ocrx_word' id='word_1_279' title='bbox 766 3245 960 3311; x_wconf 88' lang='lat' dir='ltr'>necessitatis</span> <span class='ocrx_word' id='word_1_280' title='bbox 982 3244 1169 3309; x_wconf 90' lang='lat' dir='ltr'>imminente</span> <span class='ocrx_word' id='word_1_281' title='bbox 1186 3267 1254 3309; x_wconf 90' lang='lat' dir='ltr'>non</span> <span class='ocrx_word' id='word_1_282' title='bbox 1270 3242 1471 3322; x_wconf 89' lang='lat' dir='ltr'>confiteatur,</span> <span class='ocrx_word' id='word_1_283' title='bbox 1489 3246 1556 3308; x_wconf 88' lang='lat' dir='ltr'>nori</span> <span class='ocrx_word' id='word_1_284' title='bbox 1571 3260 1704 3334; x_wconf 90' lang='lat' dir='ltr'>propter</span> <span class='ocrx_word' id='word_1_285' title='bbox 1723 3245 1787 3309; x_wconf 89' lang='lat' dir='ltr'>hoc</span> <span class='ocrx_word' id='word_1_286' title='bbox 1804 3245 1996 3311; x_wconf 83' lang='lat' dir='ltr'>aetemaliter</span> <span class='ocrx_word' id='word_1_287' title='bbox 2010 3269 2071 3335; x_wconf 91' lang='lat' dir='ltr'>pu·</span> 
     </span>
     <span class='ocr_line' id='line_1_25' title="bbox 382 3340 2071 3433; baseline -0.004 -20"><span class='ocrx_word' id='word_1_288' title='bbox 382 3343 384 3346; x_wconf 39' lang='lat'>¹</span> <span class='ocrx_word' id='word_1_289' title='bbox 475 3349 592 3413; x_wconf 88' lang='lat' dir='ltr'>nietur.</span> <span class='ocrx_word' id='word_1_290' title='bbox 608 3347 642 3411; x_wconf 93' lang='lat' dir='ltr'>Si</span> <span class='ocrx_word' id='word_1_291' title='bbox 656 3362 763 3411; x_wconf 88' lang='lat' dir='ltr'>autem</span> <span class='ocrx_word' id='word_1_292' title='bbox 775 3368 816 3409; x_wconf 86' lang='lat' dir='ltr'>ex</span> <span class='ocrx_word' id='word_1_293' title='bbox 831 3358 997 3408; x_wconf 91' lang='lat' dir='ltr'>contemtu</span> <span class='ocrx_word' id='word_1_294' title='bbox 1010 3340 1060 3407; x_wconf 86' lang='lat' dir='ltr'>vel</span> <span class='ocrx_word' id='word_1_295' title='bbox 1076 3364 1117 3406; x_wconf 83' lang='lat' dir='ltr'>ex</span> <span class='ocrx_word' id='word_1_296' title='bbox 1129 3341 1323 3432; x_wconf 85' lang='lat' dir='ltr'>negligentia</span> <span class='ocrx_word' id='word_1_297' title='bbox 1332 3342 1531 3421; x_wconf 89' lang='lat' dir='ltr'>remanserit,</span> <span class='ocrx_word' id='word_1_298' title='bbox 1544 3340 1585 3407; x_wconf 92' lang='lat' dir='ltr'>de</span> <span class='ocrx_word' id='word_1_299' title='bbox 1595 3342 1657 3406; x_wconf 90' lang='lat' dir='ltr'>hac</span> <span class='ocrx_word' id='word_1_300' title='bbox 1673 3341 1864 3409; x_wconf 77' lang='lat' dir='ltr'>aeternaliter</span> <span class='ocrx_word' id='word_1_301' title='bbox 1875 3343 2071 3433; x_wconf 89' lang='lat' dir='ltr'>puniendum</span> 
     </span>
     <span class='ocr_line' id='line_1_26' title="bbox 474 3438 2072 3531; baseline -0.003 -20"><span class='ocrx_word' id='word_1_302' title='bbox 474 3448 654 3511; x_wconf 86' lang='lat' dir='ltr'>asserimus.</span> <span class='ocrx_word' id='word_1_303' title='bbox 663 3444 776 3531; x_wconf 86' lang='lat' dir='ltr'>Neque</span> <span class='ocrx_word' id='word_1_304' title='bbox 787 3442 874 3507; x_wconf 89' lang='lat' dir='ltr'>enim</span> <span class='ocrx_word' id='word_1_305' title='bbox 883 3463 995 3505; x_wconf 84' lang='lat' dir='ltr'>veram</span> <span class='ocrx_word' id='word_1_306' title='bbox 1011 3438 1117 3505; x_wconf 89' lang='lat' dir='ltr'>cordis</span> <span class='ocrx_word' id='word_1_307' title='bbox 1131 3439 1360 3504; x_wconf 87' lang='lat' dir='ltr'>contritionem</span> <span class='ocrx_word' id='word_1_308' title='bbox 1369 3438 1517 3504; x_wconf 90' lang='lat' dir='ltr'>habuisse</span> <span class='ocrx_word' id='word_1_309' title='bbox 1531 3438 1672 3519; x_wconf 86' lang='lat' dir='ltr'>videtur,</span> <span class='ocrx_word' id='word_1_310' title='bbox 1687 3455 1719 3504; x_wconf 91' lang='lat' dir='ltr'>et</span> <span class='ocrx_word' id='word_1_311' title='bbox 1736 3441 1761 3504; x_wconf 89' lang='lat' dir='ltr'>si</span> <span class='ocrx_word' id='word_1_312' title='bbox 1777 3440 1938 3522; x_wconf 89' lang='lat' dir='ltr'>habuerit,</span> <span class='ocrx_word' id='word_1_313' title='bbox 1957 3464 1995 3506; x_wconf 84' lang='lat' dir='ltr'>ex</span> <span class='ocrx_word' id='word_1_314' title='bbox 2011 3441 2072 3505; x_wconf 92' lang='lat' dir='ltr'>hoc</span> 
     </span>
     <span class='ocr_line' id='line_1_27' title="bbox 473 3535 2069 3631; baseline -0.003 -22"><span class='ocrx_word' id='word_1_315' title='bbox 473 3560 582 3609; x_wconf 89' lang='lat' dir='ltr'>tamen</span> <span class='ocrx_word' id='word_1_316' title='bbox 595 3540 683 3631; x_wconf 92' lang='lat' dir='ltr'>quod</span> <span class='ocrx_word' id='word_1_317' title='bbox 699 3541 841 3604; x_wconf 90' lang='lat' dir='ltr'>instituta</span> <span class='ocrx_word' id='word_1_318' title='bbox 857 3537 1007 3602; x_wconf 89' lang='lat' dir='ltr'>Ecclesiae</span> <span class='ocrx_word' id='word_1_319' title='bbox 1016 3536 1205 3615; x_wconf 83' lang='lat' dir='ltr'>contemnit,</span> <span class='ocrx_word' id='word_1_320' title='bbox 1218 3535 1408 3601; x_wconf 79' lang='lat' dir='ltr'>aeternaliter</span> <span class='ocrx_word' id='word_1_321' title='bbox 1423 3535 1604 3625; x_wconf 90' lang='lat' dir='ltr'>puniendus</span> <span class='ocrx_word' id='word_1_322' title='bbox 1621 3560 1688 3602; x_wconf 87' lang='lat' dir='ltr'>esse</span> <span class='ocrx_word' id='word_1_323' title='bbox 1705 3537 1916 3603; x_wconf 87' lang='lat' dir='ltr'>convincitur.</span> <span class='ocrx_word' id='word_1_324' title='bbox 1934 3539 1967 3602; x_wconf 86' lang='lat' dir='ltr'>Si</span> <span class='ocrx_word' id='word_1_325' title='bbox 1982 3561 2069 3617; x_wconf 88' lang='lat' dir='ltr'>vero,</span> 
     </span>
     <span class='ocr_line' id='line_1_28' title="bbox 478 3633 2071 3727; baseline -0.004 -20"><span class='ocrx_word' id='word_1_326' title='bbox 478 3658 514 3706; x_wconf 93' lang='lat' dir='ltr'>ut</span> <span class='ocrx_word' id='word_1_327' title='bbox 531 3641 680 3717; x_wconf 86' lang='lat' dir='ltr'>diximus,</span> <span class='ocrx_word' id='word_1_328' title='bbox 701 3638 805 3727; x_wconf 90' lang='lat' dir='ltr'>aliqua</span> <span class='ocrx_word' id='word_1_329' title='bbox 821 3658 918 3700; x_wconf 88' lang='lat' dir='ltr'>causa</span> <span class='ocrx_word' id='word_1_330' title='bbox 933 3633 1166 3725; x_wconf 69' lang='lat' dir='ltr'>prepediente,</span> <span class='ocrx_word' id='word_1_331' title='bbox 1184 3633 1227 3698; x_wconf 95' lang='lat' dir='ltr'>ad</span> <span class='ocrx_word' id='word_1_332' title='bbox 1242 3634 1403 3698; x_wconf 91' lang='lat' dir='ltr'>minorem</span> <span class='ocrx_word' id='word_1_333' title='bbox 1416 3634 1526 3722; x_wconf 90' lang='lat' dir='ltr'>nequit</span> <span class='ocrx_word' id='word_1_334' title='bbox 1542 3633 1694 3698; x_wconf 89' lang='lat' dir='ltr'>accedere</span> <span class='ocrx_word' id='word_1_335' title='bbox 1710 3634 1925 3714; x_wconf 90' lang='lat' dir='ltr'>sacerdotem,</span> <span class='ocrx_word' id='word_1_336' title='bbox 1943 3635 2071 3701; x_wconf 89' lang='lat' dir='ltr'>accedat</span> 
     </span>
     <span class='ocr_line' id='line_1_29' title="bbox 476 3730 2071 3823; baseline -0.003 -20"><span class='ocrx_word' id='word_1_337' title='bbox 476 3738 518 3803; x_wconf 90' lang='lat' dir='ltr'>ad</span> <span class='ocrx_word' id='word_1_338' title='bbox 534 3740 701 3823; x_wconf 87' lang='lat' dir='ltr'>majorem,</span> <span class='ocrx_word' id='word_1_339' title='bbox 719 3734 841 3822; x_wconf 89' lang='lat' dir='ltr'>dequo</span> <span class='ocrx_word' id='word_1_340' title='bbox 858 3734 892 3797; x_wconf 90' lang='lat' dir='ltr'>in</span> <span class='ocrx_word' id='word_1_341' title='bbox 907 3732 1127 3798; x_wconf 89' lang='lat' dir='ltr'>Ecclesiastico</span> <span class='ocrx_word' id='word_1_342' title='bbox 1149 3756 1157 3797; x_wconf 73' lang='grc' dir='ltr'><em>τ</em></span> <span class='ocrx_word' id='word_1_343' title='bbox 1180 3732 1264 3797; x_wconf 89' lang='lat' dir='ltr'>Ecce</span> <span class='ocrx_word' id='word_1_344' title='bbox 1280 3730 1428 3797; x_wconf 91' lang='lat' dir='ltr'>sacerdos</span> <span class='ocrx_word' id='word_1_345' title='bbox 1439 3754 1585 3822; x_wconf 87' lang='lat' dir='ltr'>magnus,</span> <span class='ocrx_word' id='word_1_346' title='bbox 1603 3747 1666 3795; x_wconf 87' lang='lat' dir='ltr'>etc.</span> <span class='ocrx_word' id='word_1_347' title='bbox 1684 3732 1725 3796; x_wconf 89' lang='lat' dir='ltr'>Et</span> <span class='ocrx_word' id='word_1_348' title='bbox 1748 3732 1946 3820; x_wconf 83' lang='lat' dir='ltr'>Apostolus:</span> <span class='ocrx_word' id='word_1_349' title='bbox 1964 3733 2071 3799; x_wconf 89' lang='lat' dir='ltr'>Plures</span> 
     </span>
     <span class='ocr_line' id='line_1_30' title="bbox 476 3828 2071 3912; baseline -0.003 -12"><span class='ocrx_word' id='word_1_350' title='bbox 476 3836 551 3900; x_wconf 88' lang='lat' dir='ltr'>facti</span> <span class='ocrx_word' id='word_1_351' title='bbox 573 3851 647 3899; x_wconf 90' lang='lat' dir='ltr'>sunt</span> <span class='ocrx_word' id='word_1_352' title='bbox 668 3832 867 3912; x_wconf 87' lang='lat' dir='ltr'>sacerdotes,</span> <span class='ocrx_word' id='word_1_353' title='bbox 891 3847 954 3896; x_wconf 91' lang='lat' dir='ltr'>etc.</span> <span class='ocrx_word' id='word_1_354' title='bbox 980 3831 1040 3895; x_wconf 90' lang='lat' dir='ltr'>Cui</span> <span class='ocrx_word' id='word_1_355' title='bbox 1066 3832 1156 3895; x_wconf 92' lang='lat' dir='ltr'>enim</span> <span class='ocrx_word' id='word_1_356' title='bbox 1177 3829 1309 3894; x_wconf 85' lang='lat' dir='ltr'>visibilis</span> <span class='ocrx_word' id='word_1_357' title='bbox 1325 3828 1473 3894; x_wconf 88' lang='lat' dir='ltr'>sacerdos</span> <span class='ocrx_word' id='word_1_358' title='bbox 1498 3829 1602 3910; x_wconf 88' lang='lat' dir='ltr'>deest,</span> <span class='ocrx_word' id='word_1_359' title='bbox 1621 3829 1662 3892; x_wconf 91' lang='lat' dir='ltr'>ab</span> <span class='ocrx_word' id='word_1_360' title='bbox 1686 3852 1726 3894; x_wconf 92' lang='lat' dir='ltr'>eo</span> <span class='ocrx_word' id='word_1_361' title='bbox 1750 3829 1918 3895; x_wconf 88' lang='lat' dir='ltr'>invisibilis</span> <span class='ocrx_word' id='word_1_362' title='bbox 1942 3831 2071 3895; x_wconf 90' lang='lat' dir='ltr'>minime</span> 
     </span>
     <span class='ocr_line' id='line_1_31' title="bbox 475 3925 2072 4018; baseline -0.003 -21"><span class='ocrx_word' id='word_1_363' title='bbox 475 3932 576 4009; x_wconf 88' lang='lat' dir='ltr'>abest,</span> <span class='ocrx_word' id='word_1_364' title='bbox 603 3932 702 3996; x_wconf 92' lang='lat' dir='ltr'>immo</span> <span class='ocrx_word' id='word_1_365' title='bbox 719 3930 774 4018; x_wconf 91' lang='lat' dir='ltr'>qui</span> <span class='ocrx_word' id='word_1_366' title='bbox 795 3930 865 3995; x_wconf 85' lang='lat' dir='ltr'>vult</span> <span class='ocrx_word' id='word_1_367' title='bbox 886 3928 1032 3994; x_wconf 89' lang='lat' dir='ltr'>confiteri</span> <span class='ocrx_word' id='word_1_368' title='bbox 1045 3943 1077 3992; x_wconf 91' lang='lat' dir='ltr'>et</span> <span class='ocrx_word' id='word_1_369' title='bbox 1093 3951 1161 3992; x_wconf 91' lang='lat' dir='ltr'>non</span> <span class='ocrx_word' id='word_1_370' title='bbox 1177 3942 1293 4017; x_wconf 89' lang='lat' dir='ltr'>potest,</span> <span class='ocrx_word' id='word_1_371' title='bbox 1313 3925 1401 4015; x_wconf 90' lang='lat' dir='ltr'>quod</span> <span class='ocrx_word' id='word_1_372' title='bbox 1421 3925 1552 3990; x_wconf 79' lang='lat' dir='ltr'>visibilis</span> <span class='ocrx_word' id='word_1_373' title='bbox 1567 3925 1716 3991; x_wconf 89' lang='lat' dir='ltr'>sacerdos</span> <span class='ocrx_word' id='word_1_374' title='bbox 1736 3927 1946 4008; x_wconf 87' lang='lat' dir='ltr'>ministraret,</span> <span class='ocrx_word' id='word_1_375' title='bbox 1964 3928 2027 3991; x_wconf 92' lang='lat' dir='ltr'>boc</span> <span class='ocrx_word' id='word_1_376' title='bbox 2042 3930 2072 3993; x_wconf 90' lang='lat' dir='ltr'>ei</span> 
     </span>
     <span class='ocr_line' id='line_1_32' title="bbox 475 4023 2071 4120; baseline -0.002 -26"><span class='ocrx_word' id='word_1_377' title='bbox 475 4029 638 4095; x_wconf 82' lang='lat' dir='ltr'>invisibilis</span> <span class='ocrx_word' id='word_1_378' title='bbox 662 4028 810 4120; x_wconf 89' lang='lat' dir='ltr'>supplere</span> <span class='ocrx_word' id='word_1_379' title='bbox 833 4050 998 4117; x_wconf 89' lang='lat' dir='ltr'>nunquam</span> <span class='ocrx_word' id='word_1_380' title='bbox 1022 4024 1227 4116; x_wconf 90' lang='lat' dir='ltr'>dedignatur.</span> <span class='ocrx_word' id='word_1_381' title='bbox 1252 4023 1442 4089; x_wconf 89' lang='lat' dir='ltr'>Notandum</span> <span class='ocrx_word' id='word_1_382' title='bbox 1467 4047 1543 4089; x_wconf 87' lang='lat' dir='ltr'>sane</span> <span class='ocrx_word' id='word_1_383' title='bbox 1567 4040 1633 4106; x_wconf 89' lang='lat' dir='ltr'>est,</span> <span class='ocrx_word' id='word_1_384' title='bbox 1658 4023 1748 4114; x_wconf 92' lang='lat' dir='ltr'>quod</span> <span class='ocrx_word' id='word_1_385' title='bbox 1773 4047 1813 4090; x_wconf 90' lang='lat' dir='ltr'>ex</span> <span class='ocrx_word' id='word_1_386' title='bbox 1838 4024 2071 4115; x_wconf 88' lang='lat' dir='ltr'>dispensatione</span> 
     </span>
     <span class='ocr_line' id='line_1_33' title="bbox 475 4122 2068 4218; baseline -0.002 -26"><span class='ocrx_word' id='word_1_387' title='bbox 475 4152 603 4217; x_wconf 89' lang='lat' dir='ltr'>quoque</span> <span class='ocrx_word' id='word_1_388' title='bbox 618 4142 723 4218; x_wconf 91' lang='lat' dir='ltr'>potest</span> <span class='ocrx_word' id='word_1_389' title='bbox 734 4125 847 4215; x_wconf 89' lang='lat' dir='ltr'>aliquis</span> <span class='ocrx_word' id='word_1_390' title='bbox 862 4149 880 4190; x_wconf 93' lang='lat' dir='ltr'>a</span> <span class='ocrx_word' id='word_1_391' title='bbox 897 4124 1096 4190; x_wconf 84' lang='lat' dir='ltr'>confessione</span> <span class='ocrx_word' id='word_1_392' title='bbox 1113 4145 1248 4198; x_wconf 83' lang='lat' dir='ltr'>cessare,</span> <span class='ocrx_word' id='word_1_393' title='bbox 1267 4122 1321 4212; x_wconf 90' lang='lat' dir='ltr'>qui</span> <span class='ocrx_word' id='word_1_394' title='bbox 1337 4139 1467 4212; x_wconf 86' lang='lat' dir='ltr'>propter</span> <span class='ocrx_word' id='word_1_395' title='bbox 1480 4122 1543 4186; x_wconf 92' lang='lat' dir='ltr'>hoc</span> <span class='ocrx_word' id='word_1_396' title='bbox 1559 4145 1626 4187; x_wconf 91' lang='lat' dir='ltr'>non</span> <span class='ocrx_word' id='word_1_397' title='bbox 1642 4123 1743 4215; x_wconf 90' lang='lat' dir='ltr'>magis</span> <span class='ocrx_word' id='word_1_398' title='bbox 1758 4123 1940 4211; x_wconf 89' lang='lat' dir='ltr'>puniendus</span> <span class='ocrx_word' id='word_1_399' title='bbox 1955 4123 2068 4189; x_wconf 88' lang='lat' dir='ltr'>extitit.</span> 
     </span>
     <span class='ocr_line' id='line_1_34' title="bbox 473 4218 2070 4312; baseline -0.004 -22"><span class='ocrx_word' id='word_1_400' title='bbox 473 4224 571 4307; x_wconf 91' lang='lat' dir='ltr'>Quod</span> <span class='ocrx_word' id='word_1_401' title='bbox 594 4227 628 4289; x_wconf 93' lang='lat' dir='ltr'>in</span> <span class='ocrx_word' id='word_1_402' title='bbox 650 4225 745 4289; x_wconf 90' lang='lat' dir='ltr'>Petro</span> <span class='ocrx_word' id='word_1_403' title='bbox 761 4220 918 4312; x_wconf 88' lang='lat' dir='ltr'>perpendi</span> <span class='ocrx_word' id='word_1_404' title='bbox 934 4220 1025 4286; x_wconf 86' lang='lat' dir='ltr'>facile</span> <span class='ocrx_word' id='word_1_405' title='bbox 1045 4218 1157 4308; x_wconf 88' lang='lat' dir='ltr'>liquet.</span> <span class='ocrx_word' id='word_1_406' title='bbox 1175 4221 1258 4284; x_wconf 89' lang='lat' dir='ltr'>Cum</span> <span class='ocrx_word' id='word_1_407' title='bbox 1280 4220 1367 4284; x_wconf 91' lang='lat' dir='ltr'>enim</span> <span class='ocrx_word' id='word_1_408' title='bbox 1389 4219 1501 4284; x_wconf 87' lang='lat' dir='ltr'>Petrus</span> <span class='ocrx_word' id='word_1_409' title='bbox 1521 4221 1554 4284; x_wconf 89' lang='lat' dir='ltr'>in</span> <span class='ocrx_word' id='word_1_410' title='bbox 1570 4220 1729 4309; x_wconf 89' lang='lat' dir='ltr'>primitiva</span> <span class='ocrx_word' id='word_1_411' title='bbox 1745 4219 1886 4285; x_wconf 87' lang='lat' dir='ltr'>Ecclesia</span> <span class='ocrx_word' id='word_1_412' title='bbox 1902 4236 1999 4299; x_wconf 89' lang='lat' dir='ltr'>esset,</span> <span class='ocrx_word' id='word_1_413' title='bbox 2016 4220 2070 4284; x_wconf 92' lang='lat' dir='ltr'>ubi</span> 
     </span>
     <span class='ocr_line' id='line_1_35' title="bbox 474 4315 2071 4408; baseline -0.003 -22"><span class='ocrx_word' id='word_1_414' title='bbox 474 4345 586 4387; x_wconf 89' lang='lat' dir='ltr'>omnes</span> <span class='ocrx_word' id='word_1_415' title='bbox 602 4322 708 4388; x_wconf 93' lang='lat' dir='ltr'>adhuc</span> <span class='ocrx_word' id='word_1_416' title='bbox 730 4320 849 4385; x_wconf 87' lang='lat' dir='ltr'>infirmi</span> <span class='ocrx_word' id='word_1_417' title='bbox 865 4334 968 4399; x_wconf 90' lang='lat' dir='ltr'>erant,</span> <span class='ocrx_word' id='word_1_418' title='bbox 986 4340 1026 4382; x_wconf 91' lang='lat' dir='ltr'>ex</span> <span class='ocrx_word' id='word_1_419' title='bbox 1042 4315 1280 4406; x_wconf 85' lang='lat' dir='ltr'>dispensatione</span> <span class='ocrx_word' id='word_1_420' title='bbox 1299 4316 1535 4382; x_wconf 84' lang='lat' dir='ltr'>confessionem</span> <span class='ocrx_word' id='word_1_421' title='bbox 1552 4317 1593 4382; x_wconf 90' lang='lat' dir='ltr'>dc</span> <span class='ocrx_word' id='word_1_422' title='bbox 1609 4321 1780 4408; x_wconf 90' lang='lat' dir='ltr'>negatione</span> <span class='ocrx_word' id='word_1_423' title='bbox 1796 4319 1940 4399; x_wconf 89' lang='lat' dir='ltr'>reticuit,</span> <span class='ocrx_word' id='word_1_424' title='bbox 1958 4319 2031 4406; x_wconf 87' lang='lat' dir='ltr'>qnia</span> <span class='ocrx_word' id='word_1_425' title='bbox 2046 4320 2071 4381; x_wconf 90' lang='lat' dir='ltr'>si</span> 
     </span>
     <span class='ocr_line' id='line_1_36' title="bbox 475 4413 2071 4503; baseline -0.003 -19"><span class='ocrx_word' id='word_1_426' title='bbox 475 4423 561 4485; x_wconf 87' lang='lat' dir='ltr'>hunc</span> <span class='ocrx_word' id='word_1_427' title='bbox 577 4435 702 4483; x_wconf 92' lang='lat' dir='ltr'>tantum</span> <span class='ocrx_word' id='word_1_428' title='bbox 724 4417 873 4484; x_wconf 68' lang='lat' dir='ltr'>Ecclesiae</span> <span class='ocrx_word' id='word_1_429' title='bbox 895 4416 1104 4482; x_wconf 90' lang='lat' dir='ltr'>architectum</span> <span class='ocrx_word' id='word_1_430' title='bbox 1120 4431 1190 4479; x_wconf 92' lang='lat' dir='ltr'>tam</span> <span class='ocrx_word' id='word_1_431' title='bbox 1211 4413 1349 4503; x_wconf 83' lang='lat' dir='ltr'>graviter</span> <span class='ocrx_word' id='word_1_432' title='bbox 1374 4413 1428 4478; x_wconf 87' lang='lat' dir='ltr'>alii</span> <span class='ocrx_word' id='word_1_433' title='bbox 1450 4414 1605 4479; x_wconf 88' lang='lat' dir='ltr'>corruisse</span> <span class='ocrx_word' id='word_1_434' title='bbox 1622 4416 1801 4496; x_wconf 83' lang='lat' dir='ltr'>novissent,</span> <span class='ocrx_word' id='word_1_435' title='bbox 1820 4413 1957 4479; x_wconf 92' lang='lat' dir='ltr'>multum</span> <span class='ocrx_word' id='word_1_436' title='bbox 1977 4415 2012 4477; x_wconf 94' lang='lat' dir='ltr'>in</span> <span class='ocrx_word' id='word_1_437' title='bbox 2032 4437 2071 4479; x_wconf 93' lang='lat' dir='ltr'>eo</span> 
     </span>
     <span class='ocr_line' id='line_1_37' title="bbox 476 4509 2070 4602; baseline -0.004 -20"><span class='ocrx_word' id='word_1_438' title='bbox 476 4517 678 4582; x_wconf 85' lang='lat' dir='ltr'>scandalizati</span> <span class='ocrx_word' id='word_1_439' title='bbox 688 4517 831 4581; x_wconf 84' lang='lat' dir='ltr'>fuissent.</span> <span class='ocrx_word' id='word_1_440' title='bbox 844 4514 942 4597; x_wconf 90' lang='lat' dir='ltr'>Quod</span> <span class='ocrx_word' id='word_1_441' title='bbox 954 4530 1060 4579; x_wconf 91' lang='lat' dir='ltr'>autem</span> <span class='ocrx_word' id='word_1_442' title='bbox 1070 4511 1188 4576; x_wconf 87' lang='lat' dir='ltr'>infirmi</span> <span class='ocrx_word' id='word_1_443' title='bbox 1198 4526 1303 4575; x_wconf 91' lang='lat' dir='ltr'>essent</span> <span class='ocrx_word' id='word_1_444' title='bbox 1313 4509 1355 4576; x_wconf 91' lang='lat' dir='ltr'>ad</span> <span class='ocrx_word' id='word_1_445' title='bbox 1364 4510 1549 4576; x_wconf 91' lang='lat' dir='ltr'>scandalum</span> <span class='ocrx_word' id='word_1_446' title='bbox 1559 4513 1665 4601; x_wconf 91' lang='lat' dir='ltr'>proni,</span> <span class='ocrx_word' id='word_1_447' title='bbox 1677 4514 1744 4602; x_wconf 90' lang='lat' dir='ltr'>ipse</span> <span class='ocrx_word' id='word_1_448' title='bbox 1754 4513 1912 4578; x_wconf 89' lang='lat' dir='ltr'>Dominus</span> <span class='ocrx_word' id='word_1_449' title='bbox 1921 4510 2070 4592; x_wconf 89' lang='lat' dir='ltr'>ostendit,</span> 
     </span>
     <span class='ocr_line' id='line_1_38' title="bbox 478 4607 2072 4701; baseline -0.004 -21"><span class='ocrx_word' id='word_1_450' title='bbox 478 4615 533 4680; x_wconf 94' lang='lat' dir='ltr'>ubi</span> <span class='ocrx_word' id='word_1_451' title='bbox 550 4616 594 4680; x_wconf 94' lang='lat' dir='ltr'>ait</span> <span class='ocrx_word' id='word_1_452' title='bbox 613 4638 621 4679; x_wconf 74' lang='grc' dir='ltr'><strong>ι</strong></span> <span class='ocrx_word' id='word_1_453' title='bbox 643 4615 743 4680; x_wconf 90' lang='lat' dir='ltr'>Sinite</span> <span class='ocrx_word' id='word_1_454' title='bbox 759 4637 815 4680; x_wconf 90' lang='lat' dir='ltr'>eos</span> <span class='ocrx_word' id='word_1_455' title='bbox 831 4614 932 4693; x_wconf 89' lang='lat' dir='ltr'>abire,</span> <span class='ocrx_word' id='word_1_456' title='bbox 949 4628 985 4677; x_wconf 93' lang='lat' dir='ltr'>ut</span> <span class='ocrx_word' id='word_1_457' title='bbox 1003 4611 1175 4701; x_wconf 86' lang='lat' dir='ltr'>impleatur</span> <span class='ocrx_word' id='word_1_458' title='bbox 1189 4608 1352 4698; x_wconf 88' lang='lat' dir='ltr'>Scriptura</span> <span class='ocrx_word' id='word_1_459' title='bbox 1371 4631 1380 4673; x_wconf 89' lang='lat'><strong>:</strong></span> <span class='ocrx_word' id='word_1_460' title='bbox 1396 4609 1446 4672; x_wconf 85' lang='lat' dir='ltr'>Ex</span> <span class='ocrx_word' id='word_1_461' title='bbox 1461 4608 1529 4690; x_wconf 90' lang='lat' dir='ltr'>his,</span> <span class='ocrx_word' id='word_1_462' title='bbox 1548 4632 1629 4696; x_wconf 86' lang='lat' dir='ltr'>quos</span> <span class='ocrx_word' id='word_1_463' title='bbox 1644 4607 1777 4674; x_wconf 89' lang='lat' dir='ltr'>tradidit</span> <span class='ocrx_word' id='word_1_464' title='bbox 1793 4610 1871 4674; x_wconf 92' lang='lat' dir='ltr'>mihi</span> <span class='ocrx_word' id='word_1_465' title='bbox 1886 4626 1990 4699; x_wconf 88' lang='lat' dir='ltr'>pater,</span> <span class='ocrx_word' id='word_1_466' title='bbox 2008 4633 2072 4675; x_wconf 93' lang='lat' dir='ltr'>non</span> 
     </span>
     <span class='ocr_line' id='line_1_39' title="bbox 476 4704 2070 4804; baseline -0.006 -24"><span class='ocrx_word' id='word_1_467' title='bbox 476 4712 603 4804; x_wconf 89' lang='lat' dir='ltr'>perdidi</span> <span class='ocrx_word' id='word_1_468' title='bbox 620 4734 825 4801; x_wconf 88' lang='lat' dir='ltr'>quemquam.</span> <span class='ocrx_word' id='word_1_469' title='bbox 844 4711 946 4800; x_wconf 86' lang='lat' dir='ltr'>Super</span> <span class='ocrx_word' id='word_1_470' title='bbox 960 4711 1047 4774; x_wconf 91' lang='lat' dir='ltr'>hunc</span> <span class='ocrx_word' id='word_1_471' title='bbox 1067 4708 1187 4773; x_wconf 90' lang='lat' dir='ltr'>etenim</span> <span class='ocrx_word' id='word_1_472' title='bbox 1203 4705 1314 4771; x_wconf 90' lang='lat' dir='ltr'>locum</span> <span class='ocrx_word' id='word_1_473' title='bbox 1330 4704 1407 4770; x_wconf 88' lang='lat' dir='ltr'>dicit</span> <span class='ocrx_word' id='word_1_474' title='bbox 1422 4706 1618 4795; x_wconf 83' lang='lat' dir='ltr'>Augustinus</span> <span class='ocrx_word' id='word_1_475' title='bbox 1637 4729 1645 4771; x_wconf 71' lang='grc' dir='ltr'><strong><em>ε</em></strong></span> <span class='ocrx_word' id='word_1_476' title='bbox 1664 4706 1740 4771; x_wconf 92' lang='lat' dir='ltr'>Non</span> <span class='ocrx_word' id='word_1_477' title='bbox 1756 4723 1849 4771; x_wconf 91' lang='lat' dir='ltr'>erant</span> <span class='ocrx_word' id='word_1_478' title='bbox 1862 4722 1960 4772; x_wconf 85' lang='lat' dir='ltr'>tautae</span> <span class='ocrx_word' id='word_1_479' title='bbox 1978 4706 2070 4786; x_wconf 88' lang='lat' dir='ltr'>fidei,</span> 
     </span>
     <span class='ocr_line' id='line_1_40' title="bbox 477 4802 2072 4899; baseline -0.004 -23"><span class='ocrx_word' id='word_1_480' title='bbox 477 4812 511 4876; x_wconf 94' lang='lat' dir='ltr'>in</span> <span class='ocrx_word' id='word_1_481' title='bbox 533 4835 597 4899; x_wconf 88' lang='lat' dir='ltr'>qua</span> <span class='ocrx_word' id='word_1_482' title='bbox 619 4809 733 4876; x_wconf 90' lang='lat' dir='ltr'>salvari</span> <span class='ocrx_word' id='word_1_483' title='bbox 754 4823 902 4899; x_wconf 87' lang='lat' dir='ltr'>possent,</span> <span class='ocrx_word' id='word_1_484' title='bbox 920 4823 953 4871; x_wconf 93' lang='lat' dir='ltr'>et</span> <span class='ocrx_word' id='word_1_485' title='bbox 968 4807 1043 4871; x_wconf 89' lang='lat' dir='ltr'>ideo</span> <span class='ocrx_word' id='word_1_486' title='bbox 1062 4807 1183 4870; x_wconf 90' lang='lat' dir='ltr'>situnc</span> <span class='ocrx_word' id='word_1_487' title='bbox 1205 4802 1326 4868; x_wconf 89' lang='lat' dir='ltr'>mortui</span> <span class='ocrx_word' id='word_1_488' title='bbox 1346 4817 1452 4868; x_wconf 83' lang='lat' dir='ltr'>essent</span> <span class='ocrx_word' id='word_1_489' title='bbox 1471 4802 1661 4867; x_wconf 77' lang='lat' dir='ltr'>eternaliter</span> <span class='ocrx_word' id='word_1_490' title='bbox 1677 4802 1820 4868; x_wconf 92' lang='lat' dir='ltr'>damnati</span> <span class='ocrx_word' id='word_1_491' title='bbox 1841 4821 1957 4869; x_wconf 90' lang='lat' dir='ltr'>essent.</span> <span class='ocrx_word' id='word_1_492' title='bbox 1976 4803 2072 4886; x_wconf 91' lang='lat' dir='ltr'>Quod</span> 
     </span>
     <span class='ocr_line' id='line_1_41' title="bbox 476 4898 2072 4990; baseline -0.006 -16"><span class='ocrx_word' id='word_1_493' title='bbox 476 4932 552 4974; x_wconf 82' lang='lat' dir='ltr'>vero</span> <span class='ocrx_word' id='word_1_494' title='bbox 569 4910 681 4974; x_wconf 90' lang='lat' dir='ltr'>Petrus</span> <span class='ocrx_word' id='word_1_495' title='bbox 697 4930 765 4971; x_wconf 92' lang='lat' dir='ltr'>non</span> <span class='ocrx_word' id='word_1_496' title='bbox 781 4904 942 4971; x_wconf 83' lang='lat' dir='ltr'>confessus</span> <span class='ocrx_word' id='word_1_497' title='bbox 958 4903 1065 4983; x_wconf 80' lang='lat' dir='ltr'>luerit,</span> <span class='ocrx_word' id='word_1_498' title='bbox 1083 4925 1123 4966; x_wconf 86' lang='lat' dir='ltr'>ex</span> <span class='ocrx_word' id='word_1_499' title='bbox 1140 4901 1329 4966; x_wconf 89' lang='lat' dir='ltr'>auctoritate</span> <span class='ocrx_word' id='word_1_500' title='bbox 1345 4898 1518 4982; x_wconf 70' lang='lat' dir='ltr'>habemus,</span> <span class='ocrx_word' id='word_1_501' title='bbox 1538 4899 1583 4963; x_wconf 90' lang='lat' dir='ltr'>ait</span> <span class='ocrx_word' id='word_1_502' title='bbox 1598 4900 1685 4964; x_wconf 91' lang='lat' dir='ltr'>enim</span> <span class='ocrx_word' id='word_1_503' title='bbox 1699 4902 1765 4966; x_wconf 91' lang='lat' dir='ltr'>Leo</span> <span class='ocrx_word' id='word_1_504' title='bbox 1780 4923 1865 4990; x_wconf 90' lang='lat' dir='ltr'>papa</span> <span class='ocrx_word' id='word_1_505' title='bbox 1882 4902 2072 4990; x_wconf 80' lang='lat' dir='ltr'>:Lacrymas</span> 
     </span>
     <span class='ocr_line' id='line_1_42' title="bbox 475 4995 2071 5096; baseline -0.005 -26"><span class='ocrx_word' id='word_1_506' title='bbox 475 5007 562 5072; x_wconf 90' lang='lat' dir='ltr'>Petri</span> <span class='ocrx_word' id='word_1_507' title='bbox 579 5005 652 5096; x_wconf 88' lang='lat' dir='ltr'>legi,</span> <span class='ocrx_word' id='word_1_508' title='bbox 671 5004 906 5070; x_wconf 88' lang='lat' dir='ltr'>confessionem</span> <span class='ocrx_word' id='word_1_509' title='bbox 924 5024 992 5065; x_wconf 92' lang='lat' dir='ltr'>non</span> <span class='ocrx_word' id='word_1_510' title='bbox 1008 4999 1151 5064; x_wconf 71' lang='lat' dir='ltr'>invenio,</span> <span class='ocrx_word' id='word_1_511' title='bbox 1169 4996 1286 5062; x_wconf 88' lang='lat' dir='ltr'>Delent</span> <span class='ocrx_word' id='word_1_512' title='bbox 1301 5019 1379 5086; x_wconf 85' lang='lat' dir='ltr'>ergo</span> <span class='ocrx_word' id='word_1_513' title='bbox 1395 4995 1534 5062; x_wconf 78' lang='lat' dir='ltr'>lacrimae</span> <span class='ocrx_word' id='word_1_514' title='bbox 1552 5013 1696 5085; x_wconf 86' lang='lat' dir='ltr'>peccata,</span> <span class='ocrx_word' id='word_1_515' title='bbox 1714 5020 1786 5086; x_wconf 80' lang='lat' dir='ltr'>quae</span> <span class='ocrx_word' id='word_1_516' title='bbox 1802 4998 1910 5086; x_wconf 90' lang='lat' dir='ltr'>pudor</span> <span class='ocrx_word' id='word_1_517' title='bbox 1924 5015 1972 5064; x_wconf 91' lang='lat' dir='ltr'>est</span> <span class='ocrx_word' id='word_1_518' title='bbox 1990 5022 2071 5063; x_wconf 91' lang='lat' dir='ltr'>con·</span> 
     </span>
     <span class='ocr_line' id='line_1_43' title="bbox 475 5091 2071 5187; baseline -0.004 -20"><span class='ocrx_word' id='word_1_519' title='bbox 475 5101 568 5170; x_wconf 92' lang='lat' dir='ltr'>fiteri.</span> <span class='ocrx_word' id='word_1_520' title='bbox 593 5105 634 5168; x_wconf 87' lang='lat' dir='ltr'>Et</span> <span class='ocrx_word' id='word_1_521' title='bbox 654 5102 843 5168; x_wconf 81' lang='lat' dir='ltr'>Ambrosius</span> <span class='ocrx_word' id='word_1_522' title='bbox 867 5101 931 5165; x_wconf 88' lang='lat' dir='ltr'>hoc</span> <span class='ocrx_word' id='word_1_523' title='bbox 954 5098 1041 5163; x_wconf 90' lang='lat' dir='ltr'>idem</span> <span class='ocrx_word' id='word_1_524' title='bbox 1063 5095 1164 5161; x_wconf 92' lang='lat' dir='ltr'>modo</span> <span class='ocrx_word' id='word_1_525' title='bbox 1188 5094 1235 5158; x_wconf 93' lang='lat' dir='ltr'>ibi</span> <span class='ocrx_word' id='word_1_526' title='bbox 1256 5091 1297 5159; x_wconf 88' lang='lat' dir='ltr'>de</span> <span class='ocrx_word' id='word_1_527' title='bbox 1317 5094 1521 5160; x_wconf 87' lang='lat' dir='ltr'>sacramentis</span> <span class='ocrx_word' id='word_1_528' title='bbox 1541 5092 1723 5160; x_wconf 85' lang='lat' dir='ltr'>confirmat.</span> <span class='ocrx_word' id='word_1_529' title='bbox 1749 5095 1921 5187; x_wconf 83' lang='lat' dir='ltr'>Gregorius</span> <span class='ocrx_word' id='word_1_530' title='bbox 1945 5119 2071 5186; x_wconf 90' lang='lat' dir='ltr'>quoque</span> 
     </span>
    </p>
   </div>
   <div class='ocr_carea' id='block_1_7' title="bbox 0 0 2284 6100">
    <p class='ocr_par' dir='ltr' id='par_1_7' title="bbox 0 0 2284 6100">
     <span class='ocr_line' id='line_1_44' title="bbox 0 0 2284 6100; baseline 0 1"><span class='ocrx_word' id='word_1_531' title='bbox 0 0 2284 6100; x_wconf 95' lang='lat' dir='ltr'> </span> 
     </span>
    </p>
   </div>
  </div>
 </body>
</html>
