4559 6100
448 544 520 616 984
1049 541 1177 614 PE'l'lll
1207 541 1438 614 ABAELARDl
1560 529 1563 532 ¹

447 697 540 781 iesu,
558 719 576 758 u
603 691 638 762 id
664 705 716 763 est
738 715 801 790 per
829 691 1010 762 Christum
1033 693 1252 766 Salvatorem
1277 706 1441 764 nostrum
1466 687 1572 762 nohis
1597 688 1780 786 inspirata,
1804 687 1932 758 sivein
1952 689 2030 785 ip'so

446 816 617 888 aedificata
632 830 740 912 atque
752 814 923 907 radicata,
940 829 976 886 et
990 815 1149 889 lundata.

497 935 721 1007 «Veritatem
749 935 847 1005 dico.
865 963 882 1002 u
901 934 1010 1023 Quod
1025 934 1113 1006 dixit
1130 959 1169 1006 se
1186 950 1220 1006 et
1238 933 1442 1007 consimiles
1457 932 1514 1004 sui
1534 928 1657 1001 fideles
1675 953 1693 1000 a
1711 932 1855 1002 caritate
1871 932 1935 1003 Dei
1960 957 2033 1003 non

447 1081 550 1153 posse
567 1055 683 1143 avelli,
703 1054 948 1152 experimento
966 1055 1113 1153 proprio
1129 1053 1205 1124 vult
1220 1054 1375 1153 probare
1392 1052 1515 1125 dicens
1527 1048 1691 1120 videlicet
1707 1072 1744 1120 se
1757 1047 1845 1121 dum
1860 1052 2034 1123 maximus
2062 1095 2066 1100 ·

449 1175 612 1246 Ecclesiae
629 1187 837 1272 persecutor
853 1174 1030 1261 existeret,
1050 1172 1096 1244 ad
1114 1172 1186 1244 hoc
1201 1170 1393 1263 laborasse,
1414 1185 1454 1242 ut
1470 1193 1591 1241 servos
1607 1166 1653 1239 ad
1674 1166 1782 1239 fidem
1804 1169 1934 1241 Christi
1950 1193 2035 1242 con·

449 1320 569 1366 versos
591 1293 676 1364 inde
700 1306 887 1381 averteret,
914 1306 950 1364 et
973 1323 991 1359 c
1005 1307 1057 1363 est
1078 1293 1114 1363 iu
1138 1292 1279 1364 Christo
1296 1296 1399 1380 lesu,
1420 1319 1438 1358 u
1457 1289 1530 1360 hoc
1552 1302 1605 1360 est
1624 1310 1688 1386 per
1711 1288 1890 1360 Christum
1912 1293 2032 1362 lesum

444 1416 569 1509 jurans
584 1413 757 1485 veraciter
778 1412 874 1503 dico,
896 1423 1072 1506 quantum
1094 1410 1141 1483 ad
1163 1412 1274 1510 ipsius
1296 1411 1347 1482 rei
1369 1422 1552 1501 eventum,
1577 1421 1613 1478 et
1635 1408 1684 1479 ita
1700 1406 1862 1480 sehabet
1878 1407 2029 1482 utdico.

452 1565 469 1598 «
487 1539 527 1604 Et
550 1558 624 1604 non
651 1532 818 1624 mentior,
840 1532 1085 1602 testimonium
1107 1530 1197 1601 mihi
1213 1530 1425 1629 perhibente
1441 1528 1660 1601 conscientia
1684 1551 1775 1617 mea,
1787 1557 1804 1593 a
1824 1526 1859 1599 id
1883 1542 1937 1600 est
1955 1552 2034 1600 reus

449 1653 627 1725 mendacii
650 1677 725 1723 non
743 1676 836 1742 sum,
854 1676 937 1722 cum
954 1652 1004 1723 sic
1020 1649 1166 1722 credam
1184 1650 1286 1721 sicuti
1304 1648 1398 1721 dieo.
1422 1653 1541 1720 Potest
1557 1648 1690 1746 quippe
1712 1647 1841 1745 aliquis
1860 1661 2033 1745 quantum

450 1774 495 1844 ad
523 1773 573 1843 rei
600 1788 768 1843 eventum
789 1771 972 1843 veritatem
997 1772 1031 1841 in
1051 1769 1170 1842 verbis
1193 1793 1259 1868 per
1275 1768 1512 1865 ignorantiam
1531 1766 1685 1858 habere,
1707 1780 1743 1838 et
1765 1780 1885 1839 tamen
1910 1781 2034 1839 contra

449 1892 706 1963 conscientiam
730 1891 840 1987 loqui,
861 1904 897 1961 et
912 1916 978 1989 per
993 1891 1066 1961 hoc
1082 1892 1265 1962 incurrere
1282 1888 1459 1961 mendacii
1478 1901 1630 1959 reatum.
1653 1887 1734 1959 Non
1751 1888 1847 1959 enim
1868 1889 2040 1961 mentitur

396 2013 399 2024 '
451 2012 546 2108 apud
562 2013 695 2099 Deum,
712 2010 815 2081 idest
833 2034 913 2080 reus
928 2009 1103 2081 mendacii
1119 2033 1193 2079 non
1211 2022 1429 2106 reputatura
1446 2011 1536 2098 Deo,
1556 2007 1621 2077 nisi
1639 2007 1701 2102 qui
1715 2031 1779 2105 per
1792 2003 2035 2104 duplicitatem

450 2131 620 2227 loquitur.
644 2129 817 2226 Loquenti
838 2130 1056 2201 conscientia
1078 2153 1140 2200 sua
1162 2127 1327 2227 perhibet
1350 2126 1607 2217 testimouium,
1627 2126 1775 2223 quando
1798 2151 1873 2197 non
1892 2126 2035 2199 dissidet

450 2250 590 2320 animus
606 2273 626 2319 a
642 2247 774 2335 verbis,
794 2246 831 2318 id
847 2261 912 2336 est,
932 2247 1079 2344 qnando
1096 2248 1254 2319 creditur
1267 2247 1313 2319 ab
1330 2248 1407 2346 ipso
1421 2248 1513 2319 sicut
1526 2245 1657 2318 dicitur
1677 2272 1684 2315 :
1705 2245 1806 2338 Mihi,
1826 2247 1954 2344 inquit,
1974 2249 2036 2345 qni

450 2392 528 2440 eam
544 2370 642 2458 novi,
660 2368 722 2437 etsi
736 2391 809 2437 non
825 2366 939 2459 vobis,
953 2368 1172 2439 conscientia
1186 2366 1270 2438 dico
1284 2391 1364 2439 mea
1373 2366 1613 2465 perhibente¹.
1631 2394 1649 2431 α
1664 2369 1703 2436 ln
1715 2367 1847 2464 Spiritu
1862 2381 2001 2455 sancto,
2018 2396 2034 2432 u

450 2488 563 2559 idest
590 2485 737 2557 fundata
765 2498 801 2556 et
826 2484 981 2556 radicata
1008 2485 1044 2555 in
1072 2485 1216 2557 caritate
1238 2487 1317 2556 Dei.
1350 2489 1399 2556 Ex
1428 2509 1498 2581 qua
1526 2484 1660 2557 scilicet
1688 2485 1834 2556 caritate
1863 2485 2038 2583 pullulare

450 2607 678 2678 mendacium
704 2629 778 2675 non
802 2618 937 2703 potest3
961 2603 1058 2675 unde
1081 2619 1116 2675 et
1131 2604 1224 2675 hene
1248 2604 1392 2702 spiritus
1408 2605 1564 2676 veritatis
1582 2603 1724 2675 dicitur.
1749 2608 1849 2676 Hanc
1873 2603 2038 2677 videlicet

450 2724 532 2797 dico
550 2725 734 2796 veritatem
749 2749 758 2793 ε
779 2753 796 2788 a
811 2723 992 2810 Quoniam
1006 2722 1145 2793 tristitia
1161 2736 1214 2792 est
1229 2723 1319 2793 mihi
1334 2746 1462 2818 magua
1474 2752 1492 2791 u
1505 2737 1680 2820 quantum
1695 2722 1740 2794 ad
1758 2725 2036 2821 computationis

449 2843 705 2941 quantitatem,
728 2873 744 2906 a
768 2856 803 2913 et
821 2842 994 2913 continua
1007 2870 1024 2905 a
1041 2853 1219 2937 quantum
1241 2840 1286 2912 ad
1307 2840 1592 2913 diuturnitatem.
1617 2842 1756 2914 «Cordi
1775 2866 1872 2934 meo,
1887 2870 1904 2909 u
1924 2842 1960 2913 id
1984 2858 2037 2915 est

448 2989 522 3035 non
548 2962 711 3035 simulata
734 2964 771 3032 iu
795 2960 960 3033 exteriori
984 2958 1131 3052 habitu,
1159 2958 1222 3031 sed
1240 2984 1324 3032 vera
1341 2962 1378 3031 iu
1406 2961 1483 3060 ipso
1509 2961 1618 3033 animi
1642 2960 1788 3051 ellectu,
1815 2976 1852 3033 et
1877 2961 1976 3036 unde
2001 2987 2039 3034 se

449 3085 587 3155 tristitia
611 3084 798 3182 supponit,
818 3082 902 3179 quia
926 3079 1091 3152 videlicet
1112 3110 1129 3147 u
1143 3081 1342 3179 optabam»
1362 3082 1463 3171 olim,
1485 3107 1559 3155 non
1578 3083 1703 3175 modu,
1735 3108 1834 3180 «ego
1852 3086 1927 3183 ipse
1940 3114 1958 3151 u
1976 3087 2036 3182 qui

449 3203 560 3274 modo
578 3203 712 3300 aliquid
728 3202 847 3299 magni
865 3224 941 3273 esse
956 3199 1096 3289 videor,
1120 3215 1157 3270 et
1172 3225 1245 3299 prae
1262 3203 1397 3273 caeteris
1418 3202 1596 3275 adversari
1615 3203 1810 3292 ludaismo,
1827 3219 1863 3276 et
1884 3205 2039 3303 pristina

449 3324 528 3394 vitae
553 3323 765 3414 contrarius,
795 3320 1015 3420 «optabam,
1036 3350 1054 3386 a
1075 3321 1245 3417 inquam,
1273 3347 1370 3421 apro
1395 3320 1561 3394 fratribus
1587 3322 1674 3394 meis
1702 3347 1779 3395 esse
1802 3324 2038 3397 anathemata

449 3442 602 3534 Christo,
622 3470 639 3509 u
655 3442 692 3513 id
711 3455 764 3514 est
780 3441 919 3513 nitebar
935 3438 1054 3511 modis
1073 3439 1244 3511 omnihus
1262 3439 1338 3513 lieri
1355 3443 1531 3540 separatio
1548 3457 1761 3531 nostratum,
1778 3443 1816 3514 id
1832 3457 1884 3514 est
1897 3444 2036 3516 ludaeo-

449 3587 529 3633 rum
553 3587 574 3633 a
596 3562 751 3650 Christo,
781 3574 910 3631 utnon
927 3559 1044 3630 solum
1062 3558 1196 3630 scilicet
1219 3585 1285 3657 ego
1310 3575 1492 3659 separatus
1516 3585 1667 3634 essema
1690 3561 1846 3653 Christe,
1874 3561 1937 3633 sed
1962 3563 2038 3660 ipse

448 3683 602 3754 aliorum
619 3705 733 3752 essem
755 3679 945 3775 separatio,
969 3691 1091 3749 ettam
1115 3676 1234 3751 verbis
1250 3703 1358 3777 quam
1379 3679 1479 3754 factis
1495 3706 1557 3752 eos
1573 3706 1731 3778 quoque,
1751 3683 1813 3779 qui
1834 3683 1866 3753 ei
1879 3682 1953 3776 jam
1972 3706 2036 3778 per

449 3801 559 3872 fidem
576 3799 809 3887 adhaeserant,
828 3797 874 3869 ab
892 3821 936 3868 eo
953 3812 1163 3888 averterem,
1183 3800 1274 3871 sicut
1290 3800 1461 3897 scriptum
1476 3804 1548 3872 est'
1567 3829 1574 3871 :
1595 3801 1748 3872 «Saulus
1765 3800 1885 3872 adhuc
1899 3801 2039 3898 spirans

449 3921 641 4009 minarum,
663 3930 732 3989 etc.
751 3946 768 3982 u
787 3917 853 3987 Vel
869 3917 918 3988 ita
934 3931 974 3987 ut
995 3915 1120 3990 iratres
1142 3942 1243 3989 meos
1259 3933 1455 3990 averterem
1473 3944 1492 3991 a
1510 3919 1663 4011 Christo,
1685 3945 1811 3992 omnes
1827 3920 2040 4017 generaliter

448 4053 608 4111 avertere
620 4037 824 4137 cupiebam,
842 4037 934 4108 sicut
946 4037 1117 4143 scriptum
1135 4052 1202 4128 est,
1223 4051 1262 4108 ut
1276 4038 1306 4110 si
1324 4061 1417 4134 quos
1432 4039 1629 4111 invenirem
1641 4039 1748 4135 hujus
1760 4040 1826 4111 viae
1838 4041 1949 4130 viros,
1960 4064 2035 4111 non

448 4160 613 4231 videlicet
634 4158 752 4230 solum
770 4154 939 4249 ludaeos,
970 4172 1039 4228 etc.
1059 4156 1170 4244 Quod
1186 4173 1305 4229 autem
1332 4158 1456 4230 iratres
1482 4160 1694 4254 generaliter
1714 4158 1809 4231 dicat
1830 4160 2039 4258 quicunque

448 4280 494 4351 de
520 4302 585 4351 suo
615 4302 745 4374 genere
762 4291 857 4366 sunt,
885 4275 921 4347 id
952 4290 1005 4348 est
1032 4276 1213 4373 quoslibet
1236 4276 1390 4370 ludaeos,
1417 4276 1574 4350 declarat
1600 4278 1788 4351 subdens:
1813 4282 1924 4367 «Qui
1955 4294 2040 4351 snut

448 4399 590 4494 cognati
615 4396 685 4468 mei
709 4394 908 4468 secundum
933 4418 1100 4486 carnem,
1117 4424 1134 4461 u
1159 4393 1195 4465 id
1223 4409 1276 4467 est
1300 4395 1345 4468 de
1370 4397 1584 4493 cognatione
1610 4422 1687 4469 mea
1715 4398 1864 4487 carnali,
1894 4413 1929 4469 et
1953 4396 2039 4469 ideo

448 4537 534 4590 tunc
556 4516 803 4589 vehementius
828 4517 950 4586 animo
971 4539 1054 4586 meo
1077 4516 1302 4604 inhaerentes,
1323 4532 1362 4587 ut
1379 4515 1574 4614 plurimum
1594 4544 1661 4617 pro
1684 4519 1735 4591 eis
1752 4542 1905 4615 agerem.
1933 4521 1976 4589 Et
1993 4543 2040 4589 ne

448 4651 587 4710 tantum
608 4660 669 4708 eos
690 4634 939 4732 intelligamus,
962 4634 1023 4731 qui
1042 4632 1088 4705 ad
1113 4630 1246 4705 tribum
1264 4635 1448 4731 Benjamin
1468 4636 1661 4735 pertinent,
1681 4637 1779 4709 unde
1795 4653 1871 4711 erat
1889 4644 2040 4736 Aposto-

446 4761 517 4847 lus,
546 4757 619 4827 imo
647 4754 856 4853 generaliter
883 4765 999 4822 totum
1021 4775 1132 4848 genus
1149 4752 1369 4846 ludaeorum,
1397 4753 1511 4844 addit,
1534 4758 1914 4854 «quisuntlsraelitae,
1934 4757 2041 4829 idest

448 4877 493 4950 de
516 4898 645 4974 genere
662 4872 773 4947 Jacob
793 4869 1016 4962 Patriarchae‚
1036 4873 1097 4967 qui
1119 4872 1217 4969 prius
1232 4871 1343 4946 Jacob
1363 4872 1622 4972 aparentibus,
1643 4876 1878 4975 postmodum
1896 4876 2002 4953 lsrael
2020 4900 2040 4949 a

481 5145 585 5197 *Forsan
597 5149 631 5198 tta
642 5146 780 5207 legendnm.
794 5143 865 5193 turb.
881 5142 1041 5194 contuentia
1054 5156 1109 5194 meu
1121 5144 1239 5196 eculeus.
1253 5172 1285 5185 -
1296 5149 1362 5199 ’Act
1378 5150 1475 5213 apost,
1487 5164 1540 5214 cap.
1554 5165 1588 5213 u,
1602 5167 1626 5201 v.
1643 5157 1664 5204 1.
