4559 6100
448 452 519 525 650
1051 449 1181 523 estut
1208 449 1443 523 tuAEttuut

448 615 483 673 et
502 624 683 673 summum
702 603 780 672 Deo
798 598 1014 672 sacrificium
1034 598 1211 672 oblatum.
1238 603 1317 673 Non
1334 600 1432 672 enim
1449 611 1554 670 tantae
1570 596 1782 695 captivitatis
1806 595 2044 668 calamitatem

448 721 574 792 nisiex
591 743 734 791 summo
757 720 823 791 Dei
849 718 935 790 odio
961 718 1067 790 nobis
1089 733 1280 793 autumant
1301 717 1487 810 accidisse,
1513 729 1548 788 et
1567 717 1672 813 justae
1698 716 1882 815 imputant
1901 713 2044 805 ultioni,

448 862 703 937 quamcunque
724 839 761 909 in
785 862 853 909 nos
874 850 1043 910 exercent
1064 839 1234 911 saevitiam
1257 853 1332 911 tam
1357 835 1504 934 gentiles
1526 861 1637 934 quam
1659 835 1857 908 christiani.
1887 833 2047 907 Gentiles

450 957 595 1056 quidem
632 958 861 1055 antiquarum
897 980 1075 1029 memores
1119 958 1396 1057 oppressionum
1427 954 1559 1053 quibus
1599 979 1726 1027 eorum
1758 953 1877 1052 primo
1914 968 2045 1025 terram

451 1078 698 1178 possedimus,
738 1092 774 1150 et
804 1077 983 1149 diuturnis
1019 1102 1082 1149 eos
1108 1078 1342 1176 postmodum
1375 1076 1681 1177 persecutionibus
1713 1073 1913 1148 attrivimus
1936 1088 2046 1173 atque

451 1197 660 1287 delevimus,
690 1195 863 1296 quicquid
890 1195 996 1269 nobis
1019 1197 1198 1293 ingerunt,
1227 1197 1354 1269 debitae
1376 1199 1555 1297 imputant
1579 1195 1721 1268 ultioni.
1746 1193 1937 1266 Christiani
1960 1217 2045 1266 vero

451 1318 549 1415 quie,
566 1332 605 1389 ut
617 1319 730 1410 aiunt,
746 1342 873 1389 eorum
890 1321 1008 1389 Deum
1021 1315 1279 1405 interfecimus,
1296 1317 1469 1414 majorem
1494 1317 1530 1388 in
1545 1339 1614 1387 nos
1629 1314 1887 1413 persecutionis
1899 1337 2045 1387 causam

454 1436 584 1509 habere
606 1437 786 1509 videntur.
812 1440 902 1508 Ecce
924 1436 1017 1507 inter
1038 1435 1163 1533 quales
1192 1451 1315 1509 nostra
1337 1435 1474 1508 exsulat
1490 1433 1728 1534 peregrinatio
1756 1446 1792 1506 et
1814 1431 1862 1505 de
1885 1456 2045 1529 quorum

452 1555 558 1628 nobis
579 1570 633 1628 est
647 1557 848 1656 patrocinio
865 1554 1132 1629 confitendum!
1154 1556 1310 1628 Summis
1326 1557 1478 1628 inimicis
1497 1557 1626 1628 nostris
1643 1555 1754 1626 vitam
1771 1567 1931 1626 nostram
1945 1577 2046 1625 com·

451 1675 637 1763 mittimus,
656 1690 691 1747 et
703 1676 740 1747 in
757 1674 956 1748 infidelium
971 1673 1081 1746 fidem
1096 1699 1164 1746 nos
1179 1674 1325 1746 credere
1341 1676 1517 1770 cogimur.
1533 1678 1690 1746 Somnus
1707 1674 1796 1771 ipse,
1816 1674 1879 1769 qui
1893 1672 2047 1745 butam

454 1795 606 1866 maxime
632 1795 728 1867 fovet
755 1819 797 1866 ac
824 1807 958 1867 recreat
983 1806 1169 1882 naturam,
1198 1807 1297 1867 tanta
1318 1818 1385 1866 nos
1410 1794 1583 1892 inquietat
1607 1790 1864 1879 sollicitudine,
1892 1805 1932 1864 ut
1956 1791 2047 1864 dor-

454 1913 604 1984 mientes
626 1914 734 1985 etiam
758 1937 833 1985 uon
857 1912 925 1984 nisi
944 1911 990 1983 de
1004 1911 1118 2009 juguli
1139 1914 1255 1985 nostri
1279 1912 1437 2012 periculo
1458 1911 1560 1985 liceat
1582 1911 1752 2007 cogitare.
1770 1912 1955 2007 Nusquam
1978 1912 2047 1982 uisi

454 2030 500 2103 ad
517 2030 649 2104 coelum
667 2046 766 2104 tutus
787 2031 892 2105 nobis
912 2046 1009 2130 patet
1032 2031 1222 2127 ingressus,
1243 2030 1374 2129 quibus
1389 2033 1465 2132 ipse
1486 2032 1594 2104 etiam
1617 2029 1848 2103 habitationis
1871 2029 1972 2102 locus
1994 2045 2049 2103 est

453 2150 687 2249 periculosus.
712 2153 892 2248 Egressuri
916 2151 964 2224 ad
987 2150 1153 2248 quaelibet
1171 2152 1334 2250 proxima
1357 2152 1451 2241 loca,
1467 2151 1600 2250 ipsum,
1622 2150 1669 2222 de
1686 2175 1760 2247 quo
1783 2174 1913 2248 parurn
1935 2149 2048 2222 conli-

454 2270 592 2363 dimus,
618 2271 840 2344 conductum
862 2297 938 2345 nou
962 2271 1107 2345 modico
1129 2273 1245 2370 pretio
1268 2271 1517 2344 conducimus.
1543 2271 1728 2368 Principes
1749 2269 1830 2368 ipsi,
1855 2271 1919 2367 qui
1942 2270 2049 2344 nobis

454 2407 611 2489 presunt
636 2405 672 2464 et
699 2416 854 2489 quorum
880 2394 1032 2489 graviter
1049 2391 1202 2464 emimus
1219 2391 1472 2489 patrocinium,
1500 2405 1600 2464 tauto
1624 2390 1777 2487 amplius
1802 2404 1956 2462 mortem
1982 2416 2048 2464 uo-

454 2524 563 2581 stram
579 2509 795 2601 desiderant,
814 2525 951 2606 quanto
970 2510 1134 2583 licentius
1160 2533 1203 2582 ea
1225 2534 1306 2605 quae
1321 2509 1560 2607 possedimus,
1579 2509 1765 2607 arripiunt.
1785 2508 1926 2595 Quibus
1941 2511 2049 2581 etiam

455 2627 654 2699 constrictis
673 2643 709 2700 ct
726 2631 924 2726 oppressis,
942 2629 1046 2725 quasi
1065 2630 1103 2700 in
1120 2653 1189 2700 uos
1207 2628 1302 2700 solos
1319 2629 1543 2725 conjurasset
1560 2626 1738 2716 muudus,
1757 2626 1830 2699 hoc
1847 2628 1964 2725 ipsum
1984 2629 2049 2700 mi·

455 2743 566 2817 rabdo
579 2761 646 2835 est,
664 2747 692 2817 si
710 2747 830 2818 vivere
847 2746 948 2837 licet,
968 2772 1034 2819 nec
1047 2771 1153 2843 agros
1168 2763 1230 2821 aut
1248 2749 1370 2821 vineas
1392 2762 1455 2820 aut
1470 2762 1629 2820 terrenas
1653 2747 1791 2844 aliquas
1807 2747 2050 2846 possessiones

455 2864 589 2938 habere
613 2865 836 2956 conceditur,
862 2868 1043 2964 quianon
1069 2881 1144 2960 est,
1170 2867 1234 2963 qui
1258 2890 1317 2940 eas
1338 2866 1443 2939 nobis
1468 2865 1516 2940 ab
1541 2865 1771 2939 infestatione
1792 2867 1980 2941 manifesta
1992 2869 2049 2941 vel

456 2984 597 3058 occulta
619 2995 806 3084 protegere
821 2986 947 3085 possit.
968 2985 1072 3060 Unde
1090 2984 1196 3059 nobis
1221 2985 1398 3086 praecipue
1425 3000 1586 3086 superest
1600 2984 1761 3077 lucrum,
1781 3000 1821 3059 ut
1843 2986 2050 3084 alienigenis

457 3105 670 3179 loenerantes
691 3105 777 3178 hinc
802 3106 969 3180 miseram
990 3121 1229 3180 sustentemus
1250 3106 1381 3199 vitam,
1409 3106 1509 3204 quod
1529 3131 1598 3179 nos
1620 3105 1766 3203 quidem
1791 3108 1946 3180 maxime
1965 3108 2050 3208 ipsis

455 3222 564 3297 efficit
584 3223 800 3316 invidiosos,
820 3226 939 3322 quise
964 3224 1001 3297 in
1021 3224 1091 3298 hoc
1108 3224 1303 3324 plurimum
1329 3223 1547 3299 arbitrantur
1563 3240 1739 3321 gravatos.
1766 3228 1820 3297 De
1837 3225 1906 3299 hac
1930 3241 2050 3299 autem

457 3344 535 3415 vitae
560 3359 689 3416 nostrae
715 3345 857 3417 miseria
887 3368 1046 3435 summa,
1073 3358 1110 3417 et
1133 3343 1266 3440 quibus
1289 3344 1506 3418 incessanter
1531 3342 1700 3444 periculis
1721 3343 1946 3435 laboramus,
1973 3347 2050 3444 ipse

457 3462 569 3559 magis
596 3475 708 3535 status
733 3450 857 3536 noster
882 3463 1053 3535 omnibus
1078 3462 1179 3560 loqui
1200 3461 1347 3553 sullicit,
1375 3487 1486 3562 quam
1509 3462 1631 3559 lingua
1648 3463 1773 3561 possit.
1801 3468 1885 3562 lpsa
1903 3488 2050 3563 quoque

457 3581 542 3679 legis
551 3597 740 3681 precepta,
752 3597 887 3681 quanta
895 3581 1103 3655 difficultate
1117 3583 1189 3654 sint
1200 3582 1384 3680 implicita,
1401 3582 1584 3655 neminem
1600 3582 1663 3678 qui
1672 3606 1752 3654 eam
1768 3582 1934 3680 attigerit,
1950 3584 2047 3676 latet,

459 3712 588 3772 uttam
612 3699 803 3772 hominurn
820 3701 1071 3800 oppressione,
1097 3725 1207 3797 quam
1229 3701 1318 3797 jugo
1341 3700 1427 3798 legis
1447 3699 1715 3773 intolerabiliter
1733 3700 1945 3798 affligamur.
1963 3703 2052 3791 Quis

459 3840 533 3888 non
557 3817 676 3916 ipsum
700 3819 982 3893 circumcisionis
1005 3834 1134 3892 uostrae
1159 3833 1442 3911 sacramentum,
1467 3843 1552 3892 cum
1573 3844 1617 3892 ex
1642 3819 1888 3894 erubescentia
1910 3835 1986 3891 tum
2005 3844 2050 3892 ex

459 3960 586 4035 poena,
610 3936 790 4035 suscipere
811 3963 886 4011 non
901 3938 1094 4014 abhorreat
1109 3953 1172 4012 aut
1189 3938 1368 4038 trepidet?
1387 3943 1473 4027 Quae
1491 3952 1564 4012 tam
1580 3953 1704 4014 tenera
1719 3938 1872 4012 humaui
1885 3940 2051 4038 corporis

460 4056 593 4155 portio,
612 4079 721 4151 quam
738 4055 796 4128 illa
823 4058 882 4129 cui
903 4057 998 4132 hauc
1020 4057 1163 4157 plagam
1185 4059 1222 4130 in
1246 4060 1332 4157 ipsis
1353 4083 1500 4156 quoque
1517 4058 1697 4133 infantulis
1716 4057 1773 4132 lex
1789 4057 1938 4155 infligit?
1963 4064 2050 4147 Quoe

460 4188 559 4248 tanta
578 4186 632 4248 est
647 4173 836 4270 agrestium
854 4174 1075 4247 lactucarum
1095 4176 1312 4264 amaritudo,
1329 4202 1420 4275 quas
1436 4179 1472 4249 iu
1491 4177 1725 4253 condimento
1746 4177 1923 4276 paschalis
1938 4178 2050 4251 saeri-

461 4292 531 4368 ficii
549 4291 746 4367 sumimus?
763 4294 850 4383 Quis
869 4318 944 4366 uon
959 4293 1079 4368 videat
1091 4297 1200 4368 etiam
1214 4320 1342 4368 omues
1358 4296 1431 4370 lere
1447 4296 1619 4372 delicatos
1634 4297 1735 4371 cibos
1750 4310 1787 4370 et
1802 4321 1867 4370 eos
1882 4296 2049 4389 maxime,

460 4414 523 4512 qui
543 4413 645 4487 tacite
666 4415 867 4513 comparari
887 4430 1053 4513 possunt,
1076 4414 1183 4489 nobis
1203 4439 1279 4488 esse
1300 4415 1527 4513 prohibitos?
1549 4420 1681 4491 Carnes
1700 4413 2052 4514 quaelibetsbestiis¹

459 4546 677 4633 praeguststae
705 4533 811 4607 nobis
839 4533 1034 4607 immundae
1067 4545 1170 4620 sunt,
1204 4548 1239 4608 et
1263 4535 1429 4632 quelibet
1451 4536 1641 4610 morticina
1664 4535 1721 4609 vel
1744 4535 1920 4610 suffocata
1947 4533 2053 4608 nobis

462 4666 545 4726 sunt
572 4650 773 4728 interdicta.
806 4657 877 4725 Nec
902 4652 948 4727 de
975 4652 1095 4730 bestiis
1124 4654 1232 4728 uobis
1258 4653 1365 4729 edere
1391 4655 1489 4742 licet,
1517 4656 1588 4729 nisi
1612 4679 1703 4753 quas
1727 4675 1796 4728 uos
1822 4655 1892 4754 ipsi
1918 4669 2051 4730 uncta·

494 4961 501 4989 ¹
512 4956 583 5010 uum
591 4958 672 5010 lucrm
680 4959 714 5010 tta
726 4959 855 5020 legendnm
867 4971 921 5009 etse
932 4959 1076 5022 centetum
1087 4961 1129 5022 qut
1141 4960 1173 5010 ab
1183 4961 1277 5013 utttore
1288 4962 1324 5013 ste
1334 4961 1396 5012 ursle
1408 4961 1486 5012 tectus
1496 4968 1539 5012 sut
1549 4963 1693 5014 emendatus
1710 4975 1764 5016 etse
1774 4962 1870 5015 utetur
1886 4961 2004 5026 metue
2018 4962 2053 5016 ul

462 5043 539 5104 attur
551 5037 626 5106 [uus]
635 5047 804 5107 praesuta.
816 5039 872 5093 tut
884 5039 974 5103 seru,
987 5052 1041 5103 esp·
1053 5052 1121 5105 uu,
1135 5053 1159 5094 r.
1171 5042 1211 5093 at.
