4559 6100
484 598 530 666 68
1071 596 1197 668 PETRl
1224 595 1458 668 nssmtnnnl

474 728 611 839 inquit,
631 743 911 841 disciplinarum,
931 767 1041 841 quam
1054 744 1282 817 Dialecticam
1298 760 1439 817 vocant.
1462 751 1544 817 llaec
1560 745 1683 819 docet¹
1699 744 1842 817 docere.
1865 752 1947 820 llaec
1967 749 2070 823 docet

483 864 630 935 discere.
651 868 690 934 lu
715 863 784 935 hac
799 864 950 961 seipsam
964 868 975 902 ¹
991 866 1080 935 ratio
1099 863 1334 955 demonstrat,
1352 878 1459 962 atque
1478 866 1592 963 aperit
1606 888 1685 962 quae
1701 865 1766 953 sit,
1783 865 1870 962 quid
1886 867 1989 956 velit;
2008 872 2070 940 scit

483 985 592 1071 scire3
611 982 687 1054 sola
705 984 855 1054 scientes
878 984 993 1055 lacere
1006 1007 1080 1054 nou
1097 982 1216 1056 solum
1228 985 1323 1071 vult,
1349 982 1533 1056 sedetiam
1549 997 1679 1082 potest.
1696 1013 1713 1049 ι)
1739 982 1840 1055 ldem
1857 986 1894 1057 in
1913 987 2070 1059 secundo

484 1100 527 1170 de
542 1104 715 1173 Doctrina
733 1101 957 1193 Christiano,
977 1125 1060 1173 cum
1077 1103 1170 1174 iuter
1185 1125 1312 1173 omncs
1338 1116 1430 1174 artes
1457 1102 1634 1200 praecipue
1657 1101 1884 1176 Dialecticam
1907 1118 1944 1177 et
1957 1105 2071 1178 Arith-

483 1223 650 1294 meticam
659 1245 766 1293 sacrae
774 1221 910 1320 pagina
923 1222 1138 1293 necessarias
1155 1245 1231 1292 esse
1243 1218 1489 1318 profiteantur,
1501 1219 1597 1292 illam
1611 1219 1758 1317 quidem
1770 1220 1818 1293 ad
1829 1220 2071 1296 dissolvendas

485 1343 709 1438 questiones,
718 1341 812 1412 hauc
828 1341 874 1411 ad
889 1339 1134 1437 allegoriarum
1151 1341 1319 1436 mysteria
1334 1339 1570 1432 discutienda,
1579 1363 1657 1437 quae
1671 1338 1874 1435 frequenter
1889 1342 1926 1413 in
1939 1346 2072 1415 naturis

486 1485 720 1532 numerorum
745 1460 1016 1555 investigamus,
1038 1472 1139 1531 tanto
1164 1457 1315 1557 amplius
1336 1459 1561 1531 Dialecticam
1586 1457 1728 1550 extulit,
1758 1474 1894 1556 quanto
1921 1462 2071 1557 amplius

485 1603 563 1650 eam
581 1579 815 1652 necessariam
834 1577 1043 1673 assignavit,
1058 1576 1105 1650 ad
1120 1601 1247 1649 omues
1259 1576 1422 1650 videlicet
1437 1577 1674 1674 questionum
1693 1575 1934 1650 dubitationes
1947 1582 2071 1651 termi-

484 1698 634 1771 nandas.
648 1699 703 1770 nit
713 1713 833 1770 autem
852 1697 938 1768 sic⁸2
953 1699 1128 1769 «Restant
1145 1721 1185 1767 ea
1202 1720 1281 1794 quae
1295 1721 1369 1768 uon
1384 1696 1431 1768 ad
1442 1697 1603 1794 corporis
1616 1721 1752 1787 sensus,
1765 1697 1829 1769 sed
1840 1696 1885 1769 ad
1898 1698 2072 1771 rationem

484 1819 682 1915 pertinent,
707 1817 769 1890 ubi
798 1815 1023 1914 disciplinam
1053 1814 1306 1914 disputationis
1329 1828 1457 1912 regunt
1482 1828 1518 1887 et
1541 1816 1694 1886 numeri.
1727 1814 1797 1887 Sed
1824 1814 2073 1914 disputationis

483 1936 671 2036 disciplina
692 1937 736 2010 ad
758 1938 880 2008 omnia
901 1960 1030 2033 genera
1046 1934 1284 2033 quaestiouum
1304 1958 1383 2032 quae
1400 1933 1438 2005 in
1455 1933 1586 2005 sanctis
1602 1932 1701 2005 libris
1716 1937 1945 2007 continentur
1963 1934 2072 2034 pluri·

485 2082 586 2129 mum
608 2057 715 2129 valet.
740 2061 873 2128 Tamen
886 2053 937 2126 ibi
953 2054 1115 2127 cavenda
1128 2069 1183 2126 est
1196 2053 1311 2126 libido
1328 2053 1479 2145 rixandi,
1504 2067 1539 2123 et
1551 2052 1696 2152 puerilis
1708 2053 1870 2152 quaedam
1884 2056 2072 2126 ostentatio

484 2176 686 2275 decipiendi
707 2174 962 2247 adversarium.
992 2178 1082 2247 Sunt
1098 2176 1196 2246 euim
1213 2174 1360 2272 quidem
1377 2172 1489 2245 multa
1505 2198 1584 2271 quae
1600 2172 1825 2272 appellantur
1840 2173 2069 2272 sophismata,

483 2297 573 2366 sicut
598 2295 847 2369 conclusiones
870 2296 1069 2384 rationum,
1095 2309 1129 2366 et
1151 2293 1364 2392 plerumque
1388 2294 1437 2365 ita
1459 2316 1562 2364 veras
1586 2293 1782 2384 imitantes,
1799 2288 1843 2365 iu
1865 2318 1939 2364 non
1956 2294 2086 2395 solum·

484 2412 617 2506 tardos,
643 2412 925 2508 sedingeniosos
940 2413 1047 2483 etiam
1061 2413 1181 2483 minus
1199 2425 1353 2483 attentos
1369 2410 1560 2510 decipiant.
1584 2411 1692 2498 Quod
1710 2435 1821 2507 genus
1836 2413 2073 2508 captiosarum

482 2533 757 2604 conclusionum
770 2532 964 2629 Scriptura,
984 2544 1159 2628 quantum
1174 2531 1349 2621 existimo,
1366 2528 1557 2602 detestatur
1573 2531 1635 2602 illo
1651 2532 1733 2602 loco
1747 2530 1809 2602 uhi
1825 2530 1960 2602 dictum
1976 2536 2068 2603 est‘:

486 2655 586 2740 «Qui
604 2652 796 2751 sophistice
808 2649 985 2747 loquitur,
1000 2648 1144 2721 odibilis
1160 2665 1225 2721 est.
1241 2678 1259 2717 n
1278 2651 1349 2737 Qui
1367 2674 1508 2721 rursum
1524 2650 1560 2721 in
1577 2649 1717 2740 eodem,
1738 2674 1820 2722 cum
1838 2650 1874 2720 in
1892 2650 1976 2746 ipsis
1991 2651 2071 2748 phi·

482 2770 718 2867 losophorum
741 2766 846 2839 dictis
864 2790 1031 2862 magnam
1055 2790 1199 2837 morum
1220 2766 1511 2861 edificationem,
1542 2782 1577 2840 et
1601 2767 1734 2841 nullam
1753 2768 1799 2840 de
1821 2767 1892 2839 lide
1917 2782 1952 2838 et
1973 2768 2071 2841 cultu

484 2892 589 2959 unius
604 2890 669 2959 Dei
684 2888 885 2961 doctrinam
899 2889 1155 2980 consideraret,
1166 2890 1296 2987 adjecit
1312 2904 1419 2988 atque
1431 2890 1500 2960 ait:
1520 2916 1538 2957 n
1552 2886 1760 2986 Philosophi
1774 2889 1834 2985 qui
1853 2901 2026 2959 vocantur
2043 2891 2071 2959 si

483 3032 554 3106 qua
576 3007 667 3079 sorte
683 3020 719 3079 et
730 3007 815 3082 fidei
831 3023 961 3080 nostrae
973 3009 1245 3082 accommodata
1260 3009 1445 3104 dixerunt,
1471 3007 1624 3083 maxime
1641 3007 1833 3100 Platonici3
1864 3031 1937 3078 nou
1955 3007 2073 3079 solum

484 3125 709 3198 formidanda
728 3152 803 3198 non
820 3141 922 3216 sunt,
948 3126 1011 3198 sed
1034 3129 1141 3201 etiam
1157 3128 1204 3200 ab
1220 3130 1270 3201 eis
1284 3146 1456 3228 tanquam
1478 3131 1616 3228 injustis
1637 3127 1900 3230 possessoribus
1917 3129 1952 3199 in
1971 3152 2073 3199 usum

485 3260 646 3319 nostrum
664 3244 892 3318 vindicanda.
911 3247 1009 3318 Sicut
1025 3249 1120 3320 enim
1140 3253 1313 3347 AEgyptus
1334 3275 1408 3322 non
1428 3264 1566 3322 tautum
1582 3251 1679 3323 idola
1694 3249 1849 3323 habebat
1865 3273 1944 3345 quae
1960 3271 2073 3346 popu·

483 3366 538 3437 lus
559 3366 665 3437 lsrael
682 3363 932 3456 detestaretur,
960 3365 1022 3438 sed
1046 3366 1153 3438 etiam
1169 3391 1254 3439 vasa
1275 3382 1382 3466 atque
1399 3384 1610 3442 ornamenta
1624 3369 1669 3440 de
1685 3394 1776 3442 auro
1798 3381 1833 3440 et
1849 3382 2014 3465 argento,
2039 3379 2074 3436 et

485 3498 619 3556 vestem
629 3508 738 3581 quarn
746 3484 825 3582 ipse
835 3483 991 3582 populus
1002 3487 1122 3558 exiens
1135 3485 1182 3558 de
1193 3490 1346 3585 AEgypto
1354 3486 1422 3560 sibi
1436 3489 1570 3586 potius,
1584 3503 1768 3583 tamquam
1777 3486 1823 3560 ad
1841 3511 1943 3558 usum
1954 3483 2074 3557 melio

485 3628 574 3694 rem,
595 3601 758 3675 clanculo
770 3602 986 3674 venditavit*
999 3618 1177 3701 praecepto
1193 3607 1275 3697 Dei,
1291 3607 1376 3705 ipsis
1393 3607 1563 3706 AEgyptiis
1580 3608 1778 3679 nescienter
1794 3603 2076 3679 accommodan-

485 3721 580 3792 tibus
600 3746 642 3792 ea
662 3718 792 3818 quibus
816 3744 891 3792 nou
907 3720 1000 3792 bene
1018 3720 1210 3794 utebantur
1230 3751 1238 3792 ε
1259 3725 1309 3795 sic
1327 3723 1497 3797 doctrinae
1518 3750 1644 3797 omnes
1661 3724 1843 3826 gentilium
1860 3737 1895 3794 et
1911 3719 2075 3792 liberales

450 3919 464 3934 ,
485 3837 679 3937 disciplinae
696 3839 776 3910 usui
792 3840 948 3912 veritatis
964 3841 1133 3938 aptiores,
1153 3843 1258 3914 etiam
1273 3868 1413 3915 morum
1430 3844 1593 3941 quedam
1610 3857 1783 3944 praecepta
1794 3843 1995 3927 continent,
2010 3837 2075 3909 de-

474 3983 556 4055 que
575 3960 654 4056 ipso
672 3962 750 4029 Deo
766 3956 919 4030 colendo
942 3959 1117 4032 nonnulla
1133 3984 1217 4032 vera
1234 3961 1330 4060 apud
1345 3986 1407 4035 eos
1426 3964 1668 4035 inveniuntur.
1686 3995 1703 4028 n
1720 3966 1808 4033 ltem
1824 3961 1861 4031 in
1880 3958 2012 4032 eodem
2028 3957 2076 4029 de

486 4078 730 4178 philosophis:
748 4108 766 4145 α
777 4078 964 4152 Dederunt
982 4104 1123 4173 aurum,
1134 4096 1380 4177 etargentum,
1393 4097 1427 4154 et
1446 4096 1579 4155 vestem
1595 4107 1696 4156 suam
1709 4081 1853 4155 exeunti
1868 4079 2077 4176 deAEgypto

486 4199 623 4298 populo
648 4200 736 4290 Dei,
762 4200 959 4273 nescientes
981 4199 1289 4298 quemadmodum
1312 4200 1370 4273 illa
1391 4226 1471 4299 quae
1493 4200 1627 4273 dabant
1646 4201 1684 4273 iu
1707 4198 1836 4272 Christi
1862 4197 2077 4295 obsequium

485 4317 734 4392 redderentur.
750 4350 766 4385 Ι
782 4322 937 4392 Noverat
955 4321 1073 4416 itaque
1094 4322 1160 4392 iste
1180 4319 1506 4393 Ecclesiasticorum
1523 4320 1697 4392 maximus
1714 4323 1863 4410 Doctor,
1881 4315 2079 4415 aphiloso·
2101 4375 2103 4390 .

488 4434 572 4535 phia
589 4437 675 4509 olim
689 4436 810 4534 gentili
825 4438 872 4510 ad
891 4463 1024 4529 veram,
1048 4464 1127 4538 quae
1139 4438 1299 4511 Christus
1317 4454 1382 4532 est,
1402 4438 1567 4538 sophiam
1582 4463 1788 4530 conversus,
1805 4461 1884 4535 quae
1901 4436 1938 4506 in
1953 4433 2078 4532 phito-

487 4556 644 4655 sophicis
666 4555 712 4629 de
728 4562 804 4628 Deo
820 4558 953 4654 legerat
966 4561 1124 4658 scriptis,
1153 4573 1188 4631 et
1206 4583 1315 4656 quam
1327 4558 1514 4656 iudignum
1528 4556 1794 4659 philosophicas
1806 4578 1951 4653 quoque
1969 4551 2078 4624 disci·

487 4676 619 4772 plinus,
651 4700 731 4773 quae
757 4677 848 4747 iuter
874 4679 1028 4750 maxima
1050 4678 1147 4751 dona
1174 4680 1238 4751 Dei
1260 4704 1400 4777 semper
1426 4680 1461 4751 in
1488 4679 1591 4749 terris
1616 4676 1865 4766 effloruerunt,
1893 4687 2079 4747 auctorem

485 4819 590 4867 sunm
606 4809 713 4892 atque
730 4796 892 4867 omnium
910 4821 986 4868 non
1002 4821 1215 4893 agnoscere,
1234 4800 1315 4869 etei
1333 4823 1478 4896 quoque
1496 4798 1554 4868 cui
1568 4794 1818 4893 obtemperant
1834 4794 1978 4883 omnia,
2003 4816 2081 4863 uon

518 5063 522 5088 ¹
540 5060 600 5110 itale
616 5064 674 5122 regu
692 5063 763 5112 amb.
776 5062 828 5112 ttoc
843 5060 921 5122 decen
938 5069 984 5114 etc
1000 5090 1028 5101 -
1040 5068 1048 5097 ²
1059 5065 1100 5115 stc
1115 5065 1176 5117 ooo
1190 5067 1251 5118 vict
1306 5092 1337 5103 -
1348 5070 1356 5098 ⁴
1369 5063 1457 5127 Beth,
1468 5080 1523 5130 cap.
1534 5077 1631 5126 xum,
1643 5077 1666 5112 v.
1678 5065 1718 5115 28·
1732 5086 1760 5098 -
1772 5063 1781 5092 ⁴
1791 5059 1831 5112 Sic
1842 5059 1902 5111 flod·
1916 5060 1977 5110 vlet.
1992 5061 2088 5110 venas·

485 5141 579 5202 Scipsn
591 5140 714 5192 amn-d
726 5142 778 5193 ΙΙΙ).
792 5141 823 5202 ΙΙ,
832 5156 885 5206 cap.
897 5156 967 5198 xxxi.
980 5145 1034 5208 opp
1046 5180 1055 5206 ,
1071 5153 1089 5195 t.
1101 5145 1144 5204 ΙΙΙ,
1157 5149 1203 5196 col.
1213 5151 1251 5198 ³8.
1307 5145 1375 5195 croit
1386 5145 1456 5195 turb.
