4559 6100
436 429 506 501 550
1033 424 1162 498 PETRI
1187 424 1421 500 inmittit

435 593 554 649 tamen
578 576 647 647 sibi
672 578 824 649 invicem
841 564 843 571 ¹
860 601 925 674 per
952 564 1243 675 praedicationem
1278 602 1354 649 non
1376 579 1588 674 jungamus,
1614 591 1655 649 ut
1680 575 1844 649 videlicet
1866 574 2030 649 dicamus

436 702 575 770 Patrem
602 719 678 767 esse
701 696 964 794 paternitatem,
991 712 1027 769 et
1047 721 1067 769 e
1089 721 1277 769 converso.
1302 698 1339 769 Si
1361 699 1458 771 euim
1482 703 1584 771 Pater
1604 711 1696 773 esset
1712 695 1924 796 paternitas,
1947 718 2031 792 pro·

435 817 529 887 fecto
545 840 588 887 ex
611 802 883 913 participatione
900 817 1009 893 Patris
1028 831 1120 887 esset
1141 816 1377 912 assignandus
1391 821 1504 896 Pater,
1524 831 1564 889 ut
1585 816 1749 889 videlicet
1773 816 1870 888 idem
1883 815 2029 913 penitus

435 947 539 1023 esset,
565 930 722 1027 aliquem
745 955 821 1002 esse
846 955 930 1002 eum
952 932 1014 1026 qui
1039 945 1143 1029 pater
1158 945 1224 1019 est,
1249 926 1286 1001 et
1302 956 1387 1003 eum
1401 929 1535 1004 habere
1560 933 1597 1003 in
1617 955 1654 1003 se
1670 931 1940 1030 paternitatem,
1959 929 2031 1003 hoc

436 1064 488 1120 est
510 1072 594 1120 eum
615 1072 692 1120 esse
708 1064 865 1147 patrem,
889 1049 987 1147 quod
1015 1046 1167 1122 omnino
1187 1049 1315 1125 falsum
1336 1064 1402 1123 est.
1419 1052 1563 1149 Quippe
1586 1052 1677 1124 siem
1700 1050 1799 1127 aliud
1821 1064 1875 1121 est
1896 1049 2031 1146 aliquid

435 1193 512 1241 esse
536 1168 575 1240 id
600 1167 699 1264 quod
727 1185 781 1241 est
808 1171 921 1267 prius,
946 1168 1003 1241 vel
1027 1169 1063 1240 id
1090 1167 1191 1267 quod
1218 1184 1270 1242 est
1295 1185 1524 1269 perpetuum,
1551 1194 1660 1267 quam
1686 1173 1806 1268 ipsum
1829 1192 1907 1241 esse
1930 1170 2031 1266 prius

435 1287 492 1359 vel
513 1312 589 1360 esse
606 1302 842 1386 perpetuum
870 1286 920 1359 ibi
941 1290 1076 1387 quippe
1096 1313 1153 1360 res
1177 1289 1353 1381 formatae,
1379 1288 1440 1361 hic
1457 1289 1580 1361 formae
1594 1290 1675 1388 ipsa
1698 1289 1936 1388 pradicanutr
1954 1314 1963 1358 t
1982 1289 2031 1361 ita

436 1406 534 1478 aliud
557 1420 612 1478 est
633 1406 766 1504 aliquid
794 1431 868 1479 esse
892 1432 976 1479 eum
996 1409 1058 1505 qni
1078 1422 1180 1505 pater
1198 1423 1271 1502 est,
1296 1432 1406 1505 quam
1434 1409 1552 1507 ipsum
1579 1433 1656 1481 esse
1681 1423 1821 1507 patrem
1840 1433 1849 1483 t
1868 1408 1940 1479 hoc
1956 1422 2026 1490 est,

437 1527 535 1598 aliud
554 1543 607 1598 est
624 1529 742 1625 ipsum
760 1552 836 1598 esse
857 1552 941 1599 eum
960 1528 1023 1625 qui
1038 1526 1149 1600 habet
1165 1530 1433 1625 paternitatem,
1454 1552 1565 1625 quam
1585 1529 1703 1626 ipsum
1721 1527 1855 1601 habere
1875 1527 2031 1625 paterni-

436 1659 559 1735 tatem,
585 1646 668 1718 licet
687 1646 778 1718 illud
799 1644 875 1719 sine
903 1646 975 1718 hoc
995 1671 1070 1718 non
1087 1649 1201 1745 possit
1220 1672 1308 1720 esse.
1328 1648 1400 1736 Qui
1424 1648 1544 1745 itaque
1558 1646 1647 1720 dicit
1665 1647 1713 1719 de
1732 1646 1855 1744 aliquo
1878 1645 1964 1742 quia
1978 1661 2030 1718 est

436 1780 549 1860 pater,
568 1766 832 1862 paternitatem,
852 1789 927 1837 non
947 1782 1086 1864 patrem
1106 1767 1287 1864 praelicat.
1309 1769 1347 1839 Si
1363 1790 1450 1839 vero
1471 1766 1606 1838 diceret
1621 1766 1704 1863 quia
1725 1781 1780 1837 est
1800 1767 1830 1837 is
1851 1766 1913 1862 qui
1930 1778 2029 1863 pater

436 1899 501 1975 est,
519 1884 591 1957 hoc
608 1886 739 1982 estqui
757 1884 867 1957 habet
882 1888 1155 1984 paternitatem
1172 1901 1258 1959 tnnc
1274 1888 1399 1985 utique
1417 1901 1557 1985 patrem
1572 1887 1692 1985 ipsum
1707 1885 1930 1984 predicaret.
1950 1888 2026 1958 Non

436 2017 488 2074 est
515 2004 635 2099 itaque
661 2009 764 2077 Pater
789 2004 999 2102 paternitas,
1028 2030 1112 2078 cnm
1132 2031 1176 2079 er
1200 2007 1472 2105 participatione
1493 2007 1608 2104 patris
1628 2028 1705 2077 nun
1729 2005 1774 2077 sit
1798 2003 2028 2100 assignandus

436 2137 554 2218 pater;
575 2124 637 2194 sed
661 2149 705 2196 ex
723 2124 1009 2222 participatione,
1032 2140 1074 2196 ut
1092 2125 1317 2212 dictumest,
1336 2125 1570 2224 paternitatis.
1590 2123 1661 2196 Sed
1677 2146 1835 2221 nequeo
1857 2144 2028 2195 converso

435 2239 703 2333 paternitas'est
726 2243 843 2330 Pater,
868 2238 941 2311 hoc
963 2255 1016 2312 est
1038 2239 1177 2312 habeus
1202 2241 1451 2339 paternitatem
1476 2254 1638 2337 respectu
1657 2237 1732 2310 Filii
1757 2238 1832 2331 sui,
1851 2263 1935 2310 cum
1956 2240 2029 2336 ipsa

436 2359 587 2430 omnino
613 2356 811 2430 substantia
830 2382 905 2428 non
927 2358 989 2451 sit,
1002 2372 1055 2430 ·ut
1077 2382 1120 2430 ex
1143 2358 1258 2458 seipsa
1277 2359 1405 2431 Filium
1424 2359 1567 2456 gignere
1583 2358 1713 2457 possit,
1732 2358 1796 2430 sed
1814 2358 1927 2456 magis
1949 2381 2029 2456 pro·

436 2477 569 2573 prietas
585 2475 712 2565 relatio
728 2475 932 2548 substantiae
947 2491 1013 2567 est,
1031 2501 1142 2574 quam
1158 2477 1367 2550 substantia.
1386 2478 1457 2550 Sed
1474 2478 1550 2549 haec
1567 2501 1666 2549 nnnc
1681 2477 1778 2549 satis.

485 2588 655 2683 Superest
679 2601 801 2656 autem
824 2587 1017 2659 novissima
1041 2588 1204 2683 quaestio,
1230 2587 1418 2686 quomodo
1441 2588 1575 2660 scilicet
1597 2587 1694 2663 hnnc
1720 2585 1829 2660 fidem
1853 2585 2028 2659 Trinitatis

437 2703 502 2775 soli
525 2704 715 2776 Christiani
731 2717 894 2795 teneant,
918 2719 954 2777 et
971 2730 1048 2776 non
1071 2706 1181 2777 etiam
1201 2706 1259 2778 vel
1280 2705 1393 2778 Judaei
1416 2706 1475 2778 vel
1495 2706 1665 2781 Gentiles.
1685 2709 1777 2779 Cum
1798 2704 1895 2777 enim
1911 2707 2027 2779 Deum

437 2847 514 2895 esse
539 2826 679 2895 Patrem
703 2838 739 2895 et
763 2823 892 2895 Filium
918 2837 955 2895 et
978 2825 1149 2922 Spiritum
1172 2840 1351 2917 sanctum,
1372 2824 1441 2897 tale
1461 2825 1520 2915 sit,
1552 2839 1593 2896 ut
1618 2825 1786 2917 diximus,
1810 2828 1929 2896 Deum
1955 2847 2030 2896 mne

439 2943 652 3032 Potentiam,
675 2955 716 3014 ut
733 2940 871 3015 dictum
891 2957 958 3032 est,
979 2959 1222 3038 generantem,
1241 2960 1277 3016 et
1293 2944 1513 3043 Sapientiam
1529 2944 1699 3040 genitam,
1718 2959 1756 3017 et
1772 2942 2028 3039 Benignitatem

437 3063 708 3159 procedentem,
736 3088 821 3135 cum
846 3062 942 3136 istud
963 3088 1072 3136 nemo
1088 3063 1263 3137 discretus
1279 3064 1456 3161 ambigat,
1477 3065 1549 3136 sive
1565 3063 1722 3152 ludseus,
1746 3063 1822 3135 sive
1844 3060 1996 3135 Gentilis
2017 3088 2025 3132 :

436 3183 573 3257 nemini
596 3181 671 3254 haec
696 3181 786 3257 fides
814 3183 938 3257 deesse
954 3184 1114 3275 videtur;
1136 3185 1237 3282 quod
1259 3200 1295 3259 et
1314 3210 1382 3257 nos
1407 3182 1554 3282 quidem
1571 3182 1817 3271 concedimus,
1845 3196 2028 3279 sequentes

436 3302 649 3400 Apostolum
675 3304 738 3400 qui
759 3303 827 3375 ait¹
848 3330 856 3373 :
880 3303 1021 3392 «Quod
1045 3318 1174 3377 notum
1196 3319 1248 3376 est
1271 3305 1353 3395 nei,
1382 3304 1610 3378 manifestum
1633 3316 1686 3375 est
1710 3300 1806 3374 illis:
1825 3330 1843 3368 a
1863 3325 1906 3372 ac
1926 3301 1957 3372 si
1978 3300 2029 3373 di·

436 3437 533 3494 ceret
549 3449 559 3493 ε
578 3421 686 3509 Quod
702 3422 749 3495 ad
766 3422 989 3496 divinitatem
1003 3425 1160 3524 pertinet
1174 3425 1313 3498 ratione
1328 3425 1532 3523 percipiunt
1549 3449 1558 3492 ε
1576 3423 1661 3521 quia
1677 3422 1754 3496 haec
1772 3421 1818 3494 de
1835 3425 1913 3494 Deo
1931 3434 2029 3496 nant·

437 3542 557 3615 taliter
581 3545 672 3616 ratio
690 3567 985 3642 unumquemque
1008 3546 1150 3618 edocet.
1177 3545 1282 3618 Unde
1307 3561 1342 3618 et
1367 3545 1531 3643 superius
1552 3570 1638 3617 cum
1665 3542 1932 3616 Platonicorum
1955 3564 2030 3616 sen·

438 3663 566 3734 tentiae
582 3661 628 3734 de
645 3662 763 3735 Verbo
780 3664 847 3736 Dei
864 3666 1081 3759 Augustinus
1099 3680 1341 3765 praesentaret,
1362 3666 1479 3737 solum
1496 3663 1597 3762 quod
1618 3663 1665 3736 ad
1684 3662 1906 3736 divinitatem
1924 3659 2030 3734 Verbi

437 3780 591 3873 pertinet
615 3806 653 3852 se
677 3782 713 3853 in
741 3783 793 3853 eis
807 3784 981 3881 reperisse
1004 3783 1244 3873 confirmavit,
1269 3801 1305 3856 et
1329 3783 1418 3856 nihil
1434 3783 1481 3856 de
1497 3782 1756 3856 lncamationis
1779 3780 1968 3877 mysterio,
1992 3781 2027 3851 iu

438 3922 513 3994 quo
542 3912 654 3970 totam
681 3901 803 3973 salutis
829 3902 996 3977 humanae
1023 3929 1202 3978 summam
1228 3906 1421 3977 consistere
1449 3917 1589 3976 certum
1611 3917 1681 3994 est,
1709 3903 1785 3974 sine
1798 3924 1883 3997 ¹quo
1904 3899 2028 3972 frustra

438 4031 555 4090 cetera
580 4018 788 4092 creduntur.
808 4023 923 4096 Facile
938 4037 1059 4096 autem
1076 4026 1245 4098 convinci
1259 4026 1406 4124 poterit,
1426 4049 1488 4096 eos
1506 4046 1653 4122 quoque
1674 4022 1737 4118 qui
1759 4032 1883 4094 nostra
1897 4017 1944 4091 de
1961 4016 2030 4091 lide

439 4136 549 4211 verba
572 4138 789 4231 abhorrent,
816 4167 901 4214 cum
927 4142 1094 4216 videlicet
1118 4144 1270 4217 audiunt
1296 4150 1413 4216 Dcum
1439 4149 1580 4217 Patrem
1608 4155 1645 4215 et
1671 4145 1791 4215 Deum
1818 4138 1968 4229 Filium,
1993 4138 2029 4208 in

439 4281 583 4330 sensum
597 4258 792 4332 verborum
809 4260 914 4335 nobis
936 4287 1012 4335 esse
1028 4262 1255 4360 conjunctos.
1276 4268 1541 4360 interrogemus
1560 4263 1657 4334 enim
1674 4284 1750 4349 eos,
1768 4260 1798 4331 si
1813 4257 2030 4357 Sapientiam

432 4375 498 4449 Dei
525 4377 693 4466 credant,
720 4379 767 4451 de
792 4402 864 4476 qua
889 4382 1061 4480 scriptum
1087 4387 1167 4472 est’,
1191 4384 1358 4457 «Omnia
1382 4384 1420 4455 in
1445 4382 1624 4481 Sapientia
1650 4377 1761 4454 fecisti
1781 4405 1790 4449 ε
1813 4405 1832 4446 n
1853 4391 1888 4452 et
1912 4376 2030 4448 statim

431 4497 703 4593 respondebunt
719 4522 757 4570 se
773 4498 934 4573 credere.
953 4502 1152 4575 luseramus
1167 4501 1299 4574 deinde
1315 4503 1573 4575 convenienter
1588 4523 1652 4572 eos
1664 4499 1702 4572 in
1715 4496 1789 4569 hoc
1805 4498 1886 4595 ipso
1901 4495 2029 4568 Filium

431 4615 498 4686 Dei
514 4616 606 4689 sicut
623 4632 660 4688 et
673 4642 741 4690 nos
758 4618 918 4710 credere,
937 4645 1021 4692 cum
1037 4629 1105 4694 n'os
1122 4621 1289 4694 videlicet
1312 4621 1411 4693 idem
1428 4619 1666 4716 intelligamus
1682 4640 1748 4716 per
1763 4613 1938 4705 Verbum,
1959 4613 2031 4688 sive

433 4758 497 4829 per
523 4734 651 4807 Filium
678 4737 766 4827 Dei,
799 4737 899 4835 quod
930 4739 981 4811 illi
1005 4765 1070 4839 per
1097 4741 1314 4839 Sapientiam
1343 4742 1422 4813 Dei.
1455 4739 1624 4837 Quisquis
1651 4750 1771 4810 autem
1797 4733 1926 4807 Filium
1955 4755 2030 4804 esse

463 5007 469 5036 ¹
481 5009 564 5068 item..
575 5024 631 5073 cap.
642 5023 663 5073 r,
676 5023 699 5064 r.
715 5013 752 5065 19.
768 5038 798 5052 ·-
810 5011 926 5064 ’holm
942 5026 993 5075 cm,
1009 5028 1031 5065 r.
1043 5017 1083 5066 at.
