4559 6100
453 574 525 647 276
1051 581 1184 653 *curm
1208 582 1443 656 tsAELtuot

446 726 589 820 ,genitus
613 727 753 804 dicatur
776 729 961 802 Christus?
986 731 1203 829 Respondet,
1230 732 1340 806 babet
1364 731 1510 831 quidem
1538 731 1673 833 plnres,
1699 729 1763 803 sed
1785 753 1851 829 per
1876 725 2041 825 adoptio-

426 952 429 958 ·
450 866 548 934 nem,
573 870 648 922 non
669 871 735 944 per
750 863 930 922 naturam.
953 851 1045 937 Quis
1064 865 1100 922 et
1116 876 1180 924 vos
1200 853 1269 951 ipsi
1285 852 1451 949 spiritum
1467 850 1674 949 adoptionis
1691 847 1889 947 accepistis,
1906 847 1944 917 io
1967 870 2041 944 quo

448 960 653 1037 efficiuntur
670 964 733 1039 lilii
759 968 835 1039 Dei.
856 966 961 1039 Unde
983 981 1020 1039 et
1036 969 1111 1065 ipse
1127 968 1214 1041 alibi
1235 970 1342 1043 dicit¹
1360 997 1368 1039 :
1391 1000 1409 1038 n
1423 970 1531 1058 Quod
1548 970 1678 1042 caritas
1694 969 1759 1040 Dei
1782 966 1913 1039 dillusc
1930 979 1983 1037 est
2003 965 2041 1037 in

448 1082 620 1162 cordibus
647 1087 778 1160 nostris
801 1112 867 1187 per
889 1087 1062 1186 Spiritum
1086 1103 1251 1162 sanctum
1274 1091 1338 1187 qui
1365 1089 1471 1162 datus
1495 1105 1548 1162 est
1573 1090 1693 1162 nobis.
1709 1118 1727 1155 n
1746 1087 1898 1186 Spiritus
1922 1086 2041 1181 itaque

448 1201 655 1302 adoptionis
681 1205 823 1280 donum
841 1206 973 1280 dicitur
996 1208 1165 1296 caritatis,
1192 1234 1257 1309 per
1279 1209 1381 1308 quod
1405 1210 1622 1308 adoptamur
1638 1232 1659 1281 a
1676 1212 1753 1280 Deo
1778 1208 1815 1279 in
1839 1204 1944 1277 fflios.
1968 1206 2038 1275 uln

448 1346 535 1418 quo,
554 1325 724 1398 »scilicet
741 1327 882 1426 spiritu,
901 1326 938 1398 id
959 1342 1013 1399 est
1029 1327 1065 1399 in
1090 1328 1313 1425 professione
1329 1343 1365 1402 et
1383 1330 1630 1426 recognitione
1651 1329 1753 1424 cujus
1777 1326 1883 1416 doni,
1902 1347 1970 1395 nos
1992 1320 2039 1394 ad

448 1444 672 1522 Dominum«
683 1447 880 1520 clamamus
896 1478 914 1514 »
933 1448 1083 1540 intente,
1102 1463 1211 1544 etque
1227 1448 1430 1522 exultanter
1450 1448 1616 1542 dicimus,
1630 1477 1647 1516 e
1662 1446 1761 1519 Abba
1772 1451 1886 1530 Pater,
1897 1472 1915 1512 u
1932 1441 2040 1514 idest

448 1585 532 1633 eum
556 1566 677 1662 potius
696 1566 910 1665 profitemur
934 1591 1010 1639 esse
1033 1583 1171 1665 patrem
1194 1592 1304 1667 quam
1330 1569 1542 1654 Dominum,
1569 1591 1612 1640 ac
1634 1591 1699 1665 per
1724 1564 1796 1636 hoc
1824 1587 1893 1636 nos
1918 1562 2041 1659 potius

447 1676 540 1760 lilios
562 1706 672 1779 quam
695 1709 820 1760 servos
843 1685 1150 1781 recognoscimus.
1170 1686 1227 1758 Sic
1243 1687 1341 1759 enirn
1363 1700 1400 1759 et
1416 1685 1553 1758 Veritas
1570 1686 1606 1757 in
1627 1683 1818 1779 Evangelio
1834 1680 2038 1777 frequenter

446 1797 571 1882 docuit
597 1827 668 1875 nos.
690 1803 824 1877 scilicet
847 1808 966 1876 Deum
982 1804 1104 1904 potius
1131 1829 1261 1878 vocure
1287 1810 1428 1879 Patrem
1451 1829 1560 1903 quaro
1586 1804 1798 1891 Dominum,
1828 1815 1868 1871 ut
1894 1825 1937 1872 ex
1966 1799 2037 1870 hoc

445 1943 593 2017 quoque
608 1920 656 1993 ad
674 1921 818 1997 filialem
838 1937 905 1996 nos
926 1922 1132 1995 hortaretur
1154 1924 1426 2022 subjectionem.
1449 1924 1552 1997 Unde
1576 1939 1710 1995 etcum
1733 1921 1832 1994 illam
1856 1918 2037 2018 discipulis

445 2038 664 2135 spiritualem
682 2042 838 2115 traderet
854 2043 1056 2115 orationem
1067 2046 1100 2113 ¹:
1123 2047 1351 2136 «orantes»
1371 2045 1500 2141 inquit,
1523 2074 1540 2111 u
1559 2042 1667 2132 dicite
1687 2069 1696 2114 ε
1718 2046 1820 2113 Pater
1837 2052 1958 2111 noster
1974 2041 2036 2136 qui

444 2180 483 2226 es
498 2157 536 2228 in
549 2159 659 2250 coelis,
676 2175 746 2234 etc.
764 2189 782 2228 u
802 2162 907 2234 Unde
923 2160 1018 2234 bene
1037 2161 1191 2236 Abbates
1207 2163 1506 2236 Mouasteriorum
1526 2167 1646 2236 Patres
1661 2161 1828 2248 dicimus,
1843 2174 1883 2231 ut
1899 2182 1942 2230 ex
1958 2158 2035 2256 ipso

444 2278 593 2356 nornine
607 2280 719 2375 magis
731 2280 842 2353 amari
855 2295 1027 2377 tanquam
1040 2296 1172 2379 patres,
1185 2306 1295 2378 quam
1307 2267 1423 2355 timeri
1436 2298 1609 2379 tanquam
1621 2279 1767 2351 Domini
1781 2294 1902 2376 aperte
1915 2275 2036 2349 admo

443 2409 610 2474 ocantur.
623 2426 640 2465 n
653 2398 869 2490 Clamamus,
887 2428 904 2467 u
923 2400 1058 2497 inquit,
1073 2425 1141 2473 nos
1153 2400 1294 2474 Hebraei
1310 2432 1327 2468 α
1344 2401 1457 2494 Abba,
1479 2432 1496 2469 s
1516 2424 1642 2474 noser
1659 2398 1837 2470 Gentibus
1851 2426 1868 2465 c
1882 2401 1998 2488 Pater,
2016 2427 2032 2462 u

442 2537 526 2585 cum
545 2514 617 2590 hoc
636 2516 771 2592 scilicet
787 2543 922 2591 nomen
939 2520 985 2591 sit
999 2517 1191 2592 Hebraeum
1202 2521 1287 2593 ⁴siue
1303 2525 1454 2618 Syrum,
1474 2519 1563 2593 illud
1583 2522 1749 2591 Graecum
1765 2517 1840 2589 sive
1856 2516 2032 2588 Latinum.

445 2634 659 2731 Augustinus
676 2637 712 2709 in
730 2639 889 2738 Epistola
905 2637 956 2709 ad
966 2637 1139 2710 Galatas:
1156 2638 1286 2712 «Abba
1306 2645 1453 2733 Pater,>›
1472 2638 1547 2712 duo
1563 2650 1648 2710 sunt
1666 2634 1788 2729 verba,
1804 2657 1883 2733 quae
1900 2635 2032 2732 posuit,

442 2766 482 2824 ut
501 2756 699 2851 posteriore
715 2757 970 2856 interpretetur
985 2758 1155 2857 primum.
1182 2764 1271 2831 Nam
1297 2759 1370 2832 hoc
1388 2758 1487 2833 Abba
1510 2758 1611 2857 quod
1635 2770 1750 2856 pater,
1781 2768 1926 2856 propter
1948 2756 2036 2825 uni-

442 2898 585 2951 versum
599 2877 776 2975 populum
788 2878 851 2975 qui
863 2877 909 2951 de
922 2883 941 2948 J
945 2877 1053 2950 udaeis
1069 2893 1110 2950 et
1121 2879 1299 2951 Gentibus
1313 2893 1461 2952 vocatus
1473 2893 1543 2969 est3
1561 2894 1601 2950 ut
1617 2878 1805 2950 Hebraeum
1823 2873 1973 2947 verbum
1987 2873 2034 2950 cd

441 2992 596 3088 ludaeos,
606 2997 823 3070 Grccumad
830 3001 964 3072 Gentes
974 2998 1186 3097 pertineat.»
1198 2997 1313 3090 Idem,
1324 2981 1386 3072 lib.
1398 3004 1444 3071 ΙΙΙ
1455 2997 1498 3070 de
1510 3000 1692 3071 consensu
1702 2993 2033 3095 Evangelrstarum:

444 3117 559 3187 relloc
574 3116 747 3190 estbbba
763 3117 936 3191 Hebraice
951 3117 1052 3216 quod
1078 3133 1132 3190 est
1158 3118 1280 3190 Latine
1298 3123 1413 3191 Pater.
1434 3147 1451 3183 u
1472 3123 1610 3216 Hcymo
1636 3141 1745 3215 super
1769 3114 1867 3188 hunc
1889 3112 2031 3184 locum:

445 3232 796 3310 «abbanensem
824 3252 878 3309 est
897 3234 940 3309 'et
972 3241 1121 3335 Syrum,
1143 3242 1247 3311 Pater
1275 3241 1439 3310 Graecum
1468 3252 1504 3309 et
1528 3238 1706 3309 Latinum.
1730 3232 1931 3304 Praevidens
1948 3224 2052 3330 er'go'

441 3354 631 3452 Apostolus
647 3371 822 3455 utrosque
837 3357 994 3458 populos
1016 3357 1064 3430 cd
1082 3355 1192 3429 fidem
1215 3356 1450 3453 colligendos,
1471 3357 1591 3457 posuit
1606 3355 1683 3428 duo
1700 3353 1849 3425 nomina
1872 3349 1940 3423 sub
1961 3348 2053 3422 una'

439 3473 712 3572 significatione,
728 3492 767 3549 ut
782 3478 845 3576 qui
861 3477 1016 3550 credunt
1032 3502 1075 3550 er
1091 3477 1250 3550 Hebroeis
1266 3490 1303 3548 et
1317 3476 1415 3575 Syris
1430 3476 1574 3548 dicant:
1593 3504 1611 3544 u
1626 3472 1725 3546 tuba
1741 3473 1921 3559 miserere,
1935 3501 1953 3537 s
1971 3470 2033 3568 qui

440 3615 483 3673 es
511 3596 643 3667 Graecis
669 3596 818 3693 aliisque
845 3595 994 3671 dimnt:
1019 3627 1036 3665 n
1053 3602 1168 3670 Pater.
1184 3624 1200 3663 n
1228 3594 1311 3668 Tale
1334 3595 1424 3693 quid
1447 3596 1483 3667 in
1511 3594 1706 3691 Evangelio
1730 3591 1841 3663 Marci
1865 3588 2032 3677 habetur,

441 3711 581 3786 dicente
599 3714 781 3787 Domino·
798 3742 806 3786 τ
828 3714 958 3789 «Abba
972 3720 1089 3807 Pater,
1102 3716 1133 3788 si
1150 3712 1320 3813 possibile
1336 3728 1403 3804 est,
1425 3728 1581 3786 transeat
1593 3713 1683 3786 calis
1698 3714 1762 3784 iste
1779 3734 1802 3782 a
1818 3730 1889 3781 me.
1908 3738 1926 3775 u

492 3831 696 3928 «Spiritum
712 3833 890 3905 servitutis
914 3835 950 3904 in
966 3835 1108 3906 timore.
1128 3861 1146 3901 u
1168 3832 1264 3907 Dicit
1280 3831 1420 3904 donum
1437 3832 1526 3906 illud
1541 3831 1677 3906 servilis
1697 3828 1848 3917 timoris,
1867 3851 1942 3925 quo
1959 3850 2033 3899 nou

441 3951 573 4023 amula
586 3950 782 4037 voluntate,
798 3953 861 4025 sed
876 3976 899 4024 a
915 3952 1007 4026 mals
1023 3953 1289 4052 compescimur
1304 3952 1459 4043 actione,
1478 3951 1671 4025 tormidine
1684 3932 1811 4050 poerlae,
1824 3949 1917 4020 sicut
1931 3959 2035 4019 anus

440 4070 551 4143 Judaei
568 4096 633 4170 per
648 4096 775 4170 poenas
790 4072 877 4171 legis
893 4074 1114 4172 corporales.
1136 4103 1156 4143 rr
1177 4076 1257 4145 Non
1277 4073 1462 4172 accepistis
1476 4072 1657 4172 spiritum.
1669 4100 1688 4140 u
1708 4077 1774 4143 Per
1789 4066 2032 4163 Evangelium,
2059 4079 2063 4087 ’

439 4191 530 4263 sicut
545 4191 631 4269 otim
652 4190 853 4292 Judaetpu
868 4193 996 4290 legem.
1019 4224 1036 4260 α
1053 4197 1130 4293 lpse
1148 4194 1247 4266 enim
1263 4190 1456 4292 spiritum»
1472 4192 1685 4292 Adoptionis
1704 4213 1813 4289 quem
1829 4189 1984 4260 diximus
2000 4200 2036 4258 et

439 4308 616 4385 babemus
633 4310 749 4385 lacere
763 4316 1039 4411 recognoscere⁸
1049 4313 1216 4413 spiritum
1233 4327 1411 4397 nostrum,
1426 4312 1464 4399 id
1482 4326 1537 4385 cst
1549 4313 1739 4385 rationem.
1753 4341 1770 4377 α
1783 4307 1894 4397 Quod
1911 4310 2037 4378 sumus

440 4428 504 4502 filii
520 4432 599 4516 Dei,
617 4462 635 4498 n
655 4431 694 4503 id
710 4447 764 4504 est
777 4433 813 4504 ei
829 4457 894 4533 per
908 4457 1070 4506 amorem
1090 4430 1256 4529 subjecti.
1274 4430 1370 4505 Nihil
1385 4433 1484 4505 enim
1505 4430 1633 4505 melius
1648 4432 1801 4528 quisque
1822 4450 1930 4526 quam
1946 4448 2037 4523 pro·

440 4550 560 4648 priam
579 4553 805 4647 recognoscit
827 4552 1098 4646 conscientiam,
1118 4564 1155 4624 et
1175 4567 1299 4625 utrum
1323 4549 1623 4627 servusan'filius
1645 4550 1767 4649 potius
1786 4546 1962 4620 dicendus
1975 4546 2034 4616 sit.

440 4668 648 4741 Notandum
670 4695 757 4743 vern
773 4672 982 4770 Apostolum
1001 4673 1038 4745 in
1060 4671 1132 4760 bis,
1154 4669 1286 4769 quibus
1306 4671 1467 4768 loquitur
1485 4669 1677 4760 Romanis,
1697 4691 1853 4766 quorum
1870 4662 2038 4738 nonnulli

439 4786 672 4869 vehementer
683 4804 795 4863 erent
806 4790 1109 4888 reprehendendi,
1128 4790 1331 4888 generalem
1346 4789 1509 4863 fidelium
1529 4792 1671 4864 Patrem
1689 4789 1761 4861 boc
1776 4788 1859 4859 loco
1874 4809 1914 4857 se
1930 4783 2039 4856 iutel-

439 4906 618 5004 ligere-et
637 4923 809 4989 nocetam
823 4909 955 5007 :quales
975 4909 1026 4982 itt
1041 4925 1293 5009 essentqusm
1310 4911 1435 5009 quoles
1450 4934 1535 4983 esse
1552 4907 1727 4983 deberent
1748 4924 1943 5006 exponere,
1966 4933 1983 4970 α
1999 4902 2039 4973 Si
2073 4913 2079 4921 ’

470 5191 476 5218 ¹
488 5188 576 5253 lton,
589 5204 643 5252 cap.
659 5202 684 5251 r,
704 5202 727 5241 r.
740 5192 764 5241 t.
778 5214 807 5228 -
820 5170 940 5253 mortu,
960 5200 1013 5252 cap.
1032 5199 1069 5253 rr,
1086 5202 1110 5238 τ.
1129 5190 1153 5240 9.
1167 5186 1313 5252 —²llirc.,
1326 5201 1381 5252 cap.
1398 5200 1455 5251 nr,
1468 5201 1492 5240 r.
1506 5190 1545 5241 tt.
1555 5193 1582 5225 '-
1593 5185 1649 5237 ‘Stc
1661 5184 1814 5236 Ambccstus.
