4559 6100
468 583 541 656 242
1067 579 1196 651 PETRI
1221 579 1458 653 ABAELARDI

469 726 716 827 ignorantibus
732 725 910 823 disponit,
936 724 1217 822 necquidquam
1240 723 1334 800 bene
1355 725 1433 800 fieri
1450 726 1645 799 dicendum
1661 744 1723 802 aut
1741 729 1845 822 male,
1874 731 1942 800 nisi
1958 729 2057 827 quod

469 851 544 947 ejus
561 849 705 948 optimae
723 846 899 918 voluntati
916 859 1199 917 consentaneum
1212 860 1265 918 est
1277 861 1341 919 ant
1352 847 1542 921 adversum
1560 876 1567 919 :
1588 862 1629 921 ut
1643 849 1952 947 quemadmodum
1968 875 2058 948 pro·

466 968 673 1068 posuimus,
698 990 928 1063 quocumque
944 963 1058 1036 modo
1082 968 1181 1037 Deus
1201 979 1274 1037 tam
1297 967 1465 1065 parvulos
1482 992 1592 1066 quam
1616 983 1758 1041 caeteras
1783 969 1859 1064 ejus
1880 984 2059 1042 creaturas

469 1101 619 1159 tractare
643 1085 741 1178 velit,
771 1083 810 1157 id
831 1086 968 1185 optime
991 1083 1068 1155 fieri
1090 1108 1165 1156 non
1183 1083 1402 1178 dubitemus,
1427 1101 1463 1158 et
1487 1087 1517 1158 si
1540 1110 1600 1159 eas
1622 1112 1748 1161 omnes
1771 1100 1811 1158 ut
1836 1088 1991 1160 voluerit
2013 1089 2058 1162 ad

468 1230 611 1304 poenam
636 1204 793 1297 ordinet,
818 1229 884 1276 nec
906 1228 989 1276 curn
1011 1203 1148 1300 iujuriae
1170 1205 1271 1301 argui
1296 1229 1419 1303 posse,
1437 1229 1656 1303 quocunque
1678 1206 1791 1279 modo
1815 1230 1875 1278 eas
1901 1206 2057 1295 ordinet,

468 1326 541 1397 sive
557 1326 604 1397 ad
620 1326 783 1422 gloriam,
802 1326 876 1397 sive
885 1322 931 1396 ad
945 1347 1103 1424 poenam.

516 1444 587 1516 Sed
614 1446 698 1540 quia
723 1468 853 1543 parum
877 1459 930 1515 est
954 1442 1001 1516 ad
1025 1440 1156 1514 divioae
1180 1442 1423 1541 dispositionis
1446 1443 1799 1518 commendationem
1826 1442 1861 1513 in
1890 1442 1959 1516 hac
1981 1467 2061 1541 par·

468 1564 637 1636 vulorum
660 1562 891 1635 damnatione
907 1561 953 1635 ab
976 1562 1105 1659 injuria
1129 1566 1246 1634 Deum
1263 1561 1461 1656 absolvere,
1480 1563 1548 1635 nisi
1564 1578 1601 1635 et
1622 1562 1779 1659 aliquam
1796 1560 1967 1632 bonitatis
1984 1562 2062 1656 ejus

469 1682 621 1778 gratiam
642 1683 824 1755 valeamus
848 1696 1017 1773 astruere,
1047 1681 1189 1752 videtur
1215 1705 1361 1779 quoqne
1386 1682 1424 1754 id
1440 1681 1546 1755 nobis
1570 1681 1627 1780 agi
1652 1705 1694 1753 ex
1720 1680 1924 1777 multiplicis
1942 1681 2061 1776 gratia

468 1801 579 1898 ipsius
595 1800 872 1899 dispensatione,
892 1816 965 1873 tam
983 1801 1020 1873 in
1037 1802 1134 1899 ipsos
1151 1800 1285 1872 scilicet
1305 1801 1486 1900 parvulos,
1510 1824 1620 1900 quam
1640 1801 1677 1871 in
1702 1798 1791 1870 alios
1812 1797 2057 1871 redundantis.

468 1921 607 1992 Scimus
621 1921 755 2019 quippe
768 1921 863 1993 hanc
872 1943 948 1993 esse
955 1920 1179 1993 mitissimam
1192 1944 1350 2019 poenam,
1364 1924 1403 1991 B.
1424 1922 1460 1993 in
1476 1918 1682 1992 Euchiridto
1699 1918 1899 2014 Augustino
1916 1917 1966 1988 sic
1979 1931 2062 1989 atte-

470 2045 601 2112 stante¹
623 2067 631 2110 ε
656 2069 674 2108 u
690 2041 968 2113 Mitissimasane
981 2040 1144 2112 omniurn
1159 2064 1267 2138 poena
1277 2040 1343 2111 erit
1356 2065 1497 2133 eorum,
1521 2042 1583 2138 qui
1604 2051 1942 2139 praetcrpeccatnm,
1962 2037 2061 2134 quod

471 2157 643 2253 originale
669 2173 862 2252 traxerunt,
890 2159 1030 2230 nullum
1051 2159 1198 2257 insuper
1219 2158 1450 2232 addidemut.
1469 2163 1622 2247 »Quam
1643 2156 1791 2255 quidem
1814 2180 1959 2255 poenam
1985 2180 2060 2227 non

471 2274 577 2348 aliam
602 2277 756 2350 arbitror
772 2302 880 2375 quarn
903 2279 976 2375 pati
996 2277 1175 2370 tenebras,
1198 2276 1236 2348 id
1251 2292 1305 2349 est
1327 2301 1448 2350 carere
1465 2278 1603 2349 visione
1626 2276 1755 2348 divinae
1778 2275 1970 2373 majestatis
1987 2276 2061 2346 sine

471 2396 573 2466 omni
593 2420 656 2493 spe
679 2398 973 2495 recuperationis.
992 2397 1114 2489 Quod,
1132 2397 1170 2467 ni
1183 2395 1299 2487 fallor,
1314 2398 1539 2469 conscientiae
1560 2409 1781 2466 tormentum
1802 2395 1923 2491 ignem
1938 2418 2063 2493 perpe·

470 2527 574 2586 tuum
602 2519 642 2586 B.
673 2517 886 2613 Augustinus
913 2539 1022 2613 supra
1046 2514 1258 2587 nominavit.
1283 2517 1469 2588 Credimus
1495 2516 1604 2587 etiam
1628 2513 1713 2585 huic
1731 2513 1923 2584 mitissima
1950 2537 2063 2610 poenae

471 2635 653 2705 neminem
680 2634 846 2732 deputari
873 2648 988 2706 morte
1010 2635 1048 2705 in
1075 2634 1224 2706 infantia
1249 2649 1488 2731 preventum,
1515 2634 1584 2705 nisi
1610 2657 1719 2731 quem
1746 2636 1843 2704 Deus
1869 2633 2063 2731 pessimum

472 2749 632 2822 futurum
656 2753 686 2822 si
707 2753 843 2824 viveret
866 2750 1097 2849 praevidebat,
1121 2767 1156 2823 et
1178 2751 1227 2822 ob
1252 2751 1324 2824 hoc
1346 2751 1544 2848 majoribus
1560 2753 1676 2850 poenis
1693 2752 1937 2824 cruciandum.
1958 2751 2063 2823 Unde

472 2868 685 2939 nonnullam
712 2869 748 2937 in
773 2868 842 2940 hac
867 2869 1075 2941 remissione
1100 2869 1158 2941 vel
1183 2869 1406 2943 alleviatione
1431 2895 1547 2970 poenae
1569 2869 1700 2944 divinae
1729 2869 1895 2942 bonitatis
1912 2869 2062 2964 gratiam

471 2984 653 3085 percipere
677 2986 817 3085 parvuli
838 3011 914 3058 non
939 2988 1118 3061 immerito
1146 2986 1325 3061 videntur.
1353 2994 1447 3063 Bene
1474 2991 1581 3064 etiam
1603 2994 1701 3062 Deus
1724 2988 1772 3061 ad
1796 2988 2064 3086 correptionem

471 3119 628 3177 nostram
653 3106 723 3178 hac
745 3106 931 3180 mitissima
954 3107 1188 3205 parvulorum
1212 3133 1320 3208 poena
1341 3109 1466 3204 utitur,
1491 3125 1531 3182 ut
1546 3109 1712 3183 videlicet
1735 3110 1912 3182 cautiores
1935 3106 2066 3181 efficia-

472 3248 555 3297 mur
573 3226 619 3297 ad
633 3226 840 3300 evitandum
855 3228 1002 3327 propria
1018 3243 1177 3327 peccata,
1195 3255 1281 3302 cum
1297 3206 1385 3305 tales
1401 3243 1523 3302 ettam
1540 3230 1764 3320 innocentes,
1783 3229 1916 3327 quibus
1928 3252 1995 3300 nec
2012 3253 2063 3301 se·

471 3345 615 3442 pultura
626 3347 683 3419 vel
700 3349 882 3421 orationes
898 3347 1059 3421 fidelium
1075 3349 1338 3443 concedrmtur,
1353 3348 1517 3422 damnari
1531 3348 1693 3446 quotidie
1713 3348 1903 3421 credamus
1918 3362 2064 3446 propter

472 3463 601 3560 aliena,
619 3483 655 3541 et
673 3469 864 3569 ampliores
879 3473 956 3541 Deo
977 3470 1104 3566 gratias
1119 3468 1328 3563 referamus,
1344 3494 1429 3542 cnm
1449 3494 1517 3541 nos
1538 3468 1584 3540 ab
1609 3468 1671 3540 illo
1687 3483 1863 3568 perpetuo
1883 3469 1965 3563 igne
1982 3484 2064 3566 post

474 3584 585 3657 multa
601 3588 709 3659 etiam
730 3603 932 3687 perpetrata
952 3588 1103 3660 crimina
1124 3613 1189 3688 per
1206 3590 1357 3685 gratiam
1379 3613 1481 3661 snam
1497 3589 1675 3660 immunes
1692 3587 1836 3681 habeat,
1862 3610 1884 3659 a
1908 3611 1983 3685 quo
2001 3588 2065 3658 mi·

473 3705 570 3776 nime
584 3704 664 3778 illos
678 3705 802 3779 salvat.
821 3705 945 3778 Voluit
961 3708 1070 3779 etiam
1084 3709 1203 3779 statim
1222 3706 1410 3780 ostendere
1424 3709 1461 3780 in
1480 3708 1598 3806 prima
1611 3723 1647 3780 et
1662 3708 1810 3779 fortasse
1827 3705 1971 3778 modica
1986 3707 2065 3805 pri·

472 3845 615 3896 morum
638 3840 830 3924 parentum
850 3826 1140 3921 transgressione,
1168 3849 1278 3923 quam
1298 3828 1346 3898 ita
1365 3828 1402 3898 in
1424 3827 1576 3926 posteris
1597 3826 1686 3898 nihil
1702 3824 1822 3899 adhuc
1847 3824 2065 3897 merentibus

471 3942 641 4032 vindicat,
659 3959 836 4043 quantum
852 3968 998 4017 omnem
1009 3942 1203 4018 abhorreat
1213 3946 1451 4043 iniquitatem,
1471 3960 1509 4019 et
1523 3944 1695 4045 quantam
1707 3968 1851 4044 poenam
1867 3944 2065 4041 majoribus

473 4062 586 4162 culpis
603 4077 638 4135 et
660 4063 904 4162 frequentibus
917 4077 1087 4154 reservet,
1110 4065 1139 4136 si
1154 4065 1226 4137 hoe
1243 4067 1354 4139 semel
1372 4067 1604 4139 commissum
1623 4066 1659 4138 in
1686 4066 1791 4137 unius
1807 4066 1907 4164 pomi
1923 4089 2064 4164 repara·

471 4181 551 4253 bilis
575 4207 636 4255 esu
664 4183 712 4256 ita
734 4184 770 4254 in
794 4183 944 4282 posteris
965 4183 1093 4282 punire
1109 4208 1184 4257 non
1207 4183 1359 4259 dillerat.
1386 4186 1490 4258 Unde
1513 4186 1751 4283 Hieronymus
1776 4186 1814 4256 in
1831 4185 1995 4282 Epistola
2019 4184 2066 4257 ad

472 4299 583 4374 filiam
604 4303 776 4397 Mauricii,
802 4304 875 4376 sive
894 4303 942 4376 ad
961 4302 1137 4400 virginem
1154 4307 1233 4377 Deo
1249 4320 1492 4379 consecratam
1514 4333 1523 4375 :
1547 4335 1565 4372 α
1580 4304 1677 4397 Adae,
1697 4305 1827 4403 inquit,
1847 4304 1959 4398 magis
1980 4326 2066 4401 par·

472 4421 630 4494 cendum
647 4423 732 4518 luit,
751 4423 813 4522 qui
827 4421 945 4497 adhuc
962 4423 1124 4496 novellus
1139 4436 1229 4514 erat,
1248 4438 1283 4496 et
1299 4424 1430 4497 nullius
1445 4440 1528 4498 ante
1542 4425 1743 4525 peccantis,
1762 4439 1799 4496 et
1818 4436 1964 4522 propter
1980 4446 2066 4519 pec·

472 4553 592 4613 catum
613 4566 717 4614 suum
741 4540 927 4615 morientis
944 4541 1191 4616 retrahebatur
1206 4545 1385 4644 exemplo.
1403 4543 1480 4616 Tibi
1498 4568 1585 4617 vero
1602 4557 1686 4643 post
1703 4557 1800 4615 tanta
1821 4539 2064 4633 documenta,

471 4676 554 4760 post
579 4666 728 4758 Legem,
756 4677 839 4761 post
861 4661 1077 4761 Prophetas,
1104 4677 1187 4762 post
1212 4664 1425 4762 Evangelia,
1453 4678 1536 4764 post
1560 4663 1771 4763 Apostolos,
1799 4662 1828 4733 si
1856 4659 2069 4756 delinquere

472 4779 639 4874 volneris,
658 4782 844 4880 quomodo
859 4782 1044 4881 indulgere
1057 4784 1169 4883 possit
1182 4784 1323 4882 ignoro.
1339 4816 1357 4852 a
1377 4787 1468 4857 Sunt
1484 4799 1520 4857 et
1536 4785 1574 4857 in
1592 4783 1815 4880 singulorum
1831 4781 2069 4880 parvulorum

472 4900 704 4976 damnatione
719 4902 873 5002 propriae
894 4915 929 4974 et
951 4902 1139 4978 familiares
1155 4903 1320 5002 qnaedam
1344 4929 1471 4999 causae,
1490 4904 1573 4979 licet
1588 4903 1694 4977 nobis
1711 4902 1879 4996 occultae,
1898 4924 1990 4997 quas
2005 4898 2075 4971 ille

512 5176 583 5242 ‘Gap
596 5190 669 5242 xcutr
683 5179 761 5246 Opp,
774 5187 794 5232 t.
804 5178 853 5242 vl,
872 5180 919 5233 ool.
937 5182 995 5234 tto.
