4559 6100
476 503 550 576 692
1081 497 1209 570 PETRI
1236 498 1473 571 temnunt

477 677 617 726 summa
641 666 711 744 est,
734 665 773 723 ut
797 651 890 743 dixi,
919 649 1163 747 cujuscunque
1178 663 1349 721 creaturae
1373 647 1515 720 miseria
1538 646 1595 719 rel
1615 670 1722 746 poena
1744 671 1812 746 pro
1837 647 1971 719 meritis
1998 670 2079 717 sus·

477 787 593 871 cepta.
622 774 811 843 Summum
841 784 961 842 autem
987 768 1146 841 hominis
1171 767 1566 866 malum'quoscunque
1590 766 1780 839 hominum
1805 766 1855 838 ibi
1890 766 2074 838 cruciatus

478 916 544 990 pro
561 891 696 964 meritis
711 903 896 988 susceptos
913 913 1175 987 nuncupamus.

1120 1096 1169 1159 De
1185 1117 1311 1160 summo
1327 1093 1425 1159 malo.

525 1245 726 1313 Cnnrsrran.
745 1245 928 1327 Quantum
945 1239 1123 1336 percipio,
1144 1251 1217 1309 tam
1234 1261 1417 1309 summum
1434 1234 1568 1307 malum
1585 1259 1695 1332 quam
1712 1258 1895 1318 summum
1912 1231 2077 1304 hominis

476 1359 610 1431 malum
629 1385 703 1429 non
723 1358 790 1429 nisi
807 1381 931 1454 poenas
948 1355 1058 1428 luturi
1071 1358 1195 1444 seculi,
1213 1382 1280 1455 pro
1298 1356 1431 1428 meritis
1448 1354 1617 1446 redditas,
1636 1352 1827 1447 intelligis?

525 1485 666 1549 Panos.
688 1482 739 1547 lta
759 1477 896 1572 ntique.

525 1603 725 1669 Cflnrsrrrrr.
746 1601 789 1666 At
805 1594 970 1693 prolecto
987 1617 1101 1694 poenae
1125 1594 1192 1666 illae
1209 1596 1428 1693 promeritis
1444 1595 1581 1667 collatae
1598 1593 1722 1688 utique
1743 1591 1845 1687 justae
1862 1604 1966 1681 sunt,
1985 1591 2077 1696 quia

471 1720 608 1813 justum
633 1731 686 1789 est
712 1718 761 1788 sic
785 1740 846 1787 eos
863 1716 1011 1813 punire,
1035 1717 1097 1813 qui
1122 1730 1344 1787 meruerunt.
1364 1712 1549 1810 Quidquid
1567 1736 1653 1784 vero
1674 1711 1812 1806 justum
1835 1724 1906 1800 est,
1931 1708 2076 1781 bonurn

475 1862 551 1909 esse
575 1827 728 1920 constat.
751 1840 867 1906 Poenae
891 1827 1016 1930 itaque
1034 1834 1113 1924 illae,
1137 1857 1227 1932 quas
1245 1857 1429 1905 summum
1453 1832 1607 1922 malum,
1627 1830 1684 1902 vel
1705 1853 1888 1901 summum
1915 1828 2076 1900 hominis

476 1956 612 2027 malum
638 1977 842 2051 nuncupas,
864 1955 940 2025 sine
964 1952 1078 2024 dubio
1105 1954 1211 2026 bonae
1235 1968 1331 2024 sunt.
1355 1952 1445 2025 Vide
1470 1976 1555 2048 ergo
1582 1974 1629 2023 an
1655 1948 1692 2021 id
1721 1948 1822 2046 quud
1848 1947 1990 2019 bonurn
2020 1964 2074 2019 est

476 2076 595 2172 potius
620 2097 730 2172 quarn
758 2071 910 2162 malum,
930 2072 1130 2159 concedere
1148 2071 1299 2146 videaris
1323 2097 1399 2144 esse
1422 2095 1604 2144 summum
1626 2068 1778 2141 malum.
1800 2070 1882 2154 Qua
1904 2068 2001 2138 enirn
2023 2092 2076 2140 ra·

477 2195 575 2265 tione
600 2217 782 2265 summum
809 2187 945 2263 malum
967 2192 1021 2262 vel
1047 2216 1229 2264 summum
1255 2190 1412 2263 hominis
1437 2189 1572 2263 malurn
1595 2189 1710 2277 dicas,
1738 2186 1839 2283 quod
1864 2185 2071 2258 nullatenus

478 2314 612 2385 malum
629 2313 687 2405 sit,
707 2336 781 2384 non
802 2310 922 2382 video.

528 2437 669 2504 Pinnos.
688 2431 890 2503 Meminisse
908 2445 941 2502 te
957 2446 1113 2529 oportet,
1133 2455 1156 2503 a
1172 2447 1207 2503 te
1224 2433 1303 2530 ipso
1320 2432 1484 2531 superius
1504 2444 1578 2501 tam
1595 2444 1801 2501 nostrorum
1817 2452 1927 2525 quam
1942 2441 2075 2498 vestro·

477 2576 558 2623 rum
590 2551 802 2623 testimoniis
832 2550 994 2639 ostendi,
1028 2575 1190 2622 ornnemv
1209 2573 1354 2648 quoque
1384 2550 1614 2622 afflictionem
1642 2547 1777 2620 malum
1804 2547 1926 2646 potius
1962 2569 2072 2643 quam

476 2670 617 2743 bonurn
643 2694 731 2741 esse.
758 2670 836 2744 Non
857 2683 975 2740 tamen
1000 2669 1082 2742 ideo
1101 2693 1248 2740 omnem
1269 2694 1344 2741 esse
1367 2670 1497 2743 malam
1521 2667 1794 2741 concedendum
1812 2665 1987 2753 arbitror;
2007 2665 2076 2736 ire·

477 2802 628 2887 quenter
654 2788 787 2886 quippe
815 2812 986 2885 generum
1014 2789 1229 2887 permutatio
1254 2788 1291 2858 in
1315 2787 1500 2883 adjectivis
1523 2786 1730 2861 nominibus
1762 2810 1907 2859 sensum
1936 2787 2071 2874 variat,

478 2921 518 2979 ut
534 2907 631 2979 aliud
649 2904 822 3001 significet
845 2930 989 3006 poenam
1003 2902 1084 2979 'esse
1101 2905 1252 2996 bonam,
1270 2920 1306 2979 et
1326 2906 1422 2979 aliud
1448 2907 1569 2980 dicere
1583 2930 1728 3006 poenam
1751 2930 1827 2977 esse
1852 2903 2007 2991 bonum,
2034 2904 2074 2974 id

478 3041 528 3100 est
554 3051 629 3098 rem
657 3024 802 3099 bonam.
831 3026 929 3098 Sicut
950 3026 1047 3098 aliud
1073 3039 1125 3097 est
1151 3023 1269 3097 dicere
1294 3024 1388 3098 hanc
1412 3050 1540 3099 aeream
1558 3039 1711 3099 statuam
1735 3047 1812 3097 esse
1835 3037 2070 3122 perpetuam,

478 3144 578 3244 quod
597 3142 723 3217 falsum
740 3159 809 3234 est,
832 3144 929 3217 aliud
946 3170 1026 3217 eam
1048 3170 1124 3217 esse
1150 3159 1382 3243 perpetuum,
1402 3146 1440 3219 id
1461 3161 1514 3219 est
1534 3170 1611 3218 rem
1632 3143 1789 3241 aliquam
1806 3168 1887 3241 quae
1902 3157 2077 3241 perpetua

478 3267 536 3353 sit,
554 3264 655 3363 quod
671 3289 797 3336 verum
814 3279 879 3357 est,
896 3280 1021 3363 utpote
1038 3268 1158 3362 ipsum
1172 3289 1220 3335 aes
1235 3265 1336 3361 cnjus
1354 3291 1480 3365 perpes
1497 3280 1532 3339 et
1547 3263 1756 3339 indeficiens
1772 3277 1826 3335 est
1844 3275 1985 3334 natura.
2003 3261 2073 3334 Sed

477 3400 613 3457 etcum
633 3386 752 3456 omnis
770 3384 973 3482 propositio·
985 3384 1226 3482 compositum
1243 3385 1428 3482 quoddam
1445 3387 1503 3477 sit,
1525 3409 1599 3457 uon
1623 3398 1740 3456 tamen
1762 3407 1910 3454 omnem
1927 3406 2076 3479 compo·

477 3506 581 3577 sitam
607 3503 774 3594 dicimus,
793 3501 856 3573 sed
875 3502 971 3576 illam
996 3519 1149 3597 tantum,
1168 3528 1246 3600 quae
1267 3507 1532 3604 propositiones
1547 3505 1583 3577 in
1603 3502 1764 3604 partibus
1782 3502 1916 3591 habet,
1934 3500 2006 3574 hoc
2022 3516 2075 3573 est

478 3621 767 3722 hypotheticam,
795 3645 862 3692 nec
888 3647 1034 3694 omnem
1066 3622 1263 3695 dictionem
1296 3626 1534 3723 compositam
1558 3624 1731 3715 dicimus,
1758 3645 1868 3719 quam
1893 3646 1970 3694 esse
1998 3647 2073 3693 rem

478 3743 714 3840 compositum
740 3740 886 3834 seimus,
905 3766 972 3814 nec
998 3766 1145 3814 omnem
1168 3768 1278 3841 quam
1301 3743 1500 3841 simplicem
1519 3766 1711 3831 vocamus,
1739 3766 1816 3814 esse
1840 3765 1917 3812 rem
1937 3741 2075 3838 simpli-

398 3848 404 3857 *
478 3884 558 3931 cem
581 3860 834 3932 concedemus.
862 3860 919 3931 Sic
941 3862 1048 3958 igitur
1077 3877 1220 3936 etcum
1245 3888 1391 3963 poenam
1417 3865 1573 3962 aliquam
1594 3865 1726 3959 justam
1749 3876 1812 3933 aut
1839 3859 1974 3933 bonam
1999 3885 2075 3932 esse

478 3978 642 4070 dicimus,
668 4002 712 4051 eo
735 3978 868 4050 scilicet
893 3980 993 4076 quod
1012 3982 1148 4078 justum
1172 3985 1215 4055 sit
1238 3998 1300 4079 aut
1325 3983 1483 4074 bonum,
1509 4007 1593 4056 eum
1619 3981 1744 4079 affligi,
1772 3980 1836 4077 qui
1867 3993 2069 4077 torquetur,

477 4122 552 4169 non
581 4112 699 4170 tamen
729 4095 812 4167 ideo
840 4122 919 4170 eam
950 4122 1025 4173 esse
1050 4127 1126 4175 rem
1152 4104 1285 4200 justam
1312 4118 1374 4175 aut
1403 4101 1539 4174 bonam
1566 4099 1765 4173 concedere
1793 4100 1970 4195 cogimur.
2000 4103 2074 4169 Vos

437 4262 441 4268 «
476 4240 622 4314 quoque
640 4240 722 4287 eum
751 4239 896 4288 omnem
918 4234 1117 4294 creaturam
1141 4222 1275 4294 bonam
1301 4244 1377 4293 esse
1401 4222 1563 4320 ponatis,
1587 4245 1632 4293 co
1649 4200 1835 4307 videlicet,
1860 4217 1960 4314 quod
1985 4218 2074 4289 nihil

476 4360 518 4407 ex
542 4336 725 4408 creatione
739 4336 803 4406 Dei
824 4362 897 4408 non
923 4337 1060 4411 bonum
1092 4341 1149 4432 sit,
1173 4365 1240 4411 nec
1267 4341 1374 4411 etiam
1403 4340 1589 4411 hominem
1615 4353 1816 4411 creaturam
1842 4361 1918 4411 esse
1942 4339 2075 4433 negetis

478 4470 514 4528 et
532 4481 596 4553 per
611 4453 682 4525 hoc
699 4479 781 4525 eum
799 4458 861 4551 qui
885 4458 999 4530 malus
1026 4473 1096 4546 est,
1116 4481 1194 4529 esse
1211 4482 1288 4529 rem
1304 4456 1440 4531 bonam
1458 4458 1638 4546 annuetis,
1657 4480 1731 4529 nou
1749 4471 1870 4529 tamen
1888 4456 1970 4529 ideo
1988 4478 2074 4527 eum

476 4598 553 4646 esse
576 4572 762 4644 hominem
785 4570 924 4645 bonum
941 4575 1109 4671 recipitis.
1139 4579 1253 4647 Nemo
1278 4578 1412 4675 quippe
1436 4578 1625 4651 hominum
1647 4598 1724 4651 esse
1750 4574 1868 4647 bonus
1899 4574 2074 4647 dicendus

475 4707 546 4783 est,
574 4692 643 4763 nisi
664 4693 725 4788 qui
744 4691 850 4763 bonis
866 4692 1059 4764 adornatus
1075 4708 1128 4765 est
1146 4694 1320 4768 moribus.
1346 4701 1445 4769 Bona
1467 4712 1585 4771 autem
1612 4720 1669 4768 res
1692 4696 1766 4771 sive
1790 4693 1888 4766 bona
1908 4709 2073 4767 creatura

475 4810 546 4882 dici
563 4796 681 4907 potest
697 4811 821 4899 etiarn,
842 4835 921 4907 quae
933 4811 1147 4884 irrationalis
1160 4829 1213 4885 est
1225 4830 1260 4887 et
1274 4816 1481 4888 inanimata.
1498 4815 1570 4889 Sed
1582 4838 1668 4887 cum
1683 4812 1808 4887 omnia
1822 4817 1919 4885 Deus
1933 4837 2073 4885 creasse

473 4929 573 5002 bona
601 4929 755 5018 dicatur,
779 4941 816 4999 et
832 4927 891 4999 hie
907 4930 1074 5027 parvulus
1095 4930 1208 5004 lromo
1227 4935 1284 5006 vel
1300 4958 1414 5032 equus
1431 4935 1477 5007 ab
1501 4960 1546 5007 co
1564 4935 1640 5031 jam
1661 4947 1802 5015 creatus
1823 4935 1888 5024 sit,
1908 4934 2075 5029 quamvis

472 5072 528 5120 res
544 5046 641 5120 hona
658 5061 798 5120 creatus
820 5048 877 5139 sit,
896 5072 970 5121 non
988 5063 1106 5123 tamen
1127 5051 1248 5124 bonus
1266 5053 1379 5125 homo
1397 5053 1451 5127 vel
1469 5054 1587 5127 bonus
1602 5076 1717 5150 equus
1736 5053 1810 5149 jam
1828 5063 1969 5124 creatus
1985 5064 2037 5121 est
2059 5097 2070 5135 ,
