4559 6100
511 503 670 574 ETHlCA
695 501 775 572 SEU
801 501 930 571 ntuetr
953 501 1106 573 uterus
1135 529 1145 570 t
1173 498 1294 573 scl‘ro
1319 495 1520 570 ‘retusum
1743 489 1814 564 6¹27

226 650 402 748 patientiae
425 664 462 721 et
479 649 759 746 longanimitatis
781 648 1004 720 contemnis?
1025 654 1171 746 ignoras
1186 648 1360 747 quoniam
1374 643 1575 739 benignitas
1592 642 1659 713 Dei
1674 639 1721 711 ad
1737 660 1818 738 pce-

225 770 413 842 nitentiam
429 786 464 842 te
476 769 680 842 adducitis
700 768 839 857 Quibus
853 768 1019 841 videlicet
1034 770 1153 841 verbis
1169 794 1248 867 quae
1262 770 1307 841 sit
1323 764 1535 866 paenitentia·
1547 761 1713 846 salubris,
1729 774 1819 831 etex

225 911 349 960 amore
374 889 440 960 Dei
460 890 710 986 potiusquam
735 912 777 958 ex
799 887 928 959 umore
944 890 1176 986 proveniens,
1196 887 1382 959 manifeste
1403 884 1578 969 declarat,
1599 895 1641 951 ut
1654 878 1818 950 videlicet

226 1006 413 1079 doleamus
428 1010 545 1079 Deum
569 1007 760 1078 ollendisse
780 1007 835 1078 vel
863 1009 1136 1104 contempsisse,
1161 1008 1246 1104 quia
1268 1021 1321 1078 est
1339 1005 1459 1075 bouus
1474 1001 1587 1096 magis
1606 1022 1715 1096 quarn
1733 996 1819 1093 quia

222 1129 339 1223 justus
364 1142 428 1200 est.
448 1133 531 1215 Quo
554 1129 651 1199 enim
672 1128 806 1199 diutius
829 1152 910 1199 eum
932 1129 1211 1219 contemnimus,
1229 1129 1313 1224 quia
1330 1127 1448 1197 statim
1470 1146 1555 1195 eum
1570 1132 1819 1215 contemptum

227 1272 332 1318 suum
347 1248 509 1344 judicare
523 1272 597 1319 non
616 1247 815 1340 credimus3
832 1248 923 1318 sicut
939 1249 1155 1320 econtrario
1173 1248 1353 1345 Principes
1367 1244 1477 1321 seculi
1491 1243 1641 1332 laciturt,
1656 1239 1819 1337 quicum

227 1364 461 1437 ollendontur
472 1368 636 1438 nesciunt
648 1390 807 1465 parcere,
824 1391 891 1438 nec
902 1368 1266 1465 suaruminjuriamm
1276 1367 1448 1439 ultionem
1460 1362 1622 1452 dillerre3
1639 1384 1683 1433 eo
1693 1359 1821 1455 justius

227 1487 426 1582 graviorem
459 1488 565 1559 inlert
591 1489 646 1559 sui
673 1501 900 1586 contemptus
933 1508 1095 1585 poenam3
1120 1502 1157 1559 et
1185 1502 1285 1561 tanto
1307 1486 1501 1559 districtior
1523 1497 1577 1555 est
1601 1484 1638 1553 in
1662 1478 1818 1565 ultione,

228 1621 364 1702 quanto
389 1608 581 1705 patientior
603 1607 669 1677 fuit
691 1607 729 1677 in
747 1607 1007 1705 expectatione.
1027 1607 1135 1696 Quod
1152 1606 1411 1703 subsequenter
1426 1600 1616 1704 praedictus
1633 1596 1821 1698 Apostolus

228 1725 382 1796 ostendit
398 1725 555 1796 dicens':
577 1724 818 1797 «Secundum
835 1725 1005 1797 duritiam
1021 1739 1141 1797 autem
1158 1741 1278 1815 tuam,
1294 1732 1330 1797 et'
1346 1750 1409 1796 cor
1425 1721 1658 1820 irnpoenitens
1676 1716 1820 1789 thesau-

228 1846 317 1914 rizas
334 1844 400 1915 tibi
421 1846 511 1916 iram
525 1846 562 1915 in
584 1844 643 1916 die
657 1846 728 1915 irae.
755 1873 772 1910 u
783 1849 883 1915 Tune
899 1843 1046 1941 quidem
1064 1847 1140 1936 irae,
1162 1845 1273 1917 modo
1291 1841 1591 1929 mansuetudinis3
1612 1837 1717 1935 quia,
1736 1850 1822 1905 tunc

228 1962 405 2053 vindictae,
424 1963 537 2035 modo
563 1964 753 2061 patientiae.
782 1963 835 2034 lbi
856 1965 993 2061 justitia
1016 1968 1190 2061 exigente,
1210 1979 1310 2037 tanto
1335 1965 1476 2061 gravius
1498 1962 1553 2032 sui
1576 1969 1822 2052 contemptum

229 2081 429 2181 ulciscetur,
457 2096 593 2179 (quanto
618 2083 736 2153 minus
760 2084 945 2154 contemni
973 2082 1116 2166 debuit,
1137 2100 1173 2156 et
1198 2084 1332 2155 diutius
1356 2082 1531 2155 toleravit.
1558 2080 1738 2149 'sanemus
1755 2074 1823 2145 bo·

230 2202 343 2271 mines
355 2201 550 2290 offendere,
567 2215 603 2272 et
618 2225 772 2297 quorum
787 2201 961 2274 eliensem
975 2204 1104 2274 timore
1118 2228 1194 2275 non
1207 2204 1410 2299 ell'ugimus,
1429 2196 1643 2272 verecundia
1655 2197 1822 2266 vitamus.

230 2318 397 2391 Latebras
422 2320 625 2416 quaerimus,
653 2343 737 2391 eum
762 2319 993 2411 fornicamur,
1022 2346 1068 2393 ne
1093 2322 1140 2394 ab
1164 2322 1373 2394 hominibus
1398 2320 1599 2402 videamur,
1628 2338 1695 2386 nec
1719 2313 1825 2384 unius

230 2438 387 2510 hominis
413 2453 596 2536 aspectum
632 2454 719 2511 tunc
748 2441 922 2512 sustinere
949 2464 1152 2538 possumus.
1183 2444 1323 2513 Scimus
1351 2446 1467 2512 Deum
1491 2449 1702 2536 praesentem
1729 2456 1822 2519 esse,

230 2580 337 2652 quem
363 2557 452 2629 nihil
479 2572 596 2656 potest
610 2560 736 2650 latere3
755 2558 878 2653 rideri¹
890 2560 935 2631 ab
953 2563 1030 2658 ipso
1053 2577 1088 2632 et
1104 2560 1180 2634 tota
1196 2564 1296 2634 curia
1310 2560 1398 2633 Coeli
1414 2561 1450 2630 in
1469 2557 1576 2653 hujus
1591 2555 1733 2627 actione
1749 2566 1825 2623 tur·

231 2675 405 2771 pitudinis
425 2701 499 2748 non
517 2677 780 2768 erubescimus,
800 2677 862 2774 qui
879 2677 924 2749 ad
942 2679 1048 2750 unius
1065 2680 1279 2751 homunculi
1294 2692 1478 2777 aspectum
1495 2673 1798 2747 confunderemur
1813 2672 1823 2741 l

231 2800 321 2866 Ante
342 2795 501 2892 judicem
525 2811 707 2869 terrenum
732 2821 945 2894 presumere
968 2797 1103 2895 aliquid
1128 2798 1280 2870 maxime
1298 2799 1480 2884 timenus,
1507 2819 1623 2892 aquo
1646 2814 1715 2864 noa
1734 2790 1828 2887 judi·

232 2915 368 2987 candos
385 2917 517 2987 scimus
537 2916 726 3015 temporali
746 2931 886 2988 tantum
903 2942 1026 3015 poena,
1048 2943 1123 2990 non
1142 2934 1284 2991 aeterna.
1318 2918 1428 2993 Multa
1451 2940 1519 2990 nos
1538 2915 1652 2991 lacere
1666 2912 1721 2985 rel
1738 2911 1828 2984 tole·

231 3059 310 3107 rare
333 3035 485 3108 carnalis
506 3036 653 3107 allectus
673 3035 781 3132 cogit,
805 3061 920 3134 pauca
936 3038 1138 3136 spiritualis.
1163 3042 1306 3111 Utinam
1326 3053 1425 3112 tanta
1449 3052 1597 3137 propter
1612 3038 1743 3125 Deum,
1767 3033 1824 3104 cui

232 3154 355 3224 omnia
370 3153 556 3243 debemus,
575 3170 711 3250 quanta
722 3170 870 3253 propter
887 3180 1037 3228 uxorem
1053 3158 1109 3228 rel
1126 3156 1231 3244 filios,
1251 3158 1307 3228 rel
1322 3180 1589 3254 quamcumque
1602 3153 1825 3224 meretricem

234 3273 382 3344 iacimus
398 3273 453 3344 vel
470 3271 684 3346 toleramus!

283 3395 364 3480 Qua
390 3391 539 3464 obsecro
568 3417 675 3491 poena
702 3392 778 3464 baec
803 3392 932 3488 injuria
964 3408 1018 3464 est
1037 3394 1232 3490 judicanda
1258 3410 1298 3467 ut
1327 3393 1549 3468 meretricem
1583 3416 1730 3490 quoque
1758 3392 1826 3489 ipsi

234 3512 512 3611 preponamus?
539 3512 777 3608 Conqueritur
803 3513 878 3609 ipse
903 3538 967 3610 per
989 3514 1205 3612 prophetem
1232 3515 1332 3612 quod
1358 3538 1425 3587 nec
1458 3516 1491 3586 ei
1515 3537 1619 3586 amor
1653 3526 1826 3607 tanquam

236 3632 342 3723 Patri,
359 3655 426 3703 nec
443 3632 550 3703 timor
563 3630 772 3704 exhibeatur
788 3646 959 3727 tanquam
973 3635 1144 3706 Domino.
1169 3635 1317 3726 «Filius,
1335 3637 1485 3733 inquit¹,
1498 3634 1657 3705 honorat
1671 3647 1823 3730 patrem,

234 3766 269 3821 et
282 3776 403 3822 servus
413 3751 716 3822 dominumsuum
730 3751 850 3841 timet3
869 3753 898 3822 si
910 3776 978 3849 ego
993 3758 1107 3846 Pater,
1121 3753 1312 3826 ubihonor
1323 3756 1446 3827 meus?
1457 3760 1499 3824 Et
1511 3754 1539 3824 si
1549 3777 1616 3850 ego
1630 3753 1820 3842 Dominus,

235 3869 297 3941 ubi
308 3870 578 3942 timormenslu
598 3871 837 3966 Conqueritur
849 3869 916 3942 sibi
926 3886 1064 3970 patrem
1075 3872 1130 3945 vel
1148 3874 1337 3946 dominum
1350 3875 1518 3974 praelerri.
1538 3871 1689 3944 attende
1706 3873 1824 3967 igitur,

235 4004 410 4085 quantum
433 3988 638 4084 indignetur
653 3990 876 4061 meretricem
902 4013 1048 4087 quoque
1063 3992 1130 4064 sibi
1148 3995 1329 4087 anteferri,
1349 4010 1386 4066 et
1402 3994 1450 4065 de
1465 4015 1606 4065 summa
1629 4017 1700 4062 suae
1723 3991 1828 4063 boni·

236 4109 315 4179 tatis
341 4108 528 4206 patientia,
554 4108 651 4178 unde
669 4109 749 4205 plus
771 4108 894 4179 debuit
912 4111 1036 4199 amari,
1064 4113 1175 4208 magis
1191 4114 1387 4185 contemni.
1409 4117 1525 4200 Quam
1549 4110 1696 4208 quidem
1719 4110 1828 4182 boni·

234 4242 345 4298 tatem
368 4242 404 4298 et
430 4228 605 4326 patientiae
627 4227 933 4322 longanimitatem
950 4228 989 4299 hi
1006 4232 1067 4325 qui
1089 4231 1278 4305 salubriter
1293 4233 1480 4331 poenitent,
1500 4230 1733 4303 adtendentes
1750 4255 1825 4302 non

236 4359 309 4415 tam
334 4346 463 4418 timore
490 4370 679 4444 poenarum
700 4369 809 4443 quam
832 4347 943 4443 ipsius
959 4372 1082 4421 amore
1100 4350 1146 4422 ad
1165 4353 1483 4452 compunctionem
1499 4353 1708 4441 mouentum
1726 4351 1827 4446 juxta

236 4462 439 4559 praedictam
467 4466 626 4563 Apostoli
658 4466 963 4557 exhortationem,
989 4467 1052 4540 ubi
1077 4469 1256 4542 salubrem
1280 4471 1526 4570 poenitentiam
1551 4465 1739 4565 diligenter
1763 4469 1827 4542 de-

234 4583 393 4682 scripsit3
415 4609 534 4657 cume
553 4587 735 4658 contrario
747 4586 856 4657 dixit:
874 4616 891 4654 a
906 4609 951 4658 an
970 4586 1111 4660 divitias
1126 4590 1297 4665 bonitatis
1308 4591 1397 4688 ejus,
1415 4617 1433 4659 u
1453 4590 1606 4679 honest,
1631 4590 1778 4662 divitem
1792 4604 1828 4662 et

235 4703 420 4800 copiosam
441 4703 652 4795 bonitatem,
679 4707 753 4777 sive
769 4705 1012 4777 abundantem
1034 4706 1292 4807 benignitatem
1307 4711 1524 4807 longanimis
1548 4711 1738 4810 patientiae,
1756 4735 1827 4807 qna

236 4821 372 4892 tamdiu
384 4836 418 4893 te
430 4822 571 4915 tolerat,
594 4827 837 4917 «contemnis,
855 4856 873 4890 >2
892 4825 976 4922 quia
990 4821 1155 4900 videlicet
1168 4853 1243 4902 non
1261 4831 1333 4903 cito
1346 4832 1464 4929 punit,
1484 4832 1694 4926 «ignorans,
1712 4860 1729 4895 »
1747 4827 1819 4901 boc

273 5106 377 5170 ¹R0m,
393 5120 447 5169 cap.
460 5120 488 5168 u,
505 5119 527 5156 r.
541 5109 565 5157 5.
585 5133 614 5143 —
628 5107 635 5136 ¹
653 5105 770 5167 listron,
786 5121 841 5170 cap.
853 5122 870 5168 1,
883 5121 906 5156 r.
920 5111 943 5158 ts
