4559 6100
631 573 824 646 EPlTOME
848 571 1121 646 THEOLOGlAE
1144 572 1431 645 CHRIS‘lthAE.
1752 574 1823 645 579

231 751 326 793 suum
342 726 418 792 dare
435 728 565 807 maluit,
584 748 681 814 quam
692 725 726 789 in
740 724 804 789 alio
814 738 914 813 potu,
932 725 1007 812 quia
1022 746 1081 813 per
1100 724 1212 789 vinum
1223 724 1333 789 letitia
1349 720 1553 813 significatur.
1567 722 1663 789 Unde
1681 724 1824 791 :vnum

233 823 371 889 laetificat
391 847 447 888 cor
462 823 613 888 hominis.
633 822 695 886 Per
710 822 773 886 hoc
792 843 922 910 quoque
942 837 1051 911 aperte
1068 821 1227 898 ostendit,
1247 818 1503 886 inestimahilem
1518 820 1663 887 letitiam
1675 844 1733 910 per
1747 845 1826 911 pas·

234 923 358 986 sionem
375 943 465 985 suam
475 920 625 985 Ecclesioe
641 918 824 999 affuturam,
838 942 935 1006 quam
947 918 1066 999 Sancti,
1084 919 1228 1006 quiante
1243 920 1416 983 adventum
1429 940 1524 983 suum
1539 917 1680 999 luerunt,
1692 918 1825 985 minime

233 1019 426 1098 habuerunt,
448 1019 523 1105 quia
538 1016 708 1081 moriendo
728 1040 795 1081 nou
811 1017 989 1081 transibant
1009 1015 1179 1092 advitam,
1196 1016 1263 1081 imo
1279 1016 1313 1080 in
1329 1015 1456 1080 inferno
1473 1013 1712 1081 detinebantur.
1729 1013 1826 1081 Unde

233 1137 293 1180 neo
315 1137 427 1180 eorum
448 1115 592 1178 natalitia
607 1115 642 1178 in
658 1113 789 1179 ecclesia
812 1113 1027 1179 celebrantur.
1053 1115 1102 1178 De
1125 1135 1208 1201 aqua
1228 1135 1295 1178 non
1316 1111 1468 1203 legimus,
1486 1112 1576 1201 quod
1597 1112 1742 1179 Christus·
1752 1111 1829 1177 huic

232 1227 431 1279 sacramento
448 1211 621 1277 addiderit.
640 1214 704 1276 Cur
719 1212 815 1302 igitur
825 1212 901 1276 vino
918 1209 1131 1276 admisceam?
1145 1209 1211 1276 Sed
1222 1208 1369 1286 dicimus,
1388 1208 1477 1298 quod
1492 1233 1551 1300 per
1561 1231 1677 1298 aquam
1690 1207 1828 1298 populus

233 1309 376 1397 gentium
394 1307 589 1398 designatae.
608 1307 704 1374 Unde
720 1332 812 1397 aque
827 1309 937 1374 multe
951 1307 1064 1398 populi
1080 1307 1190 1390 multi3
1210 1323 1247 1372 ut
1261 1309 1349 1372 euim
1364 1329 1491 1396 semper
1506 1308 1540 1371 in
1556 1305 1647 1373 fluxu
1660 1306 1741 1371 etin
1755 1328 1829 1373 mo·

232 1404 357 1471 bilitate
372 1429 474 1495 aqua,
496 1406 541 1470 ita
556 1404 694 1495 populus
711 1406 764 1471 ille
784 1407 819 1470 in
834 1405 922 1470 fluxu
942 1406 1046 1470 carnis
1061 1420 1095 1471 et
1112 1405 1319 1470 instabilitate
1339 1403 1480 1494 quadam
1504 1403 1718 1470 detinebatur.
1742 1403 1828 1469 Nam

233 1501 321 1566 nullo
344 1502 424 1591 legis
451 1501 503 1568 vel
525 1503 758 1592 Prophetarum
777 1505 855 1592 jugo
874 1502 1078 1582 refrenatus,
1099 1525 1158 1592 per
1180 1501 1270 1567 lucos
1292 1518 1324 1567 et
1347 1524 1417 1566 aras
1445 1501 1631 1567 daemonum
1650 1500 1727 1565 hinc
1750 1498 1827 1567 inde

232 1600 430 1688 raptabatur.
450 1601 532 1665 Cum
545 1600 641 1690 igitur
657 1616 732 1664 ante
745 1616 884 1665 mortem
900 1602 1015 1665 Christi
1031 1600 1170 1690 populus
1184 1600 1243 1665 iste
1258 1600 1292 1663 in
1306 1598 1482 1665 Ecclesiam
1499 1618 1565 1663 nou
1579 1598 1743 1677 intrasset,
1760 1620 1827 1662 uon

232 1712 302 1760 erat
322 1698 532 1779 conveniens,
550 1697 639 1785 quod
662 1720 762 1786 aqua,
786 1722 859 1787 quae
878 1698 1032 1789 gaudium
1049 1699 1090 1764 de
1112 1700 1178 1783 ejus
1199 1697 1333 1762 introitu
1353 1696 1520 1786 exprimit,
1539 1693 1722 1761 adderetur.
1745 1696 1828 1759 Cum

231 1815 309 1857 vero
323 1810 434 1883 postea
451 1796 602 1877 intraret,
622 1794 762 1860 Ecclesia
778 1794 820 1861 de
836 1799 904 1881 ejus
918 1797 1053 1861 introitu
1073 1813 1106 1862 et
1125 1795 1277 1861 societate
1297 1792 1451 1885 gaudens,
1469 1816 1587 1881 aquam
1602 1790 1761 1877 adjunxit.
1779 1793 1827 1857 De

233 1890 387 1956 fractione
408 1891 481 1973 illa,
499 1912 571 1979 quae
586 1892 634 1956 ibi
648 1910 798 1982 apparet,
817 1894 937 1982 ambigi
952 1893 1113 1977 similiter,
1132 1915 1174 1957 an
1190 1893 1294 1982 ipsum
1311 1913 1427 1979 corpus
1443 1890 1573 1968 Christi,
1592 1890 1674 1954 sicut
1690 1911 1764 1957 rere
1780 1904 1828 1957 est

232 1986 289 2065 ibi,
312 1989 357 2052 ita
381 1989 415 2052 in
435 1989 571 2053 veritate
592 1989 766 2079 frangatur.
791 1991 854 2055 Sed
877 1989 1030 2071 dicimus,
1052 1988 1142 2078 quod
1162 1991 1243 2055 sicut
1261 2011 1328 2054 esse
1345 1987 1473 2053 ridetur
1493 1988 1597 2076 panis,
1622 2001 1655 2051 et
1677 2009 1745 2051 non
1768 2001 1826 2065 est,

232 2083 358 2149 videtur
374 2106 502 2175 quoque
519 2087 630 2150 vinum
640 2108 720 2166 esse,
733 2109 808 2151 cum
822 2103 931 2152 tamen
947 2088 1058 2151 vinum
1071 2110 1136 2150 non
1148 2088 1189 2151 sit
1202 2109 1211 2151 r
1224 2087 1269 2151 sic
1280 2084 1408 2150 videtur
1419 2084 1535 2175 frangi,
1552 2106 1626 2149 cum
1638 2083 1829 2151 fractionem

232 2179 352 2245 nullam
370 2181 502 2270 recipiat
525 2182 708 2272 nullamque
730 2185 869 2272 partium
891 2184 1065 2249 sectionem
1082 2184 1243 2273 suscipiat.
1260 2183 1329 2248 Nec
1343 2198 1392 2247 est
1406 2198 1537 2272 propter
1551 2181 1615 2245 hoc
1629 2181 1828 2269 phantastica

230 2278 310 2340 visio
332 2276 405 2359 illa,
430 2279 505 2366 quia
527 2301 595 2343 non
617 2295 664 2344 est
681 2279 723 2345 ad
740 2280 964 2370 deceptionem
980 2281 1031 2345 vel
1051 2280 1126 2346 fidei
1150 2302 1309 2359 errorem,
1328 2280 1387 2345 sed
1408 2278 1597 2345 sacramenti
1618 2276 1829 2343 commenda·

233 2374 365 2439 tionem.
384 2374 449 2440 Sed
464 2397 537 2439 cum
554 2375 597 2440 de
613 2377 768 2442 fractione
784 2377 850 2456 illa,
867 2397 939 2457 quae
954 2378 991 2441 fit
1006 2379 1040 2442 in
1057 2379 1161 2459 altari,
1179 2376 1271 2443 facile
1291 2377 1332 2442 sit
1351 2375 1554 2466 responderi,
1566 2374 1618 2440 ‚de
1636 2374 1708 2454 illa,
1732 2397 1829 2462 quam

232 2471 374 2536 Christus
388 2472 462 2537 fecit
477 2474 511 2536 in
526 2496 629 2553 coena,
646 2472 687 2538 de
702 2498 765 2562 qua
780 2476 981 2565 Evangelista
1000 2499 1008 2540 t
1027 2476 1136 2565 Fregit
1151 2491 1185 2540 et
1202 2474 1302 2539 dabat
1319 2472 1482 2562 discipulis
1496 2473 1571 2553 suis,
1588 2493 1685 2559 grave
1702 2469 1829 2537 videtur

233 2567 410 2650 absolvere,
429 2592 471 2634 an
486 2571 606 2635 scilicet
620 2572 654 2634 in
670 2572 805 2636 veritate
818 2595 934 2662 corpus
949 2596 1042 2637 suum
1057 2573 1188 2661 fregerit
1204 2586 1237 2637 et
1250 2594 1308 2662 per
1318 2588 1425 2661 partes
1434 2569 1579 2635 'divisum
1590 2568 1751 2658 discipulis
1764 2569 1828 2635 suis

232 2666 412 2731 tradiderit.
441 2666 494 2733 Ad
519 2669 609 2756 quod
635 2669 784 2756 equidem
812 2669 1075 2759 respondendmn
1099 2669 1240 2750 videtin,
1266 2669 1356 2758 quod
1378 2683 1483 2733 totum
1511 2670 1671 2757 integrum
1695 2683 1729 2731 et
1751 2689 1828 2755 per·

232 2762 362 2843 fectum,
381 2764 461 2828 sicut
479 2764 519 2829 de
533 2765 667 2854 Virgine
680 2765 836 2849 traduxit,
852 2767 897 2831 ita
910 2768 1081 2855 uuicuique
1096 2767 1326 2856 discipulorum
1340 2782 1450 2830 totum
1462 2780 1496 2829 et
1508 2762 1828 2854 integrumtradidit.

230 2859 283 2923 Sic
298 2860 395 2925 etiam
407 2862 442 2925 in
458 2860 606 2925 altariab
617 2885 813 2953 unoquoque
825 2863 968 2930 fidelium
981 2865 1146 2954 recipitur.
1160 2865 1258 2947 Quod
1270 2880 1378 2929 autem
1393 2862 1474 2928 dixit
1483 2861 1687 2952 Evangel‘mta
1700 2884 1709 2927 ε
1724 2861 1832 2952 Fregit

231 2972 265 3020 et
281 2956 371 3022 dedit
390 2957 552 3048 discipulis
569 2960 651 3042 suis,
668 2961 713 3024 sic
728 2983 804 3027 sane
820 2961 1063 3053 intelligendum
1079 2961 1192 3051 liquet,
1212 2961 1322 3053 fregit,
1340 2960 1374 3027 id
1390 2977 1454 3041 est,
1470 2959 1640 3039 revelavit,
1658 2974 1692 3023 et
1707 2959 1832 3048 aperuit

233 3053 410 3145 discipulis,
435 3058 514 3146 quid
536 3059 600 3122 hoc
624 3076 859 3125 sacramentum
881 3059 1083 3150 significaret,
1109 3060 1200 3148 quod
1224 3060 1375 3125 videlicet
1393 3083 1509 3148 corpus
1530 3056 1715 3137 ecclesiam,
1742 3057 1831 3145 quod

231 3154 358 3242 sanguis
372 3153 566 3219 hilaritatem
581 3154 669 3219 illam
684 3179 782 3243 quam
799 3156 931 3224 ecclesia
948 3156 989 3223 de
1005 3159 1053 3222 sui
1070 3158 1273 3223 redemtione
1287 3158 1387 3222 habet
1403 3157 1565 3244 figuraret.
1584 3152 1679 3219 Unde
1696 3155 1751 3242 qui
1767 3155 1830 3219 hoc

232 3252 400 3340 ignorant,
423 3274 491 3315 non
516 3252 662 3330 fractum,
686 3253 793 3336 idest,
821 3278 888 3319 non
906 3255 1081 3320 revelatum
1099 3254 1277 3320 secundum
1301 3255 1349 3318 sui
1366 3253 1630 3344 significationem
1657 3251 1826 3339 accipiunt.

231 3346 330 3429 Quod
346 3363 455 3411 autem
470 3348 514 3413 sic
530 3371 606 3413 sane
618 3365 651 3414 et
661 3351 889 3416 convenienter
901 3352 1018 3441 exponi
1034 3352 1146 3441 possit,
1161 3351 1338 3415 Hieremias
1353 3348 1493 3414 ostendit
1507 3372 1515 3412 :
1529 3345 1658 3411 Parvuli
1668 3348 1830 3437 petierunt

231 3466 362 3531 panem,
380 3460 413 3509 et
428 3467 495 3508 non
513 3460 581 3510 erat
597 3447 651 3534 qui
667 3446 829 3538 frangeret
843 3449 900 3513 eis.
919 3447 1014 3514 Panis
1029 3449 1088 3513 iste
1099 3450 1255 3538 scriptura
1271 3463 1330 3526 est,
1347 3469 1444 3536 quem
1455 3467 1586 3535 panem,
1604 3443 1639 3508 id
1655 3459 1714 3524 est,
1733 3466 1830 3531 quam

230 3541 421 3630 scripturam
446 3541 569 3631 parvuli
590 3543 707 3608 infirmi
731 3562 806 3610 ante
826 3543 1001 3610 adventum
1023 3546 1139 3610 Christi
1161 3544 1221 3610 sibi
1242 3544 1359 3633 frangi,
1384 3541 1498 3620 idest,
1523 3542 1639 3631 aperiri
1663 3556 1696 3605 et
1710 3542 1829 3629 exponi

231 3638 396 3725 petebant,
416 3654 449 3702 et
465 3661 531 3703 non
548 3655 616 3704 erat
626 3641 679 3728 qui
695 3640 856 3732 frangeret
870 3642 928 3721 eis,
947 3642 1051 3707 donec
1062 3643 1187 3706 veniret
1201 3642 1355 3721 Christus,
1372 3640 1426 3729 qui
1438 3640 1576 3729 aperiret
1591 3638 1636 3703 eis
1647 3637 1825 3726 scripturas.

230 3733 325 3798 Unde
335 3734 351 3797 J
353 3758 473 3800 oannes
484 3737 518 3799 in
535 3737 717 3827 apocalypsi
730 3740 791 3804 :Et
806 3763 901 3805 nemo
912 3754 1038 3829 poterat
1049 3741 1171 3828 aperire
1184 3738 1301 3803 librum
1313 3754 1347 3803 et
1357 3736 1481 3801 solvere
1490 3735 1652 3826 signacula
1665 3735 1746 3818 ejus,
1763 3749 1825 3800 etc.

231 3831 272 3893 Et
287 3832 371 3896 bene
388 3831 503 3897 dicitur
518 3833 673 3922 scriptura
688 3836 791 3924 panis,
810 3837 887 3925 quia
902 3859 941 3900 ea
956 3851 991 3899 ut
1006 3837 1080 3900 cibo
1098 3835 1230 3926 spiritali
1246 3835 1381 3899 interior
1394 3834 1508 3913 homo,
1524 3833 1604 3897 sicut
1620 3847 1653 3895 et
1668 3831 1828 3920 corporali

233 3927 383 4006 exterior,
404 3927 544 3994 reficitur
560 3947 593 3995 et
607 3947 810 3997 sustentatur.
829 3934 910 4016 Quae
926 3932 1123 4022 frangenda,
1142 3931 1176 3997 id
1191 3948 1250 4012 est,
1269 3929 1462 4021 exponenda
1479 3946 1537 4008 est,
1557 3929 1643 4018 quia,
1661 3927 1742 3992 sicut
1757 3927 1829 3992 duri

232 4025 322 4112 panis
346 4042 451 4091 crusta
476 4025 654 4116 frangenda
678 4045 768 4110 sunt,
794 4045 830 4093 ut
852 4031 894 4095 ad
918 4028 1092 4094 medullam
1114 4045 1146 4095 et
1168 4029 1302 4111 micam,
1321 4052 1392 4116 quoe
1408 4030 1493 4092 intus
1507 4042 1567 4104 est,
1585 4026 1768 4107 veniamus,
1785 4026 1830 4090 sic

232 4137 341 4188 cortex
357 4139 390 4187 et
406 4139 485 4188 testa
505 4123 606 4188 literae
623 4124 799 4215 frangenda
815 4143 874 4208 est,
892 4127 927 4191 id
943 4143 1002 4210 est,
1020 4129 1116 4193 series
1131 4126 1231 4191 literae
1249 4125 1460 4215 exponenda,
1478 4141 1515 4188 ut
1531 4122 1572 4188 ad
1589 4121 1778 4203 medullam,
1794 4122 1828 4187 id

233 4233 291 4296 est,
309 4217 351 4283 ad
367 4219 551 4285 interiorem
569 4244 695 4286 sensum
711 4225 820 4288 venire
838 4222 1011 4289 valeamus.

276 4309 365 4381 Solet
381 4342 510 4407 quoque
527 4319 638 4407 quaeri,
656 4343 754 4407 quare
771 4319 938 4410 discipulis
948 4320 1051 4410 ipsum
1067 4321 1213 4398 tradidit,
1230 4319 1379 4411 passibile
1394 4318 1542 4384 videlicet
1559 4341 1600 4381 an
1619 4315 1825 4408 impassibile.

235 4408 284 4474 Ad
298 4411 387 4499 quod
404 4412 549 4498 dicinms,
570 4403 658 4503 quod
676 4415 716 4481 de
733 4419 921 4483 auctoritate
933 4420 996 4483 hoc
1013 4417 1185 4483 diffinitum
1205 4443 1272 4483 non
1287 4418 1454 4482 habemus.
1473 4416 1645 4480 Possumus
1660 4430 1769 4478 tamen
1787 4414 1828 4479 de

229 4509 294 4571 hoc
311 4532 420 4576 secure
435 4509 649 4602 respondere,
671 4513 759 4601 quod
782 4514 872 4580 dedit
888 4516 951 4581 tale
968 4516 1062 4605 quale
1078 4517 1191 4581 voluit.
1210 4516 1242 4579 Si
1263 4516 1350 4580 enim
1365 4512 1467 4578 voluit
1482 4514 1528 4578 eis
1548 4512 1675 4577 tradere
1692 4512 1827 4576 immor·

232 4601 307 4684 tale,
325 4604 408 4672 bene
424 4608 554 4696 quidem
570 4613 604 4675 in
619 4609 675 4674 illo
690 4627 835 4700 tempore
851 4612 1138 4702 impassibilitatem
1154 4612 1203 4678 sui
1219 4610 1327 4701 potuit
1342 4632 1514 4686 assumere,
1532 4611 1613 4675 sicut
1629 4625 1662 4674 et
1676 4609 1710 4671 in
1725 4615 1828 4672 morte

230 4699 374 4767 claritate
395 4727 428 4770 se
449 4706 522 4770 vitae
546 4707 734 4772 immortalis
754 4710 943 4775 venustavit.
968 4709 998 4773 Si
1022 4727 1129 4774 antem
1150 4707 1286 4773 voluerit
1309 4707 1386 4772 dare
1406 4706 1553 4797 passibile
1575 4721 1608 4771 et
1631 4705 1695 4769 hoc
1719 4702 1828 4792 utique

233 4799 346 4887 potuit,
365 4799 407 4865 ita
426 4817 546 4882 tamen,
562 4805 651 4893 quod
667 4827 741 4870 curn
760 4829 871 4870 eorum
889 4806 1042 4872 dentibus
1058 4823 1260 4884 attereretur,
1278 4803 1357 4869 nihil
1374 4803 1450 4869 inde
1467 4805 1598 4868 sentiret
1613 4799 1754 4888 nihilque
1771 4797 1829 4867 de·

232 4895 377 4962 fectionis
397 4900 430 4962 in
451 4923 485 4965 sc
502 4917 673 4968 assumeret
693 4925 701 4967 t
720 4904 800 4968 sicut
820 4903 916 4968 etiam
937 4904 1034 4970 beato
1050 4903 1222 4969 Vincentio
1239 4901 1336 4967 talem
1352 4902 1497 4991 corporis
1510 4897 1702 4964 soliditatem
1721 4894 1826 4977 dedit,

233 4991 320 5079 quod
344 5018 457 5084 parum
479 4998 520 5063 de
541 4998 602 5063 illis
628 5002 812 5081 tormentis,
831 5025 902 5090 quat
919 5001 949 5065 ei
965 5001 1197 5081 inferebantur,
1225 5001 1333 5065 sensit.
1360 4998 1393 5061 Si
1419 4997 1507 5062 enim
1531 4996 1658 5085 aliquis,
1685 4994 1827 5082 quinon

233 5089 367 5155 haberet
389 5092 537 5158 eamdem
555 5095 620 5160 vim
635 5097 669 5159 in
687 5119 822 5186 corpore
838 5121 913 5179 suo,
935 5114 1060 5164 tantum
1079 5096 1236 5163 decimam
1253 5112 1375 5185 partem
1397 5093 1523 5158 illarum
1538 5112 1706 5182 poenarum
1721 5112 1828 5155 susce·
