4559 6100
470 517 543 590 212
1073 516 1202 589 PETRl
1228 516 1460 590 lantiunt

505 697 538 751 x«
554 668 681 739 Beatus
716 662 780 736 vir.
800 696 817 731 a
846 667 1125 766 Eumprimum
1152 667 1283 767 plurali
1311 692 1463 740 numero
1492 666 1642 739 beatum
1671 665 1853 754 enuntiat,
1884 680 1920 738 et
1948 670 2063 742 virum

467 787 633 862 nominat
654 785 801 874 dicens,
830 814 849 853 n
865 790 990 857 Beatus
1011 785 1078 880 vir,
1099 801 1169 858 etc.
1190 818 1206 852 ν
1227 787 1300 858 Nisi
1321 787 1407 884 quia
1425 785 1554 858 divinae
1571 786 1689 883 gratiae
1704 783 1881 859 beneficia
1898 812 2013 886 usque
2028 805 2064 862 et

466 905 513 977 ad
536 904 752 1001 singularem
778 903 879 976 illum
905 903 1092 976 hominem
1118 905 1288 995 ostendit,
1317 906 1443 1003 quiin
1472 929 1582 977 unam
1610 904 1742 977 Christi
1766 929 1959 1003 personam
1983 912 2061 982 Deo

464 1025 586 1097 unitus
615 1040 681 1097 est.
712 1022 824 1119 Cujus
852 1027 960 1097 etiam
988 1023 1248 1098 beatitudiuem
1275 1024 1405 1097 eodem
1435 1025 1615 1123 Propheta
1637 1023 1887 1113 describente,
1917 1028 2059 1127 inipso

463 1145 583 1217 statim
596 1145 712 1244 capite
725 1143 808 1216 libri
826 1145 1093 1243 scriptumest:
1112 1150 1268 1217 «Beatus
1284 1145 1338 1216 vir
1348 1144 1410 1243 qui
1428 1167 1502 1215 non
1516 1143 1615 1216 abiit.
1626 1172 1645 1212 a
1654 1144 1718 1216 Vir
1736 1144 1871 1242 quippe
1887 1169 1907 1216 a
1924 1142 2059 1220 viribus

463 1264 580 1336 dictus
601 1279 655 1336 est
676 1263 758 1336 ideo
783 1264 867 1361 quia
884 1263 943 1336 ille
965 1265 1028 1363 qui
1045 1262 1135 1336 nihil
1152 1263 1343 1336 debilitatis
1365 1289 1411 1336 ex
1433 1264 1664 1363 corruptione
1682 1264 1819 1363 peccati
1845 1265 1969 1352 traxit,
1994 1269 2057 1363 qui

463 1383 589 1455 fortior
606 1382 736 1455 fortem
756 1381 933 1479 alligavit,
951 1398 987 1456 et
1002 1408 1102 1457 arma
1117 1384 1280 1483 diripuit,
1300 1384 1402 1482 quusi
1419 1383 1474 1455 vir
1489 1381 1714 1481 singulariter
1729 1405 1794 1481 per
1809 1383 2055 1459 excellentiam

462 1502 603 1574 dicitur.
625 1502 691 1573 Alii
707 1526 793 1573 vero
810 1504 1066 1602 cooperatione
1082 1504 1193 1602 ipsius
1208 1504 1311 1599 quasi
1327 1502 1521 1576 effeminati
1537 1515 1573 1574 et
1590 1500 1717 1574 molles
1729 1526 1855 1575 omnes
1867 1505 2051 1595 exsistunt,

460 1621 609 1694 terrenis
624 1619 868 1719 voluptatibus
882 1622 1119 1719 subJacentes.
1138 1621 1232 1694 Huic
1247 1635 1368 1695 autem
1385 1622 1535 1694 omniuo
1553 1621 1583 1693 si
1598 1622 1644 1693 sit
1664 1601 1871 1695 immunisa
1888 1639 2051 1721 peccato,

457 1741 598 1813 nullum
615 1741 791 1814 Dominus
809 1741 1213 1842 imputavitpeccatunr,
1232 1743 1315 1842 quia
1338 1740 1436 1813 nulla
1450 1766 1535 1814 eum
1547 1756 1889 1840 poenapropeceato
1902 1743 2053 1840 dignum

452 1862 625 1957 judicavit
636 1860 759 1960 aliquo
772 1859 827 1933 vel
845 1861 1075 1960 originalivel
1093 1864 1256 1962 proprio,
1273 1864 1334 1960 qui
1345 1886 1412 1936 nec
1426 1862 1464 1933 in
1481 1874 1630 1961 peccato
1642 1861 1972 1961 conceptusfuerit,
1985 1891 2051 1937 nec

455 1995 645 2078 peccatm
660 1980 807 2079 aliquod
824 1983 1052 2056 commiserit.
1076 1988 1270 2056 Possumus
1286 1982 1394 2055 etiam
1412 1996 1498 2053 tune
1512 1980 1772 2053 beatitudinem
1785 1982 1970 2056 nominata
1980 1983 2049 2056 ho·

453 2095 596 2173 inirmm
617 2099 833 2174 salvatorum
849 2102 905 2173 vel
921 2101 1175 2174 salvandorum
1193 2125 1325 2198 genera
1339 2099 1550 2197 intelligere.
1567 2105 1689 2172 Unum
1702 2098 1850 2197 quidem
1867 2125 1978 2198 genus
1993 2119 2047 2177 est

451 2222 686 2318 paruulorum
700 2219 880 2320 baptismo
895 2220 952 2292 vel
973 2222 1147 2318 martyrio
1162 2219 1480 2305 sanctificatorum,
1502 2233 1541 2291 et
1560 2218 1804 2317 quorumlibet
1824 2244 1908 2293 vere
1925 2224 2046 2320 poeui-

450 2340 617 2430 tentium,
642 2339 775 2437 quibus
798 2342 836 2411 in
856 2340 924 2413 hac
940 2341 1011 2412 vita
1029 2340 1306 2412 satisfactionem
1327 2339 1544 2437 poenitentiae
1569 2363 1643 2412 noo
1666 2338 1749 2410 licet
1769 2338 1923 2437 explere.
1944 2341 2043 2415 Aliud

411 2477 413 2484 ·
448 2484 534 2533 vero
552 2486 664 2558 genus
686 2475 752 2549 est,
772 2459 874 2557 quasi
891 2483 955 2559 per
973 2459 1192 2558 condignam
1208 2459 1487 2533 satisfactionem
1509 2473 1655 2558 peccata
1675 2459 1865 2555 corrigere.
1885 2464 2041 2535 Tertium

446 2603 533 2652 vero
557 2604 669 2675 genus
692 2581 729 2650 in
755 2579 861 2650 unius
879 2579 1064 2651 salvatoris
1083 2578 1340 2675 singularitate,
1362 2593 1404 2650 ut
1419 2579 1620 2676 expositum
1641 2592 1707 2665 est,
1732 2594 1932 2676 permanet.
1950 2584 2041 2655 Cum

446 2698 568 2795 itaque
584 2698 659 2769 ait:
684 2698 815 2769 «Beati
838 2719 996 2794 quorum
1018 2697 1173 2769 remissae
1196 2710 1280 2768 suut
1303 2697 1530 2796 iniquitates,
1546 2727 1564 2763 »
1583 2698 1697 2770 solam
1723 2697 1886 2796 intelligit
1908 2702 2039 2773 remis-

445 2817 600 2905 sionem,
616 2840 725 2914 quam
746 2814 879 2887 scilicet
898 2815 997 2888 nulla
1023 2816 1083 2887 hie
1105 2815 1296 2888 satisfactio
1317 2818 1490 2913 sequitur.
1512 2815 1653 2888 Parvuli
1675 2831 1808 2909 autem,
1829 2818 1930 2914 juxta
1949 2821 2040 2893 Psal—

444 2936 599 3028 mistam,
617 2936 654 3007 in
670 2932 914 3030 iniquitatibus
928 2934 1094 3034 concepti
1107 2948 1215 3007 sunt:
1232 2935 1313 3024 illis,
1329 2935 1366 3006 in
1379 2934 1510 3032 quibus
1522 2935 1687 3034 concepti
1698 2949 1734 3007 et
1745 2935 1819 3007 nati
1832 2936 2037 3033 iniquitates

443 3057 685 3147 remittuntur,
706 3055 794 3128 dum
812 3055 993 3152 originalis
1012 3056 1150 3154 peccati
1171 3054 1441 3130 damnationem
1461 3082 1529 3156 pro
1550 3058 1614 3148 eis,
1642 3070 1683 3129 ut
1704 3055 1871 3147 diximus,
1890 3080 1965 3129 nou
1982 3060 2035 3132 in-

442 3190 603 3250 currunt.
635 3178 759 3250 Caeteri
785 3178 907 3269 enirn,
932 3177 1025 3249 sicut
1050 3201 1160 3275 supra
1183 3177 1427 3270 meminimus,
1458 3202 1524 3275 per
1553 3175 1829 3253 satisfactionem
1851 3174 2034 3252 bonorum

438 3320 591 3395 operum
617 3312 763 3397 peccata
787 3298 972 3394 corrigunt
995 3297 1185 3396 praeterita.
1212 3301 1254 3369 Bt
1280 3295 1353 3370 hoe
1375 3295 1522 3394 quidem
1548 3297 1624 3395 ipsa
1647 3296 1923 3369 constructionis
1947 3322 2033 3396 pro·

436 3419 568 3515 prietus
596 3420 735 3514 erigere
760 3414 913 3507 videtur,
942 3430 983 3489 ut
1007 3441 1091 3490 curn
1113 3417 1197 3490 haec
1222 3416 1405 3509 dicuntur,
1435 3440 1625 3513 «quornm
1651 3430 1688 3489 et
1713 3439 1892 3514 quorum,
1912 3445 1928 3483 n
1957 3442 2030 3491 non

435 3535 583 3610 eosdem
610 3536 870 3632 intelligamus,
897 3536 961 3608 sed
989 3536 1163 3608 diversos.
1204 3536 1298 3609 Alius
1330 3538 1425 3608 enim
1453 3559 1597 3628 sensus,
1629 3536 1659 3607 si
1687 3535 1799 3609 semel
1830 3536 2030 3633 proferatur

437 3685 456 3724 n
471 3681 645 3752 quorum,
665 3687 682 3723 a
701 3655 774 3728 hoe
792 3655 904 3729 modo
923 3684 932 3728 z
957 3656 1078 3731 «Beati
1101 3679 1259 3752 quorum
1285 3656 1440 3727 remissae
1455 3669 1539 3728 sunt
1558 3654 1763 3752 iniquitates
1784 3670 1820 3727 et
1836 3668 1928 3728 tecta
1944 3673 2029 3729 sunt

432 3789 616 3873 peccata.»
627 3775 722 3847 Alius
737 3775 766 3846 si
785 3772 975 3874 repetitum
989 3774 1045 3846 bis
1061 3773 1215 3861 dicatur,
1233 3775 1323 3847 sicut
1333 3800 1488 3874 praesens
1502 3773 1611 3847 habet
1625 3774 1754 3847 littera.
1766 3774 1883 3849 Semel
1892 3776 2027 3874 quippe

392 3982 398 3991 ἢ
432 3894 567 3966 dictum
591 3895 762 3980 eosdem,
792 3893 1016 3993 duplicatum
1041 3893 1202 3966 diuersos
1225 3895 1395 3967 insinuat.

478 4015 635 4102 Quaestio
654 4013 700 4087 de
717 4015 828 4109 gratia
844 4016 910 4085 Dei
928 4027 963 4085 et
978 4015 1112 4086 meritis
1125 4014 1319 4087 hominum
1332 4013 1405 4087 hoc
1424 4014 1506 4087 loco
1521 4039 1559 4087 se
1573 4016 1719 4112 ingerit,
1740 4038 1818 4113 quae
1836 4015 1910 4087 sint
1926 4016 2024 4113 apud

428 4138 545 4207 Deum
565 4133 729 4206 videlicet
751 4135 878 4206 merita
898 4147 1034 4227 nostra,
1059 4160 1142 4207 curn
1166 4135 1290 4207 omnia
1312 4134 1408 4207 bona
1431 4135 1508 4229 ejus
1527 4148 1668 4207 tautum
1689 4135 1807 4233 gratiae
1832 4132 2023 4207 tribuenda

426 4254 508 4342 sint,
528 4255 644 4351 quiin
664 4255 770 4327 nobis
787 4268 969 4353 operatur,
990 4253 1121 4328 eodem
1137 4268 1325 4328 attestante
1345 4253 1531 4353 apostolo,
1551 4268 1590 4326 et
1608 4253 1697 4327 velle
1713 4268 1750 4327 et
1765 4251 1936 4352 perficere
1948 4276 2021 4351 pro

423 4371 523 4445 bona
550 4371 747 4447 voluntate.
772 4374 873 4447 Unde
896 4388 932 4446 et
955 4373 1040 4445 alibi
1056 4375 1124 4446 ait¹
1144 4402 1152 4445 ε
1174 4374 1305 4462 «Quid
1321 4388 1442 4446 autem
1464 4371 1576 4447 habes
1597 4372 1698 4471 quod
1723 4397 1798 4444 non
1823 4371 2018 4469 accepisti?

423 4494 459 4564 Si
475 4507 596 4569 autem
615 4493 796 4592 accepisti,
814 4493 901 4591 quid
914 4492 1077 4591 gloriaris
1095 4493 1196 4589 quasi
1215 4516 1290 4566 non
1308 4492 1541 4591 acceperislu
1558 4492 1800 4581 Quaerendum
1818 4505 1871 4563 est
1886 4491 1924 4563 io
1943 4514 2019 4587 quo

422 4614 548 4685 merita
568 4626 690 4686 nostra
706 4613 920 4700 consistant,
943 4613 981 4685 iu
996 4610 1183 4684 voluntate
1200 4612 1333 4685 scilicet
1355 4627 1510 4704 tantum,
1529 4636 1574 4685 an
1596 4613 1706 4686 etiam
1721 4613 1757 4685 in
1784 4610 2015 4709 operatione,

419 4733 539 4827 idest,
559 4732 646 4831 quid
662 4731 708 4805 ad
722 4731 876 4829 gloriam
890 4732 968 4804 siue
986 4756 1109 4831 poetta,
1128 4737 1225 4805 Deus
1244 4731 1400 4806 innubis
1417 4748 1637 4822 remuneret,
1655 4748 1692 4806 et
1704 4746 1825 4805 utrum
1841 4731 1955 4803 virtus
1971 4731 2018 4803 ad

417 4851 676 4927 beatitudinem
694 4850 858 4944 sufficiat,
884 4865 919 4923 et
937 4852 1020 4923 siin
1038 4852 1248 4951 operatione
1270 4877 1345 4925 non
1366 4867 1592 4951 prorumpat,
1614 4866 1648 4925 et
1667 4865 1789 4925 utrmn
1807 4875 1901 4950 opus
1919 4862 2016 4923 exte·

451 5115 478 5165 'l
491 5118 620 5181 Corinth,
629 5135 682 5184 cap.
696 5136 728 5183 rr,
740 5137 763 5171 t.
776 5124 799 5172 7.
