4559 6100
615 550 911 627 lNTRODUCTlO
938 550 997 622 ΑΙ)
1021 550 1325 625 tuuotoettu.
1724 554 1771 626 33

171 700 373 776 honoribus
388 699 555 797 digniora
568 723 678 797 <pram
693 725 736 774 ea
749 726 828 801 quae
844 701 882 774 in
894 701 1037 801 templis
1053 700 1279 775 colebantur.
1295 705 1375 773 Non
1387 699 1489 798 quod
1506 725 1590 774 vere
1601 704 1700 775 canis
1710 718 1772 776 aut

170 820 261 920 lapis
281 834 403 893 essent
418 818 570 892 colenda
586 819 824 919 sapientibus,
853 819 918 893 sed
938 836 978 892 ut
1000 820 1072 893 hoc
1096 821 1209 893 modo
1228 820 1482 916 intelligerent,
1509 820 1610 918 quod
1626 838 1772 919 possent

172 953 270 1012 tanta
285 939 540 1039 superstitione
557 938 756 1013 demersos¹
770 963 848 1013 esse
863 939 1049 1035 homines,
1075 954 1116 1013 ut
1132 954 1225 1013 esset
1242 954 1316 1013 tam
1337 939 1452 1038 turpis
1470 938 1771 1014 demonstrandus

172 1059 301 1156 gradus
311 1114 330 1154 „
341 1059 387 1135 ad
403 1083 513 1158 quem
528 1059 693 1131 veniresi
710 1058 880 1158 puderet,
906 1059 1071 1134 viderent
1096 1073 1235 1159 quanto
1251 1060 1365 1156 magis
1387 1056 1600 1158 pudendum
1616 1072 1708 1131 esset
1731 1060 1769 1131 in

172 1180 332 1279 turpiore
356 1182 565 1253 consistere.
595 1180 764 1253 Similiter
793 1195 829 1253 et
855 1180 936 1253 illos
962 1182 1026 1278 qui
1050 1181 1231 1254 mnndum
1252 1180 1359 1254 istum
1383 1178 1559 1252 visibilem
1587 1203 1769 1252 summurn

173 1305 286 1373 Deum
297 1324 375 1374 esse
392 1300 609 1404 opinantur,
628 1298 850 1373 admonebat
865 1301 1099 1401 turpitudinis
1115 1327 1187 1374 suae
1195 1357 1207 1399 ,
1227 1300 1365 1374 docens
1380 1324 1457 1373 esse
1474 1324 1717 1396 consequens,
1730 1315 1771 1373 ut

173 1418 319 1517 quilibet
328 1419 418 1519 lapis
429 1434 601 1518 tanquam
614 1420 746 1492 summi
754 1421 821 1493 Dei
832 1421 1007 1520 particula
1017 1421 1098 1518 jure
1110 1421 1299 1493 coleretur.
1312 1447 1332 1488 u
1345 1421 1464 1493 ltem²z
1482 1450 1500 1487 ιι
1512 1423 1675 1492 Socrates
1683 1444 1768 1494 cum

177 1540 313 1640 populo
337 1540 534 1643 simulacra,
548 1540 806 1633 venerabatur,
836 1554 873 1614 et
899 1555 982 1641 post
1004 1542 1081 1639 ejus
1107 1541 1380 1615 damnationem
1403 1553 1632 1638 mortemque
1658 1565 1767 1615 nemo

173 1680 280 1728 ausus
295 1670 349 1729 est
361 1656 483 1753 jurare
498 1681 564 1755 per
579 1681 724 1749 canem,
750 1681 818 1730 nec
844 1658 1026 1757 appellare
1043 1681 1312 1757 quemcumque
1337 1656 1514 1756 lapidem⁸
1534 1660 1684 1749 lovem,
1704 1656 1765 1729 sed

172 1774 240 1848 hoc
263 1776 516 1849 tantummodo
540 1778 723 1851 memoriae
739 1776 937 1876 litterisque
952 1777 1138 1852 mandare.
1165 1777 1274 1865 Quod
1298 1790 1419 1849 utrum
1434 1777 1563 1849 timore
1578 1798 1625 1847 an
1647 1776 1768 1874 aliqua

170 1896 375 1992 cognitione
391 1897 557 1984 iecerint,
572 1896 735 1995 judicare
751 1922 827 1969 non
844 1911 899 1970 est
915 1922 1049 1970 meum.
1071 1928 1089 1965 s
1112 1902 1162 1970 Ex
1176 1897 1232 1970 his
1250 1900 1370 1995 itaque
1382 1895 1501 1969 verbis
1516 1909 1636 1995 aperte
1657 1895 1769 1970 doce-

171 2038 249 2086 mur
263 2016 365 2112 quod
387 2016 519 2090 scholae
540 2015 578 2105 id
604 2030 660 2089 est
681 2015 855 2089 doctrinae
871 2016 1176 2117 Philosophorum
1197 2016 1306 2114 longe
1335 2017 1372 2088 in
1398 2014 1471 2088 lide
1495 2015 1725 2088 dissentirent
1747 2040 1769 2089 a

172 2132 293 2232 vulgo,
308 2159 396 2207 cum
411 2158 486 2233 quo
503 2150 626 2209 tamen
641 2134 825 2210 habebant
849 2136 985 2236 templa
1011 2139 1238 2231 communia,
1269 2161 1355 2209 cum
1374 2160 1439 2209 eos
1455 2136 1597 2207 omnes*
1618 2159 1640 2208 a
1667 2160 1705 2208 se
1730 2136 1767 2208 in

170 2250 239 2326 fide
255 2252 430 2326 dissidere
447 2269 520 2326 tam
534 2254 690 2355 populus
706 2280 816 2354 quam
827 2255 1030 2328 sacerdotes
1038 2257 1229 2347 sentirent;
1248 2280 1315 2328 nee
1329 2255 1450 2327 solum
1465 2253 1627 2327 diversos
1642 2279 1664 2328 a
1680 2253 1765 2349 lide,

167 2371 231 2445 sed
245 2371 417 2447 adversos
432 2375 540 2446 etiam
564 2374 736 2469 existere,
757 2374 819 2472 qui
840 2399 925 2447 cum
942 2375 1127 2448 manifeste
1144 2400 1228 2447 curn
1244 2373 1383 2474 populo
1396 2374 1610 2447 exteriorem
1626 2374 1767 2473 religio·

168 2514 254 2563 nem
268 2492 410 2591 templis
418 2492 637 2587 exhiberent,
653 2522 671 2563 ιι
681 2494 905 2566 stultorum»
923 2493 1070 2583 scilicet,
1088 2518 1244 2591 quorum
1264 2523 1282 2560 ι
1297 2492 1457 2567 inl'mitus
1472 2506 1526 2564 est
1539 2494 1764 2586 uumerur⁸,u

169 2608 435 2684 multitudinem
448 2625 670 2706 metuentes,
688 2613 857 2712 privatim
872 2627 1017 2704 tamen,
1041 2631 1077 2685 et
1102 2613 1205 2710 quasi
1227 2612 1440 2710 sapientiam
1462 2610 1651 2710 loquentes
1674 2613 1767 2688 inter

169 2729 360 2826 perlectos,
391 2732 471 2831 ipso
487 2732 595 2805 etiam
619 2755 883 2831 nonnunquam
905 2731 1043 2830 populo
1062 2731 1252 2825 audiente,
1277 2745 1413 2804 sectam
1437 2729 1522 2803 lidei
1549 2731 1766 2805 contrariam

169 2848 431 2945 profitebantur
443 2865 552 2949 atque
568 2848 826 2924 defendebant.
844 2855 1009 2939 Quorum
1024 2851 1172 2950 quidem
1190 2853 1354 2923 Socrates
1370 2851 1546 2923 maximus
1558 2850 1767 2925 idololatriae

169 2968 324 3066 derisor,
343 2972 380 3043 iu
393 2984 532 3043 tantum
545 2971 665 3078 plures
682 2970 790 3065 deos,
811 2969 849 3043 id
871 2984 925 3043 est
938 2969 1054 3066 idola,
1073 2984 1322 3071 contemptum
1338 2969 1507 3066 adduxit,
1521 2984 1562 3043 ut
1577 2974 1628 3043 eis
1639 2995 1766 3044 canem

170 3090 328 3188 praeferre
346 3090 518 3186 auderet,
532 3115 721 3189 perquem
737 3090 785 3163 ad
800 3090 895 3163 hanc
916 3092 1122 3164 irrisionem
1145 3090 1400 3189 jusjurandum
1422 3105 1642 3190 susceperat,
1671 3090 1768 3168 unde'

169 3224 202 3281 et
215 3210 448 3308 antiquorum
464 3210 657 3282 nominum
676 3208 827 3308 gloriam
846 3210 931 3310 ipsis
946 3209 1094 3283 abstulit
1110 3209 1231 3283 idolis.
1259 3213 1430 3309 Superest
1451 3234 1550 3282 nunc
1571 3224 1612 3283 ut
1631 3234 1766 3309 propo·

169 3327 233 3401 stra
247 3354 395 3428 quoque
412 3328 716 3429 Philosophorum
731 3327 957 3427 proferamus
973 3328 1022 3401 de
1038 3327 1111 3400 fide
1127 3329 1351 3422 testimonia,
1378 3342 1420 3399 ut
1436 3343 1631 3427 utrumque
1648 3315 1766 3428 popu·

169 3444 243 3519 lum
253 3448 436 3522 infidelem
447 3473 492 3520 ex
503 3450 587 3548 ipsis
601 3449 678 3554 stris
694 3445 907 3520 doctoribus
923 3446 1178 3519 confutemus:
1198 3446 1339 3519 ludaeos
1355 3445 1489 3517 scilicet
1501 3470 1544 3518 ex
1563 3446 1763 3545 Prophetis,

169 3567 325 3641 Gentiles
337 3594 381 3641 ex
394 3567 634 3668 Philosophia.

213 3687 353 3760 Primus
365 3702 486 3761 autem
497 3711 595 3762 nunc
605 3687 665 3762 ille
678 3687 947 3785 antiquissimus
959 3684 1278 3785 Philosophorum,
1292 3699 1328 3757 et
1339 3687 1459 3785 magni
1473 3686 1630 3758 nominis
1642 3711 1768 3760 occur·

171 3820 221 3879 rat
245 3808 462 3898 Mercurius,
486 3832 594 3906 quem
616 3832 685 3908 pro
712 3806 921 3881 excellentia
945 3829 1009 3879 sua
1035 3805 1145 3877 deum
1173 3829 1319 3903 quoque
1347 3806 1630 3906 appellaverunt.
1657 3809 1767 3905 Cujus

170 3924 313 4022 quidem
337 3927 583 3999 testimonium
599 3926 645 3999 de
662 3926 894 4023 generatione
909 3924 1019 4000 Verbi
1035 3925 1251 4024 Augustinus
1269 3928 1404 3998 Contra
1426 3929 1586 4027 quinque
1601 3926 1767 3999 inermes·

170 4042 365 4144 disputans,
379 4044 531 4137 inducit,
544 4044 691 4119 dicens:
706 4075 721 4115 ιι
735 4049 884 4121 Hermes
893 4045 957 4143 qui
966 4043 1163 4117 Mercurius
1178 4045 1302 4116 latine
1315 4042 1458 4135 dicitur,
1476 4046 1617 4144 scripsit
1632 4045 1766 4118 librum

170 4164 229 4260 qui
239 4163 444 4263 appellatur
456 4193 474 4234 ιι
486 4169 576 4266 λόγος
588 4168 729 4258 rueret,
742 4193 760 4233 u
774 4164 813 4236 id
825 4177 880 4238 est
890 4163 1042 4237 verbum
1059 4163 1273 4264 perlectum.
1290 4164 1485 4236 Audiamus
1498 4164 1588 4263 quid
1597 4164 1769 4264 loquatur

170 4280 212 4355 de
227 4283 343 4357 verbo
354 4284 527 4385 perlecto.
545 4286 762 4373 «Dominus,
781 4285 910 4381 inquit,
925 4298 963 4357 et
979 4284 1094 4357 lactor
1112 4282 1277 4355 omniurn
1294 4281 1447 4355 deorum
1470 4284 1671 4359 secundum
1687 4285 1768 4360 lecit

170 4402 378 4496 dominum,
395 4403 494 4479 hunc
512 4405 595 4479 lecit
609 4407 789 4504 primum,
804 4419 842 4479 et
854 4404 974 4478 solum
992 4418 1028 4478 et
1045 4427 1186 4477 rerum.
1205 4407 1327 4475 Bonus
1342 4416 1463 4476 autem
1478 4406 1511 4477 ei
1528 4406 1626 4478 risus
1641 4418 1712 4500 est,
1731 4420 1767 4480 et

171 4522 396 4621 plenissimus
423 4526 590 4598 omnium
614 4525 800 4598 bonorum
829 4552 838 4598 ε
865 4524 1004 4599 laetatus
1034 4537 1113 4618 est,
1142 4537 1180 4596 et
1204 4521 1309 4596 valde
1334 4523 1457 4596 dilexit
1481 4548 1566 4597 eum
1594 4539 1766 4624 tanquam

172 4644 390 4743 umgenitum
406 4669 526 4718 suum.
539 4676 557 4712 a
570 4648 660 4719 ltem
677 4643 748 4718 alio
765 4643 848 4719 loco
861 4671 870 4716 r
884 4673 904 4712 ιι
914 4643 1023 4718 Filius
1037 4643 1221 4716 benedicti
1236 4644 1302 4715 Dei
1313 4659 1421 4742 atque
1435 4643 1540 4716 bonae
1556 4644 1763 4736 voluntatis,

169 4763 267 4860 cujus
281 4788 420 4838 nomen
436 4788 512 4837 non
528 4779 647 4864 potest
665 4765 827 4840 humano
845 4789 910 4838 ore
926 4763 1077 4839 narrari.
1098 4793 1117 4830 a
1134 4765 1353 4861 Augustinus
1369 4787 1478 4861 quem
1497 4765 1615 4865 primo
1633 4764 1765 4838 lactum

198 5074 257 5127 ’δὴ
268 5073 331 5128 cod.
344 5073 406 5127 Vtut.
419 5077 525 5129 Ererror
536 5076 609 5128 Amb.
622 5076 744 5130 -21ttrt
758 5105 787 5117 -
799 5079 809 5111 ⁸
819 5076 942 5143 lapidem
996 5076 1059 5130 Vtct.
1072 5103 1103 5117 —
1112 5077 1203 5141 uret,
1213 5092 1267 5142 cap.
1280 5092 1298 5140 ι,
1309 5092 1333 5128 r.
1351 5082 1388 5130 15.
1397 5075 1545 5128 -wootro
1559 5075 1673 5142 quinque
1686 5074 1765 5127 here·

166 5149 236 5205 deut
250 5168 291 5220 ep.
307 5157 475 5208 Ambooetum.
487 5183 517 5195 -
529 5161 539 5190 ⁴
549 5157 610 5209 Cum
623 5171 667 5209 eor
683 5163 767 5211 tomen
780 5171 866 5210 ornnes
878 5156 939 5210 Cod.
983 5172 1046 5221 wer,
1057 5171 1112 5223 cap.
1127 5172 1164 5210 ιιι.
1174 5185 1203 5198 -
1214 5162 1222 5191 ⁷
1233 5158 1400 5222 Δόγοςτὲλιος
1409 5156 1470 5207 tad.
1482 5154 1545 5207 Vter.

288 5270 313 5307 rr
1624 5247 1642 5303 5
