4559 6100
378 603 391 619 ,
629 497 634 506 “
744 516 1002 591 mnososu
1033 518 1307 594 susurrans.
1752 525 1820 599 ιιι

230 666 504 743 veneratoribus
536 666 638 742 nulla
673 666 864 742 retributio
889 669 927 739 in
959 668 1036 766 lege
1066 667 1113 741 de
1140 668 1392 743 observatione
1420 669 1507 768 legis
1537 671 1639 768 juata
1670 671 1823 749 litteram

231 789 406 886 pronis·
425 802 488 863 aut
508 787 730 888 expectanda
754 801 829 881 est,
859 786 933 860 uisi
956 788 1179 886 prosperitas
1199 802 1360 880 terrena,
1384 788 1432 861 ad
1453 811 1562 887 quam
1588 805 1667 863 toto
1685 793 1825 868 inhiant

232 907 428 1001 denam,
459 933 538 1008 quae
563 908 710 1006 quidem
725 908 919 1007 promissio
946 908 985 979 iu
1014 910 1290 980 Dantcrormmtb
1327 922 1451 1007 aperte
1479 909 1684 983 continetur
1719 918 1822 1012 capi-

232 1028 309 1101 tulo
326 1052 409 1102 xxiv
425 1043 461 1102 et
477 1052 599 1102 uvur.
617 1033 661 1102 tt
676 1052 765 1102 rem
779 1029 843 1127 qui
859 1028 921 1100 hic
935 1029 1138 1102 transitoria
1155 1027 1371 1130 despiciunt,
1389 1051 1534 1101 necesse
1556 1042 1612 1101 est
1626 1045 1667 1103 ut
1682 1034 1825 1130 potiora

232 1148 289 1220 bis
312 1149 436 1246 eliqua
456 1162 602 1248 sperent
627 1173 707 1247 qtae
731 1162 816 1222 sunt
843 1162 988 1240 aetoena,
1018 1148 1110 1221 sicut
1133 1148 1343 1247 philosophi
1368 1162 1408 1221 et
1433 1145 1640 1221 Christiani.
1669 1152 1762 1224 Hinc
1790 1171 1826 1228 et

232 1291 342 1366 supra
362 1270 604 1367 Hieronymus
628 1270 917 1343 consolationem
940 1270 1096 1342 Socratis
1121 1267 1266 1341 induxit
1287 1268 1725 1368 super-contbmnatione
1749 1273 1827 1371 ej‘us

231 1387 281 1460 ad
294 1403 450 1462 mortem
462 1389 691 1477 immeritem,
710 1389 757 1463 de
769 1387 1011 1489 promerenda
1022 1387 1236 1461 immmtalis
1248 1391 1376 1462 animas
1392 1388 1626 1480 beatitudine,
1644 1406 1684 1463 nt
1699 1405 1771 1466 tam
1788 1397 1824 1467 in

232 1504 304 1579 fide
323 1510 463 1582 Sanctae
478 1507 675 1603 Trinitatis,
696 1532 807 1607 quam
826 1509 864 1580 in
882 1532 947 1607 spe
965 1506 1092 1580 lutura
1108 1506 1340 1581 beatitudinis
1362 1508 1577 1605 conjunctos
1591 1509 1826 1586 nobistuisse

231 1630 470 1732 philosophos
491 1633 749 1731 intelligamus,
774 1647 810 1705 et
832 1631 1002 1706 eumdem
1023 1633 1185 1729 utrisque
1206 1630 1317 1703 finem
1338 1655 1418 1704 csse
1430 1633 1657 1731 propositum
1682 1660 1725 1707 ac
1744 1636 1826 1712 bra-

232 1752 332 1826 vium
355 1753 487 1851 ipsum,
510 1752 677 1826 videlicet
697 1776 880 1826 summum
896 1751 998 1850 quod
1014 1756 1112 1825 Dens
1127 1766 1181 1824 est
1198 1757 1371 1824 Bonum'.
1390 1751 1495 1825 Unde
1511 1767 1646 1824 etcum
1663 1758 1826 1854 superius

232 1869 279 1942 de
299 1872 378 1970 ipso
395 1875 541 1946 Socrate
557 1871 684 1946 beatus
701 1885 822 1970 ageret
838 1873 1065 1969 Augustinus,
1085 1872 1224 1945 dictum
1245 1886 1297 1943 cst
1312 1871 1360 1943 de
1374 1895 1420 1943 eo
1433 1873 1527 1944 inter
1544 1879 1706 1947 cetera¹z
1728 1906 1746 1942 a
1762 1879 1826 1950 llic

231 1991 396 2064 animum
423 1992 580 2066 intendit
600 1992 741 2082 adhoc
765 1992 869 2090 quod
897 2006 987 2065 esset
1014 1992 1127 2065 bentae
1152 1991 1234 2064 vitoe
1262 1993 1513 2085 neccswium,
1543 2010 1691 2094 propter
1717 2022 1825 2095 quam

233 2134 342 2188 unam
362 2113 527 2184 omnium
545 2111 847 2212 philosophorum
870 2109 1072 2211 invigilasse
1093 2136 1136 2185 ao
1155 2111 1337 2192 laborasse
1353 2111 1495 2184 videtur
1512 2114 1699 2188 industria.
1717 2145 1735 2184 n
1755 2121 1827 2205 Qui

231 2231 342 2304 etiam
365 2230 413 2303 de
432 2231 615 2331 discipulis
638 2233 793 2305 Socratis
814 2232 945 2330 adjecit
970 2231 1136 2305 dicenn':
1159 2236 1354 2322 «Quorum
1380 2234 1541 2305 certatim
1563 2234 1722 2307 studium
1745 2237 1823 2328 luit,

232 2349 271 2421 in
296 2351 534 2448 questionum
560 2351 752 2425 moralium
774 2352 1033 2452 disceptatione
1054 2354 1210 2446 versari,
1236 2352 1298 2424 ubi
1319 2354 1437 2450 agitur
1461 2351 1507 2423 de
1533 2355 1683 2427 Summo
1710 2360 1822 2443 Bono,

230 2471 311 2544 sine
324 2495 399 2568 quo
423 2463 644 2548 heribertus
662 2472 931 2573 mrlluspoten.
949 2501 967 2541 a
995 2472 1050 2546 ad
1069 2472 1141 2545 hoc
1164 2488 1200 2545 et
1221 2472 1282 2545 illa
1305 2472 1459 2571 pertinet
1481 2471 1697 2562 exhortatio,
1716 2500 1824 2572 qnam

230 2590 433 2664 rectoribus
451 2591 657 2690 reipublice
676 2591 813 2665 Tullius
828 2590 965 2684 scribit,
989 2592 1167 2665 inducens
1184 2590 1318 2666 scilicet
1337 2616 1446 2665 avum
1465 2592 1654 2690 Scipionis,
1678 2619 1761 2667 cum
1780 2621 1825 2668 eo

229 2735 298 2811 per
313 2735 484 2786 somnum
496 2712 547 2784 ita
562 2709 772 2808 loquentem
791 2739 800 2783 :
820 2712 922 2784 «Sed
939 2735 1013 2810 quo
1034 2712 1094 2805 sis,
1112 2713 1286 2800 Africano,
1301 2711 1452 2783 alacrior
1470 2711 1517 2782 sd
1532 2714 1720 2785 tutandam
1735 2739 1826 2787 rem·

229 2830 427 2929 publicam,
457 2831 509 2904 sio
534 2829 672 2906 habeto
696 2830 905 2904 :Omnibus
926 2832 991 2930 qui
1014 2832 1167 2930 patriam
1195 2831 1487 2904 conservaverint
1513 2846 1651 2903 certum
1678 2857 1756 2907 esse
1787 2837 1824 2907 in

229 2948 324 3022 ooelo
341 2948 530 3025 delinitum
546 2948 683 3040 locum
703 2949 768 3023 ubi
783 2948 882 3023 beati
897 2974 974 3022 aevo
991 2951 1211 3051 sempiterno
1228 2950 1404 3023 iruanmr.
1422 2947 1516 3023 Nihil
1533 2964 1587 3021 est
1608 2949 1657 3039 illi
1673 2954 1826 3054 principi

228 3073 308 3143 Deo
328 3071 391 3168 qni
411 3094 559 3145 omnem
584 3069 765 3145 mundum
788 3070 901 3167 regit,
924 3069 1026 3167 quod
1045 3072 1196 3168 quidem
1221 3072 1258 3142 in
1287 3072 1390 3143 terris
1417 3068 1492 3162 fiat,
1521 3073 1700 3169 acceptius
1716 3098 1826 3172 qnam

227 3187 383 3265 coucilia
400 3202 580 3285 cetusque
592 3188 786 3263 bominum
794 3189 875 3285 jure
888 3189 1028 3274 sociati,
1048 3213 1129 3286 quse
1144 3190 1304 3262 civitates
1320 3188 1558 3287 appellantur.
1580 3219 1597 3256 n

281 3311 376 3383 Rene
399 3321 521 3383 autem
537 3306 711 3397 subdidit,
739 3331 785 3380 ex
810 3306 868 3379 his
888 3330 969 3403 quse
988 3307 1029 3379 in
1051 3308 1155 3378 terris
1182 3306 1282 3397 fiant,
1307 3306 1380 3378 hoc
1402 3320 1457 3377 est
1481 3308 1520 3378 iu
1542 3310 1727 3380 communi
1752 3310 1827 3383 ho-

226 3426 374 3501 miuum
395 3424 633 3515 habitatione,
658 3424 760 3522 quod
780 3423 828 3499 ad
845 3425 998 3498 activam
1019 3424 1249 3498 referendum
1269 3425 1462 3517 estvitam,
1482 3448 1564 3521 quoe
1581 3427 1619 3496 in
1634 3429 1825 3501 necessas-

225 3542 328 3619 obus
346 3545 520 3643 proximi,
542 3569 629 3618 cum
641 3569 717 3643 quo
737 3543 934 3636 inhabitat,
953 3567 1078 3617 amore
1093 3568 1239 3643 quoqne
1256 3544 1367 3643 ipsius
1383 3542 1525 3616 laborat
1544 3544 1581 3615 in
1605 3547 1769 3637 terrama,
1784 3564 1828 3619 nt
1888 3596 1891 3605 ,

222 3662 363 3741 habeat
378 3663 477 3741 rande
492 3663 626 3739 tribuat
644 3664 891 3739 necessitatem
906 3663 1067 3761 patienti,
1084 3665 1165 3736 etei
1182 3664 1338 3736 frontum
1354 3664 1410 3737 sui
1427 3666 1659 3737 commisceat
1675 3664 1822 3738 laboris.

222 3782 376 3878 Majoris
394 3784 531 3887 quippe
546 3784 663 3859 meriti
684 3782 840 3861 solitaria
864 3783 938 3855 vita
960 3797 1014 3855 est
1034 3782 1361 3883 contemplationis,
1380 3807 1453 3881 qua
1473 3807 1542 3856 nos
1563 3785 1697 3856 nimius
1714 3784 1826 3858 divini

274 3978 287 4007 ⁸
303 3961 518 4051 Hieronymo
534 3960 576 4027 ad
592 3960 762 4027 Paulinum
782 3962 1004 4052 presbyterum
1025 3959 1066 4026 de
1088 3960 1238 4025 omnibus
1261 3958 1379 4025 divinae
1399 3960 1541 4026 historiar
1560 3960 1649 4026 libris
1670 3984 1678 4026 :
1708 3993 1721 4019 α
1737 3964 1829 4054 Legi·

220 4082 302 4126 mars
324 4059 359 4125 in
379 4060 540 4127 veteribus
559 4060 710 4134 historiis,
733 4057 891 4149 quosdam
912 4057 1060 4125 lustrasse
1075 4059 1273 4149 provincias,
1292 4081 1394 4123 novos
1414 4057 1529 4124 adiisse
1545 4058 1700 4150 populos,
1729 4064 1828 4126 maria

219 4157 389 4239 transisse,
407 4173 444 4222 ut
464 4181 519 4224 eos
537 4182 618 4247 quos
639 4181 680 4224 ex
695 4155 785 4222 libris
805 4172 978 4236 noverant,
1000 4178 1112 4222 coram
1127 4179 1257 4246 quoque
1279 4154 1438 4221 viderent.
1456 4157 1509 4221 Sic
1523 4157 1697 4247 Pytagoras
1719 4157 1828 4224 Mem-

218 4254 370 4346 phiticos
389 4271 490 4339 rates,
516 4258 562 4321 sic
584 4253 677 4321 Plato
701 4254 878 4345 AEgyptum
898 4270 932 4320 et
946 4254 1112 4320 Anchitam
1127 4255 1337 4320 Tarentinum
1359 4275 1495 4342 eamque
1518 4277 1608 4320 oram
1631 4254 1731 4321 ltaliae
1756 4280 1828 4346 quae

218 4349 398 4443 quondam
409 4354 658 4445 meguaGrtscia
668 4350 845 4432 dicebatur,
863 4350 1108 4419 laboriosissime
1120 4353 1302 4442 peragravit
1312 4376 1322 4435 ;
1339 4367 1376 4416 ut
1384 4352 1440 4440 qui
1448 4353 1582 4418 Athenis
1598 4353 1748 4443 magister
1761 4373 1829 4420 erat

219 4471 262 4523 oe
275 4465 406 4542 potem,
421 4455 573 4543 cujusque
589 4451 768 4517 &cuinam
791 4449 977 4517 Academiae
989 4450 1162 4539 Gymnasia
1178 4450 1407 4541 personabant,
1427 4449 1518 4514 lieren
1531 4453 1717 4541 peregrinus
1733 4468 1829 4542 atque

219 4547 422 4638 discipulus,
443 4550 568 4619 malem
587 4547 691 4615 aliena
709 4547 890 4614 verecunde
907 4547 1041 4632 dissere,
1067 4570 1164 4637 quam
1188 4571 1245 4613 sua
1266 4546 1486 4638 imprudenter
1501 4548 1658 4638 ingerere.
1681 4549 1828 4639 Denique

218 4670 307 4718 caran
326 4644 448 4713 litteras
467 4649 557 4738 qimai
574 4663 648 4713 toto
666 4646 823 4737 largientes
838 4644 918 4711 orbe
931 4644 1144 4736 persequitur,
1162 4661 1273 4735 captus
1289 4668 1307 4708 a
1322 4646 1432 4735 piratis
1448 4661 1481 4710 et
1496 4644 1713 4727 venundatus,
1731 4648 1828 4713 etiam

215 4765 370 4840 tyranno
386 4746 608 4813 undelissiam
626 4745 749 4836 paruit,
771 4743 896 4810 rinnau
914 4760 947 4811 et
961 4765 1081 4809 servus.
1099 4744 1224 4808 Tamen
1245 4743 1319 4832 quia
1339 4741 1566 4834 philosophus,
1582 4744 1686 4828 major
1701 4758 1827 4807 emente

217 4871 261 4915 se
280 4844 384 4911 fnit.»

257 5132 264 5160 ¹
280 5084 361 5188 Aua,
372 5126 402 5177 dc
416 5125 491 5177 Cicit.
503 5126 561 5186 Det,
572 5124 616 5175 llo.
630 5120 694 5185 11111,
706 5136 759 5185 cap.
774 5133 810 5172 ιιι.
823 5147 855 5159 -
871 5124 1006 5184 Ἀιιιιιιι.,
1026 5121 1089 5173 itta
