4559 6100
472 548 518 615 ro
641 514 647 521 ’
1068 536 1199 609 rurnr
1225 535 1457 623 summm

395 674 399 689 ⁵
470 706 511 763 ut
525 713 634 762 nemo
643 687 822 759 ¹discretus
842 685 1041 783 absqneea
1055 684 1187 759 salvari
1209 685 1333 782 possit.
1358 690 1454 757 Bene
1475 682 1687 757 Athanasius
1711 707 1796 755 cum
1811 686 2056 782 praemisisset:

472 814 587 880 «Herc
598 820 652 879 est
667 805 756 879 fides
770 804 971 897 Catholim,
993 833 1013 871 a
1029 804 1149 876 statim
1166 803 1204 874 id
1221 804 1405 901 aperiens,
1426 802 1524 874 unde
1543 802 1677 876 scilicet
1698 802 1838 876 dicatur
1856 803 2058 890 catholica,

471 942 507 998 et
524 928 620 998 relat
634 948 817 1025 exponens
830 925 901 995 ait:
920 928 1076 1011 «Quam
1087 923 1157 994 nisi
1173 923 1324 1019 quisque
1341 919 1494 994 fideliter
1515 921 1737 1020 firmiterque
1756 921 1971 1014 crediderit,
1989 920 2060 993 sal·

472 1068 536 1116 vus
552 1068 628 1116 esse
641 1067 717 1115 non
734 1043 911 1142 poterit.»
929 1045 1020 1113 Sunt
1033 1054 1068 1113 et
1080 1040 1143 1138 qui
1160 1040 1271 1113 velint
1283 1039 1394 1113 fidem
1412 1039 1635 1117 Catholicam
1651 1040 1698 1114 ad
1719 1040 1957 1113 differentiam
1975 1037 2061 1113 fidei

471 1161 738 1237 catholicorum
752 1186 830 1234 non
849 1160 984 1259 ubique
999 1185 1084 1232 cum
1096 1160 1254 1232 Ecclesia
1272 1159 1443 1251 dilatatae,
1460 1160 1525 1231 sed
1546 1159 1647 1257 quasi
1664 1160 1702 1230 in
1719 1157 1852 1255 angulo
1872 1158 1992 1255 aliquo
2007 1158 2060 1232 la-

470 1281 621 1374 titantis,
649 1281 706 1352 rel
722 1281 760 1351 in
776 1279 895 1377 aliqua
910 1293 1086 1351 terrarum
1108 1293 1208 1377 parte
1234 1279 1423 1351 conclusae.
1449 1278 1552 1351 Fides
1577 1293 1697 1351 autem
1719 1277 1904 1350 Catholica
1928 1278 2059 1374 partim

469 1399 563 1470 circa
579 1398 695 1496 ipsam
719 1397 917 1470 divinitatis
943 1412 1127 1490 naturam,
1157 1400 1289 1496 partim
1314 1400 1409 1470 circa
1430 1397 1553 1469 divina
1574 1395 1749 1470 beneficia
1766 1410 1805 1468 et
1828 1420 2061 1494 quascunque

469 1518 535 1588 Dei
552 1518 768 1591 necessarias
789 1516 1073 1615 dispensationes
1090 1516 1148 1589 vel
1165 1518 1410 1590 ordinationes
1435 1517 1618 1610 consistit,
1638 1540 1718 1613 quae
1742 1514 1847 1587 nobis
1871 1513 2060 1610 diligenter
2163 1590 2167 1599 .

468 1636 718 1733 Apostolorum
733 1637 791 1709 vel
814 1640 1028 1709 Sanctorum
1045 1650 1187 1734 patrum
1203 1636 1374 1732 symbolis
1388 1658 1554 1734 expressa
1570 1648 1666 1706 sunt.
1685 1637 1734 1706 Ac
1747 1635 1905 1731 primum
1930 1632 1977 1704 de
2004 1631 2059 1706 his

468 1779 550 1852 quae
564 1755 612 1828 ad
627 1754 822 1829 divinitatis
833 1770 999 1828 naturam
1013 1757 1213 1854 pertinent,
1229 1755 1498 1829 consideremus
1514 1753 1665 1851 qualiter
1685 1751 1852 1825 videlieet
1875 1753 1913 1823 in
1935 1775 2008 1824 una
2024 1767 2061 1824 et

467 1873 594 1946 eadem
609 1876 753 1973 penitus
770 1876 963 1948 divinitatis
987 1875 1185 1947 substantia
1201 1889 1271 1945 tres
1291 1899 1453 1971 personae
1474 1871 1683 1963 credantur,
1708 1876 1810 1943 Pater
1831 1870 1988 1961 scilicet,
2017 1893 2060 1943 ac

467 1992 586 2085 Filius,
604 2018 647 2078 ac
662 1995 814 2091 Spiritus
830 2009 991 2087 sanctus,
1010 2009 1045 2066 et
1061 1994 1149 2092 quid
1166 1994 1315 2067 rationis
1331 1994 1387 2067 rel
1402 1993 1561 2066 utilitatis
1575 1991 1651 2064 haec
1675 1992 1712 2063 in
1734 2014 1809 2062 nno
1830 1994 1910 2062 Deo
1928 1988 2059 2062 habeat

467 2133 702 2209 personarum
720 2112 917 2186 distinctio.
938 2115 1059 2186 Primo
1078 2115 1197 2211 itaque
1213 2114 1308 2185 hanc
1323 2112 1408 2185 fidei
1429 2136 1611 2184 summam
1634 2133 1833 2208 ponamus,
1859 2108 1907 2182 de
1925 2110 2059 2182 unitate

466 2230 598 2304 snilicet
614 2256 656 2303 ac
672 2231 828 2305 trinitate
842 2231 984 2324 divina,
1006 2231 1138 2307 deinde
1156 2232 1324 2330 positam,
1343 2245 1453 2330 prout
1467 2231 1644 2303 Dominus
1658 2227 1812 2319 dederit,
1829 2227 2055 2300 disseramus.

512 2351 623 2420 Tenet
635 2350 745 2444 igitur
760 2350 969 2422 Christianae
993 2350 1080 2423 fidei
1102 2350 1227 2447 religio
1249 2375 1366 2423 unum
1393 2347 1624 2425 solummodo
1639 2352 1758 2419 Deum
1773 2370 1866 2438 esse,
1893 2368 1935 2418 ac
1956 2344 2058 2418 nullo

467 2466 576 2538 modo
602 2465 723 2564 plures
749 2493 827 2543 esse
850 2472 964 2561 Deos,
986 2493 1100 2540 unum
1122 2470 1289 2541 omnium
1314 2468 1525 2558 dominam,
1558 2491 1673 2538 unum
1699 2478 1918 2550 creatorem,
1945 2488 2058 2539 unum

464 2586 696 2682 principium,
717 2612 832 2659 unum
846 2588 993 2675 lumen,
1019 2611 1135 2658 unum
1158 2587 1322 2679 bonum,
1350 2608 1465 2659 unum
1482 2588 1723 2677 immensum,
1746 2608 1864 2655 unum
1885 2583 2059 2680 omnipo·

466 2716 619 2795 tentam,
652 2728 767 2777 unum
790 2719 986 2795 aetemum,
1007 2729 1119 2776 unam
1143 2704 1380 2777 substantiam
1406 2706 1482 2777 sive
1505 2705 1697 2777 essentiam
1726 2699 2060 2775 incommutabilem

463 2822 662 2917 penitusue
679 2822 894 2920 simplicem,
916 2824 974 2894 cui
992 2848 1061 2894 nec
1079 2837 1198 2921 partes
1215 2824 1364 2922 aliquae,
1383 2849 1452 2897 nec
1468 2822 1604 2920 aliquid
1618 2822 1720 2919 quod
1737 2822 1816 2918 ipsa
1836 2843 1913 2892 non
1931 2818 2055 2912 luerit,

463 2940 576 3035 possit
597 2941 732 3030 inesse,
751 2966 794 3014 ac
806 2967 871 3040 per
884 2942 1008 3013 omnia
1036 2942 1150 3014 solam
1171 2942 1339 3040 praedicat
1360 2966 1403 3015 ac
1425 2942 1539 3015 credit
1567 2943 1761 3029 unitatem,
1789 2952 1939 3038 excepto
1956 2939 2057 3035 quod

463 3056 511 3130 ad
524 3071 760 3156 personarum
778 3046 934 3160 pertinet
956 3061 1238 3136 multitudinem.
1261 3063 1352 3135 Huic
1373 3066 1493 3160 itaque
1515 3077 1589 3134 tam
1607 3060 1762 3159 simplici
1780 3084 1845 3131 seu
1866 3058 2057 3135 individue

464 3184 507 3247 ac·
519 3201 625 3249 mere
640 3177 865 3271 substantiae,
883 3194 955 3252 tres
971 3180 1085 3252 inesse
1101 3206 1274 3279 personas
1283 3181 1352 3253 sibi
1366 3207 1431 3281 per
1444 3184 1569 3255 omnia
1582 3179 1780 3277 coaequales
1793 3200 1836 3250 ac
1847 3191 2062 3269 coeternas,-

463 3318 537 3366 non
554 3320 707 3369 numero
722 3319 863 3390 rerum,
883 3300 948 3370 sed
968 3298 1171 3397 pluralitate
1190 3301 1452 3398 proprietatum
1475 3300 1634 3373 diversas
1656 3299 1831 3371 veraciter
1849 3293 2054 3381 confitetur,

463 3415 579 3487 Deum
596 3414 760 3490 videlicet
775 3420 931 3509 Patrem,
952 3431 992 3489 ut
1006 3418 1225 3510 dictumest,
1244 3443 1286 3491 ac
1301 3422 1420 3492 Deum
1441 3418 1570 3490 Filium
1585 3416 1676 3514 ejus,
1690 3429 1798 3512 atquc
1812 3418 1930 3486 Deum
1945 3413 2056 3512 Spiri-

463 3546 541 3606 tum
556 3532 651 3627 ejus,
674 3534 720 3608 ab
739 3536 898 3632 numque
922 3536 1192 3634 procedentem.
1220 3541 1299 3608 Non
1326 3553 1379 3609 est
1400 3553 1522 3612 autem
1537 3560 1612 3609 una
1631 3557 1786 3632 persona
1811 3532 1947 3621 altera,
1973 3531 2055 3603 licet

463 3649 600 3721 sithoc
624 3651 742 3746 ipsum
766 3653 866 3747 quod
891 3653 1002 3725 altera
1031 3681 1040 3722 :
1063 3678 1182 3748 neque
1206 3656 1305 3725 enim
1324 3656 1388 3750 qui
1405 3660 1509 3728 Pater
1525 3668 1578 3726 est
1595 3654 1704 3727 Filius
1723 3665 1797 3744 est,
1822 3662 1884 3723 aut
1902 3649 2055 3745 Spiritus

463 3782 628 3860 sanctus3
648 3794 716 3842 nec
734 3773 796 3868 qni
818 3771 926 3842 Filius
944 3786 1014 3859 est,
1034 3773 1185 3869 Spiritus
1201 3788 1347 3846 sauctus
1363 3789 1436 3863 est;
1460 3774 1524 3847 sed
1541 3788 1661 3853 tamen
1678 3771 1779 3871 quod
1794 3775 1896 3843 Pater
1911 3782 1977 3858 est,
2001 3782 2055 3841 est

463 3884 584 3976 Filius,
599 3901 700 3959 estet
715 3889 864 3984 Spiritus
880 3900 1035 3982 sanctus,
1059 3903 1095 3961 et
1117 3892 1352 3964 econtrario.
1373 3892 1474 3966 Idem
1497 3895 1631 3992 quippe
1648 3897 1745 3965 Deus
1767 3904 1842 3962 tam
1863 3893 1966 3960 Pater
1983 3898 2050 3978 cst,

465 4027 575 4106 quain
590 4006 697 4080 Filius
712 4027 775 4078 seu
792 4006 943 4104 Spiritus
964 4020 1125 4100 sanctus;
1145 4034 1259 4082 unum
1283 4011 1418 4109 quippe
1440 4035 1587 4109 prorsus
1609 4012 1648 4083 in
1666 4024 1811 4101 natura,
1842 4028 1956 4077 unum
1980 4018 2055 4075 tam

465 4146 618 4198 numero
633 4147 743 4220 quam
755 4123 952 4200 substantia
969 4140 1053 4197 sunt
1068 4154 1078 4218 ;
1097 4126 1161 4199 sed
1175 4128 1277 4224 juxta
1292 4153 1419 4202 eorum
1436 4130 1673 4229 proprietates
1687 4130 1736 4199 ita
1752 4122 1987 4224 personaliter
2006 4119 2055 4195 ab

464 4242 618 4315 invicem
635 4242 892 4339 distinguntur,
917 4258 958 4318 ut
972 4244 1061 4318 alius
1082 4245 1127 4317 sit
1144 4247 1209 4319 iste
1229 4272 1339 4345 quam
1356 4248 1438 4337 ille,
1456 4274 1531 4323 non
1547 4247 1659 4321 aliud.
1676 4248 1797 4319 Homo
1813 4256 1867 4316 est
1882 4261 2053 4340 persona·

464 4361 556 4450 liter,
576 4386 649 4433 non
667 4360 944 4435 substantialiter
965 4363 1148 4456 diversus,
1172 4390 1254 4438 cum
1283 4364 1343 4438 liic
1366 4366 1533 4440 videlicet
1553 4391 1629 4438 non
1651 4362 1798 4451 sitite,
1825 4361 1907 4433 lieet
1925 4358 1985 4430 hic
2010 4358 2056 4430 sit

465 4477 608 4576 penitus
623 4479 695 4560 hoc
711 4480 812 4578 quod
827 4480 908 4571 ille,
924 4481 963 4553 id
978 4498 1031 4566 est
1045 4483 1172 4556 eadem
1187 4486 1330 4585 penitus
1345 4486 1390 4558 sit
1403 4485 1601 4559 substantia
1616 4509 1690 4582 qua
1705 4497 1742 4555 et
1762 4481 1841 4572 ille,
1861 4502 1937 4551 non
1963 4499 2053 4573 pcr-

465 4621 566 4669 sona.
584 4597 686 4671 Unde
700 4597 865 4672 Sedulius
883 4631 892 4673 :
909 4629 927 4670 κ
942 4606 1022 4673 Non
1041 4604 1126 4700 quia
1137 4605 1201 4701 qui
1214 4619 1375 4677 summus
1392 4610 1495 4679 Pater
1503 4617 1557 4677 est
1567 4619 1604 4677 ct
1614 4603 1721 4677 Filius
1728 4600 1790 4674 hic
1803 4613 1878 4691 est;
1893 4594 1957 4670 sed
1968 4596 2053 4689 quia

466 4715 565 4814 quod
578 4740 739 4790 summus
755 4724 859 4792 Pater
874 4732 926 4794 est
942 4735 978 4796 et
993 4721 1100 4796 Filius
1117 4722 1190 4796 hoc
1206 4737 1272 4796 est.
1294 4753 1314 4793 u

515 4836 704 4932 Proprium
722 4851 842 4910 autem
859 4852 912 4910 est
928 4841 990 4913 nei
1009 4843 1122 4913 Patris
1138 4843 1336 4937 ingenitum
1352 4868 1427 4916 esse
1436 4895 1449 4932 ,
1472 4843 1543 4915 hoc
1559 4857 1612 4916 est
1633 4867 1656 4915 a
1677 4844 1795 4941 seipso
1818 4860 1896 4909 nnn
1912 4833 1960 4908 ab
1980 4833 2052 4906 alio

465 4954 628 5045 existere,
648 4954 740 5027 sicut
755 4955 833 5026 Filii
847 4958 1037 5057 proprium
1052 4975 1106 5033 est
1121 4985 1141 5031 a
1157 4965 1260 5034 Patre
1276 4965 1436 5059 genitum
1451 4987 1540 5055 esse,
1556 4986 1632 5034 non
1648 4973 1809 5033 creatum
1824 4954 1882 5028 rel
1894 4953 2050 5034 sactum,

467 5086 501 5143 et
513 5074 664 5170 Spiritus
675 5076 787 5147 sancti
803 5073 849 5147 ab
861 5077 1019 5174 utrisque
1030 5078 1238 5176 procedere,
1253 5106 1319 5154 nec
1330 5097 1489 5154 creatum
1502 5106 1571 5155 nec
1588 5080 1720 5154 factum
1733 5101 1821 5151 esse.
1836 5071 1945 5162 Quod
1955 5071 2051 5144 enim
