4559 6100
600 519 894 596 ttttttonut'rto
920 523 982 597 An
1005 521 1311 594 Tttttotoetett
1697 522 1747 593 23

156 686 259 762 esset,
276 672 412 747 amavit
426 670 528 765 illud,
546 696 590 747 en
608 672 687 770 ipsc
702 669 803 768 quod
817 669 956 747 bonum
972 674 1128 747 erac-1⁴21
1144 695 1220 768 quc
1235 683 1271 742 et
1287 669 1363 768 ipss
1379 667 1498 743 bonus
1515 692 1591 741 esse
1605 668 1745 768 liquido
1767 686 1770 691 '

157 803 388 875 monstratur.
397 789 494 879 Quid
503 792 611 865 etiam
618 790 773 889 apertius
781 788 828 863 cd
839 789 1098 871 documentum
1106 789 1287 863 Trinitatis
1301 811 1377 861 esse
1390 801 1523 886 potest,
1534 811 1644 884 qnam
1657 788 1746 862 illud

156 907 256 1005 quod
264 922 392 1007 postea
404 910 440 980 in
451 909 631 987 creatione
638 907 798 983 hominis
806 908 1044 1007 subjungitur,
1056 908 1197 982 dicente
1206 907 1381 979 Domino¹
1393 905 1621 981 :rFaciamns
1628 906 1746 981 horni-

159 1041 374 1117 nemete.»
395 1026 492 1116 Quid
502 1029 617 1107 enin.
626 1025 811 1126 pluraliter
826 1028 964 1105 dictum
984 1043 1038 1102 est
1049 1029 1261 1118 remmus,
1279 1025 1348 1099 nisi
1364 1039 1404 1097 ut
1413 1026 1622 1123 cooperatio
1638 1026 1747 1098 totius

157 1146 597 1246 Trinitatisserprimuturi
608 1148 759 1246 Quippe
776 1170 869 1244 quos
893 1147 1143 1225 cohortaretur
1159 1150 1256 1220 Deus
1268 1144 1316 1219 ad
1332 1144 1528 1219 creandum
1545 1144 1744 1233 hominem,

157 1278 216 1339 aut
231 1264 295 1339 ad.
305 1290 343 1338 se
358 1266 396 1344 in
416 1266 536 1364 atquo
548 1265 772 1362 juvandum,
787 1290 872 1343 cum
889 1269 967 1365 ipse
989 1265 1087 1343 solus
1099 1279 1286 1341 creaturus
1305 1263 1373 1338 siti
1389 1264 1573 1362 Scriptum
1591 1287 1749 1362 namque

158 1383 250 1455 est¹z
274 1414 293 1453 c
312 1385 403 1473 Quis
416 1383 553 1482 adjuvit
566 1385 739 1484 Spiritum
753 1385 922 1458 Domini?
938 1399 1001 1459 aut
1017 1385 1097 1483 quis
1119 1383 1340 1457 nomiliarius
1356 1383 1433 1479 ejus
1456 1381 1548 1455 icit?
1565 1385 1657 1457 Cum
1675 1407 1749 1481 quc

159 1502 459 1594 iniit-consitium,
475 1519 546 1585 ele·
561 1535 585 1583 ,ι
605 1509 698 1585 sene
713 1518 837 1585 amem
851 1505 898 1579 cd
914 1505 1118 1604 imaginem,
1135 1518 1172 1577 et
1184 1502 1455 1577 similitudinem
1469 1502 1663 1596 Trinitatis,
1678 1502 1749 1576 hoe

159 1636 211 1693 est
223 1621 272 1699 ad
290 1644 494 1721 expressero
505 1623 776 1703 similitudinem
787 1623 984 1722 quemdum
997 1623 1105 1701 trium
1112 1647 1370 1722 personarum,
1382 1621 1496 1697 homo
1512 1619 1588 1694 ficri
1603 1621 1746 1714 dicitur,

160 1741 218 1836 qui
234 1754 277 1817 et
291 1746 517 1842 Patremper
528 1757 886 1842 potestatemquae
907 1743 945 1817 in
969 1756 1107 1817 ceteras
1129 1756 1310 1815 creaturas
1334 1740 1493 1838 accepit,
1510 1741 1667 1815 imitatur
1687 1767 1694 1809 :
1713 1756 1751 1812 et

161 1858 285 1939 stium
298 1886 364 1960 per
372 1864 563 1954 rationem,
575 1877 613 1939 ot
623 1862 795 1961 Spiritum
807 1862 1098 1960 per-innocentie
1114 1861 1385 1957 benignitatem,
1397 1884 1507 1957 quam
1516 1859 1750 1958 postmodum

160 2003 220 2077 per
235 1980 382 2079 culpem
398 1982 526 2057 ausit.
539 1981 720 2059 Art-hane
742 2005 893 2080 quoque
916 1980 1156 2079 pluralitatem
1178 1980 1383 2057 divinarum
1409 2003 1644 2078 personarum
1663 1978 1750 2051 illud

159 2100 306 2175 attinere
322 2100 478 2194 videtur,
497 2100 598 2199 quod
614 2101 655 2173 in
676 2100 907 2198 sequentibus
923 2124 990 2198 per
1004 2114 1207 2200 serpentem
1224 2100 1364 2173 dictum
1382 2101 1474 2171 est¹z
1498 2127 1516 2166 c
1540 2099 1645 2170 Eritis
1661 2100 1751 2170 sicut

159 2216 221 2308 dii,
233 2248 251 2284 s
263 2219 614 2319 qnodmtrupertur
626 2220 844 2310 dictumest,
857 2222 894 2295 iu
908 2219 1086 2295 Hebraico
1102 2233 1208 2293 sonat
1226 2218 1390 2313 Heloym,
1408 2217 1445 2291 id
1462 2228 1515 2289 est
1531 2216 1659 2289 divinae
1674 2241 1752 2317 per·

158 2359 261 2417 som
272 2339 392 2435 ponus
406 2362 516 2434 quatu
523 2340 592 2415 nit
604 2339 916 2430 diversinecnon
926 2337 1038 2413 etillu
1053 2337 1236 2413 dominica
1251 2336 1489 2436 increpatic‘:
1505 2364 1522 2400 α
1537 2339 1627 2408 Ecce
1635 2336 1749 2411 Adam

158 2455 262 2551 quasi
279 2481 374 2531 uuus
388 2482 434 2533 en
444 2457 555 2533 nobis
564 2458 682 2537 tactu
695 2471 761 2551 est,
776 2472 842 2533 ret
855 2456 1086 2531 rursusistcd
1102 2457 1203 2555 quod
1220 2457 1400 2529 Dominus
1413 2456 1501 2527 ait⁸:
1517 2483 1535 2523 ι(
1548 2456 1753 2528 Descendu-

161 2577 579 2653 mmmoontrndamus.
592 2578 751 2674 linguam
776 2601 919 2672 eorum,
932 2601 1048 2650 »cum
1064 2576 1136 2649 hoc
1151 2577 1249 2650 solus
1271 2580 1367 2651 Deus
1385 2573 1630 2672 compleverit.
1647 2576 1754 2648 Unde
1902 2612 1905 2619 ·

159 2694 377 2775 uenditor
393 2723 402 2768 r
419 2724 438 2770 c
452 2703 566 2794 Atque
583 2697 634 2773 ita
645 2697 770 2772 divisit
786 2721 893 2770 eos.»

208 2816 545 2914 Nuneautempcst
561 2815 694 2913 legem,
710 2814 759 2889 ad
777 2815 1225 2915 Prophetes-transeamus.
1252 2817 1311 2889 tit
1334 2816 1454 2912 itaque
1472 2817 1646 2909 maximus
1669 2819 1756 2886 Pro-

159 2931 407 3029 phetammet
424 2938 559 3033 Regum
580 2934 714 3021 David,
741 2935 805 3032 qui
830 2959 936 3009 num
954 2936 1083 3009 ceteris
1103 2935 1372 3032 intelligentiam
1400 2932 1590 3032 preferens
1614 2932 1749 3006 dicit‘:

161 3079 180 3116 s
200 3054 315 3150 Super
331 3077 458 3128 onmes
473 3054 644 3130 docentes
659 3079 719 3128 me
734 3053 904 3128 intellexi.
926 3085 946 3123 s
965 3059 1051 3128 Et⁷r
1073 3085 1091 3122 r
1111 3058 1226 3153 Super
1248 3078 1363 3132 senes,
1379 3052 1544 3126 intellexi.
1571 3083 1588 3119 r
1618 3054 1673 3125 tit
1696 3054 1753 3125 in·

159 3194 266 3266 quam
283 3170 552 3248 dist‘urctinnem
565 3173 743 3248 Trinitatis
760 3186 921 3271 patenter
936 3175 1140 3250 inenums·
1158 3200 1167 3246 z
1191 3203 1209 3241 r
1229 3171 1350 3245 Verbo
1364 3170 1510 3244 Domini
1524 3169 1607 3244 coeli
1623 3170 1756 3244 firmati

158 3303 258 3376 sunt,
276 3304 314 3364 et
329 3292 467 3391 Spiritu
474 3292 556 3368 oris
570 3292 647 3389 ejus
661 3292 907 3366 omnisvirtus
923 3316 1088 3366 sorum.»
1100 3293 1173 3379 Qui
1182 3307 1224 3365 ec
1234 3291 1319 3364 alibi
1335 3291 1508 3363 unitatem
1525 3291 1657 3387 pariter
1670 3314 1753 3362 curn

157 3407 315 3486 uimtate
336 3410 494 3488 iminuu
513 3409 678 3488 diceret:
701 3439 720 3475 r
741 3410 931 3486 Benedicat
953 3433 1023 3482 nos
1048 3414 1163 3501 mus,
1194 3414 1291 3481 Deus
1311 3422 1451 3499 nostem
1474 3407 1664 3481 benedicet
1687 3432 1757 3478 nos

156 3527 275 3616 llerrs,
296 3541 333 3600 et
346 3543 510 3604 rmtuam
525 3554 609 3604 euru
627 3552 757 3604 omnes
768 3526 864 3602 fines-
872 3543 984 3601 terre.
1007 3555 1026 3596 u
1045 3528 1154 3600 Trina
1166 3527 1304 3630 quippe
1318 3527 1495 3599 confessio
1505 3526 1589 3614 Dei,
1603 3525 1753 3597 Trinita-

155 3658 229 3718 tem
244 3649 414 3744 exprimit
427 3671 687 3747 personarum,
702 3647 814 3726 Patris
828 3646 983 3738 scilicet,
1002 3662 1039 3720 et
1056 3646 1153 3737 Filii,
1173 3661 1209 3720 et
1223 3647 1375 3745 Spiritus
1390 3647 1516 3720 sancti.
1531 3651 1754 3718 Beneautem
1824 3659 1827 3664 ’
1959 3742 1966 3752 .

154 3759 275 3836 lilium
285 3766 355 3838 Dei
370 3766 561 3862 designm
568 3765 734 3853 addidit,
757 3796 774 3834 r
794 3781 933 3855 noster,
960 3796 978 3832 s
1004 3766 1107 3863 quasi
1121 3790 1206 3838 eum
1221 3765 1432 3864 participem
1450 3778 1580 3837 nostre
1596 3777 1751 3856 naturae,
1824 3801 1827 3810 ν

151 3896 188 3954 et
210 3906 236 3953 a
258 3886 361 3956 Patre
383 3883 491 3958 nobis
512 3909 589 3962 esre
613 3884 739 3966 datum
760 3884 972 3977 ostendens,
998 3909 1083 3960 cum
1104 3909 1170 3983 per
1195 3884 1480 3960 incarnationem
1507 3880 1609 3955 verbi
1632 3881 1755 3956 divina

149 4023 221 4076 uos
234 4001 414 4100 muntia
426 4002 656 4084 tttrmtnrvtt.
671 4006 725 4080 De
740 4027 815 4101 quo
823 4005 932 4084 etiam
943 4003 1064 4084 Verbo
1078 4003 1270 4103 Apostolus
1284 4004 1334 4076 ait
1342 4007 1381 4074 ¹⁰:
1395 4023 1412 4076 tr
1435 4002 1585 4101 Proprio
1599 4001 1672 4074 filio
1688 4026 1765 4074 suox

148 4142 228 4194 nou
250 4121 431 4219 pepercit,
449 4121 598 4220 sedprc
621 4120 728 4200 uobis
752 4123 923 4200 omnibus
938 4123 1087 4198 tradidit
1108 4123 1227 4195 illurn.
1251 4151 1270 4191 r
1302 4124 1484 4200 Unitatern
1514 4144 1598 4196 vero
1613 4119 1756 4214 ‚divinae

144 4237 367 4316 wilte
382 4239 1015 4341 Psalmistctcecdenupetncum
1028 4256 1113 4341 pou
1131 4254 1268 4318 ternsm
1285 4240 1400 4316 divini
1416 4240 1574 4316 nominis
1582 4241 1756 4338 prolatic-

143 4379 260 4446 nm,
282 4381 401 4440 unum
415 4358 677 4436 tantummodo
697 4362 880 4436 Deum-in·
902 4360 1016 4450 tnbm
1032 4360 1197 4459 personis
1227 4358 1448 4456 intellipens,
1463 4382 1553 4432 -ncn
1571 4359 1757 4452 conjunxit

142 4498 211 4548 e⁰⁸
227 4475 440 4575 pluraliter,
450 4476 524 4554 red
538 4478 776 4575 ψαύω.
790 4480 884 4556 ltine
901 4478 1046 4573 ntillud
1054 4481 1344 4554 comonaclrrrae
1358 4476 1460 4574 qnod
1472 4476 1560 4550 dicit
1575 4502 1613 4549 se
1631 4477 1759 4550 vidisse

141 4594 400 4693 Serapiumet
415 4595 557 4674 audisse
580 4596 818 4680 dementum
841 4600 1049 4690 «Saccus,
1073 4600 1244 4688 Quotus,
1270 4598 1443 4686 Sanctus,
1462 4596 1638 4668 Dominus
1661 4600 1759 4668 Deus

171 4939 286 5002 Ἧι,
302 4951 330 4991 v.
345 4941 387 4993 tu
401 4942 601 5006 -¹lnl.,ccp.
619 4957 661 5002 xc,
677 4957 700 4994 r.
721 4945 930 5004 tc.-⁸srner..
984 4942 1092 4996 'Palm
1109 4953 1191 5006 mu,
1208 4957 1232 4994 r.
1249 4944 1273 4993 e.
1287 4967 1316 4979 -
1328 4946 1338 4975 r
1350 4939 1437 4991 Palm.
1457 4952 1524 5000 uvi,
1536 4953 1564 4989 v.
1579 4936 1756 4992 t.-⁸⁰li⁰m·.

132 5033 194 5083 cap.
206 5034 256 5082 nr,
269 5034 298 5071 r.
311 5024 336 5072 5.
349 5047 379 5059 -
390 5023 399 5054 ⁴
410 5023 524 5084 teian.
536 5029 574 5077 22.
589 5051 620 5070 .-
632 5025 749 5085 wem.
764 5040 818 5090 cap.
836 5031 931 5085 rint
986 5038 1041 5089 cap.
1056 5022 1523 5086 mr,r,³2-''1¹ni·tt⁸n·v¹‚v·³·

133 5111 161 5150 ct
182 5105 212 5155 8.
229 5127 267 5140 -·
286 5100 397 5154 ‘Psatm
420 5116 506 5168 cruu,
528 5118 549 5154 r.
569 5106 608 5157 99.
623 5130 651 5142 -
664 5108 673 5138 ²
684 5104 762 5167 nid,
783 5119 806 5155 v.
832 5108 883 5158 rut.
904 5131 933 5142 -
