4559 6100
704 654 962 730 Tubusuctu
986 654 1261 780 CthlS'l'lANh.
1712 655 1785 730 383

184 833 226 884 ac
252 831 419 906 reparare
443 805 551 898 valet,
583 820 621 880 ut
647 807 794 905 maligni
817 834 964 908 quoque
990 808 1135 908 spiritus
1160 821 1341 883 tormenta
1366 831 1446 883 sam
1472 808 1683 909 perturbare
1707 831 1783 883 nou

184 944 330 1028 queant.
352 933 446 1000 Bene
464 928 586 1025 itaque
605 928 833 1028 philosophi,
852 931 965 1001 immo
984 929 1162 1000 Dominus
1180 952 1324 1026 percos
1342 929 1380 1002 id
1397 931 1544 1002 forsitan
1563 931 1782 1028 ignorantes,

185 1066 257 1123 tam
288 1048 354 1146 ipsi
379 1049 506 1120 animae
534 1047 683 1138 mundi,
716 1073 827 1146 quam
856 1048 1101 1148 superioribus
1132 1046 1350 1121 firmamenti
1376 1047 1537 1149 partibus
1564 1049 1714 1121 nimiam
1743 1074 1785 1123 ac

184 1193 365 1242 summam
378 1168 598 1241 harmonicae
615 1168 872 1241 modulationis
887 1171 1100 1242 suavitatem
1114 1170 1306 1267 assignant,
1326 1185 1366 1241 ut
1381 1183 1516 1268 quanta
1529 1193 1632 1268 pace,
1651 1184 1786 1267 quanta

186 1290 350 1361 leuantur
383 1288 593 1379 concordia,
620 1312 730 1387 quam
755 1288 958 1387 diligentius
979 1304 1128 1387 possent
1148 1291 1403 1388 exprimerent,
1442 1305 1477 1362 et
1498 1314 1607 1388 quam
1633 1313 1785 1363 concor·

184 1410 278 1482 diter
289 1424 420 1483 cuncta
433 1411 470 1480 in
484 1410 625 1482 mundo
638 1408 761 1482 diviua
775 1408 944 1510 disponat
956 1408 1113 1502 bonitas,
1128 1433 1238 1507 quam
1249 1408 1299 1481 illi
1313 1412 1472 1483 animam
1489 1410 1630 1502 muudi,
1647 1412 1787 1483 Veritas

184 1530 354 1627 Spiritum
380 1543 562 1619 sanctum,
582 1544 623 1601 ut
639 1528 776 1602 dictum
802 1544 868 1619 est,
888 1530 1065 1602 nominat.
1085 1530 1175 1616 Quis
1191 1531 1299 1602 etiam
1315 1530 1343 1602 si
1362 1529 1551 1626 diligenter
1572 1530 1781 1623 attenderit,

184 1673 260 1722 nou
287 1648 549 1721 animadvertat
575 1649 676 1746 quod
702 1649 748 1721 de
775 1649 909 1722 coelesti
938 1649 1106 1722 dixerunt
1130 1648 1341 1742 harmonia,
1370 1675 1449 1748 quae
1475 1651 1512 1722 in
1542 1651 1785 1749 superioribus

185 1770 312 1843 mundi
336 1770 497 1869 partibus
521 1771 740 1843 incessanter
762 1786 920 1861 resonat,
940 1796 1024 1844 cum
1045 1770 1205 1844 coelestes
1227 1771 1394 1844 videlicet
1414 1773 1558 1871 spiritus
1582 1796 1623 1843 er
1643 1771 1784 1844 assidua

183 1890 315 1961 divinae
348 1890 540 1987 majestatis
568 1891 725 1983 visione,
755 1905 791 1963 et
812 1915 953 1964 summa
978 1893 1132 1963 invicem
1161 1892 1358 1966 concordia
1383 1892 1551 1990 ligentur,
1581 1906 1617 1964 et
1643 1893 1680 1964 in
1708 1892 1785 1988 ejus

183 2036 293 2107 quem
307 2012 534 2109 conspiciunt
551 2011 674 2083 laudes
686 2012 763 2108 jugi
780 2027 815 2083 et
835 2010 1007 2085 ineffabili
1023 2012 1241 2084 exultatione
1259 2011 1347 2086 illud
1362 2013 1555 2086 decantent
1570 2012 1670 2111 quod
1684 2013 1785 2110 juxta

185 2133 312 2206 isaiam
338 2131 525 2230 Seraphim
548 2130 609 2203 die
634 2156 676 2204 ac
705 2147 812 2205 nocte
841 2134 1067 2206 conclamare
1092 2158 1167 2205 non
1196 2113 1372 2206 cessant¹:
1400 2138 1592 2224 «Sanctus,
1620 2136 1783 2224 Sanctus,

184 2255 356 2341 Sanctus,
387 2252 566 2322 Dominus
585 2254 682 2324 Deus
704 2252 876 2345 Sabaoth,
905 2268 973 2325 etc.
989 2254 1032 2324 i»
1058 2254 1268 2350 Superiores
1288 2254 1408 2351 itaque
1429 2253 1524 2345 coeli,
1542 2252 1580 2325 id
1599 2267 1651 2324 est
1670 2251 1786 2325 linua-

183 2371 311 2463 menti,
332 2385 450 2468 partes
466 2370 592 2442 beatos
609 2369 677 2441 hos
690 2372 835 2468 spiritus
851 2372 907 2444 vel
924 2396 1050 2443 eorum
1070 2373 1293 2444 mansionem
1312 2372 1553 2469 intelligimus,
1573 2397 1664 2470 quos
1678 2375 1785 2445 etiam

180 2506 321 2590 septem
341 2492 567 2589 planetarum
583 2492 745 2584 nomine,
765 2507 914 2591 propter
934 2492 1178 2565 excellentiam
1201 2492 1368 2565 claritatis
1390 2493 1568 2591 ipsorum,
1595 2516 1686 2589 quos
1708 2494 1785 2589 spi·

180 2610 358 2682 ritualiter
374 2610 496 2683 divina
514 2613 638 2710 gratia,
659 2635 738 2707 quae
759 2611 975 2711 septiformis
991 2610 1134 2701 dicitur,
1164 2611 1352 2700 illuminat,
1375 2636 1450 2683 non
1476 2612 1676 2709 incongrue
1691 2612 1786 2684 desi·

180 2755 310 2827 gnasse
329 2730 510 2824 videntur,
534 2731 596 2827 qui
619 2745 655 2803 et
678 2729 771 2803 hene
787 2731 886 2832 apud
909 2733 1034 2803 lsaiam
1058 2731 1259 2829 Seraphim,
1280 2730 1316 2802 id
1334 2745 1386 2803 est
1401 2730 1620 2823 incendium,
1647 2756 1690 2805 ex
1706 2758 1786 2832 spe·

180 2850 268 2922 ciali
293 2849 555 2923 illuminatione
592 2851 711 2948 gratiae
740 2864 1010 2949 nuncupantur.
1044 2852 1216 2949 Superior
1241 2865 1363 2923 autem
1388 2875 1516 2922 eorum
1544 2852 1683 2922 mansio
1714 2866 1786 2924 tam

180 2971 370 3068 dignitate,
399 2996 510 3071 quam
536 2972 718 3071 positione
739 2970 893 3043 dicenda
912 2970 1068 3062 videtur,
1091 2985 1200 3069 atque
1220 2970 1259 3042 hi
1275 2971 1338 3069 qui
1361 2968 1614 3069 superbiemnt
1634 2973 1671 3042 in
1689 2971 1787 3045 huuc

178 3092 420 3187 caliginosum
454 3107 490 3163 et
519 3090 673 3163 densum
703 3115 823 3163 aerem
858 3091 993 3163 detrusi
1024 3090 1208 3179 dicuntur,
1240 3092 1303 3189 qui
1331 3091 1402 3163 loci
1430 3115 1576 3189 quoque
1608 3092 1787 3190 positione

179 3213 334 3284 inferior
350 3213 442 3285 sicut
458 3226 493 3283 et
511 3211 770 3283 inhabitatione
787 3210 956 3300 deterior,
978 3211 1106 3283 inferni
1122 3213 1272 3283 nomine
1290 3236 1363 3282 non
1381 3211 1657 3282 inconveniente
1673 3212 1788 3311 accipi

177 3351 315 3435 potest.
336 3341 432 3407 Bene
448 3337 556 3407 etiarn
573 3333 669 3406 beati
695 3334 839 3432 spiritus
863 3334 927 3425 illi,
954 3336 1027 3407 sive
1050 3359 1206 3432 superna
1230 3334 1374 3405 illorum
1399 3334 1540 3404 mansio
1558 3333 1786 3407 firmamento

177 3469 430 3555 comparatur,
456 3455 518 3553 qui
541 3455 668 3526 ceteris
691 3478 755 3552 per
781 3453 986 3552 superbiam
1012 3453 1276 3542 corruentibus,
1301 3452 1372 3524 hoc
1397 3452 1433 3523 in
1458 3478 1529 3525 suae
1556 3451 1734 3524 fidelitatis
1751 3469 1787 3526 et

174 3576 417 3649 humanitatis
441 3573 769 3646 remunerationem
793 3587 1024 3671 acceperunt,
1052 3587 1092 3644 ut
1112 3575 1163 3643 sic
1187 3573 1222 3642 in
1240 3572 1544 3671 contemplatione
1565 3570 1693 3643 divinae
1710 3596 1787 3644 ma·

169 3695 318 3795 jestatis
344 3693 586 3786 firmarentur,
615 3706 655 3764 ut
681 3693 832 3764 omnino
856 3692 1004 3765 ulterius
1030 3690 1102 3763 labi
1128 3717 1203 3763 non
1230 3707 1377 3790 queant.
1409 3691 1512 3763 Unde
1533 3692 1726 3790 Gregorius
1748 3692 1785 3764 in

174 3813 250 3888 Iob
268 3813 361 3885 libro
378 3816 486 3885 XXVI
500 3840 508 3882 :
520 3840 537 3884 u
548 3812 662 3905 Prius,
681 3812 813 3909 inquit,
835 3808 967 3883 coelum
983 3811 1116 3884 sactum
1137 3812 1281 3905 dicitur,
1303 3827 1339 3885 et
1355 3812 1425 3884 hoc
1439 3811 1536 3884 idem
1552 3810 1785 3912 postmodum

175 3936 453 4007 firmamentum
475 3947 636 4022 vocatur,
655 3934 740 4029 quia
758 3946 885 4015 natura
903 3932 1064 4027 angelica
1082 3946 1117 4003 et
1137 3932 1237 4030 prius
1254 3930 1393 4004 subtilis
1409 3947 1462 4004 est
1483 3933 1519 4003 iu
1542 3932 1786 4031 superioribus

174 4034 345 4145 condita,
362 4069 397 4125 et
412 4067 493 4152 post
508 4076 554 4123 ne
571 4076 746 4149 umquam
758 4066 881 4150 posset
897 4050 1038 4144 cadere,
1063 4049 1259 4123 mirabilius
1272 4050 1495 4124 confirmata.
1517 4080 1536 4120 n
1561 4050 1660 4123 ldern
1678 4077 1786 4149 super

174 4173 405 4245 Ezechielem
429 4170 602 4245 homilia:
622 4201 640 4240 «
657 4173 797 4244 Creavit
822 4176 919 4243 Deus
943 4171 1091 4265 coelum,
1120 4171 1220 4269 quod
1245 4171 1480 4269 postmodum
1505 4171 1647 4257 vocavit
1669 4169 1786 4244 firma·

173 4309 369 4366 mentum.
398 4291 537 4364 Coelum
553 4316 639 4387 ergo
657 4290 799 4363 luerunt
816 4290 854 4362 hi
872 4292 934 4387 qui
951 4293 1051 4389 prius
1072 4289 1167 4363 hene
1190 4306 1273 4363 sunt
1292 4291 1443 4382 conditi,
1474 4291 1537 4364 sed
1553 4289 1787 4390 postmodum

173 4414 455 4487 firmamentum
482 4411 649 4510 appellati
672 4426 769 4502 sunt,
791 4413 874 4508 quia
894 4435 940 4482 ne
962 4413 1114 4482 omnino
1131 4412 1206 4508 jam
1231 4411 1413 4503 caderent,
1432 4412 1562 4484 virtute
1583 4412 1786 4483 incommu·
1877 4418 1880 4424 ’

172 4535 371 4610 tabilitatis
387 4547 639 4631 acceperunt.»
660 4534 751 4605 lllud
768 4558 915 4632 quoque
931 4532 1032 4631 quod
1050 4533 1096 4605 ait
1116 4532 1230 4619 Plat0,
1250 4532 1406 4606 animam
1416 4532 1570 4629 locatam
1580 4558 1655 4606 esse
1671 4557 1691 4604 a
1708 4537 1786 4611 Deo

172 4661 213 4729 in
248 4655 443 4727 medietate
471 4653 617 4746 mundi,
649 4680 802 4751 eamque
828 4679 892 4751 per
921 4678 1068 4725 omnem
1097 4653 1245 4750 globum
1277 4655 1452 4726 terrestris
1480 4654 1578 4725 orbis
1606 4653 1786 4751 aequaliter

169 4774 336 4876 porrigi,
354 4776 478 4873 pulcre
488 4772 649 4870 designat
658 4774 810 4869 gratiam
823 4774 889 4844 Dei
899 4773 1069 4845 omnibus
1080 4774 1322 4845 communiter
1335 4771 1507 4867 oblatam,
1519 4787 1662 4864 cuncta,
1679 4787 1804 4879 proutn

169 4894 330 4970 salubre
346 4908 399 4967 est
419 4893 475 4966 vel
491 4917 653 4991 aequum,
675 4892 830 4989 henigne
849 4894 886 4964 in
900 4893 970 4966 hac
987 4917 1116 4991 magna
1137 4893 1249 4966 domo
1271 4919 1334 4966 sua
1349 4918 1413 4966 seu
1429 4893 1563 4993 templo
1578 4894 1783 4993 disponere.

168 5017 241 5089 His
271 5030 396 5087 autem
421 5012 509 5085 illud
536 5011 618 5085 libri
646 5013 837 5110 Sapientiae
861 5027 983 5111 aperte
1002 5012 1209 5086 concinit¹z
1244 5013 1435 5112 «Spiritus
1462 5008 1609 5085 Domini
1637 5013 1786 5112 replevit

200 5290 373 5353 'balma
388 5292 495 5350 vr‚r.t.
516 5315 545 5328 -
561 5288 658 5351 ’Sum
675 5300 729 5351 cap.
744 5299 762 5350 1,
775 5300 797 5338 r.
811 5291 834 5339 t.
