<?xml version="1.0" encoding="UTF-8"?>
<!DOCTYPE html PUBLIC "-//W3C//DTD XHTML 1.0 Transitional//EN"
    "http://www.w3.org/TR/xhtml1/DTD/xhtml1-transitional.dtd">
<html xmlns="http://www.w3.org/1999/xhtml" xml:lang="en" lang="en">
 <head>
  <title>
</title>
<meta http-equiv="Content-Type" content="text/html;charset=utf-8" />
  <meta name='ocr-system' content='tesseract 3.04.00' />
  <meta name='ocr-capabilities' content='ocr_page ocr_carea ocr_par ocr_line ocrx_word'/>
</head>
<body>
  <div class='ocr_page' id='page_1' title='image "./petriablardiope00despgoog_0123.png"; bbox 0 0 4559 6100; ppageno 0'>
   <div class='ocr_carea' id='block_1_1' title="bbox 662 482 1809 559">
    <p class='ocr_par' dir='ltr' id='par_1_1' title="bbox 662 482 1809 559">
     <span class='ocr_line' id='line_1_1' title="bbox 662 482 1809 559; baseline 0.006 -7"><span class='ocrx_word' id='word_1_1' title='bbox 662 482 954 555; x_wconf 80' lang='lat' dir='ltr'>lNTROllUCTlO</span> <span class='ocrx_word' id='word_1_2' title='bbox 984 485 1040 554; x_wconf 79' lang='lat' dir='ltr'>tn</span> <span class='ocrx_word' id='word_1_3' title='bbox 1064 484 1368 556; x_wconf 79' lang='lat' dir='ltr'>THEOLOGlAM.</span> <span class='ocrx_word' id='word_1_4' title='bbox 1740 492 1809 559; x_wconf 74' lang='lat'>403</span> 
     </span>
    </p>
   </div>
   <div class='ocr_carea' id='block_1_2' title="bbox 171 627 1816 4792">
    <p class='ocr_par' dir='ltr' id='par_1_2' title="bbox 171 627 1816 4792">
     <span class='ocr_line' id='line_1_2' title="bbox 213 627 1810 735; baseline -0.001 -23"><span class='ocrx_word' id='word_1_5' title='bbox 213 642 300 722; x_wconf 90' lang='lat' dir='ltr'>lum,</span> <span class='ocrx_word' id='word_1_6' title='bbox 317 635 417 707; x_wconf 89' lang='lat' dir='ltr'>unde</span> <span class='ocrx_word' id='word_1_7' title='bbox 434 656 509 704; x_wconf 89' lang='lat' dir='ltr'>non</span> <span class='ocrx_word' id='word_1_8' title='bbox 523 647 579 705; x_wconf 80' lang='lat' dir='ltr'>est</span> <span class='ocrx_word' id='word_1_9' title='bbox 594 654 818 729; x_wconf 86' lang='lat' dir='ltr'>consequens</span> <span class='ocrx_word' id='word_1_10' title='bbox 837 649 873 705; x_wconf 88' lang='lat' dir='ltr'>ut</span> <span class='ocrx_word' id='word_1_11' title='bbox 894 635 923 704; x_wconf 92' lang='lat' dir='ltr'>si</span> <span class='ocrx_word' id='word_1_12' title='bbox 939 627 1074 705; x_wconf 84' lang='lat' dir='ltr'>aereum</span> <span class='ocrx_word' id='word_1_13' title='bbox 1094 634 1249 729; x_wconf 86' lang='lat' dir='ltr'>sigillum</span> <span class='ocrx_word' id='word_1_14' title='bbox 1268 639 1313 706; x_wconf 88' lang='lat' dir='ltr'>sit</span> <span class='ocrx_word' id='word_1_15' title='bbox 1333 659 1376 704; x_wconf 77' lang='lat' dir='ltr'>er</span> <span class='ocrx_word' id='word_1_16' title='bbox 1396 658 1479 725; x_wconf 86' lang='lat' dir='ltr'>aere,</span> <span class='ocrx_word' id='word_1_17' title='bbox 1497 635 1581 709; x_wconf 91' lang='lat' dir='ltr'>ideo</span> <span class='ocrx_word' id='word_1_18' title='bbox 1609 639 1742 735; x_wconf 83' lang='lat' dir='ltr'>aliquid</span> <span class='ocrx_word' id='word_1_19' title='bbox 1765 642 1810 710; x_wconf 88' lang='lat' dir='ltr'>sit</span> 
     </span>
     <span class='ocr_line' id='line_1_3' title="bbox 214 752 1807 855; baseline -0.001 -24"><span class='ocrx_word' id='word_1_20' title='bbox 214 784 261 832; x_wconf 80' lang='lat' dir='ltr'>er</span> <span class='ocrx_word' id='word_1_21' title='bbox 268 758 402 855; x_wconf 86' lang='lat' dir='ltr'>seipso.</span> <span class='ocrx_word' id='word_1_22' title='bbox 414 754 473 824; x_wconf 86' lang='lat' dir='ltr'>Sic</span> <span class='ocrx_word' id='word_1_23' title='bbox 489 766 525 824; x_wconf 90' lang='lat' dir='ltr'>et</span> <span class='ocrx_word' id='word_1_24' title='bbox 535 754 700 849; x_wconf 75' lang='lat' dir='ltr'>quamvis</span> <span class='ocrx_word' id='word_1_25' title='bbox 717 752 813 824; x_wconf 88' lang='lat' dir='ltr'>idem</span> <span class='ocrx_word' id='word_1_26' title='bbox 824 755 868 824; x_wconf 92' lang='lat' dir='ltr'>sit</span> <span class='ocrx_word' id='word_1_27' title='bbox 881 758 985 825; x_wconf 88' lang='lat' dir='ltr'>Pater</span> <span class='ocrx_word' id='word_1_28' title='bbox 996 753 1096 849; x_wconf 91' lang='lat' dir='ltr'>qnod</span> <span class='ocrx_word' id='word_1_29' title='bbox 1109 768 1146 824; x_wconf 89' lang='lat' dir='ltr'>et</span> <span class='ocrx_word' id='word_1_30' title='bbox 1158 752 1277 840; x_wconf 80' lang='lat' dir='ltr'>Filius,</span> <span class='ocrx_word' id='word_1_31' title='bbox 1292 754 1377 851; x_wconf 90' lang='lat' dir='ltr'>quia</span> <span class='ocrx_word' id='word_1_32' title='bbox 1390 767 1522 839; x_wconf 89' lang='lat' dir='ltr'>tamen,</span> <span class='ocrx_word' id='word_1_33' title='bbox 1538 769 1578 824; x_wconf 91' lang='lat' dir='ltr'>ut</span> <span class='ocrx_word' id='word_1_34' title='bbox 1591 756 1726 828; x_wconf 89' lang='lat' dir='ltr'>dictum</span> <span class='ocrx_word' id='word_1_35' title='bbox 1742 774 1807 847; x_wconf 85' lang='lat' dir='ltr'>est,</span> 
     </span>
     <span class='ocr_line' id='line_1_4' title="bbox 215 866 1810 976; baseline 0 -28"><span class='ocrx_word' id='word_1_36' title='bbox 215 872 494 976; x_wconf 79' lang='lat' dir='ltr'>proprietatibus</span> <span class='ocrx_word' id='word_1_37' title='bbox 517 874 590 943; x_wconf 89' lang='lat' dir='ltr'>suis</span> <span class='ocrx_word' id='word_1_38' title='bbox 610 870 812 944; x_wconf 80' lang='lat' dir='ltr'>adinvicem</span> <span class='ocrx_word' id='word_1_39' title='bbox 826 872 970 965; x_wconf 87' lang='lat' dir='ltr'>distant,</span> <span class='ocrx_word' id='word_1_40' title='bbox 991 866 1194 945; x_wconf 79' lang='lat' dir='ltr'>nullatenus</span> <span class='ocrx_word' id='word_1_41' title='bbox 1223 871 1437 971; x_wconf 90' lang='lat' dir='ltr'>procedunt.</span> <span class='ocrx_word' id='word_1_42' title='bbox 1466 874 1577 960; x_wconf 86' lang='lat' dir='ltr'>Quod</span> <span class='ocrx_word' id='word_1_43' title='bbox 1598 874 1626 945; x_wconf 90' lang='lat' dir='ltr'>si</span> <span class='ocrx_word' id='word_1_44' title='bbox 1643 875 1750 947; x_wconf 89' lang='lat' dir='ltr'>Filius</span> <span class='ocrx_word' id='word_1_45' title='bbox 1768 903 1810 948; x_wconf 75' lang='lat' dir='ltr'>er</span> 
     </span>
     <span class='ocr_line' id='line_1_5' title="bbox 219 990 1813 1088; baseline -0.002 -20"><span class='ocrx_word' id='word_1_46' title='bbox 219 1002 317 1068; x_wconf 87' lang='lat' dir='ltr'>Patre</span> <span class='ocrx_word' id='word_1_47' title='bbox 335 996 382 1065; x_wconf 86' lang='lat' dir='ltr'>eit</span> <span class='ocrx_word' id='word_1_48' title='bbox 399 993 549 1088; x_wconf 84' lang='lat' dir='ltr'>genitus,</span> <span class='ocrx_word' id='word_1_49' title='bbox 568 990 682 1064; x_wconf 80' lang='lat' dir='ltr'>velex</span> <span class='ocrx_word' id='word_1_50' title='bbox 698 995 801 1063; x_wconf 89' lang='lat' dir='ltr'>Patre</span> <span class='ocrx_word' id='word_1_51' title='bbox 814 992 958 1077; x_wconf 84' lang='lat' dir='ltr'>lrabeat,</span> <span class='ocrx_word' id='word_1_52' title='bbox 979 1006 1021 1063; x_wconf 92' lang='lat' dir='ltr'>ut</span> <span class='ocrx_word' id='word_1_53' title='bbox 1035 991 1173 1064; x_wconf 88' lang='lat' dir='ltr'>dietum</span> <span class='ocrx_word' id='word_1_54' title='bbox 1187 1006 1252 1084; x_wconf 90' lang='lat' dir='ltr'>est,</span> <span class='ocrx_word' id='word_1_55' title='bbox 1270 1016 1360 1086; x_wconf 87' lang='lat' dir='ltr'>esse,</span> <span class='ocrx_word' id='word_1_56' title='bbox 1377 992 1460 1064; x_wconf 90' lang='lat' dir='ltr'>ideo</span> <span class='ocrx_word' id='word_1_57' title='bbox 1475 991 1694 1065; x_wconf 86' lang='lat' dir='ltr'>concedatur</span> <span class='ocrx_word' id='word_1_58' title='bbox 1706 994 1813 1067; x_wconf 88' lang='lat' dir='ltr'>Filius</span> 
     </span>
     <span class='ocr_line' id='line_1_6' title="bbox 217 1110 1811 1210; baseline -0.001 -23"><span class='ocrx_word' id='word_1_59' title='bbox 217 1140 258 1187; x_wconf 78' lang='lat' dir='ltr'>ex</span> <span class='ocrx_word' id='word_1_60' title='bbox 275 1116 393 1210; x_wconf 88' lang='lat' dir='ltr'>seipso</span> <span class='ocrx_word' id='word_1_61' title='bbox 410 1112 551 1208; x_wconf 84' lang='lat' dir='ltr'>genitus</span> <span class='ocrx_word' id='word_1_62' title='bbox 564 1134 640 1182; x_wconf 82' lang='lat' dir='ltr'>esse</span> <span class='ocrx_word' id='word_1_63' title='bbox 655 1111 710 1183; x_wconf 83' lang='lat' dir='ltr'>vel</span> <span class='ocrx_word' id='word_1_64' title='bbox 726 1133 769 1183; x_wconf 82' lang='lat' dir='ltr'>ex</span> <span class='ocrx_word' id='word_1_65' title='bbox 785 1111 903 1210; x_wconf 91' lang='lat' dir='ltr'>seipso</span> <span class='ocrx_word' id='word_1_66' title='bbox 915 1110 1050 1184; x_wconf 87' lang='lat' dir='ltr'>habere</span> <span class='ocrx_word' id='word_1_67' title='bbox 1061 1134 1151 1185; x_wconf 89' lang='lat' dir='ltr'>esse.</span> <span class='ocrx_word' id='word_1_68' title='bbox 1168 1112 1276 1200; x_wconf 89' lang='lat' dir='ltr'>Quod</span> <span class='ocrx_word' id='word_1_69' title='bbox 1289 1113 1477 1209; x_wconf 76' lang='lat' dir='ltr'>diligenter</span> <span class='ocrx_word' id='word_1_70' title='bbox 1485 1112 1611 1185; x_wconf 88' lang='lat' dir='ltr'>beatus</span> <span class='ocrx_word' id='word_1_71' title='bbox 1623 1114 1811 1186; x_wconf 89' lang='lat' dir='ltr'>attendens</span> 
     </span>
     <span class='ocr_line' id='line_1_7' title="bbox 217 1228 1812 1332; baseline 0 -27"><span class='ocrx_word' id='word_1_72' title='bbox 217 1233 431 1330; x_wconf 74' lang='lat' dir='ltr'>Augustinus</span> <span class='ocrx_word' id='word_1_73' title='bbox 446 1230 484 1302; x_wconf 90' lang='lat' dir='ltr'>in</span> <span class='ocrx_word' id='word_1_74' title='bbox 501 1232 620 1329; x_wconf 89' lang='lat' dir='ltr'>primo</span> <span class='ocrx_word' id='word_1_75' title='bbox 639 1228 683 1301; x_wconf 76' lang='lat' dir='ltr'>de</span> <span class='ocrx_word' id='word_1_76' title='bbox 709 1233 895 1302; x_wconf 71' lang='lat' dir='ltr'>Trinitatis</span> <span class='ocrx_word' id='word_1_77' title='bbox 910 1229 1103 1304; x_wconf 85' lang='lat' dir='ltr'>confirmat</span> <span class='ocrx_word' id='word_1_78' title='bbox 1118 1230 1279 1303; x_wconf 72' lang='lat' dir='ltr'>verbis‘:</span> <span class='ocrx_word' id='word_1_79' title='bbox 1302 1261 1320 1301; x_wconf 79' lang='lat' dir='ltr'>a</span> <span class='ocrx_word' id='word_1_80' title='bbox 1340 1232 1412 1319; x_wconf 84' lang='lat' dir='ltr'>Qui</span> <span class='ocrx_word' id='word_1_81' title='bbox 1430 1246 1532 1332; x_wconf 89' lang='lat' dir='ltr'>putat</span> <span class='ocrx_word' id='word_1_82' title='bbox 1548 1233 1624 1328; x_wconf 86' lang='lat' dir='ltr'>ejus</span> <span class='ocrx_word' id='word_1_83' title='bbox 1645 1236 1812 1331; x_wconf 81' lang='lat' dir='ltr'>potentiae</span> 
     </span>
     <span class='ocr_line' id='line_1_8' title="bbox 217 1350 1811 1449; baseline -0.002 -23"><span class='ocrx_word' id='word_1_84' title='bbox 217 1358 330 1427; x_wconf 60' lang='lat' dir='ltr'>mum</span> <span class='ocrx_word' id='word_1_85' title='bbox 350 1372 440 1441; x_wconf 86' lang='lat' dir='ltr'>esee,</span> <span class='ocrx_word' id='word_1_86' title='bbox 466 1364 506 1421; x_wconf 93' lang='lat' dir='ltr'>ut</span> <span class='ocrx_word' id='word_1_87' title='bbox 525 1351 682 1448; x_wconf 86' lang='lat' dir='ltr'>seipsum</span> <span class='ocrx_word' id='word_1_88' title='bbox 700 1350 876 1445; x_wconf 86' lang='lat' dir='ltr'>genuerit,</span> <span class='ocrx_word' id='word_1_89' title='bbox 898 1374 943 1424; x_wconf 91' lang='lat' dir='ltr'>eo</span> <span class='ocrx_word' id='word_1_90' title='bbox 960 1352 1041 1449; x_wconf 82' lang='lat' dir='ltr'>plus</span> <span class='ocrx_word' id='word_1_91' title='bbox 1057 1366 1151 1423; x_wconf 91' lang='lat' dir='ltr'>errat</span> <span class='ocrx_word' id='word_1_92' title='bbox 1168 1351 1269 1448; x_wconf 91' lang='lat' dir='ltr'>quod</span> <span class='ocrx_word' id='word_1_93' title='bbox 1285 1376 1359 1423; x_wconf 88' lang='lat' dir='ltr'>non</span> <span class='ocrx_word' id='word_1_94' title='bbox 1386 1351 1503 1423; x_wconf 89' lang='lat' dir='ltr'>solum</span> <span class='ocrx_word' id='word_1_95' title='bbox 1532 1356 1629 1424; x_wconf 76' lang='lat' dir='ltr'>Deus</span> <span class='ocrx_word' id='word_1_96' title='bbox 1661 1354 1709 1423; x_wconf 88' lang='lat' dir='ltr'>ita</span> <span class='ocrx_word' id='word_1_97' title='bbox 1738 1378 1811 1425; x_wconf 90' lang='lat' dir='ltr'>uon</span> 
     </span>
     <span class='ocr_line' id='line_1_9' title="bbox 215 1469 1812 1570; baseline -0.001 -25"><span class='ocrx_word' id='word_1_98' title='bbox 215 1489 281 1563; x_wconf 83' lang='lat' dir='ltr'>est,</span> <span class='ocrx_word' id='word_1_99' title='bbox 295 1472 359 1544; x_wconf 87' lang='lat' dir='ltr'>sed</span> <span class='ocrx_word' id='word_1_100' title='bbox 376 1494 445 1543; x_wconf 88' lang='lat' dir='ltr'>nec</span> <span class='ocrx_word' id='word_1_101' title='bbox 460 1469 652 1567; x_wconf 85' lang='lat' dir='ltr'>spiritualis</span> <span class='ocrx_word' id='word_1_102' title='bbox 669 1482 844 1557; x_wconf 78' lang='lat' dir='ltr'>creatura,</span> <span class='ocrx_word' id='word_1_103' title='bbox 865 1494 932 1541; x_wconf 86' lang='lat' dir='ltr'>nec</span> <span class='ocrx_word' id='word_1_104' title='bbox 945 1471 1155 1568; x_wconf 82' lang='lat' dir='ltr'>corporalis.</span> <span class='ocrx_word' id='word_1_105' title='bbox 1177 1470 1280 1543; x_wconf 84' lang='lat' dir='ltr'>Nulla</span> <span class='ocrx_word' id='word_1_106' title='bbox 1291 1472 1388 1544; x_wconf 91' lang='lat' dir='ltr'>enim</span> <span class='ocrx_word' id='word_1_107' title='bbox 1406 1495 1462 1542; x_wconf 92' lang='lat' dir='ltr'>res</span> <span class='ocrx_word' id='word_1_108' title='bbox 1478 1472 1629 1543; x_wconf 90' lang='lat' dir='ltr'>omniuo</span> <span class='ocrx_word' id='word_1_109' title='bbox 1648 1484 1713 1562; x_wconf 91' lang='lat' dir='ltr'>est,</span> <span class='ocrx_word' id='word_1_110' title='bbox 1732 1496 1812 1570; x_wconf 75' lang='lat' dir='ltr'>quae</span> 
     </span>
     <span class='ocr_line' id='line_1_10' title="bbox 216 1589 1809 1690; baseline -0.003 -26"><span class='ocrx_word' id='word_1_111' title='bbox 216 1590 366 1690; x_wconf 75' lang='lat' dir='ltr'>seipsam</span> <span class='ocrx_word' id='word_1_112' title='bbox 397 1589 532 1685; x_wconf 78' lang='lat' dir='ltr'>gignat.</span> <span class='ocrx_word' id='word_1_113' title='bbox 551 1616 570 1656; x_wconf 89' lang='lat' dir='ltr'>n</span> <span class='ocrx_word' id='word_1_114' title='bbox 586 1589 684 1661; x_wconf 89' lang='lat' dir='ltr'>Sicut</span> <span class='ocrx_word' id='word_1_115' title='bbox 700 1589 808 1685; x_wconf 73' lang='lat' dir='ltr'>igitur</span> <span class='ocrx_word' id='word_1_116' title='bbox 821 1591 859 1660; x_wconf 90' lang='lat' dir='ltr'>in</span> <span class='ocrx_word' id='word_1_117' title='bbox 876 1613 944 1660; x_wconf 77' lang='lat' dir='ltr'>aere</span> <span class='ocrx_word' id='word_1_118' title='bbox 961 1604 997 1661; x_wconf 88' lang='lat' dir='ltr'>et</span> <span class='ocrx_word' id='word_1_119' title='bbox 1012 1614 1104 1661; x_wconf 86' lang='lat' dir='ltr'>aereo</span> <span class='ocrx_word' id='word_1_120' title='bbox 1120 1589 1236 1685; x_wconf 83' lang='lat' dir='ltr'>sigillo</span> <span class='ocrx_word' id='word_1_121' title='bbox 1252 1590 1417 1662; x_wconf 85' lang='lat' dir='ltr'>absoluta</span> <span class='ocrx_word' id='word_1_122' title='bbox 1432 1614 1560 1662; x_wconf 89' lang='lat' dir='ltr'>eorum</span> <span class='ocrx_word' id='word_1_123' title='bbox 1579 1593 1728 1665; x_wconf 88' lang='lat' dir='ltr'>nomina</span> <span class='ocrx_word' id='word_1_124' title='bbox 1743 1592 1809 1662; x_wconf 85' lang='lat' dir='ltr'>sibi</span> 
     </span>
     <span class='ocr_line' id='line_1_11' title="bbox 215 1708 1810 1809; baseline 0 -27"><span class='ocrx_word' id='word_1_125' title='bbox 215 1709 579 1809; x_wconf 71' lang='lat' dir='ltr'>perpraedicatiouem</span> <span class='ocrx_word' id='word_1_126' title='bbox 599 1709 880 1803; x_wconf 82' lang='lat' dir='ltr'>conjunguntur,</span> <span class='ocrx_word' id='word_1_127' title='bbox 904 1708 1049 1805; x_wconf 87' lang='lat' dir='ltr'>quando</span> <span class='ocrx_word' id='word_1_128' title='bbox 1075 1708 1240 1781; x_wconf 80' lang='lat' dir='ltr'>videlicet</span> <span class='ocrx_word' id='word_1_129' title='bbox 1260 1734 1387 1781; x_wconf 89' lang='lat' dir='ltr'>eorum</span> <span class='ocrx_word' id='word_1_130' title='bbox 1406 1708 1563 1781; x_wconf 87' lang='lat' dir='ltr'>eandem</span> <span class='ocrx_word' id='word_1_131' title='bbox 1577 1709 1810 1783; x_wconf 73' lang='lat' dir='ltr'>substantiam</span> 
     </span>
     <span class='ocr_line' id='line_1_12' title="bbox 216 1827 1808 1926; baseline -0.001 -24"><span class='ocrx_word' id='word_1_132' title='bbox 216 1854 288 1902; x_wconf 82' lang='lat' dir='ltr'>essa</span> <span class='ocrx_word' id='word_1_133' title='bbox 303 1831 609 1916; x_wconf 80' lang='lat' dir='ltr'>demonstramus,</span> <span class='ocrx_word' id='word_1_134' title='bbox 624 1829 835 1899; x_wconf 71' lang='lat' dir='ltr'>ceruleum</span> <span class='ocrx_word' id='word_1_135' title='bbox 853 1827 1017 1912; x_wconf 82' lang='lat' dir='ltr'>dicimus,</span> <span class='ocrx_word' id='word_1_136' title='bbox 1038 1853 1086 1899; x_wconf 88' lang='lat' dir='ltr'>aes</span> <span class='ocrx_word' id='word_1_137' title='bbox 1101 1845 1155 1903; x_wconf 86' lang='lat' dir='ltr'>est</span> <span class='ocrx_word' id='word_1_138' title='bbox 1172 1851 1303 1899; x_wconf 84' lang='lat' dir='ltr'>aereum</span> <span class='ocrx_word' id='word_1_139' title='bbox 1321 1829 1489 1926; x_wconf 83' lang='lat' dir='ltr'>sigillum,</span> <span class='ocrx_word' id='word_1_140' title='bbox 1507 1829 1563 1900; x_wconf 80' lang='lat' dir='ltr'>vel</span> <span class='ocrx_word' id='word_1_141' title='bbox 1577 1853 1597 1900; x_wconf 85' lang='lat' dir='ltr'>e</span> <span class='ocrx_word' id='word_1_142' title='bbox 1611 1832 1808 1921; x_wconf 86' lang='lat' dir='ltr'>contrario,</span> 
     </span>
     <span class='ocr_line' id='line_1_13' title="bbox 216 1945 1810 2046; baseline 0 -25"><span class='ocrx_word' id='word_1_143' title='bbox 216 1964 249 2021; x_wconf 85' lang='lat' dir='ltr'>et</span> <span class='ocrx_word' id='word_1_144' title='bbox 263 1949 406 2040; x_wconf 81' lang='lat' dir='ltr'>similis,</span> <span class='ocrx_word' id='word_1_145' title='bbox 424 1970 493 2019; x_wconf 85' lang='lat' dir='ltr'>nec</span> <span class='ocrx_word' id='word_1_146' title='bbox 509 1961 631 2019; x_wconf 82' lang='lat' dir='ltr'>tamen</span> <span class='ocrx_word' id='word_1_147' title='bbox 644 1970 773 2018; x_wconf 77' lang='lat' dir='ltr'>arreum</span> <span class='ocrx_word' id='word_1_148' title='bbox 790 1945 937 2018; x_wconf 83' lang='lat' dir='ltr'>relativa</span> <span class='ocrx_word' id='word_1_149' title='bbox 951 1948 1101 2018; x_wconf 86' lang='lat' dir='ltr'>nomina</span> <span class='ocrx_word' id='word_1_150' title='bbox 1118 1970 1198 2042; x_wconf 85' lang='lat' dir='ltr'>quae</span> <span class='ocrx_word' id='word_1_151' title='bbox 1204 1949 1444 2046; x_wconf 71' lang='lat' dir='ltr'>proprietates</span> <span class='ocrx_word' id='word_1_152' title='bbox 1461 1972 1586 2020; x_wconf 83' lang='lat' dir='ltr'>comm</span> <span class='ocrx_word' id='word_1_153' title='bbox 1601 1949 1810 2046; x_wconf 79' lang='lat' dir='ltr'>praedicant,</span> 
     </span>
     <span class='ocr_line' id='line_1_14' title="bbox 217 2064 1811 2165; baseline 0 -24"><span class='ocrx_word' id='word_1_154' title='bbox 217 2069 414 2141; x_wconf 66' lang='lat' dir='ltr'>meandum</span> <span class='ocrx_word' id='word_1_155' title='bbox 430 2088 521 2163; x_wconf 84' lang='lat' dir='ltr'>quas</span> <span class='ocrx_word' id='word_1_156' title='bbox 537 2067 610 2137; x_wconf 86' lang='lat' dir='ltr'>hoc</span> <span class='ocrx_word' id='word_1_157' title='bbox 630 2090 672 2137; x_wconf 80' lang='lat' dir='ltr'>ex</span> <span class='ocrx_word' id='word_1_158' title='bbox 690 2064 752 2137; x_wconf 91' lang='lat' dir='ltr'>illo</span> <span class='ocrx_word' id='word_1_159' title='bbox 765 2064 877 2138; x_wconf 85' lang='lat' dir='ltr'>habet</span> <span class='ocrx_word' id='word_1_160' title='bbox 892 2090 984 2156; x_wconf 81' lang='lat' dir='ltr'>esee,</span> <span class='ocrx_word' id='word_1_161' title='bbox 1004 2065 1071 2137; x_wconf 85' lang='lat' dir='ltr'>sibi</span> <span class='ocrx_word' id='word_1_162' title='bbox 1088 2068 1260 2163; x_wconf 84' lang='lat' dir='ltr'>conjungi</span> <span class='ocrx_word' id='word_1_163' title='bbox 1277 2084 1440 2165; x_wconf 87' lang='lat' dir='ltr'>possunt,</span> <span class='ocrx_word' id='word_1_164' title='bbox 1460 2069 1551 2139; x_wconf 85' lang='lat' dir='ltr'>sicut</span> <span class='ocrx_word' id='word_1_165' title='bbox 1568 2070 1714 2141; x_wconf 86' lang='lat' dir='ltr'>materia</span> <span class='ocrx_word' id='word_1_166' title='bbox 1730 2071 1811 2141; x_wconf 82' lang='lat' dir='ltr'>aerei</span> 
     </span>
     <span class='ocr_line' id='line_1_15' title="bbox 218 2185 1814 2283; baseline 0 -25"><span class='ocrx_word' id='word_1_167' title='bbox 218 2188 333 2283; x_wconf 78' lang='lat' dir='ltr'>sigilli,</span> <span class='ocrx_word' id='word_1_168' title='bbox 345 2202 384 2258; x_wconf 91' lang='lat' dir='ltr'>et</span> <span class='ocrx_word' id='word_1_169' title='bbox 397 2188 621 2257; x_wconf 71' lang='lat' dir='ltr'>materiamen</span> <span class='ocrx_word' id='word_1_170' title='bbox 641 2210 682 2257; x_wconf 78' lang='lat' dir='ltr'>er</span> <span class='ocrx_word' id='word_1_171' title='bbox 694 2208 777 2259; x_wconf 72' lang='lat' dir='ltr'>are.</span> <span class='ocrx_word' id='word_1_172' title='bbox 799 2189 913 2258; x_wconf 80' lang='lat' dir='ltr'>Nemo</span> <span class='ocrx_word' id='word_1_173' title='bbox 932 2187 1065 2257; x_wconf 85' lang='lat' dir='ltr'>etenim</span> <span class='ocrx_word' id='word_1_174' title='bbox 1082 2185 1183 2278; x_wconf 90' lang='lat' dir='ltr'>dicit,</span> <span class='ocrx_word' id='word_1_175' title='bbox 1203 2186 1351 2257; x_wconf 88' lang='lat' dir='ltr'>materia</span> <span class='ocrx_word' id='word_1_176' title='bbox 1376 2188 1457 2258; x_wconf 76' lang='lat' dir='ltr'>aeoei</span> <span class='ocrx_word' id='word_1_177' title='bbox 1475 2186 1578 2282; x_wconf 79' lang='lat' dir='ltr'>sigilli</span> <span class='ocrx_word' id='word_1_178' title='bbox 1596 2202 1647 2258; x_wconf 90' lang='lat' dir='ltr'>est</span> <span class='ocrx_word' id='word_1_179' title='bbox 1665 2191 1814 2261; x_wconf 83' lang='lat' dir='ltr'>materia</span> 
     </span>
     <span class='ocr_line' id='line_1_16' title="bbox 220 2305 1811 2403; baseline 0.001 -26"><span class='ocrx_word' id='word_1_180' title='bbox 220 2328 354 2392; x_wconf 62' lang='lat' dir='ltr'>aare,</span> <span class='ocrx_word' id='word_1_181' title='bbox 368 2306 423 2377; x_wconf 84' lang='lat' dir='ltr'>uel</span> <span class='ocrx_word' id='word_1_182' title='bbox 435 2307 657 2377; x_wconf 83' lang='lat' dir='ltr'>materiatum</span> <span class='ocrx_word' id='word_1_183' title='bbox 669 2330 712 2377; x_wconf 78' lang='lat' dir='ltr'>ex</span> <span class='ocrx_word' id='word_1_184' title='bbox 727 2329 796 2376; x_wconf 80' lang='lat' dir='ltr'>aere</span> <span class='ocrx_word' id='word_1_185' title='bbox 813 2320 866 2376; x_wconf 88' lang='lat' dir='ltr'>est</span> <span class='ocrx_word' id='word_1_186' title='bbox 883 2305 1030 2376; x_wconf 83' lang='lat' dir='ltr'>materia</span> <span class='ocrx_word' id='word_1_187' title='bbox 1042 2307 1125 2376; x_wconf 84' lang='lat' dir='ltr'>terei</span> <span class='ocrx_word' id='word_1_188' title='bbox 1143 2306 1260 2401; x_wconf 84' lang='lat' dir='ltr'>sigilli,</span> <span class='ocrx_word' id='word_1_189' title='bbox 1274 2306 1365 2376; x_wconf 88' lang='lat' dir='ltr'>sicat</span> <span class='ocrx_word' id='word_1_190' title='bbox 1382 2320 1418 2376; x_wconf 90' lang='lat' dir='ltr'>et</span> <span class='ocrx_word' id='word_1_191' title='bbox 1437 2307 1473 2376; x_wconf 89' lang='lat' dir='ltr'>in</span> <span class='ocrx_word' id='word_1_192' title='bbox 1491 2305 1623 2376; x_wconf 86' lang='lat' dir='ltr'>divinis</span> <span class='ocrx_word' id='word_1_193' title='bbox 1637 2308 1811 2403; x_wconf 83' lang='lat' dir='ltr'>contingit</span> 
     </span>
     <span class='ocr_line' id='line_1_17' title="bbox 221 2423 1813 2523; baseline 0.001 -26"><span class='ocrx_word' id='word_1_194' title='bbox 221 2427 397 2523; x_wconf 80' lang='lat' dir='ltr'>personis.</span> <span class='ocrx_word' id='word_1_195' title='bbox 413 2428 489 2522; x_wconf 88' lang='lat' dir='ltr'>lpse</span> <span class='ocrx_word' id='word_1_196' title='bbox 506 2425 637 2496; x_wconf 87' lang='lat' dir='ltr'>etenim</span> <span class='ocrx_word' id='word_1_197' title='bbox 656 2424 886 2522; x_wconf 88' lang='lat' dir='ltr'>omnipotens</span> <span class='ocrx_word' id='word_1_198' title='bbox 906 2437 959 2495; x_wconf 88' lang='lat' dir='ltr'>eet</span> <span class='ocrx_word' id='word_1_199' title='bbox 979 2425 1120 2522; x_wconf 89' lang='lat' dir='ltr'>sapiens</span> <span class='ocrx_word' id='word_1_200' title='bbox 1142 2425 1216 2494; x_wconf 79' lang='lat' dir='ltr'>sive</span> <span class='ocrx_word' id='word_1_201' title='bbox 1241 2423 1417 2519; x_wconf 82' lang='lat' dir='ltr'>benignus</span> <span class='ocrx_word' id='word_1_202' title='bbox 1440 2439 1476 2495; x_wconf 88' lang='lat' dir='ltr'>et</span> <span class='ocrx_word' id='word_1_203' title='bbox 1496 2448 1517 2495; x_wconf 90' lang='lat' dir='ltr'>e</span> <span class='ocrx_word' id='word_1_204' title='bbox 1537 2430 1731 2511; x_wconf 87' lang='lat' dir='ltr'>contrario,</span> <span class='ocrx_word' id='word_1_205' title='bbox 1750 2427 1813 2498; x_wconf 90' lang='lat' dir='ltr'>sed</span> 
     </span>
     <span class='ocr_line' id='line_1_18' title="bbox 219 2542 1813 2643; baseline 0.001 -27"><span class='ocrx_word' id='word_1_206' title='bbox 219 2568 291 2616; x_wconf 84' lang='lat' dir='ltr'>uun</span> <span class='ocrx_word' id='word_1_207' title='bbox 307 2547 383 2642; x_wconf 87' lang='lat' dir='ltr'>ipse</span> <span class='ocrx_word' id='word_1_208' title='bbox 401 2548 504 2616; x_wconf 89' lang='lat' dir='ltr'>Pater</span> <span class='ocrx_word' id='word_1_209' title='bbox 525 2560 576 2616; x_wconf 86' lang='lat' dir='ltr'>est</span> <span class='ocrx_word' id='word_1_210' title='bbox 601 2545 722 2631; x_wconf 85' lang='lat' dir='ltr'>Filius,</span> <span class='ocrx_word' id='word_1_211' title='bbox 742 2543 876 2615; x_wconf 86' lang='lat' dir='ltr'>scilicet</span> <span class='ocrx_word' id='word_1_212' title='bbox 894 2544 962 2634; x_wconf 88' lang='lat' dir='ltr'>sui,</span> <span class='ocrx_word' id='word_1_213' title='bbox 987 2542 1044 2615; x_wconf 82' lang='lat' dir='ltr'>rel</span> <span class='ocrx_word' id='word_1_214' title='bbox 1062 2558 1117 2614; x_wconf 83' lang='lat' dir='ltr'>est</span> <span class='ocrx_word' id='word_1_215' title='bbox 1138 2544 1290 2638; x_wconf 87' lang='lat' dir='ltr'>Spiritus</span> <span class='ocrx_word' id='word_1_216' title='bbox 1314 2557 1470 2628; x_wconf 85' lang='lat' dir='ltr'>sanctus,</span> <span class='ocrx_word' id='word_1_217' title='bbox 1502 2568 1585 2615; x_wconf 89' lang='lat' dir='ltr'>curn</span> <span class='ocrx_word' id='word_1_218' title='bbox 1615 2545 1692 2643; x_wconf 85' lang='lat' dir='ltr'>ipse</span> <span class='ocrx_word' id='word_1_219' title='bbox 1712 2546 1813 2617; x_wconf 81' lang='lat' dir='ltr'>tide·</span> 
     </span>
     <span class='ocr_line' id='line_1_19' title="bbox 218 2661 1812 2762; baseline 0.001 -28"><span class='ocrx_word' id='word_1_220' title='bbox 218 2664 295 2735; x_wconf 90' lang='lat' dir='ltr'>licet</span> <span class='ocrx_word' id='word_1_221' title='bbox 315 2668 417 2735; x_wconf 87' lang='lat' dir='ltr'>Pater</span> <span class='ocrx_word' id='word_1_222' title='bbox 434 2688 508 2735; x_wconf 89' lang='lat' dir='ltr'>non</span> <span class='ocrx_word' id='word_1_223' title='bbox 525 2662 699 2762; x_wconf 86' lang='lat' dir='ltr'>procedat</span> <span class='ocrx_word' id='word_1_224' title='bbox 715 2687 758 2736; x_wconf 82' lang='lat' dir='ltr'>ex</span> <span class='ocrx_word' id='word_1_225' title='bbox 777 2667 898 2751; x_wconf 88' lang='lat' dir='ltr'>Patre,</span> <span class='ocrx_word' id='word_1_226' title='bbox 919 2661 992 2732; x_wconf 86' lang='lat' dir='ltr'>boc</span> <span class='ocrx_word' id='word_1_227' title='bbox 1009 2677 1062 2733; x_wconf 90' lang='lat' dir='ltr'>est</span> <span class='ocrx_word' id='word_1_228' title='bbox 1080 2684 1121 2733; x_wconf 81' lang='lat' dir='ltr'>ex</span> <span class='ocrx_word' id='word_1_229' title='bbox 1140 2664 1278 2760; x_wconf 89' lang='lat' dir='ltr'>seipso,</span> <span class='ocrx_word' id='word_1_230' title='bbox 1300 2663 1357 2733; x_wconf 85' lang='lat' dir='ltr'>vel</span> <span class='ocrx_word' id='word_1_231' title='bbox 1374 2663 1478 2755; x_wconf 86' lang='lat' dir='ltr'>Filio,</span> <span class='ocrx_word' id='word_1_232' title='bbox 1498 2665 1589 2735; x_wconf 87' lang='lat' dir='ltr'>sicut</span> <span class='ocrx_word' id='word_1_233' title='bbox 1607 2678 1640 2736; x_wconf 87' lang='lat' dir='ltr'>et</span> <span class='ocrx_word' id='word_1_234' title='bbox 1661 2668 1812 2762; x_wconf 81' lang='lat' dir='ltr'>Spiritus</span> 
     </span>
     <span class='ocr_line' id='line_1_20' title="bbox 214 2781 1811 2881; baseline 0.002 -28"><span class='ocrx_word' id='word_1_235' title='bbox 214 2808 258 2854; x_wconf 76' lang='lat' dir='ltr'>er</span> <span class='ocrx_word' id='word_1_236' title='bbox 278 2788 381 2855; x_wconf 88' lang='lat' dir='ltr'>Patre</span> <span class='ocrx_word' id='word_1_237' title='bbox 403 2783 568 2881; x_wconf 80' lang='lat' dir='ltr'>procedit</span> <span class='ocrx_word' id='word_1_238' title='bbox 587 2784 663 2854; x_wconf 78' lang='lat' dir='ltr'>siue</span> <span class='ocrx_word' id='word_1_239' title='bbox 682 2781 792 2874; x_wconf 80' lang='lat' dir='ltr'>tttto;</span> <span class='ocrx_word' id='word_1_240' title='bbox 814 2804 889 2853; x_wconf 91' lang='lat' dir='ltr'>non</span> <span class='ocrx_word' id='word_1_241' title='bbox 912 2781 1008 2853; x_wconf 88' lang='lat' dir='ltr'>enim</span> <span class='ocrx_word' id='word_1_242' title='bbox 1028 2781 1339 2878; x_wconf 81' lang='lat' dir='ltr'>quemadmodum</span> <span class='ocrx_word' id='word_1_243' title='bbox 1366 2781 1485 2857; x_wconf 86' lang='lat' dir='ltr'>bonas</span> <span class='ocrx_word' id='word_1_244' title='bbox 1511 2783 1576 2854; x_wconf 81' lang='lat' dir='ltr'>bei</span> <span class='ocrx_word' id='word_1_245' title='bbox 1601 2783 1747 2856; x_wconf 87' lang='lat' dir='ltr'>allectus</span> <span class='ocrx_word' id='word_1_246' title='bbox 1771 2810 1811 2856; x_wconf 85' lang='lat' dir='ltr'>ex</span> 
     </span>
     <span class='ocr_line' id='line_1_21' title="bbox 215 2901 1812 3003; baseline 0.002 -30"><span class='ocrx_word' id='word_1_247' title='bbox 215 2904 375 2999; x_wconf 82' lang='lat' dir='ltr'>potentia</span> <span class='ocrx_word' id='word_1_248' title='bbox 400 2903 476 2998; x_wconf 87' lang='lat' dir='ltr'>ejus</span> <span class='ocrx_word' id='word_1_249' title='bbox 501 2917 535 2973; x_wconf 86' lang='lat' dir='ltr'>et</span> <span class='ocrx_word' id='word_1_250' title='bbox 564 2902 754 3000; x_wconf 86' lang='lat' dir='ltr'>sapientia,</span> <span class='ocrx_word' id='word_1_251' title='bbox 777 2916 815 2973; x_wconf 91' lang='lat' dir='ltr'>ut</span> <span class='ocrx_word' id='word_1_252' title='bbox 834 2902 972 2973; x_wconf 90' lang='lat' dir='ltr'>dictum</span> <span class='ocrx_word' id='word_1_253' title='bbox 998 2915 1069 2990; x_wconf 91' lang='lat' dir='ltr'>est,</span> <span class='ocrx_word' id='word_1_254' title='bbox 1096 2901 1282 2998; x_wconf 83' lang='lat' dir='ltr'>procedit,</span> <span class='ocrx_word' id='word_1_255' title='bbox 1311 2902 1357 2972; x_wconf 91' lang='lat' dir='ltr'>ita</span> <span class='ocrx_word' id='word_1_256' title='bbox 1384 2905 1544 3000; x_wconf 82' lang='lat' dir='ltr'>potentia</span> <span class='ocrx_word' id='word_1_257' title='bbox 1568 2905 1643 3003; x_wconf 88' lang='lat' dir='ltr'>ipsa</span> <span class='ocrx_word' id='word_1_258' title='bbox 1665 2906 1740 2976; x_wconf 89' lang='lat' dir='ltr'>sive</span> <span class='ocrx_word' id='word_1_259' title='bbox 1759 2930 1812 2976; x_wconf 89' lang='lat' dir='ltr'>sa·</span> 
     </span>
     <span class='ocr_line' id='line_1_22' title="bbox 214 3020 1810 3123; baseline 0.001 -27"><span class='ocrx_word' id='word_1_260' title='bbox 214 3023 349 3120; x_wconf 79' lang='lat' dir='ltr'>pientia</span> <span class='ocrx_word' id='word_1_261' title='bbox 364 3045 406 3094; x_wconf 83' lang='lat' dir='ltr'>er</span> <span class='ocrx_word' id='word_1_262' title='bbox 424 3023 548 3121; x_wconf 84' lang='lat' dir='ltr'>seipsis</span> <span class='ocrx_word' id='word_1_263' title='bbox 562 3020 759 3120; x_wconf 82' lang='lat' dir='ltr'>procedere</span> <span class='ocrx_word' id='word_1_264' title='bbox 776 3035 936 3121; x_wconf 86' lang='lat' dir='ltr'>possunt,</span> <span class='ocrx_word' id='word_1_265' title='bbox 957 3020 1055 3118; x_wconf 92' lang='lat' dir='ltr'>quod</span> <span class='ocrx_word' id='word_1_266' title='bbox 1073 3035 1163 3093; x_wconf 85' lang='lat' dir='ltr'>esset</span> <span class='ocrx_word' id='word_1_267' title='bbox 1183 3024 1323 3094; x_wconf 86' lang='lat' dir='ltr'>Patrem</span> <span class='ocrx_word' id='word_1_268' title='bbox 1340 3021 1394 3093; x_wconf 85' lang='lat' dir='ltr'>vel</span> <span class='ocrx_word' id='word_1_269' title='bbox 1406 3023 1531 3096; x_wconf 79' lang='lat' dir='ltr'>lilium</span> <span class='ocrx_word' id='word_1_270' title='bbox 1547 3048 1624 3097; x_wconf 88' lang='lat' dir='ltr'>esse</span> <span class='ocrx_word' id='word_1_271' title='bbox 1641 3023 1810 3123; x_wconf 86' lang='lat' dir='ltr'>Spiritum</span> 
     </span>
     <span class='ocr_line' id='line_1_23' title="bbox 213 3149 1809 3214; baseline 0.001 -2"><span class='ocrx_word' id='word_1_272' title='bbox 213 3157 392 3214; x_wconf 70' lang='lat' dir='ltr'>sendum.</span> <span class='ocrx_word' id='word_1_273' title='bbox 1630 3151 1633 3162; x_wconf 67' lang='lat'><strong><em>⁴</em></strong></span> <span class='ocrx_word' id='word_1_274' title='bbox 1805 3149 1809 3156; x_wconf 88' lang='lat'>&#39;</span> 
     </span>
     <span class='ocr_line' id='line_1_24' title="bbox 267 3261 1808 3360; baseline 0.002 -30"><span class='ocrx_word' id='word_1_275' title='bbox 267 3264 377 3333; x_wconf 76' lang='lat' dir='ltr'>Graeei</span> <span class='ocrx_word' id='word_1_276' title='bbox 388 3277 510 3333; x_wconf 85' lang='lat' dir='ltr'>tamen</span> <span class='ocrx_word' id='word_1_277' title='bbox 526 3285 569 3332; x_wconf 81' lang='lat' dir='ltr'>er</span> <span class='ocrx_word' id='word_1_278' title='bbox 580 3266 684 3334; x_wconf 90' lang='lat' dir='ltr'>Patre</span> <span class='ocrx_word' id='word_1_279' title='bbox 700 3262 791 3353; x_wconf 86' lang='lat' dir='ltr'>solo,</span> <span class='ocrx_word' id='word_1_280' title='bbox 806 3285 879 3332; x_wconf 86' lang='lat' dir='ltr'>uon</span> <span class='ocrx_word' id='word_1_281' title='bbox 897 3261 1104 3332; x_wconf 73' lang='lat' dir='ltr'>etiamalio</span> <span class='ocrx_word' id='word_1_282' title='bbox 1114 3262 1287 3359; x_wconf 74' lang='lat' dir='ltr'>Spiritum</span> <span class='ocrx_word' id='word_1_283' title='bbox 1304 3276 1466 3333; x_wconf 88' lang='lat' dir='ltr'>sanctum</span> <span class='ocrx_word' id='word_1_284' title='bbox 1486 3262 1682 3359; x_wconf 81' lang='lat' dir='ltr'>procedere</span> <span class='ocrx_word' id='word_1_285' title='bbox 1694 3264 1808 3360; x_wconf 86' lang='lat' dir='ltr'>pruli-</span> 
     </span>
     <span class='ocr_line' id='line_1_25' title="bbox 208 3378 1811 3479; baseline 0.001 -28"><span class='ocrx_word' id='word_1_286' title='bbox 208 3380 651 3478; x_wconf 83' lang='lat' dir='ltr'>teutur,eoscilicetquod</span> <span class='ocrx_word' id='word_1_287' title='bbox 664 3378 1163 3475; x_wconf 84' lang='lat' dir='ltr'>Veritasquvangelinlidem</span> <span class='ocrx_word' id='word_1_288' title='bbox 1172 3380 1307 3475; x_wconf 84' lang='lat' dir='ltr'>integre</span> <span class='ocrx_word' id='word_1_289' title='bbox 1316 3381 1811 3479; x_wconf 80' lang='lat' dir='ltr'>continctrtedeprocessionr</span> 
     </span>
     <span class='ocr_line' id='line_1_26' title="bbox 205 3491 1812 3598; baseline 0.001 -28"><span class='ocrx_word' id='word_1_290' title='bbox 205 3502 365 3596; x_wconf 81' lang='lat' dir='ltr'>Spiritus</span> <span class='ocrx_word' id='word_1_291' title='bbox 391 3500 557 3597; x_wconf 84' lang='lat' dir='ltr'>loquens,</span> <span class='ocrx_word' id='word_1_292' title='bbox 585 3500 705 3572; x_wconf 88' lang='lat' dir='ltr'>solum</span> <span class='ocrx_word' id='word_1_293' title='bbox 736 3504 878 3571; x_wconf 84' lang='lat' dir='ltr'>Patrem</span> <span class='ocrx_word' id='word_1_294' title='bbox 905 3491 1167 3570; x_wconf 78' lang='lat' dir='ltr'>commemorat</span> <span class='ocrx_word' id='word_1_295' title='bbox 1187 3497 1357 3571; x_wconf 79' lang='lat' dir='ltr'>dicens&#39;:</span> <span class='ocrx_word' id='word_1_296' title='bbox 1381 3500 1569 3598; x_wconf 79' lang='lat' dir='ltr'>«Spiritus</span> <span class='ocrx_word' id='word_1_297' title='bbox 1589 3501 1650 3597; x_wconf 91' lang='lat' dir='ltr'>qui</span> <span class='ocrx_word' id='word_1_298' title='bbox 1670 3505 1812 3572; x_wconf 89' lang='lat' dir='ltr'>aPatre</span> 
     </span>
     <span class='ocr_line' id='line_1_27' title="bbox 202 3617 1810 3718; baseline 0.002 -29"><span class='ocrx_word' id='word_1_299' title='bbox 202 3620 392 3717; x_wconf 87' lang='lat' dir='ltr'>procedit.</span> <span class='ocrx_word' id='word_1_300' title='bbox 411 3648 430 3687; x_wconf 90' lang='lat' dir='ltr'>u</span> <span class='ocrx_word' id='word_1_301' title='bbox 448 3621 519 3706; x_wconf 87' lang='lat' dir='ltr'>Qui</span> <span class='ocrx_word' id='word_1_302' title='bbox 536 3620 642 3692; x_wconf 88' lang='lat' dir='ltr'>etiam</span> <span class='ocrx_word' id='word_1_303' title='bbox 670 3643 779 3717; x_wconf 89' lang='lat' dir='ltr'>super</span> <span class='ocrx_word' id='word_1_304' title='bbox 802 3618 874 3690; x_wconf 91' lang='lat' dir='ltr'>hoc</span> <span class='ocrx_word' id='word_1_305' title='bbox 890 3617 991 3715; x_wconf 91' lang='lat' dir='ltr'>quod</span> <span class='ocrx_word' id='word_1_306' title='bbox 1008 3641 1029 3689; x_wconf 89' lang='lat' dir='ltr'>a</span> <span class='ocrx_word' id='word_1_307' title='bbox 1047 3617 1134 3689; x_wconf 84' lang='lat' dir='ltr'>Filio</span> <span class='ocrx_word' id='word_1_308' title='bbox 1157 3642 1239 3689; x_wconf 90' lang='lat' dir='ltr'>eum</span> <span class='ocrx_word' id='word_1_309' title='bbox 1257 3641 1403 3716; x_wconf 89' lang='lat' dir='ltr'>qaoque</span> <span class='ocrx_word' id='word_1_310' title='bbox 1421 3619 1617 3718; x_wconf 82' lang='lat' dir='ltr'>procedere</span> <span class='ocrx_word' id='word_1_311' title='bbox 1633 3618 1810 3706; x_wconf 85' lang='lat' dir='ltr'>dicimus,</span> 
     </span>
     <span class='ocr_line' id='line_1_28' title="bbox 199 3737 1813 3836; baseline -0.001 -26"><span class='ocrx_word' id='word_1_312' title='bbox 199 3763 283 3810; x_wconf 88' lang='lat' dir='ltr'>nos</span> <span class='ocrx_word' id='word_1_313' title='bbox 302 3738 536 3810; x_wconf 87' lang='lat' dir='ltr'>vehementer</span> <span class='ocrx_word' id='word_1_314' title='bbox 558 3754 714 3835; x_wconf 86' lang='lat' dir='ltr'>arguunt</span> <span class='ocrx_word' id='word_1_315' title='bbox 729 3753 836 3836; x_wconf 88' lang='lat' dir='ltr'>atque</span> <span class='ocrx_word' id='word_1_316' title='bbox 855 3762 936 3809; x_wconf 91' lang='lat' dir='ltr'>reos</span> <span class='ocrx_word' id='word_1_317' title='bbox 955 3737 1194 3809; x_wconf 89' lang='lat' dir='ltr'>anathematis</span> <span class='ocrx_word' id='word_1_318' title='bbox 1208 3739 1320 3809; x_wconf 89' lang='lat' dir='ltr'>teneri</span> <span class='ocrx_word' id='word_1_319' title='bbox 1339 3753 1513 3826; x_wconf 87' lang='lat' dir='ltr'>asserunt,</span> <span class='ocrx_word' id='word_1_320' title='bbox 1532 3737 1632 3834; x_wconf 92' lang='lat' dir='ltr'>quod</span> <span class='ocrx_word' id='word_1_321' title='bbox 1655 3739 1692 3809; x_wconf 90' lang='lat' dir='ltr'>in</span> <span class='ocrx_word' id='word_1_322' title='bbox 1712 3741 1813 3835; x_wconf 71' lang='lat' dir='ltr'>prin=</span> 
     </span>
     <span class='ocr_line' id='line_1_29' title="bbox 197 3855 1815 3957; baseline 0.001 -28"><span class='ocrx_word' id='word_1_323' title='bbox 197 3857 392 3956; x_wconf 85' lang='lat' dir='ltr'>cipalibus</span> <span class='ocrx_word' id='word_1_324' title='bbox 403 3857 571 3929; x_wconf 80' lang='lat' dir='ltr'>Consiliis</span> <span class='ocrx_word' id='word_1_325' title='bbox 584 3882 663 3955; x_wconf 85' lang='lat' dir='ltr'>quae</span> <span class='ocrx_word' id='word_1_326' title='bbox 675 3858 774 3957; x_wconf 92' lang='lat' dir='ltr'>apud</span> <span class='ocrx_word' id='word_1_327' title='bbox 797 3882 859 3929; x_wconf 88' lang='lat' dir='ltr'>eos</span> <span class='ocrx_word' id='word_1_328' title='bbox 882 3855 1060 3928; x_wconf 85' lang='lat' dir='ltr'>celebrata</span> <span class='ocrx_word' id='word_1_329' title='bbox 1079 3872 1181 3947; x_wconf 87' lang='lat' dir='ltr'>sunt,</span> <span class='ocrx_word' id='word_1_330' title='bbox 1211 3859 1260 3929; x_wconf 89' lang='lat' dir='ltr'>ita</span> <span class='ocrx_word' id='word_1_331' title='bbox 1276 3857 1439 3953; x_wconf 87' lang='lat' dir='ltr'>symbola</span> <span class='ocrx_word' id='word_1_332' title='bbox 1461 3881 1588 3930; x_wconf 88' lang='lat' dir='ltr'>eorum</span> <span class='ocrx_word' id='word_1_333' title='bbox 1616 3859 1815 3953; x_wconf 81' lang='lat' dir='ltr'>subjunctis</span> 
     </span>
     <span class='ocr_line' id='line_1_30' title="bbox 192 3974 1815 4075; baseline 0 -26"><span class='ocrx_word' id='word_1_334' title='bbox 192 3975 503 4050; x_wconf 76' lang='lat' dir='ltr'>anathematibus</span> <span class='ocrx_word' id='word_1_335' title='bbox 517 3977 654 4049; x_wconf 87' lang='lat' dir='ltr'>sancita</span> <span class='ocrx_word' id='word_1_336' title='bbox 669 3991 766 4066; x_wconf 91' lang='lat' dir='ltr'>sunt,</span> <span class='ocrx_word' id='word_1_337' title='bbox 783 3991 822 4048; x_wconf 92' lang='lat' dir='ltr'>ut</span> <span class='ocrx_word' id='word_1_338' title='bbox 837 3974 927 4047; x_wconf 89' lang='lat' dir='ltr'>nulli</span> <span class='ocrx_word' id='word_1_339' title='bbox 943 3976 988 4047; x_wconf 85' lang='lat' dir='ltr'>de</span> <span class='ocrx_word' id='word_1_340' title='bbox 1003 3975 1078 4047; x_wconf 86' lang='lat' dir='ltr'>lide</span> <span class='ocrx_word' id='word_1_341' title='bbox 1092 3976 1272 4048; x_wconf 81' lang='lat' dir='ltr'>Trinitatis</span> <span class='ocrx_word' id='word_1_342' title='bbox 1288 3976 1384 4050; x_wconf 88' lang='lat' dir='ltr'>aliud</span> <span class='ocrx_word' id='word_1_343' title='bbox 1403 3978 1534 4062; x_wconf 86' lang='lat' dir='ltr'>dicere,</span> <span class='ocrx_word' id='word_1_344' title='bbox 1547 3977 1602 4049; x_wconf 81' lang='lat' dir='ltr'>vel</span> <span class='ocrx_word' id='word_1_345' title='bbox 1616 3977 1711 4050; x_wconf 81' lang='lat' dir='ltr'>aliud</span> <span class='ocrx_word' id='word_1_346' title='bbox 1730 4003 1815 4075; x_wconf 79' lang='lat' dir='ltr'>prae·</span> 
     </span>
     <span class='ocr_line' id='line_1_31' title="bbox 186 4093 1814 4194; baseline -0.001 -26"><span class='ocrx_word' id='word_1_347' title='bbox 186 4097 351 4183; x_wconf 84' lang='lat' dir='ltr'>dicare,</span> <span class='ocrx_word' id='word_1_348' title='bbox 371 4119 480 4191; x_wconf 89' lang='lat' dir='ltr'>quam</span> <span class='ocrx_word' id='word_1_349' title='bbox 495 4094 545 4167; x_wconf 92' lang='lat' dir='ltr'>ibi</span> <span class='ocrx_word' id='word_1_350' title='bbox 562 4097 800 4185; x_wconf 85' lang='lat' dir='ltr'>contineatur,</span> <span class='ocrx_word' id='word_1_351' title='bbox 820 4096 942 4184; x_wconf 82' lang='lat' dir='ltr'>liceat3</span> <span class='ocrx_word' id='word_1_352' title='bbox 962 4094 998 4165; x_wconf 91' lang='lat' dir='ltr'>in</span> <span class='ocrx_word' id='word_1_353' title='bbox 1016 4093 1149 4191; x_wconf 87' lang='lat' dir='ltr'>quibus</span> <span class='ocrx_word' id='word_1_354' title='bbox 1165 4094 1311 4191; x_wconf 80' lang='lat' dir='ltr'>quidem</span> <span class='ocrx_word' id='word_1_355' title='bbox 1329 4093 1500 4192; x_wconf 83' lang='lat' dir='ltr'>symbolis</span> <span class='ocrx_word' id='word_1_356' title='bbox 1515 4119 1600 4168; x_wconf 82' lang='lat' dir='ltr'>cum</span> <span class='ocrx_word' id='word_1_357' title='bbox 1612 4097 1650 4167; x_wconf 89' lang='lat' dir='ltr'>in</span> <span class='ocrx_word' id='word_1_358' title='bbox 1668 4119 1814 4194; x_wconf 88' lang='lat' dir='ltr'>proces-</span> 
     </span>
     <span class='ocr_line' id='line_1_32' title="bbox 186 4214 1812 4313; baseline -0.001 -26"><span class='ocrx_word' id='word_1_359' title='bbox 186 4219 316 4287; x_wconf 85' lang='lat' dir='ltr'>sione</span> <span class='ocrx_word' id='word_1_360' title='bbox 329 4215 480 4313; x_wconf 84' lang='lat' dir='ltr'>Spiritus</span> <span class='ocrx_word' id='word_1_361' title='bbox 493 4214 626 4288; x_wconf 90' lang='lat' dir='ltr'>desolo</span> <span class='ocrx_word' id='word_1_362' title='bbox 638 4220 741 4289; x_wconf 88' lang='lat' dir='ltr'>Patre</span> <span class='ocrx_word' id='word_1_363' title='bbox 752 4228 1067 4304; x_wconf 86' lang='lat' dir='ltr'>commemoretur,</span> <span class='ocrx_word' id='word_1_364' title='bbox 1080 4215 1302 4312; x_wconf 82' lang='lat' dir='ltr'>quicunque,</span> <span class='ocrx_word' id='word_1_365' title='bbox 1319 4215 1642 4313; x_wconf 82' lang='lat' dir='ltr'>inquiunt,·Filium</span> <span class='ocrx_word' id='word_1_366' title='bbox 1660 4215 1812 4304; x_wconf 83' lang='lat' dir='ltr'>addunt,</span> 
     </span>
     <span class='ocr_line' id='line_1_33' title="bbox 182 4329 1815 4433; baseline -0.002 -24"><span class='ocrx_word' id='word_1_367' title='bbox 182 4335 409 4409; x_wconf 84' lang='lat' dir='ltr'>anathema</span> <span class='ocrx_word' id='word_1_368' title='bbox 426 4336 624 4405; x_wconf 86' lang='lat' dir='ltr'>incurrunt.</span> <span class='ocrx_word' id='word_1_369' title='bbox 642 4334 791 4408; x_wconf 74' lang='lat' dir='ltr'>Addunt</span> <span class='ocrx_word' id='word_1_370' title='bbox 800 4336 907 4406; x_wconf 86' lang='lat' dir='ltr'>etiam</span> <span class='ocrx_word' id='word_1_371' title='bbox 924 4335 970 4406; x_wconf 90' lang='lat' dir='ltr'>ad</span> <span class='ocrx_word' id='word_1_372' title='bbox 989 4335 1295 4431; x_wconf 80' lang='lat' dir='ltr'>exaggerationem</span> <span class='ocrx_word' id='word_1_373' title='bbox 1312 4329 1556 4433; x_wconf 78' lang='lat' dir='ltr'>impudendae,</span> <span class='ocrx_word' id='word_1_374' title='bbox 1576 4351 1706 4407; x_wconf 80' lang='lat' dir='ltr'>nostrae</span> <span class='ocrx_word' id='word_1_375' title='bbox 1717 4338 1815 4406; x_wconf 90' lang='lat' dir='ltr'>testi·</span> 
     </span>
     <span class='ocr_line' id='line_1_34' title="bbox 180 4452 1814 4553; baseline -0.002 -25"><span class='ocrx_word' id='word_1_376' title='bbox 180 4456 382 4528; x_wconf 81' lang='lat' dir='ltr'>monium</span> <span class='ocrx_word' id='word_1_377' title='bbox 415 4453 657 4526; x_wconf 82' lang='lat' dir='ltr'>damnationis</span> <span class='ocrx_word' id='word_1_378' title='bbox 682 4453 901 4551; x_wconf 84' lang='lat' dir='ltr'>symbolum⁸</span> <span class='ocrx_word' id='word_1_379' title='bbox 930 4452 1039 4542; x_wconf 86' lang='lat' dir='ltr'>fidei,</span> <span class='ocrx_word' id='word_1_380' title='bbox 1070 4454 1169 4550; x_wconf 90' lang='lat' dir='ltr'>quod</span> <span class='ocrx_word' id='word_1_381' title='bbox 1193 4455 1293 4550; x_wconf 81' lang='lat' dir='ltr'>juxta</span> <span class='ocrx_word' id='word_1_382' title='bbox 1317 4454 1547 4528; x_wconf 84' lang='lat' dir='ltr'>traditionem</span> <span class='ocrx_word' id='word_1_383' title='bbox 1563 4455 1814 4553; x_wconf 85' lang='lat' dir='ltr'>praedictorum</span> 
     </span>
     <span class='ocr_line' id='line_1_35' title="bbox 176 4571 1816 4673; baseline -0.002 -25"><span class='ocrx_word' id='word_1_384' title='bbox 176 4573 477 4662; x_wconf 86' lang='lat' dir='ltr'>Conciliorum,</span> <span class='ocrx_word' id='word_1_385' title='bbox 495 4578 567 4647; x_wconf 73' lang='lat' dir='ltr'>leo</span> <span class='ocrx_word' id='word_1_386' title='bbox 596 4574 721 4647; x_wconf 85' lang='lat' dir='ltr'>tertius</span> <span class='ocrx_word' id='word_1_387' title='bbox 750 4577 869 4645; x_wconf 81' lang='lat' dir='ltr'>llomae</span> <span class='ocrx_word' id='word_1_388' title='bbox 897 4574 1150 4670; x_wconf 70' lang='lat' dir='ltr'>uannnprum</span> <span class='ocrx_word' id='word_1_389' title='bbox 1174 4574 1210 4644; x_wconf 93' lang='lat' dir='ltr'>in</span> <span class='ocrx_word' id='word_1_390' title='bbox 1242 4571 1362 4645; x_wconf 88' lang='lat' dir='ltr'>tabula</span> <span class='ocrx_word' id='word_1_391' title='bbox 1387 4589 1553 4670; x_wconf 80' lang='lat' dir='ltr'>argerttea</span> <span class='ocrx_word' id='word_1_392' title='bbox 1579 4576 1732 4673; x_wconf 87' lang='lat' dir='ltr'>posteris</span> <span class='ocrx_word' id='word_1_393' title='bbox 1755 4599 1816 4644; x_wconf 89' lang='lat' dir='ltr'>re·</span> 
     </span>
     <span class='ocr_line' id='line_1_36' title="bbox 171 4689 1814 4792; baseline -0.002 -26"><span class='ocrx_word' id='word_1_394' title='bbox 171 4696 337 4792; x_wconf 85' lang='lat' dir='ltr'>liquit,</span> <span class='ocrx_word' id='word_1_395' title='bbox 360 4717 428 4790; x_wconf 88' lang='lat' dir='ltr'>pro</span> <span class='ocrx_word' id='word_1_396' title='bbox 445 4716 582 4783; x_wconf 87' lang='lat' dir='ltr'>amore,</span> <span class='ocrx_word' id='word_1_397' title='bbox 610 4692 805 4791; x_wconf 77' lang='lat' dir='ltr'>utipriemet</span> <span class='ocrx_word' id='word_1_398' title='bbox 825 4692 925 4781; x_wconf 91' lang='lat' dir='ltr'>dicit,</span> <span class='ocrx_word' id='word_1_399' title='bbox 946 4706 983 4764; x_wconf 88' lang='lat' dir='ltr'>et</span> <span class='ocrx_word' id='word_1_400' title='bbox 996 4689 1136 4765; x_wconf 86' lang='lat' dir='ltr'>cautela</span> <span class='ocrx_word' id='word_1_401' title='bbox 1159 4691 1371 4765; x_wconf 72' lang='lat' dir='ltr'>orthodoxa</span> <span class='ocrx_word' id='word_1_402' title='bbox 1394 4692 1489 4770; x_wconf 84' lang='lat' dir='ltr'>lidei.</span> <span class='ocrx_word' id='word_1_403' title='bbox 1518 4699 1556 4765; x_wconf 88' lang='lat' dir='ltr'>ln</span> <span class='ocrx_word' id='word_1_404' title='bbox 1575 4719 1649 4790; x_wconf 86' lang='lat' dir='ltr'>quo</span> <span class='ocrx_word' id='word_1_405' title='bbox 1668 4693 1814 4789; x_wconf 84' lang='lat' dir='ltr'>quidem</span> 
     </span>
    </p>
   </div>
   <div class='ocr_carea' id='block_1_3' title="bbox 163 4999 1816 5145">
    <p class='ocr_par' dir='ltr' id='par_1_3' title="bbox 163 4999 1816 5145">
     <span class='ocr_line' id='line_1_37' title="bbox 206 4999 1816 5080; baseline -0.006 -22"><span class='ocrx_word' id='word_1_406' title='bbox 206 5015 213 5038; x_wconf 89' lang='grc'><em>·</em></span> <span class='ocrx_word' id='word_1_407' title='bbox 231 5006 313 5057; x_wconf 80' lang='lat' dir='ltr'>Lib.</span> <span class='ocrx_word' id='word_1_408' title='bbox 332 5000 355 5060; x_wconf 86' lang='lat' dir='ltr'>l,</span> <span class='ocrx_word' id='word_1_409' title='bbox 368 5013 423 5063; x_wconf 81' lang='lat' dir='ltr'>cap.</span> <span class='ocrx_word' id='word_1_410' title='bbox 443 5014 461 5050; x_wconf 86' lang='lat' dir='ltr'>r.</span> <span class='ocrx_word' id='word_1_411' title='bbox 481 5001 555 5066; x_wconf 75' lang='lat' dir='ltr'>opp..</span> <span class='ocrx_word' id='word_1_412' title='bbox 571 5010 592 5051; x_wconf 89' lang='lat' dir='ltr'>t.</span> <span class='ocrx_word' id='word_1_413' title='bbox 609 4999 674 5053; x_wconf 84' lang='lat' dir='ltr'>vltt.</span> <span class='ocrx_word' id='word_1_414' title='bbox 687 5005 733 5052; x_wconf 86' lang='lat' dir='ltr'>eol.</span> <span class='ocrx_word' id='word_1_415' title='bbox 749 5003 802 5053; x_wconf 75' lang='lat' dir='ltr'>its.</span> <span class='ocrx_word' id='word_1_416' title='bbox 826 5027 854 5038; x_wconf 89' lang='lat'><em>—</em></span> <span class='ocrx_word' id='word_1_417' title='bbox 871 5001 968 5062; x_wconf 70' lang='lat' dir='ltr'>²tuan,</span> <span class='ocrx_word' id='word_1_418' title='bbox 985 5014 1038 5064; x_wconf 84' lang='lat' dir='ltr'>cap.</span> <span class='ocrx_word' id='word_1_419' title='bbox 1057 5015 1098 5064; x_wconf 82' lang='lat' dir='ltr'>rr,</span> <span class='ocrx_word' id='word_1_420' title='bbox 1118 5016 1141 5050; x_wconf 84' lang='lat' dir='ltr'>r.</span> <span class='ocrx_word' id='word_1_421' title='bbox 1161 5004 1198 5052; x_wconf 81' lang='lat'>26.</span> <span class='ocrx_word' id='word_1_422' title='bbox 1225 5027 1248 5038; x_wconf 90' lang='lat'>-</span> <span class='ocrx_word' id='word_1_423' title='bbox 1262 5001 1349 5052; x_wconf 84' lang='lat' dir='ltr'>³lleest</span> <span class='ocrx_word' id='word_1_424' title='bbox 1364 5000 1505 5065; x_wconf 66' lang='lat' dir='ltr'>symbolum</span> <span class='ocrx_word' id='word_1_425' title='bbox 1526 5003 1550 5050; x_wconf 90' lang='lat' dir='ltr'>ln</span> <span class='ocrx_word' id='word_1_426' title='bbox 1574 5000 1633 5051; x_wconf 84' lang='lat' dir='ltr'>Cud.</span> <span class='ocrx_word' id='word_1_427' title='bbox 1652 5000 1713 5051; x_wconf 78' lang='lat' dir='ltr'>vict.</span> <span class='ocrx_word' id='word_1_428' title='bbox 1729 5010 1758 5080; x_wconf 18' lang='lat' dir='ltr'>et(</span> <span class='ocrx_word' id='word_1_429' title='bbox 1770 5003 1816 5053; x_wconf 79' lang='lat' dir='ltr'>Ed.</span> 
     </span>
     <span class='ocr_line' id='line_1_38' title="bbox 163 5079 1723 5145; baseline -0.019 -8"><span class='ocrx_word' id='word_1_430' title='bbox 163 5091 276 5145; x_wconf 54' lang='lat' dir='ltr'>amb„</span> <span class='ocrx_word' id='word_1_431' title='bbox 295 5082 357 5132; x_wconf 72' lang='lat' dir='ltr'>sod</span> <span class='ocrx_word' id='word_1_432' title='bbox 370 5081 460 5143; x_wconf 71' lang='lat' dir='ltr'>lenitur</span> <span class='ocrx_word' id='word_1_433' title='bbox 471 5083 497 5130; x_wconf 86' lang='lat' dir='ltr'>in</span> <span class='ocrx_word' id='word_1_434' title='bbox 513 5080 595 5132; x_wconf 72' lang='lat' dir='ltr'>atra.</span> <span class='ocrx_word' id='word_1_435' title='bbox 607 5079 701 5134; x_wconf 75' lang='lat' dir='ltr'>Christ.</span> <span class='ocrx_word' id='word_1_436' title='bbox 1647 5083 1659 5109; x_wconf 70' lang='grc' dir='ltr'>ι.</span> <span class='ocrx_word' id='word_1_437' title='bbox 1676 5105 1691 5124; x_wconf 77' lang='grc'>,,</span> <span class='ocrx_word' id='word_1_438' title='bbox 1707 5083 1723 5108; x_wconf 59' lang='lat' dir='ltr'>t·</span> 
     </span>
    </p>
   </div>
   <div class='ocr_carea' id='block_1_4' title="bbox 0 0 2287 6100">
    <p class='ocr_par' dir='ltr' id='par_1_4' title="bbox 0 0 2287 6100">
     <span class='ocr_line' id='line_1_39' title="bbox 0 0 2287 6100; baseline 0 0"><span class='ocrx_word' id='word_1_439' title='bbox 0 0 2287 6100; x_wconf 95' lang='lat' dir='ltr'> </span> 
     </span>
    </p>
   </div>
  </div>
 </body>
</html>
