4559 6100
699 505 744 578 ΙΝ
769 505 1014 579 Ertsrotttt
1039 508 1101 581 ΑΙ)
1125 507 1350 581 Rotttttos.
1746 511 1817 584 227

224 651 324 725 mini.
343 682 361 720 s
380 655 562 750 Apparens
578 677 725 752 quoque
740 668 777 727 et
788 655 946 755 loquens
961 659 1138 732 Dominus
1155 658 1304 731 Abrabae
1319 659 1406 730 olim
1416 659 1472 731 vel
1483 660 1627 750 ceteris,
1644 660 1817 756 quoniam

224 774 262 847 id
291 797 356 872 per
382 774 558 868 Angelum
580 773 785 862 exhibebat,
809 778 996 851 veritatem
1021 779 1131 877 ipsius
1151 779 1355 879 apparentis
1373 778 1430 850 vel
1455 778 1635 874 loquentis
1655 781 1778 877 Augeli
1796 803 1818 851 a

224 893 342 991 seipso
356 891 508 991 provide
523 891 777 990 distinguebat,
796 910 837 968 ut
853 897 932 995 ipso
945 922 1091 996 quoque
1104 899 1296 972 locutionis
1309 921 1438 994 genere
1453 896 1542 970 alius
1565 897 1818 995 intelligeretur
1892 939 1900 966 .

225 1012 287 1110 qui
299 1010 409 1084 rerba
424 1010 594 1102 firmaret,
613 1038 723 1112 quam
739 1015 816 1114 ipse
832 1015 879 1090 de
895 1042 970 1115 quo
988 1017 1098 1091 verba
1112 1015 1227 1108 erant,
1245 1017 1282 1089 id
1299 1030 1353 1090 est
1368 1017 1521 1113 Angelus
1536 1041 1559 1088 a
1579 1018 1751 1090 Domino.

277 1131 379 1220 «Qui
398 1130 564 1204 vivificat.
581 1162 599 1199 a
619 1137 664 1204 Et
684 1135 811 1207 merito
831 1138 866 1209 ei
888 1137 1070 1211 credidisti
1093 1138 1139 1211 de
1164 1139 1238 1210 suis
1254 1137 1450 1236 promissis,
1470 1136 1556 1233 quia
1578 1135 1657 1208 talis
1680 1150 1734 1208 est
1756 1136 1819 1233 qui

227 1250 380 1323 vivificat
390 1265 566 1345 mortuos,
587 1251 626 1323 id
641 1267 707 1346 est,
723 1252 885 1329 infideles
897 1272 1006 1355 prout
1021 1258 1095 1331 vult
1111 1257 1158 1329 ad
1173 1256 1282 1329 iidem
1298 1255 1487 1328 convertit.
1506 1255 1637 1327 Mortui
1651 1253 1820 1327 dicuntur

227 1368 401 1463 infideles,
419 1371 609 1464 vulnerati,
625 1388 845 1471 peoeatores.
866 1378 946 1449 Vita
959 1378 1094 1476 quippe
1105 1377 1285 1473 justorum
1303 1374 1391 1447 fides
1404 1375 1550 1466 dicitur,
1566 1375 1667 1472 juxta
1682 1373 1814 1446 illud¹:

230 1494 379 1561 «Justus
404 1513 448 1561 ex
474 1489 545 1562 fide
566 1489 665 1563 vivit.
687 1521 705 1561 n
732 1494 803 1581 Qui
827 1492 981 1600 infidelis
1001 1510 1068 1585 est,
1097 1493 1185 1567 nihil
1208 1479 1350 1592 penitus
1372 1493 1460 1567 boni
1483 1492 1613 1585 habet,
1641 1518 1715 1590 quo
1741 1498 1818 1565 Deo

227 1607 367 1707 placere
394 1608 525 1706 possit,
550 1637 568 1677 a
582 1611 667 1707 quia
693 1612 770 1684 sine
798 1610 929 1705 fidem>
956 1629 998 1687 ut
1022 1615 1098 1714 ipse
1123 1614 1213 1686 dicit
1239 1615 1462 1714 Apostolus⁸,
1489 1610 1741 1711 «impossibile
1766 1627 1819 1685 est

227 1730 303 1800 Deo
320 1726 474 1825 placere.
493 1758 512 1794 s
535 1732 610 1800 «Et
627 1744 744 1805 vocat.
761 1759 779 1800 u
797 1731 839 1803 ld
857 1748 926 1825 est,
944 1735 993 1806 ita
1011 1734 1084 1806 suis
1103 1733 1219 1807 verbis
1234 1732 1316 1806 lacit
1335 1731 1485 1806 obedire
1497 1757 1572 1805 non
1590 1732 1815 1805 existentia⁸z

230 1847 356 1921 «Dixit
372 1847 488 1938 enim,
514 1860 550 1919 et
566 1847 657 1922 facta
678 1864 764 1923 sunt
779 1878 788 1923 ι
805 1852 1010 1945 mandavit,
1031 1867 1068 1926 et
1084 1868 1203 1925 creata
1221 1867 1319 1945 sunt,
1339 1881 1355 1923 u
1381 1853 1473 1924 sicut
1488 1851 1682 1925 existentia.
1709 1880 1728 1919 κ
1749 1852 1820 1938 Qui

229 1982 355 2040 contra
372 1991 487 2066 spem.
504 1995 523 2036 u
541 1970 804 2044 commendata
821 1973 983 2072 potentia
1004 1973 1164 2064 Domini,
1189 1985 1229 2045 ut
1250 1972 1296 2045 de
1318 1973 1394 2069 ejus
1415 1973 1601 2072 promissis
1619 1971 1821 2044 nullatenus

228 2087 272 2158 sit
287 2085 541 2179 dubitandum,
567 2089 801 2163 commendat
816 2105 852 2164 et
870 2092 1110 2165 constantiam
1134 2090 1217 2165 fidei
1240 2091 1402 2184 Abrabae,
1421 2091 1468 2164 ad
1485 2115 1595 2188 quam
1611 2088 1820 2162 imitandam

229 2201 451 2278 adhortatur.
478 2209 569 2279 Cum
595 2208 760 2306 primitus
775 2207 954 2282 Abraham
981 2210 1203 2308 desperasset
1227 2210 1272 2283 de
1295 2215 1394 2301 Sara,
1421 2211 1576 2309 speravit
1600 2208 1646 2280 de
1671 2213 1762 2303 Agar
1784 2231 1821 2279 se

230 2321 411 2396 haeredem
427 2325 617 2423 suscipere.
637 2331 767 2399 Postea
781 2352 869 2400 vero
886 2329 1104 2402 econtrario
1121 2354 1187 2429 per
1203 2330 1478 2426 promissionem
1491 2329 1638 2401 Domini
1654 2325 1819 2419 credidit,

230 2465 275 2515 ae
287 2443 442 2541 speravit
460 2470 469 2515 ε
488 2459 525 2516 et
540 2443 612 2518 boc
627 2459 694 2540 est,
715 2473 734 2515 u
747 2445 900 2520 credidit
914 2449 953 2521 in
969 2474 1032 2548 spe
1052 2463 1180 2521 contra
1196 2473 1335 2546 spem,»
1347 2446 1387 2521 id
1403 2463 1469 2542 est,
1489 2446 1672 2521 credendo
1690 2444 1821 2517 divinis

230 2562 426 2660 promissis,
443 2561 573 2636 ductus
586 2578 640 2637 est
655 2565 692 2637 in
709 2590 812 2665 spem
827 2567 1043 2666 suscipiendi
1055 2567 1189 2640 scilicet
1204 2567 1354 2641 haeredis
1369 2568 1589 2642 contrariam
1605 2566 1716 2665 priori
1730 2566 1818 2664 spei.

227 2679 362 2754 Aliter:
384 2682 541 2771 Quando
556 2683 659 2756 duxit
674 2686 811 2779 Saram,
833 2686 987 2760 credidit
1005 2710 1085 2761 eam
1101 2686 1306 2760 foecundam
1329 2701 1365 2760 et
1384 2686 1585 2760 secundum
1607 2698 1771 2758 naturam
1789 2686 1822 2757 ei

229 2799 319 2875 filios
341 2802 380 2874 iu
402 2802 591 2898 juventute
610 2804 825 2904 parituram3
847 2820 972 2904 postea
1000 2832 1083 2880 vero
1105 2805 1293 2879 frustratus
1318 2805 1388 2879 bac
1412 2830 1478 2878 sua
1500 2828 1577 2905 spe,
1596 2828 1617 2877 e
1641 2804 1822 2876 contrario

230 2920 369 3019 plenius
387 2903 543 2996 credidit
556 2936 591 2996 et
606 2925 778 3023 speravit,
798 2940 947 3024 propter
961 2927 1240 3026 promissionem
1253 2927 1412 3020 Domini,
1433 2924 1472 2997 id
1488 2938 1555 3016 est,
1571 2946 1651 2997 eam
1669 2922 1824 2996 sterilem

230 3042 266 3115 in
286 3057 471 3116 senectute
494 3057 622 3116 contra
640 3059 806 3117 naturam
824 3046 1034 3144 parituram.
1052 3045 1162 3136 Quod
1188 3044 1351 3120 mirabile
1369 3045 1435 3119 tuit
1460 3069 1543 3118 eum
1569 3043 1729 3142 potuisse
1752 3066 1824 3116 cre·

232 3160 336 3254 dere,
359 3163 461 3259 juxta
485 3162 584 3236 illam
600 3150 793 3238 dialectice
808 3164 970 3264 regulam
990 3195 998 3238 ε
1019 3167 1050 3240 si
1071 3167 1169 3241 euim
1190 3165 1291 3263 quod
1313 3165 1425 3262 magis
1447 3163 1589 3237 videtur
1607 3164 1722 3234 inesse
1747 3183 1822 3233 non

231 3281 335 3373 inest,
359 3306 428 3355 nec
449 3282 549 3382 quod
571 3283 691 3356 minus
713 3284 855 3357 videtur
875 3284 991 3358 inesse
1013 3284 1132 3357 inerit.
1163 3289 1243 3357 «Ut
1263 3284 1364 3357 fieret
1387 3297 1501 3382 pater,
1518 3310 1535 3350 u
1557 3281 1596 3353 id
1612 3294 1678 3372 est,
1700 3292 1740 3350 ut
1759 3303 1824 3377 per

232 3415 366 3476 tantem
387 3402 628 3475 constantiam
644 3400 729 3474 fidei
754 3400 799 3475 de
815 3401 1111 3500 promissionibus
1132 3403 1200 3476 Dei
1218 3415 1412 3475 mereretur
1428 3399 1585 3501 proponi
1602 3399 1640 3469 iu
1657 3396 1822 3498 exemplo

234 3519 339 3595 etiam
361 3518 551 3594 Gentibus.
572 3521 810 3595 «Secundum
834 3521 935 3620 quod
954 3521 1093 3595 dictum
1116 3536 1171 3594 est
1195 3521 1229 3595 ei
1253 3547 1275 3594 a
1296 3521 1470 3611 Domino,
1487 3550 1504 3585 u
1530 3516 1662 3589 scilicet
1686 3516 1724 3588 in
1746 3518 1823 3617 ipsa
1886 3606 1888 3609 Υ

237 3644 363 3714 Generi
376 3642 398 3714 ⁸.
430 3671 448 3710 a
472 3641 529 3714 Sic
553 3642 622 3713 erit
644 3664 767 3715 semen
793 3655 896 3714 tuum
903 3697 915 3736 ,
938 3671 956 3709 s
982 3640 1022 3715 id
1046 3656 1116 3733 est,
1140 3641 1309 3715 homines
1339 3638 1503 3741 exemplo
1530 3636 1616 3709 fidei
1640 3651 1710 3709 tuae
1733 3635 1823 3708 mihi

235 3759 446 3858 generandi,
477 3760 691 3834 itascilicet
721 3760 1021 3851 innumerabiles,
1055 3762 1148 3835 sicut
1176 3761 1297 3834 stellae.
1329 3766 1523 3834 Possumus
1555 3768 1591 3829 et
1617 3779 1683 3854 per
1708 3752 1825 3828 stellas

232 3889 267 3946 et
287 3874 438 3948 arenam
463 3875 653 3948 ludaicum
677 3889 714 3949 et
740 3876 921 3950 Gentilem
945 3876 1122 3976 populum
1150 3874 1380 3973 distinguere,
1405 3861 1600 3970 exquibus
1624 3868 1825 3969 spirituales

230 3991 382 4068 Abrahae
403 3992 467 4068 lilii
490 3995 624 4094 pariter
646 4009 731 4069 suut
753 3996 907 4083 collecti,
932 4010 973 4068 ut
996 4020 1072 4068 non
1095 3996 1214 4070 solum
1238 3995 1395 4069 filiorum
1410 3989 1620 4079 multitudo,
1639 4013 1765 4062 vemm
1789 4003 1825 4062 et

229 4112 454 4213 populorum
477 4114 662 4188 diversitas
681 4116 913 4214 exprimatur.
932 4113 1049 4187 Stellis
1070 4114 1182 4186 ludaei
1199 4129 1454 4214 comparantur
1469 4135 1534 4212 per
1558 4109 1668 4182 fidem
1691 4106 1826 4207 exlege

221 4234 304 4330 jam
320 4232 529 4325 illuminati,
549 4249 585 4306 et
601 4258 624 4307 a
639 4233 739 4307 fluxu
758 4233 1025 4307 mundanarum
1041 4235 1415 4333 concupiscentiarum
1436 4256 1501 4329 per
1522 4228 1638 4326 legem
1655 4227 1824 4319 coerciti,

224 4366 269 4425 et
284 4353 389 4452 quasi
407 4352 567 4426 coelestes
582 4354 619 4426 in
636 4377 700 4453 spe
715 4379 780 4428 sua
795 4352 893 4438 facti,
908 4378 992 4426 cum
1008 4377 1029 4426 e
1045 4354 1228 4426 contrario
1245 4353 1403 4426 Gentiles
1417 4349 1515 4423 nulla
1530 4349 1607 4445 lege
1622 4345 1824 4438 constricti,

221 4494 298 4570 per
324 4495 473 4545 omnem
501 4473 829 4573 concupiscentiam
855 4472 968 4546 libere
994 4472 1183 4546 effluerent
1214 4472 1361 4547 terrenis
1385 4483 1527 4543 tantum
1555 4465 1740 4540 desideriis
1770 4465 1827 4538 in·

219 4589 385 4665 hiantes.
410 4591 482 4665 Sed
503 4593 589 4691 quia
606 4593 652 4667 de
669 4593 844 4666 Gentibus
859 4607 1020 4688 tentum,
1038 4593 1076 4666 in
1095 4593 1228 4693 quibus
1248 4593 1402 4665 maxime
1427 4589 1517 4662 fides
1533 4585 1683 4661 Abrahae
1705 4585 1826 4658 fructi·

215 4708 383 4784 limatura
411 4725 505 4805 erat,
538 4713 785 4811 promissionis
812 4711 924 4787 verba
948 4727 1051 4806 sunt,
1086 4737 1277 4813 possumus
1304 4710 1462 4785 fortassis
1491 4704 1761 4781 convenientius
1786 4701 1825 4773 in

209 4828 342 4907 stellis
357 4845 394 4904 et
409 4855 519 4906 arena
539 4835 648 4907 maris
667 4848 739 4907 tres
760 4834 923 4908 Ecclesiae
940 4832 1086 4907 ordines
1104 4833 1343 4931 distinguere,
1362 4854 1427 4932 per
1444 4827 1561 4901 stellas
1583 4822 1730 4922 quidem
1747 4841 1826 4919 quae

255 5108 498 5174 'nim-meu.
509 5125 533 5164 v.
545 5112 792 5179 t.-²ttetr.,eap.
805 5125 844 5178 ar,
857 5127 880 5166 r.
892 5111 1083 5167 t.-·⁸l'sulm.
1095 5123 1206 5175 mua·
1218 5111 1415 5173 s.-⁴0enes.,
1428 5119 1482 5170 etp.
1497 5118 1540 5169 xr,
1552 5118 1575 5156 r.
1589 5106 1613 5155 5.
