4559 6100
466 530 540 604 538
1071 528 1202 599 tutat
1231 527 1464 600 sumtum

464 679 649 777 evangelia
672 679 853 777 suscipere
878 692 916 750 et
940 679 1104 751 venerari
1133 675 1344 776 profitetur;
1371 675 1469 750 unde
1494 691 1529 749 et
1555 702 1683 751 eorum
1709 677 1829 751 verbis
1852 702 1927 749 non
1954 681 2068 776 magis

463 822 574 896 quam
588 797 802 895 evangelicis
816 796 874 870 vel
895 796 1032 870 addere
1048 796 1186 894 aliquid
1199 796 1258 869 vel
1274 795 1485 869 subtrahere
1494 821 1562 869 nos
1569 798 1757 896 permittit,
1776 799 1825 869 ita
1837 799 2061 886 Constantio,

463 919 637 1017 episcopo
656 916 929 1008 Mediolanensi,
949 917 996 990 de
1013 942 1088 989 uno
1105 941 1234 989 eorum
1258 915 1419 988 scribens
1446 942 1455 985 ε
1476 948 1494 983 ι
1509 920 1582 988 Nos
1606 933 1754 990 auctore
1783 918 1951 1010 veritate,
1976 932 2066 991 teste

462 1039 700 1124 conscientia,
720 1037 873 1111 fatemur
887 1036 998 1110 fidem
1019 1035 1324 1110 Chalcedonensis
1348 1033 1504 1132 symboli
1523 1035 1695 1110 illibatam
1719 1062 1785 1136 per
1800 1037 1925 1109 omnia
1942 1052 2066 1110 wato-

464 1158 556 1251 dire,
572 1156 736 1257 nihilque
751 1159 829 1255 ejus
839 1157 1046 1230 diffinitioni
1059 1156 1207 1244 addere,
1224 1156 1314 1228 nihil
1329 1155 1539 1229 subtrahere
1551 1157 1699 1231 audere.
1715 1157 1785 1229 Sed
1802 1158 1831 1229 α’
1846 1159 1927 1255 quis
1939 1173 2064 1230 conns

464 1300 544 1350 earn
562 1278 711 1376 ejusque
728 1277 868 1376 Synodi
885 1276 1009 1367 fidem,
1029 1277 1105 1348 sive
1126 1275 1210 1373 plus
1232 1276 1398 1348 minusve
1423 1276 1469 1348 ad
1493 1277 1707 1375 sapiendum
1723 1300 1896 1375 usurpare
1911 1278 2062 1375 appetit,

465 1420 565 1490 eum,
585 1398 687 1470 omni
703 1397 876 1469 dilatione
893 1397 1106 1496 postposita,
1129 1394 1485 1488 anathematizamus,
1500 1411 1609 1494 atque
1630 1423 1652 1469 a
1672 1399 1753 1469 sinu
1770 1398 1893 1469 matris
1908 1396 2065 1470 ecclesiae

462 1515 619 1589 alienum
638 1541 716 1590 esse
732 1516 974 1589 decernimus.
990 1546 1010 1581 s
1029 1514 1102 1587 Sed
1118 1514 1282 1612 prolecto
1299 1540 1384 1586 cum
1401 1516 1640 1608 interdicitur,
1659 1542 1706 1590 ne
1722 1518 1803 1615 quis
1819 1515 1921 1588 aliter
1934 1515 2064 1591 doceat

463 1649 525 1706 aut
550 1635 719 1734 praedicet
743 1634 960 1709 catholicam
982 1632 1112 1725 iidem,
1136 1658 1247 1731 quam
1273 1635 1309 1705 in
1334 1633 1511 1732 predictis
1535 1636 1743 1708 continetur
1767 1634 1944 1724 conciliis,
1963 1635 2064 1708 aliter

463 1752 601 1827 dietum
622 1770 727 1854 puto,
754 1753 1053 1833 consecuudum
1074 1750 1271 1826 verborum
1297 1753 1555 1842 diversitatem,
1577 1754 1641 1827 sed
1658 1753 1858 1826 secundum
1875 1752 1961 1826 lidei
1978 1779 2065 1827 con·

465 1874 699 1961 uarietatem,
717 1898 761 1946 ac
776 1874 807 1945 si
822 1873 963 1946 dicatur
979 1873 1102 1965 aliter,
1117 1871 1190 1945 hoc
1205 1885 1259 1944 est
1271 1874 1455 1945 contrario
1471 1872 1597 1960 modo,
1618 1897 1694 1945 non
1710 1872 1854 1945 diverso
1867 1872 2063 1946 verborum

464 2015 559 2065 sono
573 2019 583 2064 ε
599 1994 686 2090 quia
701 2008 737 2065 et
753 2017 821 2065 nos
836 1993 947 2065 latine
962 1992 1116 2065 dicimus
1137 1991 1239 2089 quod
1254 1991 1305 2063 illi
1324 2017 1450 2088 grece.
1469 1994 1570 2065 Sicut
1593 2017 1680 2090 ergo
1698 1992 1881 2065 diversam
1902 2017 1971 2092 pro
1996 2018 2064 2093 op-

464 2111 585 2208 posito
598 2110 745 2202 dicitur,
769 2114 820 2183 ita
836 2111 980 2184 diverso
991 2111 1105 2184 modo
1122 2111 1225 2210 quod
1248 2125 1302 2183 est
1318 2111 1420 2184 aliter
1434 2137 1503 2210 pro
1521 2113 1690 2211 opposito
1712 2110 1825 2183 modo
1841 2136 1919 2183 mn
1938 2113 2063 2185 incon·

463 2254 551 2326 grue
567 2231 734 2303 sumitur.
752 2231 918 2329 Alioquin
935 2256 1021 2304 oum
1037 2229 1325 2328 unumquodque
1340 2230 1485 2303 illorum
1503 2231 1744 2303 conciliorum
1755 2231 1944 2328 proprium
1960 2256 2061 2304 ccm-

463 2352 624 2448 posuerit
647 2366 757 2450 atqne
779 2352 971 2425 instituerit
987 2351 1212 2450 symbolum,
1239 2352 1383 2450 sintque
1400 2352 1486 2451 ipsis
1512 2350 1678 2450 symbola
1703 2350 1751 2423 ad
1768 2350 1924 2422 invicem
1946 2351 2063 2424 verbis

461 2467 624 2561 diuersa,
644 2494 690 2544 ac
706 2472 855 2543 fortasse
877 2469 1095 2568 quibusdam
1113 2471 1312 2563 sententiis,
1335 2495 1420 2543 cum
1437 2495 1552 2542 unum
1577 2492 1855 2564 nonnumquam
1879 2472 2064 2543 contineat

462 2588 562 2686 quod
589 2590 743 2663 alterum
772 2615 849 2662 non
871 2589 1001 2684 habet,
1032 2590 1195 2689 prolecto
1221 2590 1459 2663 anathematis
1487 2613 1571 2661 reus
1596 2605 1706 2682 esset,
1731 2590 1794 2687 qui
1808 2613 1884 2661 uuo
1901 2605 2060 2688 recepto,

461 2723 579 2781 cetera
600 2710 764 2808 symbola
783 2711 1001 2782 demutaret.
1018 2708 1156 2782 Eadem
1173 2710 1312 2781 ratione
1329 2710 1382 2781 rei
1400 2723 1604 2781 teneremur
1624 2733 1667 2781 er
1688 2707 1937 2806 supplemento
1951 2732 2062 2780 evan·

462 2828 545 2924 gelli
570 2827 707 2919 additi,
733 2853 817 2901 com
838 2828 876 2900 in
898 2830 1176 2900 Deuteronomio
1200 2831 1343 2925 Moyses
1368 2827 1494 2918 dicat¹,
1525 2828 1664 2916 «Quod
1691 2828 1857 2927 praecipio
1882 2826 1962 2914 tibi,
1987 2827 2063 2900 hcc

462 2961 602 3021 tantum
627 2949 735 3021 facias
756 2947 928 3038 Domino,
955 2971 1023 3020 nec
1044 2945 1158 3019 addas
1183 2947 1391 3044 quicquam,
1417 2971 1485 3019 nec
1507 2948 1692 3020 minuas.»
1718 2948 1812 3020 sddi
1833 2951 1954 3045 itaque
1977 2972 2059 3046 pro·

462 3067 580 3141 hibuit
593 3070 817 3142 contrarium
833 3068 983 3166 aliquid,
1001 3093 1077 3141 non
1095 3068 1196 3167 quod
1210 3068 1422 3167 perfectioni
1439 3066 1562 3141 deerat
1579 3068 1751 3167 suppleri.
1765 3068 1940 3156 Quamvis
1955 3069 2059 3141 etiam

461 3189 512 3262 ita
524 3188 808 3290 possitintelligi,
820 3204 881 3260 aut
892 3190 1066 3262 omnino¹
1079 3187 1313 3288 prohibeatur
1324 3187 1491 3261 homoex
1504 3189 1623 3287 seipso
1635 3186 1754 3260 verbis
1767 3189 1917 3260 Domiiu
1927 3187 2060 3287 aliquid

461 3310 643 3408 supplere.
673 3313 774 3382 Tunc
798 3332 884 3382 vero
913 3307 1027 3382 homo
1049 3334 1093 3381 ex
1116 3334 1154 3382 se
1181 3308 1316 3407 aliquid
1341 3308 1504 3400 adderet,
1531 3308 1561 3380 si
1587 3307 1659 3379 hoc
1684 3331 1727 3379 ex
1750 3331 1855 3380 sensu
1878 3332 1960 3399 suo,
1985 3331 2058 3380 mu

460 3452 505 3501 ex
534 3429 768 3529 inspiratione
800 3428 951 3527 Spiritus
978 3444 1222 3529 presumeret.
1251 3433 1305 3499 De
1331 3453 1406 3524 quc
1436 3427 1584 3525 quidem
1611 3427 1744 3525 Spiritu
1770 3427 1945 3526 scriptum
1973 3428 2059 3518 ω’,

464 3552 574 3621 «Non
590 3550 700 3622 etiam
716 3573 782 3621 vos
808 3550 893 3622 estis
916 3549 979 3647 qui
1000 3548 1206 3646 loquimini,
1233 3545 1296 3619 sed
1319 3546 1471 3645 Spiritus
1488 3548 1600 3620 Patris
1623 3547 1731 3618 vestri
1751 3548 1815 3644 qui
1840 3544 2002 3644 loquitur
2023 3546 2059 3617 in

460 3666 613 3739 vohis.»
641 3669 754 3741 Multa
774 3669 876 3739 enim·
895 3667 941 3741 de
963 3665 1144 3740 miraculis
1161 3679 1371 3737 sanctorum
1390 3679 1426 3738 et
1449 3665 1496 3738 de
1514 3665 1571 3738 his
1595 3689 1675 3762 quse
1697 3666 1813 3738 sancti
1837 3670 1958 3737 Patres
1980 3677 2060 3764 post

461 3785 646 3881 apostolos
667 3787 886 3886 scripserunt
905 3784 1161 3884 predicamus,
1184 3808 1269 3855 cum
1289 3797 1408 3856 tamen
1426 3785 1619 3884 apostolus
1633 3784 1731 3857 dieat
1746 3785 1794 3857 ad
1809 3783 1953 3858 Galatas
1970 3784 2061 3856 seri-

461 3902 577 3996 hens‘,
606 3905 732 3977 «Licet
749 3929 831 3996 uos,
852 3919 916 3977 aut
929 3903 1084 4001 Angelus
1099 3902 1147 3976 de
1162 3903 1254 3975 coelo
1271 3902 1488 4000 evangelizet
1505 3905 1609 3977 vobis
1625 3920 1752 4004 praeter
1768 3903 1870 4001 quod
1885 3901 2061 3999 evageli-

461 4047 584 4096 zanrus
606 4022 724 4113 vohis,
752 4023 945 4098 anuluma
964 4025 1021 4095 sit.
1045 4023 1145 4095 Sicut
1165 4021 1329 4122 praedixi,
1347 4038 1382 4097 et
1402 4049 1501 4097 nuno
1526 4025 1657 4096 iterum
1677 4024 1783 4097 dico:
1802 4024 1840 4095 Si
1860 4024 1939 4121 quis
1957 4020 2061 4094 vohis

459 4142 753 4239 evangelizaverit
768 4158 896 4243 praeter
914 4141 951 4214 id
963 4140 1063 4240 quod
1077 4143 1274 4241 accepistis,
1290 4144 1483 4218 anathema
1497 4144 1586 4216 sit.»
1602 4143 1714 4232 Quod
1729 4157 1850 4216 autem
1868 4155 2060 4242 opponunt

459 4264 573 4335 Graeci
602 4263 843 4359 evangelicam
872 4262 1103 4335 traditionem
1132 4262 1179 4335 ad
1206 4263 1381 4360 integram
1413 4262 1498 4336 fidei
1523 4262 1751 4362 disciplinam
1778 4262 1964 4354 sufficere,
1991 4286 2059 4334 nec

459 4383 657 4480 quicquam
676 4382 825 4455 ulterius
846 4380 1055 4455 addendum
1081 4407 1158 4454 esse
1180 4396 1309 4480 praeter
1333 4406 1375 4456 ea
1399 4406 1479 4480 quae
1494 4382 1532 4454 in
1547 4381 1667 4455 verbis
1692 4383 1923 4455 continentur
1945 4405 2059 4454 evan·

460 4503 599 4600 gelicis,
623 4503 660 4575 in
682 4503 818 4601 seipsos
836 4504 1050 4575 sententiam
1069 4502 1277 4601 proferunt,
1301 4527 1386 4574 cum
1404 4503 1504 4576 aiunt
1520 4502 1694 4600 Spiritum
1715 4502 1833 4575 asolo
1851 4503 1953 4575 Patre
1973 4525 2059 4601 pro·

459 4621 602 4695 cedere.
631 4625 713 4692 Non
732 4620 830 4693 enim
859 4622 1091 4719 Evangelium
1109 4646 1194 4694 cum
1215 4645 1237 4693 a
1260 4625 1363 4696 Patre
1387 4620 1584 4720 procedere
1604 4622 1781 4720 Spiritum
1798 4622 1899 4713 dicit,
1921 4620 2058 4692 «solo»

459 4740 636 4840 adjungit,
655 4740 757 4839 quod
775 4741 842 4839 ipsi
863 4755 1070 4841 apponunt;
1089 4741 1153 4814 sed
1172 4743 1426 4815 tantummodo
1446 4766 1494 4814 «a
1513 4746 1644 4814 Patres
1661 4741 1762 4815 dicit.
1786 4740 1898 4814 Multa
1913 4765 2061 4839 quoque

459 4859 545 4935 fidei
569 4861 767 4935 necessaria
794 4876 876 4958 post
900 4864 1082 4958 evangelia
1106 4862 1155 4935 ab
1181 4862 1353 4962 apostolis
1377 4861 1434 4935 vel
1459 4860 1668 4961 apostolicis
1694 4862 1779 4934 viris
1802 4860 1927 4934 addita
1951 4876 2059 4950 sunt,

492 5132 623 5194 'Deuter.,
634 5147 690 5198 cup.
698 5147 742 5198 ru,
753 5148 777 5188 r.
790 5138 831 5188 32.
845 5136 894 5173 -¹
905 5135 970 5198 [aas
984 5137 1014 5187 ur
1025 5136 1174 5188 omnim·
1186 5139 1196 5171 ⁸
1207 5136 1306 5200 luth..
1318 5151 1374 5201 erp.
1383 5150 1410 5202 1,
1422 5151 1444 5189 v.
1457 5134 1664 5199 to.-⁴ootot.,
1675 5149 1730 5200 cap.
1741 5148 1765 5198 1,
1780 5148 1805 5185 v.
1814 5138 1839 5187 t.
