4559 6100
747 535 1000 612 ruuotuutt
1023 535 1300 611 cummim.
1750 533 1821 606 lbi

813 1082 1048 1217 LIBER
1111 1080 1231 1213 ΙΙΙ.

276 1464 365 1534 Cum
389 1459 509 1533 omnis
532 1455 784 1531 controversiae
799 1453 973 1528 discussio
997 1467 1060 1527 aut
1081 1453 1117 1525 in
1140 1451 1275 1550 scripto
1292 1466 1354 1524 aut
1376 1450 1571 1522 iuratione
1592 1465 1764 1541 versetur,
1784 1466 1822 1524 nt

226 1579 361 1653 eisdem
383 1579 609 1669 terminetur,
635 1576 664 1648 si
681 1571 891 1672 hujusmodi
916 1588 970 1646 est
985 1599 1065 1672 quae
1080 1572 1190 1645 linem
1208 1571 1373 1670 accipiat,
1398 1569 1517 1670 primo
1534 1567 1640 1642 nobis
1656 1596 1823 1646 necessa·

226 1701 320 1772 rium
342 1697 510 1772 duximus
530 1695 731 1795 exscriptis
750 1690 1028 1794 praecellentium
1051 1691 1268 1792 sapientium
1293 1689 1338 1763 ad
1364 1705 1494 1763 nostrae
1515 1689 1599 1763 fidei
1616 1689 1821 1765 firmamen-

227 1832 304 1891 tum
324 1817 552 1891 auctoritates
568 1814 753 1906 conlerre;
777 1811 909 1885 deinde
926 1813 1019 1912 ipsas
1044 1813 1152 1885 etiam
1169 1811 1399 1884 auctoritates
1424 1810 1470 1882 ad
1491 1825 1619 1882 nostrae
1636 1811 1822 1909 perfectio·

226 1963 310 2012 nem
336 1936 587 2038 disputationis
612 1946 772 2034 superest
797 1930 999 2005 rationibus
1029 1932 1178 2005 fulcire:
1198 1933 1235 2003 in
1263 1931 1320 2003 his
1346 1929 1493 2029 quidem
1519 1931 1555 2004 in
1583 1931 1715 2030 quibus
1745 1958 1819 2007 non

226 2057 514 2131 irrationabiliter
533 2055 701 2128 videntur
725 2053 940 2153 oppugnari,
966 2077 1011 2124 ne
1030 2051 1121 2124 sorte
1148 2051 1237 2125 illud
1263 2051 1395 2123 comici
1417 2065 1530 2150 poetae
1556 2052 1663 2124 nobis
1686 2055 1820 2154 impro-

226 2193 397 2277 peretur:
418 2177 509 2248 Huic
530 2199 623 2275 opus
651 2187 703 2246 est
723 2186 891 2273 patrono,
915 2195 1025 2269 quem
1046 2171 1134 2243 mihi
1151 2196 1240 2272 paro
1265 2171 1505 2244 defensorem.
1531 2176 1658 2244 Beatus
1675 2198 1821 2273 quoque

227 2298 440 2393 Augustinus
463 2294 579 2393 capite
597 2317 625 2365 11
648 2291 731 2364 libri
753 2290 796 2362 de
816 2289 974 2363 Moribus
991 2289 1155 2363 Ecclesiae
1179 2306 1306 2364 contra
1333 2289 1546 2363 Manichacus
1571 2293 1820 2366 auctoritatem

230 2416 357 2488 rationi
373 2412 658 2515 praemittendam
675 2427 809 2503 censet,
828 2409 976 2483 dicens:
1001 2438 1018 2479 u
1034 2413 1175 2482 Naturae
1204 2410 1349 2506 quidem
1376 2409 1466 2483 ordo
1491 2410 1540 2482 ita
1563 2436 1601 2484 se
1627 2410 1750 2501 hahet,
1783 2432 1823 2491 ut

227 2559 310 2608 cum
326 2532 461 2633 aliquid
476 2532 643 2623 dicimus,
664 2532 846 2604 rationem
862 2529 1038 2630 praecedat
1056 2530 1261 2602 auctoritas.
1284 2532 1372 2601 Nam
1392 2544 1428 2601 et
1443 2527 1584 2603 infirma
1601 2532 1692 2603 ratio
1708 2532 1821 2607 videri

228 2677 301 2725 non
327 2665 458 2753 potest,
490 2677 569 2749 quae
594 2676 678 2723 cum
704 2648 845 2723 reddita
871 2648 991 2739 suerit,
1015 2648 1264 2720 auctoritatem
1286 2661 1409 2747 postea
1433 2672 1497 2747 per
1525 2674 1635 2746 quam
1660 2649 1824 2728 firmetur

227 2771 411 2844 assumit.»
433 2774 553 2845 Restat
569 2771 690 2867 itaque
706 2793 804 2841 nunc
821 2767 928 2840 nobis
945 2782 1027 2865 post
1045 2767 1300 2839 auctoritatum
1327 2765 1601 2840 fundamentum
1616 2768 1823 2848 fulcimenta

227 2890 506 2989 superinducere
529 2890 724 2974 rationum,
745 2888 901 2961 maxime
917 2886 1000 2959 ideo
1019 2912 1066 2959 ne
1081 2885 1280 2959 verbositas
1295 2886 1525 2959 inimicorum
1548 2885 1677 2961 Christi
1694 2907 1823 2965 nostrae

228 3009 371 3083 insultet
396 3009 624 3109 simplicitati.
661 3008 730 3098 Qui
757 3031 841 3081 cum
868 3006 1007 3105 aliquos
1030 3006 1159 3080 idiotas
1186 3007 1393 3079 autminus
1422 3006 1581 3079 eruditos
1611 3007 1824 3087 christianos

228 3129 479 3203 inductionum
504 3152 652 3201 suarum
673 3126 811 3225 laqueis
835 3126 1101 3227 praepedierint,
1128 3152 1277 3199 summae
1302 3125 1339 3198 id
1362 3126 1431 3199 sibi
1448 3125 1567 3224 gloriae
1588 3128 1819 3205 adscribunt:

228 3250 357 3348 quibus
380 3246 528 3347 quidem
544 3272 619 3319 non
638 3244 771 3318 sufficit
795 3259 836 3317 ut
851 3246 918 3318 soli
937 3246 1151 3336 moriantur,
1170 3246 1241 3318 uisi
1257 3246 1364 3317 etiarn
1381 3243 1471 3316 alios
1487 3247 1559 3317 suis
1576 3249 1821 3348 consepeliant

228 3368 424 3459 erroribus,
450 3366 513 3440 illo
543 3366 709 3439 videlicet
736 3364 941 3437 ludaeorum
971 3390 1087 3456 more,
1115 3390 1190 3462 quo
1222 3390 1283 3437 eos
1308 3365 1448 3437 Veritas
1477 3364 1564 3438 dicit
1575 3369 1597 3462 ¹,
1629 3399 1648 3435 u
1658 3393 1757 3442 mare
1786 3386 1821 3444 et

228 3488 364 3562 aridam
387 3489 557 3580 circuire,
588 3500 629 3557 ut
652 3508 767 3557 unum
795 3483 925 3556 saciant
953 3485 1188 3584 proselytum.
1208 3515 1226 3550 »

276 3608 450 3680 Omnium
477 3619 598 3678 autem
623 3602 807 3677 bonorum
828 3603 931 3702 quasi
955 3603 1235 3676 fundamentum
1261 3621 1391 3678 sanctae
1414 3606 1593 3680 Trinitatis
1620 3606 1729 3681 iidem
1753 3637 1821 3710 po·

228 3726 358 3816 nimus,
383 3742 423 3798 ut
448 3724 591 3825 abipsa
614 3724 743 3796 diviuae
760 3737 894 3796 naturae
912 3723 1129 3821 cogitatione
1147 3724 1312 3797 omnium
1336 3724 1521 3798 bonorum
1542 3725 1696 3800 ducatur
1719 3755 1823 3803 exor-

229 3846 342 3919 dium.
364 3845 534 3942 Quisquis
551 3838 675 3943 itaque
689 3844 761 3916 hoc
778 3841 1052 3916 fundamentum
1070 3842 1285 3917 labefactare
1308 3847 1453 3944 poterit,
1482 3846 1571 3920 nihil
1598 3846 1822 3924 fructuosum

229 3966 274 4039 de
297 3966 353 4039 his
375 3967 481 4039 etiam
505 3964 613 4065 [quae]
633 3963 952 4063 superaedificanda
975 3978 1059 4035 sunt
1080 3963 1262 4062 relinquit.
1282 3965 1387 4040 Unde
1412 3981 1447 4039 et
1471 3992 1539 4040 nos
1562 3968 1720 4068 primum
1738 3971 1823 4045 huic

229 4101 328 4161 tanto
345 4084 505 4186 periculo
523 4099 597 4158 tam
614 4084 877 4176 auctoritatum,
892 4108 1000 4181 quam
1019 4083 1201 4156 rationum
1215 4084 1382 4185 clypeum
1398 4113 1583 4189 opponere
1599 4092 1821 4177 curavimus,

231 4207 265 4277 in
283 4230 328 4278 eo
345 4203 493 4304 quidem
511 4202 638 4277 confisi
655 4204 717 4301 qui
734 4228 819 4276 suos
840 4203 1033 4296 confortat,
1052 4200 1191 4277 dicens'
1212 4233 1220 4276 :
1243 4208 1362 4278 «Cum
1384 4207 1551 4281 steteritis
1570 4224 1653 4282 ante
1670 4236 1770 4308 reges
1787 4228 1823 4286 et

229 4323 407 4423 praesides,
426 4323 537 4397 nolite
560 4324 716 4421 cogitare
731 4322 933 4422 quomode,
952 4338 1014 4396 aut
1035 4323 1124 4422 quid
1143 4323 1362 4425 loquamini,¹
1383 4325 1528 4401 dabitur
1552 4329 1647 4400 enim
1665 4331 1768 4404 vobis
1783 4333 1820 4405 in

230 4445 289 4517 illa
305 4445 397 4517 hora
414 4444 501 4541 quid
517 4443 729 4542 loquamini.
750 4472 768 4511 u
786 4446 895 4539 Cujus
911 4443 1058 4541 quidem
1078 4445 1188 4516 fretus
1205 4446 1337 4519 auxilio
1355 4449 1523 4546 parvulus
1538 4448 1652 4523 David
1668 4452 1822 4527 immen-

229 4580 358 4636 sumet
374 4562 555 4637 tumidum
572 4563 711 4636 Goliam
731 4561 879 4661 proprio
898 4564 1009 4661 ipsius
1027 4564 1139 4636 Goliae
1157 4563 1277 4661 gladio
1291 4565 1477 4664 jugulavit.
1498 4573 1541 4641 Et
1557 4595 1626 4642 nos
1644 4596 1729 4669 ergo
1743 4574 1823 4672 ipso

229 4683 468 4756 humanarum
493 4682 613 4782 gladlo
629 4684 825 4773 rationum,
842 4680 973 4778 quibus
998 4708 1065 4755 nos
1090 4699 1161 4756 tam
1180 4683 1387 4787 philosophi
1403 4713 1513 4786 quam
1531 4689 1687 4765 haeretici
1708 4693 1821 4791 impe·

231 4806 339 4900 tunt⁸,
358 4803 396 4877 in
421 4826 484 4876 eos
505 4826 680 4876 converso
705 4800 837 4874 robore
855 4824 995 4874 eorum.
1019 4803 1119 4875 Multi
1143 4828 1302 4903 namque
1315 4805 1390 4902 jam
1407 4807 1563 4882 clamant
1585 4811 1705 4910 magni
1725 4811 1824 4884 anti-

261 5079 267 5109 ¹
279 5074 381 5140 luth..
394 5090 449 5140 cap.
466 5088 536 5136 aaut.
548 5088 571 5126 r.
589 5077 628 5127 u.
637 5099 669 5113 -
679 5076 689 5106 ²
700 5072 798 5135 ltatttr„
811 5072 874 5139 cap}
885 5086 913 5137 ι,
924 5086 949 5124 v.
963 5074 1002 5125 u.
1014 5098 1043 5111 -
1056 5072 1216 5124 ⁸1!th
1235 5075 1333 5127 rtteur
1349 5078 1449 5141 urraca
1466 5079 1581 5143 terbum,
1597 5081 1762 5146 numanus
1781 5093 1824 5136 aut

231 5160 344 5208 uuuur.
