4559 6100
674 528 968 605 turronucrto
993 529 1054 600 ΑΙ)
1079 528 1381 605 afluotoctttt.
1775 531 1821 601 75

228 683 454 777 seutentiam,
474 682 637 779 graviora
653 704 794 778 semper
809 679 998 751 imminere
1012 693 1120 775 atque
1137 701 1340 750 excrescere
1356 691 1496 749 constat
1512 677 1690 775 pericula,
1711 695 1747 752 et
1763 704 1821 752 re·

230 807 436 903 frigescente
450 803 617 893 caritate,
638 801 731 872 mala
745 800 868 871 omnia
886 798 1037 897 amplius
1055 797 1242 899 pullulare.
1267 797 1371 870 Unde
1394 812 1430 869 et
1455 797 1552 869 idem
1568 798 1756 896 Apostolus
1775 801 1826 871 ad

235 922 463 997 tumueram*
479 949 488 991 ι
511 952 529 988 a
549 925 627 993 Hoc
643 935 763 993 autem
780 922 873 992 scito
888 919 988 1018 quod
1013 920 1050 990 in
1074 919 1277 991 novissimis
1301 918 1442 1009 diebus,
1460 918 1643 991 instabunt
1658 933 1821 1018 tempora

231 1044 446 1142 periculosa,
464 1055 500 1114 et
516 1054 622 1112 erunt
637 1039 804 1111 homines
819 1039 955 1137 seipsos
966 1052 1138 1128 amantes,
1160 1037 1297 1136 cupidi,
1316 1037 1412 1127 elati,
1429 1037 1587 1138 superbi,
1603 1036 1817 1136 blasphemi,

232 1164 304 1237 sine
320 1186 430 1260 pace,
448 1159 618 1232 babentes
633 1158 780 1257 quidem
796 1158 950 1256 speciem
968 1158 1125 1256 pietatis,
1147 1158 1313 1228 virtutem
1330 1172 1449 1229 autem
1463 1158 1539 1253 ejus
1555 1157 1817 1252 abnegantes.»

232 1282 299 1369 Qui
309 1295 347 1352 et
361 1278 488 1351 alibi’:
513 1306 531 1347 n
550 1284 640 1369 Nos,
663 1307 681 1346 u
700 1278 819 1374 inquit
830 1333 841 1370 ,
863 1305 882 1345 a
898 1302 1021 1349 sumus
1040 1302 1077 1348 m
1098 1301 1191 1374 quos
1212 1276 1301 1348 fines
1323 1278 1526 1349 seculorum
1543 1276 1776 1351 devenerunt.
1800 1311 1817 1344 ι

234 1405 273 1471 tr
290 1405 413 1472 Petrus
430 1399 467 1469 in
488 1396 642 1470 secunda
667 1396 876 1494 Epr'stola':
899 1398 1014 1469 «Hoc
1032 1398 1210 1495 primum,
1234 1428 1251 1461 ι)
1271 1396 1410 1493 inquit,
1432 1426 1449 1461 a
1471 1398 1621 1469 scientes
1641 1398 1742 1495 quod
1757 1424 1820 1471 ve·

233 1522 329 1591 nient
343 1520 379 1590 iu
398 1518 602 1591 novissimis
617 1516 744 1588 diebus
757 1517 794 1587 in
809 1516 1026 1616 deceptione
1042 1517 1217 1609 illusores,
1234 1532 1302 1587 etc.
1314 1547 1331 1582 r
1350 1521 1395 1586 Et
1407 1521 1582 1589 loannes*
1599 1545 1607 1587 :
1622 1549 1638 1582 ι(
1654 1518 1784 1609 Filioli,
1800 1551 1816 1584 ι

230 1640 366 1736 inquit,
388 1638 615 1709 «novissima
641 1637 734 1710 hora
756 1652 823 1710 est.
850 1642 894 1707 Et
916 1638 1009 1708 sicut
1023 1636 1170 1709 audistis
1195 1637 1280 1734 quia
1301 1637 1555 1709 Anti-Christus
1580 1640 1698 1731 venit,
1721 1664 1819 1711 nunc

229 1772 347 1830 autem
363 1757 593 1830 Anti-Christi
615 1757 718 1829 multi
734 1757 817 1830 facti
832 1770 930 1829 sunt.
952 1756 1056 1829 Unde
1070 1757 1203 1828 scimus
1230 1757 1314 1853 quia
1338 1758 1531 1829 novissima
1556 1757 1647 1829 hora
1672 1774 1738 1829 est.
1770 1762 1817 1833 Er

229 1875 333 1950 nobie
353 1879 451 1950 enim
476 1876 705 1976 prodierunt,
732 1876 796 1948 sed
823 1901 867 1948 ex
896 1874 1001 1949 nobis
1026 1902 1100 1949 non
1128 1890 1241 1949 erant.
1267 1905 1285 1945 ιι
1304 1878 1397 1949 Hinc
1419 1892 1455 1949 et
1477 1877 1514 1947 in
1533 1878 1697 1974 Epistola
1721 1879 1819 1950 ludae

227 1997 397 2096 scriptum
413 2000 483 2069 est⁵
502 2026 512 2066 ι
529 2026 549 2065 u
568 2000 642 2069 Vos
658 2011 798 2085 autem,
814 1996 1003 2088 carissimi,
1020 2020 1199 2068 memores
1215 2009 1326 2068 estote
1346 1988 1540 2068 verborum
1557 2022 1636 2094 quae
1652 1998 1822 2096 praedicta

226 2130 309 2187 sunt
338 2116 388 2189 ab
421 2116 593 2214 apostolis
624 2117 772 2188 Domini
802 2117 916 2188 nostri
941 2120 1023 2188 lesu
1047 2116 1192 2208 Christi,
1221 2117 1285 2214 qui
1306 2115 1475 2188 dicebant
1497 2116 1618 2209 vobis,
1647 2119 1820 2215 quoniam

230 2236 267 2304 in
286 2235 484 2308 novissimis
497 2234 721 2333 temporibus
736 2235 1073 2308 venientillusores.
1089 2236 1133 2307 Hi
1152 2249 1235 2308 sunt
1257 2237 1321 2334 qui
1336 2249 1522 2333 segregant
1534 2237 1756 2333 semetipsos.
1779 2242 1820 2308 Et

230 2353 299 2426 bos
312 2354 460 2452 quidem
476 2356 610 2452 arguite
621 2355 815 2451 judicatos.
834 2383 853 2423 r
870 2358 919 2426 Ac
933 2357 962 2427 si
979 2369 1099 2453 aperte
1115 2380 1183 2427 nos
1200 2355 1404 2427 hortaretur
1420 2355 1543 2427 dicens
1560 2384 1568 2427 ι
1591 2386 1608 2421 «
1630 2357 1818 2429 Providete

230 2485 270 2543 ut
301 2472 389 2545 tales
416 2473 608 2570 dijudicare
641 2497 685 2545 ac
706 2471 904 2546 rationibus
932 2475 1148 2545 convincere
1180 2473 1346 2564 valeatis,
1376 2475 1529 2572 «parati
1558 2498 1719 2573 semper,
1742 2503 1761 2542 ιι
1783 2491 1820 2547 ut

225 2591 354 2665 beatus
372 2597 493 2665 Petrus
506 2595 699 2683 meminit⁸,
722 2623 739 2662 u
757 2593 802 2666 ad
817 2593 1094 2667 satisfactionem
1113 2595 1214 2665 nmrri
1230 2595 1399 2692 poscenti
1415 2619 1480 2667 vos
1497 2596 1688 2682 rationem,
1708 2594 1755 2666 de
1778 2619 1820 2667 ea

223 2734 303 2809 epm
319 2714 358 2785 in
375 2712 483 2785 vobis
503 2728 556 2786 est
572 2738 636 2812 spe
652 2727 688 2784 et
702 2711 792 2803 fide,
823 2728 863 2784 ut
879 2714 917 2784 in
941 2736 987 2785 eo
1012 2712 1113 2810 quod
1129 2712 1324 2785 detrahunt
1337 2712 1384 2786 de
1399 2712 1524 2804 vobis,
1552 2713 1820 2787 confundantur

227 2833 287 2928 qni
308 2832 575 2906 calumniantur
590 2847 745 2907 vestram
761 2833 898 2906 bonam
917 2834 1227 2906 conversationem
1244 2834 1281 2905 in
1297 2833 1452 2906 Christo.
1475 2862 1493 2901 ιι
1512 2832 1614 2905 Idem
1632 2848 1667 2906 et
1687 2858 1820 2934 coapo·

228 2952 337 3025 stolus
348 2954 425 3052 ejus
439 2954 569 3028 Paulus
584 2954 826 3029 admoneret:
846 2983 865 3022 u
886 2956 1034 3047 Sermo,
1053 2982 1071 3022 u
1086 2954 1227 3053 inquit,
1246 2982 1263 3021 a
1280 2967 1397 3026 vester
1412 2954 1450 3024 in
1468 2954 1583 3051 gratia
1595 2953 1763 3026 conditus
1773 2957 1820 3029 sit

228 3074 318 3166 sale,
342 3089 384 3147 ut
409 3076 528 3149 sciatis
551 3075 739 3172 quomodo
771 3088 938 3172 oporteat
950 3099 1015 3147 vos
1029 3075 1224 3172 unicuique
1255 3073 1488 3174 respondere,
1515 3104 1533 3140 ι
1560 3077 1649 3161 Quae
1674 3072 1820 3171 quidem

229 3193 474 3291 apostolorum
490 3195 585 3268 diota
597 3194 722 3268 beatus
736 3194 924 3291 diligenter
937 3194 1126 3268 attendens
1140 3194 1370 3290 Augrrstiuus,
1389 3192 1436 3265 ad
1448 3193 1631 3266 Valerium
1641 3195 1819 3266 Comitem

231 3314 265 3384 iu
279 3313 371 3386 libro
387 3311 432 3384 de
450 3315 596 3411 Nuptiis
616 3329 649 3386 et
667 3315 980 3410 Courupr'srenuu,
998 3313 1055 3385 his
1071 3312 1193 3385 scribit
1207 3311 1346 3384 verbis⁸
1362 3339 1371 3379 ι
1388 3341 1406 3380 u
1427 3311 1537 3400 Quod
1560 3311 1644 3384 licet
1667 3311 1739 3384 fide
1761 3337 1819 3383 ro·

230 3432 430 3506 bustireima
445 3434 608 3523 irriseris,
622 3433 762 3506 bonurn
773 3447 826 3504 est
835 3447 956 3506 tamen
966 3448 1005 3505 ut
1015 3434 1123 3504 etiam
1140 3432 1283 3503 noveris
1293 3429 1524 3502 defendendo
1535 3430 1707 3525 adjuvare
1719 3433 1820 3526 quod

228 3553 416 3626 credimus.
444 3582 463 3622 u
484 3557 526 3625 Et
547 3553 731 3654 apostolus
755 3557 881 3627 Petrus
895 3566 1040 3651 paratos
1054 3576 1122 3624 nos
1137 3575 1214 3626 esse
1227 3551 1412 3649 pmcepit,
1437 3581 1454 3616 ι
1478 3550 1525 3622 ad
1542 3550 1819 3624 satisfactionem

230 3675 328 3745 omni
343 3676 507 3773 poscenti
524 3675 784 3748 narrationem
795 3673 842 3746 de
851 3673 923 3747 fide
930 3685 967 3746 et
977 3696 1040 3772 spe
1054 3686 1216 3745 nostra.»
1233 3677 1278 3744 Et
1289 3671 1474 3776 apostolus
1484 3670 1613 3744 Paulus
1625 3674 1815 3763 «Sermo,»

229 3793 365 3890 inquit,
396 3825 412 3861 α
441 3795 487 3866 sit
508 3795 619 3891 gretia
639 3792 713 3870 sele
734 3793 923 3883 conditus,
944 3807 985 3865 ut
1009 3793 1127 3866 sciatis
1148 3791 1335 3890 quomodo
1361 3805 1525 3890 oporteat
1542 3791 1737 3888 unicnique
1761 3817 1817 3863 re·

229 3901 418 4010 spondere.
439 3945 458 3981 r
476 3917 578 4006 ltem,
595 3914 633 3986 in
646 3927 799 3987 tractatu
814 3912 858 3985 de
872 3910 1131 4005 Misericordia,
1146 3937 1214 3986 nos
1230 3913 1277 3986 ad
1293 3938 1334 3986 aa
1351 3937 1431 4010 quae
1444 3911 1607 4020 nondum
1619 3936 1753 4010 cepere
1767 3914 1820 3984 in·

229 4033 418 4130 telligendo
438 4033 634 4108 sufficimus
654 4032 866 4106 adhortatur
887 4032 1035 4108 diceus:
1059 4061 1077 4101 u
1098 4033 1209 4105 Petite
1226 4032 1386 4123 orando,
1406 4033 1552 4130 quaerite
1573 4030 1815 4130 disputando,

230 4153 364 4248 pubste
379 4153 556 4250 rogando.
574 4153 723 4226 Ratione
738 4153 872 4251 quippe
883 4151 998 4248 magis
1013 4151 1167 4224 heretici
1181 4164 1264 4223 sunt
1278 4175 1389 4249 quam
1409 4165 1584 4250 potestate
1607 4149 1816 4240 coercendi,

228 4296 310 4344 curn
333 4274 435 4369 juxta
464 4286 672 4347 sanctorum
703 4276 849 4346 Petrum
878 4271 1145 4362 auctoritatem,
1175 4270 1299 4354 fideles
1325 4295 1471 4370 quoque
1500 4270 1668 4368 quibus«
1696 4271 1819 4343 omnia

227 4407 468 4490 cooperantur
483 4391 696 4481 in'bonum,
711 4419 734 4459 ιι
753 4414 880 4466 eorum
904 4390 1207 4489 disputationibus
1234 4391 1431 4481 exercitati,
1448 4390 1689 4486 vigilantiores
1711 4404 1818 4488 atque

229 4514 402 4585 cautiores
418 4512 627 4585 reddantur.
646 4540 665 4581 r
682 4510 787 4584 Unde
804 4512 1046 4608 Hieronymus
1063 4536 1172 4609 super
1188 4513 1430 4605 Hieremiam,
1449 4511 1514 4583 lib.
1531 4515 1579 4581 11⁹
1597 4537 1607 4582 ε
1627 4541 1645 4578 α
1662 4510 1712 4582 Ad
1730 4524 1819 4582 tem·

231 4655 314 4728 pars,
331 4634 466 4733 inquit,
491 4632 585 4707 valet
605 4633 768 4724 haeresis,
786 4646 828 4706 ut
851 4632 956 4706 electi
970 4632 1106 4731 quique
1125 4632 1302 4708 manifesti
1317 4631 1424 4724 fiant,
1452 4647 1488 4705 et
1518 4631 1662 4731 probati
1683 4633 1767 4704 sint.
1798 4660 1816 4700 ι

232 4753 458 4848 ingeminas,
484 4769 612 4826 contra
637 4751 823 4850 epistolam
849 4754 1087 4828 ramerum·
1100 4755 1120 4794 ¹⁰
1137 4779 1145 4822 :
1163 4779 1181 4822 r
1197 4752 1359 4826 Haeretici
1383 4754 1414 4825 si
1437 4752 1474 4828 in
1499 4752 1656 4826 Ecclesia
1685 4763 1816 4838 essent,

259 4979 297 5029 ¹11
312 4979 388 5045 Um,
406 4995 460 5044 cap.
474 4994 509 5041 ru,
522 4995 545 5032 r.
560 4985 581 5034 t.
598 4981 666 5030 -Ἰ
679 4980 866 5045 Cortuttr.,cep.
881 4993 907 5040 r,
918 4994 941 5030 r.
958 4985 996 5032 11.
1051 4995 1105 5044 erp.
1122 4995 1157 5042 rr,
1174 4995 1198 5030 r.
1210 4965 1369 5040 aaut..
1381 4980 1409 5042 f,
1420 4996 1475 5044 cap.
1493 4995 1521 5042 u,
1533 4982 1609 5046 Opp„
1623 4988 1643 5029 t.
1661 4979 1692 5036 Χ,
1703 4979 1751 5030 eol.
1763 4983 1819 5032 28¹,

230 5059 459 5125 —tttttemu
474 5060 996 5125 urea-⁴1tur.,up.n,v.1e.-·
1052 5060 1451 5126 -00pp.t111,eoteeo.-
1464 5062 1545 5115 ”tte
1557 5064 1588 5113 aa
1603 5059 1665 5134 llere
1680 5058 1818 5123 Bellatum,

230 5135 327 5202 'luem
340 5154 363 5190 ι.
385 5144 421 5194 lt.
436 5168 463 5178 -
476 5144 486 5174 ⁸
500 5141 520 5192 ll
533 5141 664 5206 Petam.
684 5155 721 5202 ιιι,
735 5156 758 5192 v.
775 5146 810 5195 tt.
825 5169 854 5180 -
868 5143 996 5207 ’Coum
1051 5156 1105 5205 up.
1116 5154 1175 5205 rur,
1190 5141 1264 5206 Opu,
1276 5149 1294 5192 t.
1309 5141 1330 5204 t,
1343 5142 1390 5192 eol.
1407 5144 1463 5193 tte.
1491 5205 1493 5209 .
