4559 6100
765 526 1019 600 rnaosocu
1053 522 1328 598 cantuum.
1726 497 1732 508 ’
1771 515 1843 590 tar

250 709 336 758 vero
361 682 599 758 differentiam
622 648 861 779 ipseqnoque
882 677 1102 777 Porphyrius
1124 678 1161 749 in
1183 673 1503 750 communitatibus
1529 687 1651 772 aperte
1673 670 1843 760 insinuat,

250 806 312 879 ubi
344 804 509 878 videlicet
535 800 695 876 ostendit
719 799 1024 898 generalissimum
1051 813 1086 870 et
1110 797 1406 897 specialissimum
1431 796 1468 867 in
1493 818 1538 865 eo
1558 793 1715 885 differre,
1745 791 1846 890 quod

251 951 367 1026 neque
390 923 693 1025 generalissimum
713 920 775 995 fiet
797 942 959 1019 unquam
977 917 1307 1019 specialissimum&
1326 939 1445 1013 neque
1469 913 1762 1013 specialissimum
1785 937 1846 1009 ge-

250 1048 524 1120 neralissimum.
544 1049 681 1117 Horum
707 1056 826 1115 autem
855 1066 934 1140 quae
956 1039 1189 1113 essentialiter
1213 1037 1351 1110 diversa
1377 1049 1481 1128 sunt,
1507 1033 1672 1134 quaedam
1694 1056 1846 1105 numero

248 1192 323 1265 quo
339 1192 411 1265 que
427 1166 568 1239 diversa
585 1178 684 1254 sunt,
700 1162 865 1261 quadam
883 1162 1043 1234 minime.

298 1289 447 1361 Diversa
472 1287 607 1385 quippe
627 1308 781 1356 numero
804 1282 970 1371 dicimus,
993 1305 1073 1379 quae
1096 1279 1189 1353 adeo
1214 1293 1290 1351 tota
1315 1279 1475 1352 essentiae
1496 1300 1569 1349 snae
1585 1276 1784 1374 quantitate
1801 1274 1848 1348 ab

249 1408 401 1479 invicem
418 1407 571 1480 discreta
589 1419 687 1498 sunt,
706 1419 834 1476 utnon
854 1403 972 1476 solum
993 1401 1065 1475 hoc
1084 1425 1160 1472 non
1181 1401 1227 1471 sit
1242 1398 1346 1490 illud,
1364 1422 1492 1471 verum
1507 1421 1553 1469 ne
1572 1421 1687 1468 unum
1704 1394 1848 1468 alterius

251 1551 332 1625 pars
357 1529 412 1613 sit,
437 1526 495 1600 vel
515 1524 680 1599 eamdem
702 1550 788 1598 cum
810 1536 855 1597 ed
881 1522 1125 1596 communicet
1150 1534 1302 1620 partem.
1331 1524 1414 1591 Haec
1430 1519 1550 1617 itaque
1563 1518 1646 1590 sola
1667 1531 1704 1589 et
1725 1517 1847 1588 omnia

251 1672 403 1720 numero
426 1661 510 1719 sunt
531 1645 745 1739 differentia,
772 1669 852 1743 qnae
876 1658 950 1717 totn
967 1642 1166 1742 quantitate
1191 1666 1263 1713 snae
1284 1640 1442 1713 essentiae
1468 1638 1621 1712 discreta
1649 1653 1745 1729 sunt,
1774 1638 1848 1709 sive

250 1765 328 1838 solo
346 1791 498 1839 numero
515 1766 732 1839 abinvicem
750 1764 896 1855 distent,
920 1778 960 1835 ut
981 1766 1146 1835 Socrates
1162 1775 1198 1835 et
1214 1761 1334 1850 Plato;
1353 1761 1428 1833 sive
1451 1761 1559 1833 etiam
1580 1759 1712 1857 specie,
1731 1772 1771 1830 ut
1787 1757 1847 1829 hic

250 1886 363 1959 homo
381 1902 417 1960 et
435 1885 494 1959 ille
514 1908 652 1985 equus3
674 1909 738 1958 seu
759 1908 889 1981 genere
906 1907 1067 1981 quoque,
1086 1895 1126 1954 ut
1147 1880 1207 1953 hic
1223 1881 1339 1953 berno
1351 1895 1386 1954 et
1403 1880 1480 1953 baec
1502 1879 1653 1973 albed03
1673 1903 1736 1951 seu
1760 1902 1849 1978 qua·

249 2031 407 2106 cumque
434 2007 550 2079 forma
569 2004 789 2078 abinvicem
813 2003 994 2096 differant,
1018 2004 1092 2075 sive
1110 2002 1171 2075 illa
1198 2002 1314 2074 forma
1330 2003 1375 2074 sit
1397 2000 1604 2074 communis
1626 2000 1845 2092 differentia,

250 2126 320 2199 hoc
342 2142 395 2199 est
422 2125 619 2226 separabile
637 2123 817 2215 accidens,
837 2136 877 2195 ut
896 2124 974 2196 nasi
991 2123 1158 2214 curvitas,
1183 2122 1257 2195 sive
1276 2123 1389 2218 magis
1404 2122 1552 2221 propria
1575 2120 1787 2214 differentia,
1811 2121 1849 2192 id

250 2260 303 2318 est
317 2245 572 2338 substantialis,
592 2245 685 2317 sicut
702 2258 755 2316 est
775 2241 1014 2336 rationalitas,
1032 2266 1112 2339 quae
1137 2241 1273 2315 scilicet
1293 2241 1535 2315 substantialis
1552 2240 1753 2314 differentia
1772 2265 1847 2314 non

250 2365 368 2437 solum
393 2365 478 2438 facit
502 2364 669 2453 alterum,
699 2361 736 2435 id
756 2376 809 2436 est
828 2386 978 2462 quoquo
1000 2361 1113 2434 modo
1140 2360 1341 2453 diversnm3
1360 2387 1486 2435 verum
1507 2363 1614 2435 etiam
1636 2362 1748 2452 aliud,
1777 2361 1849 2435 hoc

250 2500 304 2558 est
332 2484 612 2559 substantialiter
632 2498 741 2582 atque
764 2485 884 2584 specie
904 2484 1099 2556 diversum.
1125 2487 1170 2557 Et
1192 2483 1268 2556 haec
1292 2483 1367 2556 sola
1388 2484 1534 2583 proprie
1560 2482 1730 2556 dicuntur
1745 2482 1848 2581 plura

250 2607 323 2677 sive
338 2605 466 2697 multa,
483 2630 528 2678 eo
543 2606 644 2704 quod
655 2605 759 2705 plura
776 2619 812 2678 et
827 2605 940 2679 multa
955 2605 1103 2704 proprie
1116 2606 1163 2677 ad
1178 2629 1370 2678 numerum
1384 2605 1578 2704 pertinent,
1594 2619 1628 2678 et
1647 2604 1848 2677 secundum

251 2748 443 2798 numerum
459 2726 699 2825 accipiuntur.
716 2727 808 2798 Sunt
831 2726 953 2823 itaque
969 2724 1135 2822 quaedam
1154 2720 1387 2798 essentialiter
1402 2724 1556 2816 diversa,
1575 2749 1654 2823 quae
1670 2746 1745 2796 neu
1765 2739 1848 2797 sunt

251 2869 406 2918 numero
423 2844 643 2934 differentia,
664 2860 789 2945 utpote
811 2847 944 2918 domus
961 2858 997 2917 et
1017 2845 1150 2943 paries,
1170 2860 1206 2918 et
1221 2840 1409 2942 duodlibet
1434 2847 1615 2942 integrum
1629 2858 1747 2918 totum
1764 2834 1848 2918 cuin

251 2966 397 3067 propria
420 2980 521 3067 parte
541 2990 620 3039 sua.
640 2970 802 3066 Utroque
820 2979 940 3038 autem
967 2964 1137 3065 praedicto
1158 2966 1371 3039 diversitatis
1395 2966 1508 3039 modo
1527 2967 1604 3066 ipse
1624 2968 1733 3039 etiam
1753 2971 1850 3039 Deus

251 3086 421 3159 differens
437 3085 569 3160 dicitur
584 3111 605 3159 a
621 3088 806 3179 creaturis,
825 3100 900 3159 tant
918 3088 1151 3160 essentialiter
1171 3088 1306 3161 scilicet
1331 3112 1440 3186 quam
1456 3111 1622 3160 numero.
1641 3091 1721 3160 Hoc
1742 3088 1849 3159 etiam

252 3205 364 3282 modo
378 3205 518 3279 diversa
535 3207 723 3299 sumimus,
741 3205 891 3303 quando
904 3230 1078 3303 negamus
1093 3208 1131 3279 in
1145 3231 1219 3280 uno
1234 3208 1391 3280 ternario
1407 3206 1568 3280 diversos
1583 3231 1660 3280 esse
1673 3206 1846 3279 binarios.

251 3330 341 3398 Nam
362 3325 442 3398 licet
465 3327 569 3399 tertia
587 3326 706 3398 unitas
721 3349 805 3397 cum
826 3349 1046 3423 unaquaque
1072 3326 1223 3399 aliarum
1241 3325 1397 3399 duarmn
1412 3327 1590 3399 unitatum
1613 3350 1727 3399 unum
1742 3326 1851 3399 bina·

251 3447 345 3518 rium
358 3445 490 3519 efficiat
499 3500 510 3535 ,
532 3445 643 3519 ethic
659 3429 820 3518 binarius
835 3470 910 3517 non
928 3446 973 3518 sit
995 3444 1069 3537 ille,
1088 3445 1248 3518 diversos
1263 3460 1383 3520 tamen
1398 3445 1557 3519 binarios
1573 3447 1644 3519 dici
1661 3470 1848 3544 negamus,

252 3592 335 3639 cum
351 3591 426 3639 non
443 3567 515 3639 sint
530 3581 607 3639 tota
622 3566 816 3665 capacitate
832 3565 889 3638 vel
905 3566 1128 3639 continentia
1145 3591 1217 3639 suae
1232 3569 1391 3640 essentiae
1406 3567 1564 3661 discreti,
1582 3592 1667 3640 curn
1684 3568 1849 3641 eamdem

252 3686 385 3760 scilicet
412 3687 587 3760 unitatem
613 3688 897 3760 communicent.
917 3686 988 3760 Sed
1017 3699 1164 3759 etcum
1191 3687 1344 3760 dicimus
1368 3688 1524 3787 aliquem
1553 3687 1667 3762 solam
1697 3686 1849 3760 domum

253 3807 452 3905 possidere,
473 3807 546 3880 hoc
570 3822 636 3902 est,
656 3806 809 3880 demum
824 3821 861 3880 et
881 3807 967 3880 nihil
991 3805 1090 3881 aliud
1108 3807 1329 3882 diversuma
1349 3808 1475 3902 domo,
1494 3809 1675 3882 diversum
1698 3833 1852 3881 numero

253 3929 506 4026 potiusquam
533 3928 766 4001 essentialiter
780 3926 1036 4025 intelligimus.
1058 3930 1128 4018 Qui
1155 3935 1253 4002 enim
1276 3929 1426 4002 domum
1449 3928 1631 4030 possidet,¹
1650 3930 1757 4003 etiam
1783 3953 1849 4028 pa·

253 4050 393 4140 rietem,
420 4049 482 4147 qui
505 4073 579 4121 non
602 4065 656 4123 est
673 4049 817 4139 domus,
837 4050 874 4121 in
896 4050 1122 4147 possessione
1142 4049 1264 4124 habet.
1290 4050 1362 4124 Sed
1377 4077 1461 4125 cum
1483 4053 1528 4124 sit
1543 4051 1660 4150 paries
1680 4052 1850 4124 essentia·

252 4167 333 4242 liter
353 4168 515 4241 diversus
535 4192 557 4241 a
578 4163 705 4258 doino,
730 4169 767 4241 in
789 4192 860 4266 qua
878 4193 953 4241 non
980 4184 1033 4242 est
1054 4168 1217 4243 diversus
1240 4196 1409 4263 numero,
1434 4197 1520 4244 cum
1536 4169 1703 4245 videlicet
1720 4171 1758 4242 in
1774 4173 1852 4270 ipsa

253 4290 452 4388 quantitate
472 4287 603 4363 domus
618 4287 961 4388 comprehendatur.
982 4295 1026 4362 Et
1050 4291 1252 4364 notandum
1270 4292 1469 4389 quodcum
1490 4317 1599 4365 omne
1615 4291 1712 4364 idem
1736 4316 1852 4364 essen·

254 4409 383 4484 tialiter
405 4434 491 4483 cum
513 4411 636 4508 aliquo
653 4411 696 4483 sit
715 4409 809 4484 idem
827 4435 981 4484 numero
997 4436 1081 4484 cum
1098 4413 1178 4511 ipso
1195 4426 1231 4484 et
1250 4438 1271 4485 e
1288 4437 1487 4505 convers03
1513 4438 1588 4486 non
1605 4427 1725 4486 tamen
1741 4436 1852 4485 omne

255 4530 437 4602 diversum
464 4531 696 4603 essentialiter
722 4529 769 4603 ab
794 4531 917 4629 aliquo
942 4531 1125 4605 diversum
1152 4533 1189 4604 in
1217 4557 1370 4606 numero
1398 4550 1452 4606 est
1475 4532 1522 4606 ab
1548 4535 1649 4633 ipso,
1679 4547 1853 4633 utsupra

256 4649 459 4722 docuimus.
488 4654 574 4723 Pars
596 4650 734 4750 quippe
757 4649 923 4748 quaelibet
945 4652 1086 4725 diversa
1112 4667 1166 4726 est
1193 4652 1427 4727 essentialiter
1442 4677 1464 4726 a
1480 4675 1547 4727 suo
1564 4668 1661 4747 toto,
1688 4653 1751 4726 sed
1777 4676 1851 4725 non

256 4770 396 4843 diversa
420 4794 598 4863 numero,
627 4796 694 4844 nec
721 4771 877 4846 fortassis
902 4771 1030 4846 eadem
1054 4799 1228 4866 numero,
1258 4775 1326 4845 nisi
1350 4774 1431 4872 quis
1461 4774 1550 4847 forte
1579 4798 1731 4846 numero
1756 4773 1853 4845 idem

290 5087 295 5114 ¹
311 5083 351 5134 Sle
365 5085 445 5133 tecum
464 5084 614 5132 restttntmus
630 5095 659 5132 ex
676 5085 728 5145 tpsa
748 5084 873 5148 Porphyrtt
895 5088 926 5136 de
941 5088 1072 5148 genertbus
1088 5096 1113 5137 et
1130 5090 1260 5151 spectebue
1272 5090 1390 5139 doctrina.
1407 5087 1433 5138 ln
1445 5088 1518 5138 edttts
1532 5085 1753 5150 amentissimum
1768 5086 1853 5150 fictum

257 5175 336 5225 qrtnm
347 5161 578 5226 specialissimum
591 5164 659 5226 qnod
670 5175 742 5212 sensu
754 5172 830 5214 caret.
