4559 6100
493 498 565 570 rto
1095 490 1224 566 ensal
1248 477 1481 566 mnarum

492 649 538 721 ab
552 645 620 719 illis
634 644 711 719 lieri
726 660 915 720 asseratur.
933 648 1025 718 Ecce
1039 645 1136 718 enim
1152 669 1174 717 a
1187 648 1296 719 Satan
1310 669 1354 719 ea
1367 670 1446 744 quac
1466 645 1535 718 lob
1557 646 1763 745 possidebat
1775 649 1892 724 abluta
1905 652 2096 747 videmus,

492 782 527 840 et
547 780 667 840 tamen
685 765 762 838 haec
783 770 897 837 aDeo
920 763 988 838 sibi
1004 764 1135 837 auferri
1151 762 1219 837 Job
1237 766 1311 863 ipse
1332 763 1521 864 profitetur
1541 764 1682 838 dicens¹
1703 794 1712 839 ε
1734 798 1753 836 r
1767 771 1943 844 Dominus
1958 771 2095 866 dedit,

493 886 669 957 Dominus
701 884 896 958 abstulit.»
917 883 1020 957 Unde
1047 897 1167 956 autem
1193 882 1298 957 etad
1324 882 1412 956 illud
1435 884 1641 976 veniamus,
1668 886 1768 982 quod
1798 886 2095 964 Christianorum

494 1019 632 1077 mentes
662 1006 779 1077 carius
806 1004 1084 1104 amplectuntur,
1112 1003 1177 1075 etsi
1207 1000 1273 1074 tibi
1300 1002 1357 1075 vel
1389 1001 1454 1075 tibi
1480 1002 1653 1076 similibus
1687 1004 1879 1080 ridiculum
1905 1008 2091 1084 videatur.

493 1121 650 1195 Traditio
665 1124 812 1196 Domini
828 1128 912 1195 Jesu
927 1124 965 1194 in
984 1146 1111 1194 manus
1124 1120 1346 1216 Judaeo'rum,
1365 1137 1439 1196 tam
1455 1120 1502 1195 ab
1519 1122 1598 1221 ipso
1611 1126 1695 1195 Jesu
1710 1149 1819 1222 quam
1837 1150 1858 1200 a
1874 1129 1951 1198 Deo
1966 1144 2089 1226 patre,

495 1244 549 1314 vel
570 1267 591 1315 a
612 1243 703 1315 Juda
720 1242 891 1315 traditore
906 1241 983 1314 fieri
999 1256 1235 1335 memoratnr;
1258 1265 1342 1314 nam
1359 1255 1395 1314 et
1410 1246 1515 1314 Pater
1531 1241 1658 1315 Filium
1679 1255 1716 1314 et
1731 1242 1838 1316 Filius
1853 1268 1891 1317 se
1910 1246 2029 1344 ipsum
2046 1263 2091 1320 et

494 1360 603 1434 ludas
622 1357 777 1434 eundem
793 1361 979 1435 tradidisse
1001 1361 1145 1453 dicitur,
1165 1386 1248 1434 cum
1269 1376 1389 1434 tamen
1410 1361 1448 1433 in
1465 1359 1606 1455 talibus,
1621 1360 1678 1433 vel
1696 1360 1882 1452 diabolus,
1898 1365 1955 1437 vel
1972 1366 2089 1439 ludas

494 1481 531 1551 id
547 1483 665 1578 ipsum
681 1480 814 1573 lecerit,
832 1479 932 1576 quod
949 1484 1057 1552 Deus.
1084 1485 1127 1552 Et
1148 1481 1179 1553 si
1201 1480 1293 1554 forte
1309 1479 1393 1553 ideo
1409 1478 1549 1553 bonum
1572 1477 1720 1578 aliquod
1736 1471 1925 1555 videantur
1943 1484 2084 1578 secisse,

494 1624 568 1671 non
588 1613 705 1674 tamen
721 1599 865 1673 dicendi
883 1615 967 1672 sunt
986 1598 1234 1672 benefecisse.
1255 1604 1322 1671 Aut
1344 1599 1373 1670 si
1395 1598 1542 1671 fecerint
1556 1598 1593 1671 id
1610 1599 1665 1671 vel
1684 1598 1762 1672 fieri
1784 1602 1964 1675 voluerint
1981 1605 2086 1699 quod

493 1720 570 1791 vult
585 1717 662 1790 lieri
678 1724 793 1809 Deus,
812 1717 870 1790 vel
894 1717 1058 1791 eamdem
1083 1716 1247 1791 laniendo
1269 1715 1405 1816 aliquid
1419 1717 1642 1790 voluntatem
1660 1718 1835 1813 habeant,
1854 1745 1963 1816 quam
1985 1726 2087 1794 Deus

492 1838 620 1930 habet,
640 1836 817 1936 numquid
833 1837 916 1910 ideo
939 1837 1148 1911 benefacere
1165 1836 1310 1909 dicendi
1326 1851 1427 1931 sunt,
1446 1837 1533 1934 quia
1548 1837 1680 1910 scilicet
1699 1838 1850 1932 laniunt,
1868 1841 1969 1936 quod
1985 1845 2086 1915 Deus

494 1956 671 2052 rultlieri,
688 1957 848 2031 antideo
866 1957 1000 2030 bonam
1014 1956 1150 2030 habent
1168 1958 1404 2050 voluntatem,
1423 1958 1507 2054 quia
1525 1955 1651 2029 volunt
1678 1956 1714 2029 id
1736 1957 1836 2055 quod
1853 1961 1974 2032 Dens?
1999 1964 2081 2033 Non

494 2080 629 2175 utique.
656 2078 729 2149 Etsi
745 2078 842 2148 enim
858 2075 1002 2169 saciant,
1019 2077 1075 2149 vel
1094 2075 1210 2149 facere
1225 2076 1350 2170 velint,
1370 2076 1471 2174 quod
1487 2081 1584 2149 Dens
1599 2077 1675 2149 vult
1693 2075 1789 2170 fieri,
1810 2102 1885 2149 non
1904 2092 2024 2151 tamen
2042 2081 2081 2151 id

493 2198 638 2288 iaciunt,
658 2195 714 2268 vel
730 2196 847 2270 lacere
864 2198 1003 2285 volunt,
1021 2196 1106 2294 quia
1122 2195 1272 2269 credant
1285 2200 1402 2268 Deum
1419 2196 1458 2268 id
1474 2195 1564 2269 velle
1584 2193 1682 2286 fieri3
1702 2220 1769 2268 neo
1786 2195 1913 2269 eadem
1929 2198 2082 2271 intentio

493 2333 545 2388 est
570 2318 607 2388 in
634 2316 764 2389 eodem
789 2315 882 2389 facto
904 2315 1049 2388 illorum
1074 2339 1185 2411 qnam
1212 2315 1296 2408 Dei;
1317 2330 1353 2387 et
1366 2338 1585 2413 quamquam
1602 2312 1640 2386 id
1657 2313 1767 2386 veiint
1790 2314 1892 2412 quod
1916 2320 2024 2406 Deus,
2046 2334 2082 2391 et

491 2433 617 2507 eadem
633 2436 777 2507 illorum
796 2450 830 2508 et
849 2436 914 2508 Dei
930 2436 1093 2508 voluntas
1115 2433 1199 2508 ideo
1220 2434 1291 2508 dici
1309 2436 1433 2533 possit,
1458 2433 1558 2531 quod
1577 2433 1671 2506 idem
1687 2434 1826 2526 volunt,
1848 2435 1943 2508 mala
1960 2451 2079 2510 tamen

490 2579 616 2626 eorum
638 2556 803 2628 voluntas
817 2570 883 2649 est,
904 2570 940 2628 et
957 2553 1055 2627 bona
1076 2555 1156 2645 Dei,
1174 2579 1258 2627 oum
1278 2554 1411 2628 seilicet
1432 2554 1470 2626 id
1491 2552 1639 2628 diversis
1662 2552 1706 2626 de
1726 2555 1841 2626 causis
1854 2554 1966 2627 velint
1986 2555 2078 2629 fieri.

490 2676 547 2744 Sic
571 2687 607 2744 et
626 2698 709 2745 cum
727 2675 854 2746 eadem
877 2676 923 2747 sit
939 2675 1032 2748 actio
1055 2672 1294 2766 diversorum,
1319 2674 1404 2773 quia
1423 2672 1588 2747 videlicet
1608 2671 1706 2745 idem
1727 2687 1850 2769 agunt,
1877 2698 1944 2771 pro
1964 2672 2082 2746 diver·

490 2793 590 2864 sitate
617 2807 734 2864 tamen
762 2793 970 2866 intentionis
994 2792 1087 2866 actio
1109 2795 1217 2892 hujus
1240 2793 1337 2866 bona
1362 2808 1416 2867 est
1436 2807 1472 2867 et
1489 2793 1582 2866 illius
1610 2791 1724 2885 mala,
1752 2796 1837 2890 quia
1859 2816 2081 2889 quamquam

490 2911 585 2983 idem
600 2925 807 3011 operentur,
826 2927 945 2986 tamen
959 2912 1054 2987 bene
1064 2913 1136 3004 hic,
1155 2913 1324 3008 illemale
1337 2912 1374 2985 id
1388 2914 1506 3012 ipsum
1523 2912 1621 2985 facit.
1637 2915 1682 2983 Et
1692 2911 1793 3010 quod
1805 2910 1900 2983 dictu
1911 2910 2080 2985 mirabile

490 3047 556 3120 est,
575 3057 836 3130 nonnunquam
852 3034 959 3107 etiam
977 3032 1077 3108 bona
1093 3050 1146 3107 est
1162 3035 1341 3124 voluntas,
1358 3033 1537 3131 numquis
1550 3031 1628 3106 vult
1639 3032 1685 3105 ab
1705 3031 1816 3104 altero
1833 3030 1966 3104 malum
1982 3029 2078 3125 lieri,

489 3154 573 3247 quia
595 3152 631 3225 id
656 3153 820 3227 videlicet
842 3153 939 3227 bona
961 3155 1160 3227 intentione
1184 3154 1273 3227 vult.
1300 3156 1399 3252 Saepe
1424 3177 1582 3251 namque
1602 3153 1779 3224 Dominus
1801 3176 1867 3250 per
1893 3149 2080 3224 diabolum

490 3271 544 3342 vel
563 3286 753 3368 tyrannum
769 3274 925 3373 aliquem
946 3273 1102 3351 decrevit
1118 3298 1181 3346 eos
1198 3273 1354 3370 affligere
1378 3273 1440 3369 qui
1467 3274 1676 3344 innocentes
1698 3285 1803 3358 sunt,
1822 3268 1878 3341 vel
1897 3270 1961 3367 qui
1982 3270 2079 3343 illam

490 3388 721 3464 afflictionem
746 3419 821 3466 non
849 3408 1080 3485 memenmt,
1110 3392 1157 3464 ad
1182 3394 1436 3491 purgationem
1460 3391 1594 3464 scilicet
1617 3390 1765 3487 alicujus
1791 3391 1928 3488 peccati
1952 3414 2078 3461 eorum

490 3513 552 3607 qui
572 3510 790 3607 affliguntur,
810 3511 866 3585 vel
887 3511 933 3583 ad
956 3526 1190 3611 augmentum
1208 3513 1338 3601 meriti,
1357 3512 1430 3584 sive
1446 3510 1494 3583 ad
1511 3509 1714 3608 exemplum
1729 3509 1806 3585 aliis
1823 3507 2004 3600 dandum,
2023 3508 2079 3582 vel

489 3654 705 3727 quacunque
731 3655 839 3704 causa
864 3631 1086 3725 rationabili,
1113 3632 1278 3729 quamvis
1305 3629 1412 3703 nobis
1437 3629 1589 3702 occulta.
1618 3627 1723 3701 Unde
1754 3642 1789 3700 et
1813 3626 1859 3699 de
1883 3632 1930 3699 veo
1956 3627 2076 3725 quod,

489 3750 714 3845 permittente
729 3752 900 3842 Dominn,
918 3749 1011 3825 bene
1027 3750 1195 3826 diabolus
1218 3764 1354 3848 egerat,
1375 3749 1484 3839 malo,
1503 3747 1573 3820 Job
1590 3749 1753 3821 meminit
1766 3746 1890 3819 dicens
1912 3772 1920 3816 :
1943 3776 1960 3812 e
1981 3747 2078 3818 Siout

489 3865 646 3937 Domino
663 3869 816 3966 placuit,
832 3871 882 3943 ita
897 3868 1031 3943 sactum
1047 3884 1113 3943 est.
1136 3869 1283 3958 »Quod
1308 3869 1392 3966 quia
1415 3866 1508 3940 bene
1531 3892 1554 3940 a
1577 3867 1735 3938 Domino
1756 3867 1971 3964 permissum
2001 3889 2077 3936 esse

487 4008 562 4055 non
589 3984 745 4077 dubitet,
773 3987 962 4060 referendo
990 3989 1023 4060 ei
1049 3991 1177 4085 gratias
1194 3988 1370 4080 ostendit,
1394 4011 1478 4059 cum
1497 3984 1597 4057 addit
1623 4016 1632 4058 ε
1654 4015 1671 4050 α
1687 3985 1739 4057 Sit
1765 4008 1900 4055 nomen
1930 3982 2077 4054 Domini

487 4101 728 4179 benedictum.
742 4135 759 4173 u
774 4105 878 4178 Liber
893 4130 1040 4204 quoque
1054 4112 1188 4204 Regum
1205 4108 1348 4179 tertius¹
1360 4106 1524 4203 spiritum
1537 4103 1749 4179 mendacem
1760 4103 1807 4177 ad
1823 4100 2077 4199 decipiendum

488 4224 608 4298 Achab
631 4224 783 4323 impium
804 4225 912 4297 docet
934 4249 956 4297 a
976 4224 1134 4296 Domino
1159 4226 1307 4296 missum
1327 4223 1446 4296 fuisse.
1470 4226 1562 4294 Cum
1585 4225 1681 4296 enim
1705 4223 1839 4295 diceret
1858 4221 2036 4292 Dominus
2063 4245 2073 4290 ε

490 4346 613 4430 «Quis
637 4344 790 4443 decipiet
813 4342 963 4416 Achab?
981 4367 1142 4441 egressus
1161 4342 1306 4442 spiritus
1330 4340 1484 4414 mendax
1509 4345 1605 4415 stetit
1624 4365 1747 4415 coram
1769 4341 1928 4413 Domino
1947 4352 1983 4411 et
1996 4338 2072 4410 ait:

492 4464 563 4557 Ego
584 4460 762 4558 decipiam
778 4463 891 4535 illum.
911 4464 976 4535 Cui
995 4462 1136 4535 locutus
1153 4477 1205 4535 est
1229 4462 1407 4534 Dominus
1426 4488 1434 4531 :
1456 4465 1496 4534 ln
1512 4461 1615 4559 quo?
1632 4464 1675 4533 Et
1692 4460 1750 4532 ille
1764 4461 1838 4533 ait:
1858 4456 2025 4556 Egrediar
2041 4471 2077 4528 et

487 4605 550 4652 ero
570 4579 714 4680 spiritus
732 4565 891 4655 mendax'
905 4584 942 4653 in
959 4607 1023 4655 ore
1040 4584 1204 4655 omnium
1224 4581 1482 4682 prophetarum
1500 4581 1588 4677 ejus.
1615 4585 1659 4653 Et
1675 4579 1764 4653 dixit
1781 4579 1985 4651 Dominus:
2005 4578 2075 4647 De·

487 4701 597 4799 cipies
623 4712 661 4770 et
686 4697 912 4798 prevalebis,
937 4700 1106 4797 egredere
1127 4716 1163 4775 et
1189 4702 1244 4775 lac
1273 4703 1335 4776 ita.
1355 4732 1372 4769 u
1389 4700 1498 4789 Quod
1525 4698 1672 4797 quidem
1694 4695 1849 4770 Micheas
1872 4694 2074 4795 propheta,

486 4843 569 4891 cum
586 4843 708 4891 coram
724 4820 803 4917 ipso
823 4817 945 4892 Achab
961 4823 1199 4920 exposuisset,
1218 4821 1284 4894 sibi
1298 4821 1493 4895 revelatum
1509 4818 1628 4912 luisse,
1647 4816 1796 4914 adjecit:
1813 4819 1948 4888 «Nunc
1970 4813 2077 4910 igitur

519 5091 603 5153 'tob.‚
616 5107 671 5156 cap.
684 5107 702 5155 r,
715 5097 788 5146 un.
802 5122 830 5131 -·
843 5098 935 5161 ηιμ,
948 5094 974 5158 Ι,
987 5106 1041 5160 esp.
1054 5108 1117 5161 mr,
1132 5111 1156 5147 s.
1168 5099 1197 5150 21
1212 5105 1284 5159 etsq.
