4559 6100
473 570 548 642 tat
1082 572 1210 643 PETRl
1236 571 1469 645 ABAELARDl

478 715 659 790 tendenda
673 742 814 820 semper
831 734 884 792 est
897 720 973 818 ejus
990 720 1108 812 facies,
1128 736 1163 793 et
1179 721 1410 821 pulchritudo
1428 719 1626 813 laudanda;
1644 745 1691 793 ne
1706 719 1737 792 si
1752 720 1900 794 alteram
1921 742 2071 817 aspexe-

476 836 537 927 ris,
558 862 596 909 se
610 839 760 912 aestimet
775 839 974 940 displicere.
993 840 1168 914 Vocanda
1180 840 1346 935 domina,
1365 840 1600 916 celebrandus
1623 839 1749 914 natalis
1764 840 1852 937 ejus,
1870 837 2069 935 jurandum

410 957 413 964 ’
476 979 541 1052 per
556 957 708 1031 salutem
725 960 818 1033 illius
834 987 842 1031 τ
861 975 900 1034 ut
915 963 962 1034 sit
976 976 1155 1060 superstes
1169 962 1382 1060 optandum,
1400 961 1616 1037 honoranda
1628 961 1751 1033 nutrix
1766 960 1856 1056 ejus,
1876 973 1912 1031 et
1932 958 2071 1055 gerula,

477 1099 612 1170 servus,
631 1080 806 1176 patrinus,
825 1095 861 1153 et
877 1081 1055 1176 alumnus,
1075 1097 1111 1154 et
1128 1082 1307 1155 formosus
1327 1084 1473 1173 assecla,
1493 1097 1529 1155 et
1550 1094 1762 1182 procurator
1785 1078 2069 1166 calamistratus,

478 1209 514 1266 ct
541 1196 578 1267 in
604 1196 749 1296 longam
776 1225 1010 1299 securamque
1039 1201 1228 1274 libidinem
1262 1219 1405 1276 exectus
1430 1202 1566 1303 spado;
1595 1201 1663 1274 sub
1697 1199 1829 1298 quibus
1861 1196 2072 1270 nominibus

479 1315 628 1389 adulteri
649 1318 872 1414 delitescunt3
891 1346 1139 1420 quoscumque
1156 1323 1215 1395 illa
1227 1322 1401 1416 dilexerit,
1417 1324 1563 1420 ingratis
1578 1335 1661 1395 sunt
1676 1320 1834 1394 amandi.
1854 1319 1891 1390 si
1908 1332 2021 1390 totam
2038 1318 2072 1388 ei

479 1434 629 1510 domum
650 1442 842 1544 regendam
863 1444 1096 1536 commiseris,
1114 1444 1343 1516 serviendum
1367 1459 1432 1516 est.
1452 1444 1489 1514 si
1509 1441 1645 1540 aliquid
1662 1456 1726 1514 tuo
1746 1439 1895 1513 arbitrio
1912 1461 2069 1510 reserva·

478 1558 582 1648 veris,
607 1557 717 1634 fidem
731 1562 797 1635 sibi
813 1563 938 1635 haberi
954 1588 1029 1635 non
1046 1561 1198 1662 putabit,
1217 1577 1253 1635 ct
1269 1564 1305 1634 iu
1329 1563 1455 1636 odium
1478 1577 1637 1635 vertetur
1652 1586 1694 1635 ac
1707 1561 1837 1657 jurgia,
1859 1572 1895 1631 et
1910 1558 1980 1630 nisi
1997 1558 2069 1630 cito

478 1662 711 1774 consulueris,
730 1682 869 1781 parabit
885 1708 1037 1756 venena.
1058 1688 1167 1774 dnus,
1192 1698 1228 1755 et
1243 1682 1418 1778 aurifices,
1444 1697 1480 1756 et
1497 1682 1643 1775 ariolos,
1662 1697 1699 1754 et
1716 1681 1894 1753 institores
1910 1701 2069 1776 gemme-

478 1819 559 1868 rum
584 1800 850 1900 sericarumque
874 1804 1026 1900 vestium
1050 1802 1080 1874 si
1101 1786 1347 1896 intromiseris,
1373 1802 1575 1902 periculum
1599 1801 1779 1902 pudicitiae
1802 1814 1877 1890 est3
1897 1800 1928 1871 si
1945 1796 2069 1896 prohi-

478 1915 611 2008 bueris,
639 1922 851 2020 suspicionis
876 1923 1020 2019 injurie.
1039 1927 1175 1996 Verum
1197 1923 1287 2021 quid
1301 1923 1448 2023 prodest
1469 1923 1577 1995 etiam
1600 1922 1750 2019 diligens
1769 1919 1933 1993 custodia
1958 1944 1966 1988 ε
1987 1941 2070 1989 cnm

480 2061 570 2109 uxor
597 2043 731 2113 servari
757 2041 940 2142 impudica
970 2068 1045 2115 non
1077 2044 1201 2143 possit,
1222 2043 1360 2142 pudica
1388 2068 1463 2115 non
1492 2042 1644 2115 debeat?
1674 2039 1789 2113 lnlida
1819 2041 1918 2113 enim
1949 2052 2070 2112 custos

471 2171 530 2262 est
556 2160 724 2234 castitatis
751 2164 953 2256 necessitas,
979 2177 1015 2235 et
1037 2162 1097 2237 illa
1114 2188 1198 2236 vere
1224 2162 1356 2263 pudica
1380 2163 1532 2236 dicenda
1558 2176 1623 2255 est,
1654 2164 1715 2235 cui
1743 2162 1844 2233 licuit
1867 2182 2016 2258 peccare
2041 2158 2069 2229 si

471 2261 602 2352 ioluit.
622 2280 774 2356 Pulchra
790 2284 862 2355 cito
876 2275 1076 2370 adamatur,
1097 2284 1192 2356 freda
1205 2285 1440 2383 concupiscit.
1457 2282 1607 2355 Difficile
1623 2279 1823 2354 custoditur
1835 2279 1936 2378 quod
1952 2279 2069 2378 plures

476 2415 612 2473 amant.
645 2402 836 2475 Molestum
861 2418 915 2476 est
940 2403 1124 2503 possidere
1156 2404 1256 2502 quod
1284 2428 1393 2478 nemo
1421 2402 1554 2476 habere
1581 2402 1760 2498 dignetur.
1790 2401 1928 2473 Minore
1950 2414 2068 2471 tamen

477 2521 618 2593 miseria
643 2519 814 2595 deformis
830 2522 996 2618 habetur,
1022 2549 1131 2621 quarn
1159 2526 1315 2598 formosa
1337 2538 1510 2597 servatur.
1531 2522 1625 2594 Nihil
1649 2536 1766 2595 tutum
1783 2523 1819 2593 in
1839 2520 1938 2618 quod
1962 2520 2070 2591 totius

477 2641 602 2740 populi
621 2657 704 2714 vota
720 2645 914 2742 suspirant,
932 2644 1022 2717 alios
1038 2644 1167 2735 forma,
1186 2647 1275 2717 alios
1291 2646 1450 2741 ingenio,
1466 2643 1555 2716 alios
1574 2643 1721 2735 facetiis,
1740 2641 1831 2714 alios
1846 2640 2067 2730 liberalitate,

476 2762 654 2834 sollicitat.
680 2761 808 2860 Aliquo
833 2763 944 2835 modo
968 2780 1192 2863 expugnatur
1215 2764 1316 2862 quod
1340 2764 1499 2861 undique
1521 2763 1717 2837 lacessitur.
1738 2761 1848 2851 Quod
1867 2761 1897 2833 si
1921 2775 2070 2858 propter

468 2875 780 2977 'dispensationem
796 2881 941 2976 domus,
966 2898 1001 2957 et
1021 2885 1204 2982 languoris
1218 2885 1356 2977 solatia,
1377 2899 1413 2956 et
1432 2884 1551 2979 lugam
1568 2884 1770 2957 solitudinis
1785 2883 1967 2955 ducuntur
1982 2906 2070 2954 uxo·

476 3024 552 3091 res;
582 3001 696 3076 multo
727 3002 854 3078 melius
883 3029 1006 3078 servus
1038 3005 1153 3079 fidelis
1183 3005 1384 3105 dispensat,
1413 3004 1587 3078 obediens
1613 3004 1818 3079 auctoritati
1845 2995 2004 3094 domini,
2034 3017 2070 3075 et

476 3122 701 3221 dispositioni
727 3125 803 3223 ejus
821 3124 1085 3225 obtemperans,
1106 3150 1217 3224 quam
1240 3151 1351 3220 uxor,
1370 3150 1449 3224 quae
1468 3126 1506 3197 in
1526 3150 1570 3198 eo
1590 3151 1628 3199 se
1644 3126 1793 3199 aestimat
1811 3123 2019 3212 dominam,
2040 3125 2069 3194 si

475 3244 666 3318 adversum
683 3245 750 3317 viri
768 3245 872 3318 faciat
884 3246 1121 3338 voluntatem,
1138 3246 1177 3319 id
1193 3261 1245 3318 est
1261 3246 1362 3344 quod
1377 3247 1504 3345 placet,
1523 3271 1597 3318 non
1616 3245 1717 3344 quod
1730 3245 1889 3341 jubetur.
1908 3242 2069 3316 assidere

475 3382 595 3438 autem
623 3367 808 3465 aegrotanti
836 3367 947 3463 magis
971 3381 1121 3466 possunt
1144 3368 1250 3440 amici
1277 3382 1313 3439 et
1335 3367 1532 3440 vernaculae
1560 3364 1743 3438 beneficiis
1766 3364 1934 3462 obligati,
1959 3388 2068 3461 quam

474 3486 535 3559 illa
554 3512 634 3584 quae
659 3486 765 3560 nobis
788 3489 940 3586 imputet
964 3487 1139 3585 lacrymas
1167 3513 1267 3577 suas,
1295 3501 1331 3559 et
1356 3485 1563 3559 hereditatis
1588 3510 1652 3584 spe
1674 3483 1806 3558 vendat
1829 3484 2008 3573 illuviem,
2035 3499 2068 3557 et

474 3605 751 3679 sollicitudinem
779 3609 937 3701 jactans,
971 3605 1171 3703 languentis
1205 3607 1366 3679 animum
1399 3604 1646 3705 desperatione
1674 3604 1870 3705 perturbet.
1903 3604 2068 3692 Quodsi

352 3796 355 3805 ,
476 3727 670 3822 languerit,
689 3725 979 3823 coaegrotandum
1001 3739 1083 3816 est,¹
1097 3739 1133 3797 et
1158 3750 1358 3822 numquam
1385 3725 1431 3798 ab
1463 3726 1538 3821 ejus
1558 3726 1689 3798 lectulo
1710 3724 1968 3798 recedendum.
2001 3730 2070 3797 Aut

475 3845 505 3915 si
530 3844 628 3917 bona
653 3845 757 3918 luerit
783 3860 818 3917 et
845 3845 963 3918 suavis
996 3869 1099 3935 uxor,
1135 3869 1213 3941 quae
1246 3859 1365 3919 tamen
1391 3834 1480 3917 rara
1501 3846 1575 3918 avis
1605 3849 1688 3937 est¹‚
1723 3869 1808 3916 cum
1849 3843 2068 3943 parturiente

475 3964 670 4060 gemimus,
697 3989 781 4037 cum
807 3964 1028 4064 periclitante
1055 3980 1280 4062 torquemur.
1312 3967 1461 4064 Sapiens
1489 3980 1610 4038 autem
1639 3990 1839 4063 numquam
1868 3990 1945 4037 esse
1971 3965 2068 4037 solus

475 4098 591 4182 potest
608 4111 616 4154 :
636 4084 745 4158 habet
761 4110 883 4157 secum
899 4109 1025 4156 omnes
1041 4087 1104 4183 qui
1120 4100 1216 4177 sunt,
1236 4087 1370 4184 quique
1387 4111 1559 4184 nmquam
1576 4087 1721 4160 luerunt
1733 4085 1836 4176 boni,
1856 4101 1892 4158 et
1904 4086 2068 4160 animum

473 4203 627 4277 liberum
645 4231 876 4303 quocumque
893 4203 969 4277 vult
984 4205 1163 4278 transfert.
1183 4206 1292 4295 Quod
1315 4232 1469 4306 corpore
1488 4232 1562 4280 non
1579 4221 1712 4307 potest,
1738 4207 1954 4303 cogitatione
1972 4230 2069 4279 com·

474 4327 661 4423 plectitur;
685 4341 721 4398 et
742 4326 772 4398 si
798 4325 989 4399 hominum
1015 4327 1137 4426 inopia
1165 4327 1280 4420 luerit,
1309 4328 1468 4425 loquitur
1493 4354 1577 4403 cnm
1601 4333 1691 4401 Deo.
1721 4333 1925 4425 Numquam
1948 4329 2067 4399 minus

474 4446 571 4518 solus
596 4448 678 4540 erit,
705 4472 814 4546 quam
839 4472 922 4519 cum
945 4447 1042 4520 solus
1059 4447 1176 4520 fuerit.
1205 4454 1317 4522 Porro
1342 4450 1539 4523 liberorum
1558 4473 1665 4522 causa
1683 4450 1816 4522 ducere
1838 4473 2001 4540 uxorem,
2028 4462 2068 4519 ut

474 4567 529 4638 vel
546 4591 681 4641 nomen
703 4582 866 4640 nostrum
892 4592 966 4640 non
989 4568 1164 4661 intereat,
1185 4568 1240 4641 vel
1260 4570 1457 4643 habeamus
1480 4571 1672 4642 senectutis
1688 4569 1868 4669 presidia,
1888 4584 1924 4641 et
1941 4569 2067 4640 certis'

473 4701 616 4760 utamur
629 4686 845 4781 heredibus,
868 4687 1140 4761 stolidissimum
1163 4702 1227 4760 est.
1249 4690 1346 4779 Quid
1363 4691 1461 4763 enim
1486 4689 1534 4763 ad
1559 4715 1626 4763 nos
1642 4690 1796 4788 pertinet
1821 4686 2065 4761 recedentese

471 4807 625 4903 munde,
652 4808 681 4880 si
697 4808 845 4880 nomine
861 4822 985 4880 nostro
1000 4809 1179 4882 aliusnon
1196 4825 1358 4902 vocetur,
1377 4836 1462 4884 cum
1485 4826 1521 4883 et
1536 4810 1630 4884 lilius
1647 4835 1722 4883 non
1740 4809 1858 4882 statim
1875 4809 1986 4908 patris
2002 4830 2067 4880 vo·

470 4928 640 5001 cabulutn
656 4927 800 5019 referat,
817 4943 853 5001 et
870 4928 1148 5004 innumerabiles
1162 4931 1235 5004 sint
1250 4933 1313 5029 qui
1328 4931 1459 5004 eodem
1472 4931 1700 5031 appellantur
1715 4929 1884 5003 nomine?
1903 4934 1971 5002 Aut
1986 4953 2064 5027 qua

508 5203 544 5253 'ln
556 5207 640 5270 editis,
658 5220 722 5258 rura
732 5213 779 5258 aut
790 5206 834 5258 via
844 5213 888 5257 ert.
909 5233 936 5245 -
951 5205 998 5258 ²lu
1011 5208 1084 5259 edida
1093 5208 1203 5259 Cunctis.
