4559 6100
512 452 583 528 698
982 465 985 472 ⁴
1110 447 1238 518 PETRI
1265 445 1499 518 annulum

512 605 574 700 qui
597 600 643 673 ab
666 601 736 672 alio
760 619 835 670 non
861 612 915 669 est
933 609 967 668 et
994 619 1061 666 nos
1082 594 1132 665 ita
1157 593 1283 666 heatus
1307 591 1433 682 efficit,
1460 617 1643 664 summum
1667 592 1824 664 bominis
1851 590 2028 663 dicendus
2054 608 2116 664 est

513 722 665 794 bonum.

566 844 706 910 Panos.
734 835 851 907 Placet
881 834 1003 930 utique
1028 832 1088 904 illa
1111 831 1158 903 de
1188 856 1329 903 summo
1360 830 1460 902 bono
1493 830 1772 926 sententiaque.
1794 853 1862 901 nec
1890 829 2111 928 prophetiae¹

516 971 645 1029 nostrae
672 969 725 1025 est
749 954 884 1049 ignota.
909 950 978 1024 Sed
995 951 1025 1023 si
1048 950 1137 1042 baec,
1165 964 1204 1021 ut
1227 948 1360 1042 dicitis,
1386 949 1477 1020 visio
1500 947 1564 1020 Dei
1591 973 1671 1045 quae
1694 947 1820 1021 beatos
1844 946 1964 1036 efficit,
1992 948 2113 1021 oculis

517 1089 658 1147 tanturn
672 1073 814 1165 mentis,
833 1095 908 1143 non
923 1070 1086 1168 corporis
1101 1084 1210 1167 patet,
1226 1068 1314 1165 quid
1333 1089 1475 1140 necesse
1491 1081 1546 1139 est
1557 1067 1689 1139 sanetis
1705 1066 1908 1154 animabus,
1924 1079 1962 1138 ut
1973 1066 2109 1154 dicitis,

517 1217 671 1291 corpora
696 1215 760 1263 sua
785 1190 930 1262 tandem
956 1212 1150 1278 resumere,
1179 1186 1281 1284 quasi
1304 1210 1368 1283 per
1393 1185 1464 1257 hoc
1482 1209 1605 1257 earum
1632 1184 1744 1281 gloria
1770 1183 1828 1256 vel
1854 1183 2038 1257 beatitudo
2062 1189 2112 1257 sit

517 1309 701 1407 augenda?
719 1313 809 1379 Cum
825 1308 934 1396 euim,
955 1321 992 1378 ut
1013 1305 1141 1396 dicitis,
1165 1329 1334 1377 mensura
1349 1304 1505 1375 bominis
1523 1321 1602 1400 quse
1618 1318 1654 1375 et
1669 1303 1805 1398 angeli,
1822 1302 1910 1401 quid
1929 1302 1975 1375 ad
1996 1302 2112 1375 bentl-

518 1428 678 1499 tudinem
696 1440 849 1498 vestram
866 1426 1037 1497 resumtio
1054 1423 1202 1523 prodest
1217 1448 1412 1522 corporum
1428 1448 1526 1520 quae,
1553 1447 1636 1493 curn
1661 1422 1794 1518 angelis
1819 1420 1952 1512 desint,
1973 1446 2112 1519 nequa·

518 1570 627 1642 (quam
645 1559 764 1616 tamen
781 1569 907 1615 eorum
923 1541 1146 1641 praepediunt
1162 1542 1218 1613 vel
1235 1544 1403 1615 minuunt
1418 1540 1702 1615 beatitudinem?

566 1667 766 1735 Cunrsruu.
799 1662 959 1733 Omnia²
987 1684 1066 1757 quae
1094 1664 1191 1732 Deus
1216 1660 1308 1756 agit,
1341 1685 1415 1731 non
1450 1675 1523 1731 tam
1550 1658 1597 1731 arl
1628 1657 1885 1731 beatitudinem
1923 1674 2107 1748 nostram,

517 1781 698 1878 quemad
724 1781 871 1876 gloriam
899 1804 1001 1852 suam
1027 1780 1222 1871 convertit,
1253 1794 1293 1850 nt
1317 1779 1375 1851 illa
1402 1804 1480 1875 quae
1510 1777 1693 1850 nonnullis
1720 1778 1848 1850 nociva
1873 1793 1968 1850 snut.
2005 1779 2110 1850 Unde

518 1899 708 1972 Snl0m0n³
728 1926 735 1969 r
759 1903 942 1996 «Propter
959 1898 1190 1996 semetipsum
1205 1899 1326 1969 omnia
1340 1898 1473 1970 creavit
1490 1902 1600 1986 Deus,
1617 1898 1767 1995 impium
1784 1921 1932 1994 qnoque
1947 1897 1994 1969 ad
2009 1898 2109 1971 diem

520 2019 703 2089 malum.»
726 2022 804 2115 lpse
819 2021 970 2114 jquoque
994 2017 1100 2088 etiam
1116 2040 1224 2113 poeua
1247 2039 1318 2112 qua
1343 2016 1419 2112 ejus
1441 2017 1664 2111 iniquitatem
1685 2020 1782 2087 Deus
1804 2016 1921 2113 punit,
1936 2016 2109 2112 justitiam

520 2136 585 2207 Dei
607 2134 854 2224 commendat,
881 2149 916 2206 et
941 2135 990 2205 sic
1015 2159 1098 2206 euru
1122 2133 1307 2231 glorificat.
1332 2136 1502 2221 Quamvis
1528 2136 1648 2230 itaque
1673 2158 1889 2232 poneremus
1913 2119 2108 2232 corporum

520 2254 616 2325 illam
649 2253 905 2326 resumtionem
933 2251 1021 2324 nihil
1047 2252 1177 2325 sanctis
1204 2252 1391 2325 animabus
1421 2252 1652 2326 beatitudinis
1674 2254 1858 2342 consenc,
1891 2278 1966 2325 non
1988 2269 2108 2327 tamen

520 2396 600 2444 earn
618 2396 826 2446 censeamus
848 2373 1082 2471 superfluam,
1101 2397 1181 2468 quae
1205 2371 1253 2445 ad
1275 2372 1404 2444 divinae
1426 2373 1593 2471 potentia·
1619 2372 1763 2446 laudem
1784 2375 1981 2472 plurimum
1999 2376 2105 2448 valet.

520 2495 602 2578 Quo
627 2493 723 2564 enirn
752 2491 811 2564 illa
836 2492 935 2590 prius
959 2490 1159 2565 infirmiora
1183 2506 1218 2563 et
1241 2492 1397 2589 passioni
1417 2492 1651 2587 cognovimus
1678 2492 1855 2580 obnoxia,
1881 2506 1981 2565 tanto
2005 2510 2109 2591 post·

394 2611 405 2624 ‘
521 2610 671 2681 modum
696 2610 808 2705 magis
830 2613 946 2681 Deum
976 2608 1249 2704 glorificandum
1272 2610 1444 2698 ostendit;
1470 2625 1505 2682 et
1528 2635 1612 2682 cum
1635 2612 1686 2683 sic
1708 2635 1754 2684 ea
1771 2610 1935 2684 videlicet
1959 2613 2109 2686 solidata

521 2743 557 2800 et
573 2726 832 2800 indissolubilia
850 2725 1051 2799 videbimus
1076 2728 1187 2822 facta,
1207 2744 1246 2799 ut
1268 2728 1368 2801 nulla
1387 2754 1430 2802 ex
1448 2730 1498 2802 eis
1515 2730 1633 2828 passio
1658 2731 1764 2803 nobis
1786 2733 1986 2828 provenire,
2010 2734 2110 2805 nulla

520 2843 556 2913 in
585 2844 635 2912 eis
666 2841 852 2914 dissolutio
880 2841 992 2939 possit
1027 2841 1255 2936 contingere,
1282 2841 1367 2915 binc
1399 2844 1507 2915 etiam
1531 2843 1696 2916 nonnihil
1730 2844 1957 2917 beatitudinis
1979 2848 2111 2918 anima·

521 2965 687 3036 videntur
704 2964 930 3057 contrahere,
950 2964 1052 3062 quia,
1071 2990 1146 3062 quo
1163 2966 1323 3065 amplius
1349 2965 1478 3040 divinar
1498 2967 1666 3067 potentiae
1690 2969 1966 3065 magnitudinem
1993 2993 2111 3069 expe-

521 3086 669 3176 rientur,
689 3084 842 3182 amplius
856 3109 939 3156 enm
956 3083 1103 3180 diligere
1120 3098 1156 3157 et
1172 3083 1351 3158 beatiores
1367 3111 1443 3159 esse
1456 3112 1530 3159 nou
1544 3103 1629 3160 suut
1645 3087 1873 3185 denegandae.

570 3209 712 3275 Paisos.
738 3203 828 3275 lllud
848 3227 994 3300 quoque
1011 3201 1162 3277 obsecro
1180 3203 1367 3288 dilucides,
1394 3220 1514 3278 utrum
1535 3206 1594 3280 illa
1616 3207 1681 3280 Dei
1708 3208 1810 3297 visio,
1839 3208 1877 3279 in
1902 3231 1976 3305 qua
1999 3207 2108 3280 beati·

522 3320 611 3392 tudo
630 3323 805 3414 consistit,
830 3323 949 3419 aliqua
967 3322 1036 3393 loei
1059 3320 1259 3395 differentia
1278 3323 1333 3395 rel
1353 3326 1474 3420 augeri
1492 3324 1550 3397 vel
1569 3326 1699 3416 minui,
1721 3350 1767 3398 an
1786 3326 1861 3422 ipsa
1878 3327 1915 3399 in
1941 3326 2108 3399 omnibus

522 3440 610 3512 loeis
631 3440 791 3513 exbiberi
810 3442 980 3514 omnibus
996 3457 1117 3539 queat,
1136 3440 1193 3513 vel
1211 3457 1328 3514 certus
1346 3445 1379 3513 ei
1396 3444 1523 3541 aliquis
1541 3444 1732 3544 deputatus
1751 3447 1796 3517 sit
1811 3446 1931 3539 locus,
1950 3472 2024 3544 quo
2039 3450 2107 3520 sci-

523 3557 606 3631 licet
623 3583 765 3631 necesse
781 3560 826 3631 sit
841 3562 1040 3656 pervenire,
1061 3561 1124 3656 qui
1139 3560 1199 3632 illa
1216 3560 1356 3633 fruituri
1371 3578 1455 3634 sunt
1471 3564 1635 3637 rinoue?

573 3681 772 3750 Canutius.
798 3679 868 3766 Qui
889 3683 1005 3751 Deum
1024 3679 1158 3776 ubique
1179 3704 1245 3779 per
1267 3681 1432 3780 potentiae
1448 3708 1519 3755 suae
1536 3684 1819 3782 magnitudinem
1841 3711 1916 3757 non
1945 3685 2105 3759 dubitant

524 3818 612 3878 esse,
631 3796 680 3866 ita
697 3797 729 3866 ei
744 3797 865 3868 omnia
878 3795 959 3868 loco
979 3799 1165 3895 praesentia
1181 3798 1353 3890 eredunt,
1374 3802 1464 3874 utin
1483 3803 1649 3876 omuibus
1664 3828 1885 3903 quecunque
1903 3806 1989 3877 velit
2003 3829 2104 3903 agere

527 3911 637 4007 possit
667 3926 703 3985 et
736 3927 807 3985 tarn
832 3915 908 4012 ipsa
943 3914 1042 4003 loca,
1075 3940 1185 4013 quam
1210 3921 1333 3992 omnia
1366 3920 1494 3993 inillis
1525 3922 1600 4018 ejus
1625 3923 1832 4021 operatione
1863 3923 1919 3996 vel
1943 3938 2107 4019 gerantur
2147 3960 2155 3983 ι

524 4028 581 4099 vel
612 4027 862 4126 disponantur,
888 4055 1115 4131 nequaquam
1140 4037 1207 4110 ista
1235 4039 1430 4135 quaestione
1455 4040 1624 4112 movendi
1648 4057 1745 4114 suut.
1775 4046 1852 4140 lpse
1881 4044 2015 4142 qnippe
2039 4060 2103 4131 est,

525 4149 608 4243 qni,
637 4149 690 4219 sic'
714 4173 813 4221 nunc
843 4175 988 4248 qnoque
1021 4154 1097 4226 sine
1124 4157 1305 4254 positione
1329 4157 1432 4230 locali
1463 4160 1554 4231 sicut
1585 4175 1666 4233 ante
1693 4175 1854 4259 tempora
1886 4163 2103 4251 consistens,

526 4280 695 4337 nontam
720 4268 757 4337 in
786 4267 868 4338 locu
892 4293 966 4340 esse
993 4270 1181 4345 ducendus
1211 4289 1285 4365 est,
1315 4277 1377 4371 qni
1406 4274 1608 4350 nullatenus
1635 4278 1755 4351 loculis
1782 4294 1852 4371 est,
1877 4305 1987 4377 qnam
2008 4283 2044 4353 in
2070 4308 2106 4355 se

526 4399 652 4457 cuncta
682 4385 896 4460 concludere
928 4387 1027 4477 luca,
1060 4391 1156 4489 ipsos
1181 4392 1308 4485 etiam,
1335 4409 1375 4465 ut
1403 4396 1574 4494 scriptum
1601 4413 1654 4470 est
1663 4401 1685 4489 ⁸,
1719 4429 1737 4465 α
1755 4398 1865 4471 coelos
1900 4400 2019 4498 palmo
2040 4426 2106 4472 suo

526 4504 756 4575 continens.»
784 4506 855 4593 Qui
884 4508 980 4579 enlm
998 4525 1079 4582 aute
1103 4512 1223 4581 omnia
1249 4511 1326 4584 sine
1348 4514 1430 4584 loco
1452 4515 1598 4607 exstitit,
1625 4540 1691 4588 nec
1709 4517 1775 4588 sibi
1801 4519 1910 4616 ipsius
1937 4519 2104 4609 modum,

525 4620 589 4692 sed
617 4619 719 4691 nobis
746 4623 825 4695 loca
854 4624 1051 4717 fabricavit,
1084 4628 1185 4724 cujus
1213 4648 1277 4701 uec
1305 4631 1418 4702 minui
1447 4656 1513 4705 nec
1528 4636 1650 4733 aargeri
1671 4634 1858 4710 beatitudo
1877 4652 1994 4736 potest
2014 4665 2022 4709 ε
2041 4663 2107 4711 nec

526 4730 634 4841 ullam
662 4733 843 4830 percipere
872 4735 1125 4826 variationem,
1157 4737 1293 4811 nullam
1324 4741 1579 4839 perlectionem
1610 4770 1774 4843 qunque,
1805 4748 1896 4819 sicut
1924 4774 1990 4822 nec
2011 4750 2107 4846 posi·

558 5008 563 5032 ¹
574 5001 663 5054 Forsan
671 5003 901 5069 Philosophia—¹
910 5006 1050 5058 Rbetnweld
1061 5012 1234 5062 omniun-³
1243 5015 1332 5075 Pron,
1342 5029 1395 5078 erp.
1408 5029 1463 5080 xri,
1476 5031 1498 5067 r.
1510 5021 1532 5071 t.
1547 5043 1576 5057 -
1589 5018 1730 5084 ⁴tsn.,cap.
1740 5025 1864 5085 xn,r.12.
