4559 6100
457 551 530 624 stt
1061 550 1190 624 PETRI
1218 538 1453 626 numano!

452 717 511 781 est,
529 700 740 790 dispositioni.
755 699 867 782 Aliter,
882 717 919 766 ut
937 725 945 768 :
959 702 1039 767 Vult
1052 725 1165 768 omnes
1178 701 1529 784 hominessalvoslieri,
1541 701 1646 781 idest,
1661 702 1798 768 consulit
1810 703 1860 768 vel
1876 707 2046 795 approbat.

455 799 539 864 Huic
554 798 712 864 voluntati
728 821 812 889 saepe
834 800 1023 884 resistimus,
1042 822 1116 865 eum
1143 800 1261 867 scilicet
1286 798 1374 889 quod
1397 801 1465 890 ipse
1489 800 1583 866 nobis
1606 800 1743 866 consulit
1763 798 1965 885 faciendum,
1984 827 2050 869 non

455 895 600 961 fadmus.
619 897 825 986 Dispositioni
840 921 981 988 quoque,
995 912 1151 987 quantum
1166 900 1200 963 in
1214 897 1307 963 nobis
1318 913 1377 977 est,
1390 898 1574 977 resistimus,
1593 914 1792 964 cumcontra
1808 922 1880 964 eam
1897 900 2047 981 nitimur,

455 1017 531 1058 oum
551 1010 660 1059 tamen
680 1017 750 1060 eam
767 995 923 1085 impedire
939 1018 1148 1084 nequeamus.
1168 996 1240 1061 Hoc
1256 1011 1363 1061 autem
1379 997 1572 1086 quandoque
1588 994 1625 1061 lit
1640 1019 1712 1061 cum
1733 995 1839 1086 culpa,
1856 998 2050 1089 quandoque

456 1092 524 1157 sine
540 1092 646 1182 culpa.
664 1095 746 1158 Cum
763 1092 856 1183 culpa
876 1118 883 1159 ε
902 1095 983 1160 sieut
996 1093 1127 1183 quarmo
1144 1117 1211 1160 non
1226 1094 1316 1159 bono
1333 1094 1420 1179 zelo,
1438 1118 1504 1160 non
1520 1118 1580 1185 pro
1596 1093 1702 1183 aliquo
1719 1092 1898 1160 dilectionis
1913 1095 2048 1177 aflectu,

456 1191 513 1255 sed
528 1191 634 1280 potius
655 1212 695 1255 ex
717 1190 837 1256 invidia
852 1191 904 1256 vel
923 1192 1028 1282 aliqua
1044 1191 1185 1280 nequitia
1200 1194 1234 1256 in
1252 1193 1448 1258 contrarium
1465 1214 1698 1283 repugnamus,
1716 1206 1752 1256 ut
1767 1214 1842 1257 oum
1856 1193 1942 1258 Deus
1957 1193 2050 1260 alicui

457 1288 588 1377 aliquod
603 1288 727 1353 bonum
738 1288 949 1370 administrat,
968 1288 1057 1379 quod
1073 1313 1112 1354 ex
1131 1287 1251 1354 invidia
1266 1290 1317 1357 vel
1329 1291 1555 1357 malevolentia
1569 1289 1686 1380 aliqua,
1705 1305 1861 1378 quantum
1871 1313 2049 1379 possumus,

457 1384 666 1476 impedimus,
693 1407 735 1451 ne
757 1385 810 1451 ille
832 1387 963 1453 habeat.
987 1388 1061 1452 Sine
1087 1388 1181 1477 culpa
1205 1386 1332 1453 duobus
1352 1389 1458 1454 modis
1475 1389 1619 1453 nitimur.
1643 1388 1725 1453 Cum
1745 1388 1832 1454 enim
1857 1387 2050 1479 quandoque

456 1483 621 1549 videamus
645 1484 750 1572 aliqua
770 1484 909 1567 evenire,
937 1507 1009 1575 quae
1030 1485 1125 1550 nobis
1140 1487 1404 1552 inconvenienter
1426 1485 1493 1553 lieri
1519 1484 1679 1567 videntur,
1701 1508 1768 1550 non
1789 1500 1937 1575 putamus
1953 1484 2008 1550 illa
2031 1510 2050 1550 a

456 1583 526 1646 Deo
548 1581 692 1671 disponi,
710 1597 743 1647 et
758 1581 833 1647 ideo
850 1599 963 1648 contra
978 1583 1135 1664 vadimus,
1153 1598 1187 1649 et
1200 1606 1242 1649 ne
1258 1586 1407 1649 eveniant
1427 1582 1655 1649 desideramus.
1674 1582 1746 1649 Hoc
1770 1583 1856 1648 enim
1871 1583 2050 1673 ignorantia

457 1694 599 1743 excusat.
617 1680 667 1743 Ex
683 1679 800 1745 affectu
815 1704 942 1770 quoque
959 1682 1098 1746 caritatis
1112 1680 1164 1745 vel
1179 1680 1287 1771 aliquo
1304 1681 1439 1746 naturali
1453 1681 1570 1746 affectu
1582 1682 1646 1745 hoc
1662 1678 1747 1745 idem
1765 1679 1909 1761 facimus,
1927 1696 1964 1744 ut
1978 1704 2052 1746 cum

456 1776 544 1841 videt
565 1777 635 1865 quis
655 1792 781 1869 patrem
802 1800 894 1843 suum
916 1780 1012 1857 mori,
1037 1780 1095 1844 seit
1116 1780 1162 1845 sic
1178 1803 1246 1845 esse
1270 1781 1305 1845 in
1327 1779 1536 1869 dispositione
1558 1777 1635 1859 Dei,
1654 1793 1811 1841 ettamen
1833 1776 1903 1842 vult
1927 1794 2049 1843 utnon

458 1874 623 1954 moriatur,
650 1890 683 1938 et
708 1872 797 1939 dolet
821 1876 895 1965 quia
919 1878 1065 1943 moritur.
1094 1878 1131 1940 ln
1153 1898 1217 1966 quo
1243 1877 1441 1955 notandum,
1465 1875 1553 1964 quod
1579 1873 1773 1964 quandoque
1793 1873 1881 1939 bona
1903 1874 2051 1940 voluntas

456 1971 595 2035 hominis
611 1993 630 2034 a
646 1971 810 2038 voluntate
825 1975 885 2038 Dei
903 1974 1083 2056 discordat,
1102 1973 1297 2064 quandoque
1314 1974 1399 2039 mala
1415 1996 1488 2039 cum
1506 1996 1546 2038 eo
1562 1972 1749 2038 concordat.
1769 1971 1841 2037 Hoc
1857 1973 2051 2061 Augustinus

457 2070 491 2132 in
507 2069 692 2134 Enchiridio
713 2068 809 2160 plane
825 2072 977 2139 ostendit.
995 2072 1067 2138 Hoc
1087 2074 1185 2138 etiam
1200 2074 1341 2138 Ecclesia
1358 2072 1452 2149 facit,
1472 2088 1509 2135 ut
1526 2093 1599 2135 cum
1619 2068 1708 2134 videt
1725 2067 1863 2158 aliquem
1879 2085 2051 2159 martyrem

458 2165 610 2230 trucidari
621 2165 674 2231 vel
689 2165 838 2257 lapidari,
849 2170 908 2234 scit
917 2170 1014 2252 bene,
1027 2169 1116 2259 quod
1129 2171 1194 2236 hoc
1204 2172 1238 2235 in
1251 2169 1455 2260 beneplacito
1468 2169 1529 2234 Dei
1540 2184 1600 2250 est,
1613 2183 1647 2233 et
1657 2166 1746 2256 quod
1756 2166 1881 2231 bonum
1896 2183 1944 2231 est
1954 2168 2051 2232 etiam

457 2262 514 2345 illi,
532 2280 568 2328 ut
582 2286 641 2354 per
659 2267 847 2355 martyrium
863 2266 942 2332 illud
959 2266 1000 2333 de
1015 2270 1076 2333 hac
1091 2268 1219 2334 miseria
1236 2269 1278 2333 ad
1293 2267 1526 2334 beatitudinem
1542 2264 1773 2331 transferatur:
1790 2278 1947 2330 ettamen
1964 2263 2052 2329 dolet

457 2378 490 2427 et
508 2361 625 2452 plorat,
644 2363 732 2453 quod
753 2366 799 2429 sio
814 2363 975 2456 allligitur.
1001 2368 1194 2452 Hujusmodi
1210 2366 1304 2433 fletus
1320 2382 1352 2432 et
1369 2365 1509 2448 dolores,
1527 2379 1676 2453 utsupra
1697 2360 1818 2426 dictum
1835 2377 1902 2441 est,
1926 2363 2052 2426 irratio-

458 2459 580 2525 nabiles
595 2477 685 2542 sunt,
709 2462 784 2551 quia
804 2464 839 2527 in
856 2486 964 2529 errore
981 2465 1170 2530 consistunt.
1188 2465 1380 2554 Quicunque
1401 2464 1488 2529 enim
1510 2461 1598 2552 quod
1619 2458 1772 2551 perficere
1793 2474 1958 2549 nequeunt
1973 2459 2052 2525 illud

457 2557 697 2648 aggrediuntur,
716 2576 835 2625 errant.
854 2561 934 2625 Sunt
955 2577 1063 2627 tamen
1078 2563 1199 2651 absque
1217 2561 1328 2652 culpa,
1346 2562 1421 2651 quia
1437 2584 1478 2626 ex
1493 2558 1631 2625 caritatis
1652 2557 1703 2622 vel
1722 2556 1853 2643 alicujus
1875 2556 2054 2653 dilectionis

456 2655 575 2720 affectu
592 2655 750 2744 procedit.
768 2658 817 2721 Ex
834 2679 875 2721 co
890 2660 986 2747 igitur
1002 2657 1090 2747 quod
1106 2659 1255 2724 voluntas
1268 2658 1421 2747 accipitur
1429 2681 1489 2749 pro
1499 2656 1718 2747 dispositione,
1736 2668 1844 2744 aperte
1859 2654 1973 2739 conjici
1987 2679 2053 2744 po·

457 2754 530 2831 tes't,
549 2753 637 2839 quod
648 2753 747 2816 multa
765 2754 910 2844 praecipit
922 2755 1007 2819 Deus
1025 2779 1096 2844 quae
1112 2779 1179 2820 non
1195 2755 1265 2820 vult
1279 2755 1360 2832 fieri,
1379 2771 1412 2820 et
1427 2754 1529 2819 multa
1543 2752 1706 2844 prohibet,
1723 2774 1796 2841 quae
1812 2751 1878 2816 lieri
1896 2749 2050 2841 disponit.

459 2848 615 2938 Praecepit
635 2849 722 2913 enim
737 2850 889 2931 Abrahae,
907 2867 944 2914 ut
959 2851 1061 2916 filium
1076 2875 1171 2917 suum
1187 2852 1379 2935 immolaret,
1398 2875 1495 2942 quem
1510 2867 1618 2916 tamen
1635 2849 1740 2914 noluit
1761 2846 1945 2914 immolari:
1964 2850 2053 2938 quod

457 2943 533 3010 iuda
556 2960 656 3035 patet,
684 2947 760 3036 quia
779 2968 840 3013 neo
860 2948 954 3013 luerit
976 2949 1175 3032 immolatus,
1199 2949 1283 3016 bene
1308 2967 1416 3015 tamen
1432 2950 1585 3039 pracepit
1608 2964 1641 3014 et
1661 2948 1745 3011 bene
1761 2945 1877 3013 noluit.
1899 2944 2054 3036 Praecepit

458 3042 633 3131 siquidem,
657 3061 693 3109 ut
708 3061 820 3111 notam
837 3045 956 3112 faceret
971 3045 1190 3113 obedientiam
1205 3046 1345 3113 Abrahae
1362 3070 1370 3113 ε
1388 3046 1492 3113 uoluit
1507 3064 1633 3127 autem,
1651 3044 1726 3135 quia
1742 3065 1808 3109 non
1824 3060 1893 3108 erat
1908 3045 2052 3110 rationa-

457 3140 530 3205 bilis
546 3164 639 3207 causa
656 3159 692 3207 ut
711 3141 813 3208 lilium
828 3166 922 3210 suum
943 3146 1110 3211 Abraham
1124 3145 1319 3212 immolaret.
1336 3145 1506 3211 Prohibuit
1521 3160 1553 3209 et
1571 3141 1733 3209 mundatis
1748 3141 1880 3232 leprosis
1896 3164 1937 3206 ne
1956 3165 1989 3207 se
2004 3141 2054 3206 di-

458 3239 625 3329 vulgarent
641 3264 649 3305 :
665 3241 767 3307 voluit
782 3257 891 3308 tamen
906 3260 942 3308 ut
956 3245 1021 3309 hoc
1040 3242 1193 3325 facerent,
1212 3260 1245 3308 et
1258 3245 1343 3309 bene
1360 3244 1480 3309 sciebat
1495 3241 1584 3331 quod
1599 3264 1664 3306 non
1682 3239 1849 3304 celaretur.
1868 3240 1910 3303 Et
1924 3239 2051 3329 quidem

370 3373 372 3377 ·
458 3336 542 3402 bene
558 3339 736 3428 prohibuit,
760 3356 797 3404 ut
820 3340 938 3407 scilicet
953 3339 1137 3432 exemplum
1152 3341 1340 3407 humilitatis
1360 3339 1509 3407 omnibus
1525 3339 1702 3405 exhiberet.
1729 3338 1815 3402 Bene
1831 3360 1960 3426 quoque
1975 3337 2053 3402 illud

457 3432 560 3499 voluit
574 3435 744 3527 divulgari,
760 3453 796 3501 ut
811 3438 897 3503 Deus
913 3438 1034 3504 scilicet
1044 3439 1122 3505 inde
1138 3438 1378 3529 glorificaretur.
1397 3440 1460 3530 Ipsi
1472 3440 1569 3504 etiam
1584 3435 1669 3501 bene
1686 3435 1830 3500 fecerunt
1840 3433 1930 3521 quod
1943 3436 1976 3499 in
1993 3435 2053 3499 hoo

457 3534 487 3596 ei
504 3555 569 3598 non
583 3534 794 3619 obedierunt,
813 3558 873 3602 nec
888 3536 965 3602 inde
980 3537 1216 3619 inobedientes,
1235 3537 1292 3603 sed
1308 3538 1414 3628 potius
1428 3535 1566 3600 humiles
1581 3533 1780 3599 exstiterunt.
1798 3531 1886 3597 Sicut
1902 3533 1927 3595 si
1944 3530 2053 3621 aliquis

372 3705 377 3712 ,
451 3647 532 3695 ante
549 3631 735 3721 episcopum
750 3655 834 3722 genu
846 3631 931 3699 flexo
946 3649 1043 3699 staret
1055 3650 1087 3699 et
1100 3635 1166 3724 ipse
1177 3633 1375 3725 prohiberet,
1391 3635 1607 3723 unusquisque
1621 3629 1708 3720 quod
1721 3651 1814 3693 suum
1830 3644 1911 3692 esset
1924 3627 2050 3709 faceret,

458 3743 489 3789 et
506 3727 560 3791 illo
577 3727 767 3812 deferendo,
786 3731 960 3817 majoribus
977 3734 1063 3797 enim
1078 3731 1304 3812 deferendum,
1322 3749 1356 3796 et
1367 3731 1533 3822 episcopus
1548 3725 1764 3820 prohibendo,
1781 3727 1856 3815 quia'
1869 3726 2054 3791 humilitatis

458 3823 642 3912 exemplum
659 3825 700 3889 ab
721 3827 872 3893 omnibus
891 3828 1109 3894 exhibendum
1125 3846 1185 3895 est.
1202 3827 1299 3894 Unde
1315 3829 1468 3895 Salomon
1488 3851 1495 3894 :
1512 3829 1643 3911 Quanto
1660 3846 1795 3915 maguus
1811 3845 1855 3906 es,
1873 3822 2004 3887 humilia
2020 3839 2053 3887 te

430 3977 433 3981 Α
457 3921 491 3983 in
507 3919 671 3985 omnibus.
689 3922 847 3989 Omnibus
861 3927 1075 3992 communiter
1088 3927 1233 4017 praecipit
1243 3927 1330 3992 Deus
1345 3925 1482 4017 :Diliges
1493 3924 1662 3991 dominum
1673 3923 1779 3987 Deum
1794 3937 1886 3985 tuum
1901 3943 1908 3984 :
1927 3920 2052 3986 sthene

457 4017 515 4080 scit
536 4016 692 4105 quosdam
714 4042 780 4084 non
800 4021 998 4088 obedituros.
1023 4024 1087 4090 Sed
1106 4025 1233 4114 nequis
1253 4023 1374 4090 diceret
1392 4047 1400 4091 :
1418 4023 1484 4088 lllis
1502 4022 1664 4113 praecepit,
1686 4018 1813 4084 etmihi
1831 4040 1907 4095 non,
1924 4032 1956 4080 et
1975 4016 2052 4081 idco

459 4115 577 4196 nescio,
596 4115 629 4179 in
652 4138 717 4204 quo
733 4114 871 4183 debeam
887 4120 917 4185 ei
938 4120 1088 4202 obedire,
1105 4120 1156 4186 vel
1173 4145 1240 4186 non
1260 4145 1332 4186 sum
1347 4145 1440 4201 reus,
1462 4121 1489 4185 si
1504 4142 1571 4184 non
1586 4119 1650 4184 hoc
1666 4117 1763 4198 facio,
1782 4115 1934 4205 quiahoc
1949 4113 2053 4178 facere

460 4234 527 4276 uon
553 4228 601 4277 est
621 4214 701 4278 mihi
722 4213 913 4300 injunctum,
932 4232 964 4281 et
980 4218 1026 4282 sic
1045 4219 1234 4284 excusabilis
1259 4242 1356 4285 sum:
1380 4241 1434 4299 ne,
1454 4219 1600 4307 inquam,
1620 4217 1685 4280 hoc
1708 4213 1842 4294 diceret,
1869 4227 1906 4276 ut
1923 4232 2052 4276 omnem

459 4324 623 4375 removeat
638 4312 877 4378 excusationem
891 4313 1043 4380 omnibus
1057 4317 1215 4408 praecipit.
1232 4316 1308 4381 Non
1320 4315 1389 4381 vult
1405 4331 1512 4379 tamen
1531 4329 1566 4377 ut
1584 4335 1695 4377 omnes
1707 4310 1874 4392 obediant,
1889 4309 1963 4397 quia
1974 4308 2054 4372 sicut

459 4406 649 4471 rationabile
665 4424 713 4472 est
728 4409 884 4496 quosdam
901 4410 1046 4496 obedire,
1062 4416 1106 4479 sic
1121 4431 1155 4480 et
1167 4414 1244 4479 alios
1260 4436 1328 4477 non
1344 4411 1490 4478 obedire.
1508 4410 1658 4476 Similiter
1671 4408 1712 4473 de
1728 4406 1945 4498 prohibitione
1959 4405 2055 4468 ratio-

460 4504 561 4568 cinari
584 4503 670 4570 licet.
694 4504 792 4589 Quod
817 4524 852 4572 ut
877 4510 1056 4576 evidentius
1080 4533 1267 4601 cognoscas,
1293 4509 1334 4576 de
1360 4510 1456 4576 Petro
1481 4525 1516 4573 ct
1538 4506 1621 4572 luda
1644 4503 1827 4594 exemplum
1852 4503 1914 4568 tibi
1936 4524 2050 4566 sumas.

460 4600 594 4688 Utrique
619 4621 815 4693 praeceptum
832 4605 1011 4673 dilectionis
1033 4608 1136 4674 dedit.
1161 4608 1273 4672 Petrus
1294 4606 1456 4687 obedivit,
1478 4603 1577 4669 ludas
1593 4627 1677 4686 non,
1701 4601 1859 4690 quianon
1880 4599 1994 4672 voluit,
2019 4613 2054 4661 ut

461 4697 608 4765 obediret
627 4722 635 4764 :
654 4716 687 4765 et
700 4702 781 4766 sicut
795 4704 993 4770 rationabilis
1009 4729 1105 4771 causa
1120 4704 1192 4784 fuit,
1210 4726 1309 4793 quare
1326 4703 1430 4770 voluit
1444 4719 1481 4768 ut
1494 4701 1643 4769 obediret
1656 4701 1782 4782 Petrus,
1799 4699 1845 4765 sic
1858 4693 2055 4762 rationabilis

460 4819 556 4884 causa
572 4795 645 4880 fuit,
662 4820 760 4887 quare
777 4801 879 4866 noluit
894 4789 931 4865 ut
942 4800 1044 4869 Iudas
1057 4800 1207 4868 obediret
1218 4817 1251 4868 et
1267 4800 1487 4868 damnaretur.
1502 4800 1589 4865 Nota
1608 4821 1616 4864 z
1635 4820 1703 4862 non
1720 4795 1862 4885 disponit
1877 4793 1963 4864 mala
1974 4814 2053 4872 esse,

462 4892 518 4959 sed
532 4895 688 4984 permittit
701 4919 768 4963 esse
786 4922 794 4964 :
813 4915 922 4965 tamen
938 4898 1035 4981 mala,
1054 4898 1089 4965 id
1105 4914 1165 4979 est,
1183 4898 1225 4965 de
1238 4898 1299 4964 illis
1314 4897 1399 4966 bene
1415 4896 1556 4963 ordinat.
1572 4895 1642 4964 Nec
1657 4894 1810 4983 sequitur,
1828 4892 1854 4956 ai
1868 4890 2010 4980 disponit
2023 4903 2057 4962 el

460 4990 540 5074 vult,
557 4993 632 5084 quia
649 5016 726 5062 eum
740 4996 821 5062 velle
838 4995 960 5086 aliquid
977 5019 1043 5062 nou
1059 5012 1108 5066 est
1122 4996 1212 5064 aliud
1227 5020 1326 5090 quam
1341 4997 1371 5063 ei
1387 4995 1513 5085 placere
1529 5011 1562 5060 et
1577 5016 1682 5088 ipsum
1698 5007 1915 5058 rentunsrure.
