4559 6100
402 615 411 637 ¹
452 585 525 659 326
1047 585 1177 662 PE'l'Rl
1202 579 1437 661 lemanni

453 759 491 808 se
507 733 620 832 diligit
642 735 706 832 qui
727 748 876 834 propter
892 738 1008 808 Deum
1025 750 1097 810 tam
1119 736 1257 810 bonam
1280 760 1362 834 erga
1383 761 1469 810 eum
1491 733 1714 808 voluntatem
1730 734 1852 827 habet,
1879 745 1921 807 'ut
1935 736 1987 807 sic
2001 755 2039 808 se

453 867 692 954 proptereum
709 878 831 949 gerere
841 854 994 947 studeat,
1013 881 1060 928 ne
1073 855 1134 929 ille
1150 856 1197 929 de
1213 881 1252 929 se
1263 856 1358 954 juste
1373 853 1547 952 conqueri
1559 854 1690 954 possit,
1703 853 1795 927 sicut
1805 878 1873 927 nec
1883 854 1959 953 ipse
1971 853 2040 926 sibi

453 971 499 1054 ab
514 971 577 1046 illo
590 970 762 1059 vultfieri‚
782 971 829 1045 de
841 998 914 1069 quo
921 973 1013 1070 juste
1023 976 1196 1070 conqueri
1212 988 1332 1071 queat.
1343 972 1396 1046 ad
1410 970 1632 1045 bancautem
1642 972 1796 1072 proximi
1811 970 2039 1045 dilectionem

454 1091 514 1165 illa
531 1090 607 1165 duo
629 1090 801 1168 naturalis
820 1090 909 1189 legis
927 1106 1103 1191 praecepta
1122 1093 1315 1193 pertinent.
1335 1121 1354 1160 α
1367 1089 1476 1179 Quod
1498 1089 1565 1163 tibi
1584 1111 1659 1162 non
1680 1089 1734 1162 ris
1754 1087 1853 1182 lieri,
1872 1089 1973 1163 alteri
1994 1105 2041 1163 ne

454 1211 599 1285 seceris:
616 1240 635 1280 u
646 1223 683 1283 et
694 1239 712 1278 «
724 1214 813 1299 Quae
821 1209 929 1284 vultis
938 1225 979 1283 ut
994 1209 1237 1285 laciantvobis
1249 1209 1430 1301 homines,
1444 1215 1481 1283 et
1490 1229 1557 1281 ros
1567 1206 1694 1282 eadem
1704 1208 1807 1281 facite
1816 1207 1896 1281 illis.
1912 1239 1929 1273 >2
1941 1211 2040 1297 Quo·

455 1353 537 1402 rum
555 1327 704 1428 quidem
723 1341 984 1427 praeceptorum
999 1329 1232 1426 intelligentia
1247 1352 1327 1426 quae
1342 1327 1388 1401 sit
1405 1326 1587 1419 habenda,
1606 1351 1683 1399 non
1699 1327 1854 1401 fortassis
1871 1325 2040 1399 omnibus

454 1463 564 1547 patet.
588 1452 688 1548 Saepe
710 1449 808 1523 enim
823 1448 901 1521 aliis
920 1471 964 1521 ex
986 1449 1133 1522 caritate
1149 1448 1329 1521 honorem
1350 1462 1413 1521 aut
1428 1446 1645 1521 beneficium
1667 1446 1921 1545 impendimus,
1940 1445 2039 1542 quod

455 1568 501 1642 ab
526 1569 603 1642 aliis
627 1568 806 1667 suscipere
831 1591 1058 1661 recusamus,
1085 1568 1143 1641 vel
1167 1593 1259 1668 saepe
1282 1568 1371 1641 alios
1395 1591 1464 1668 pro
1483 1568 1621 1666 justitia
1642 1568 1830 1665 punimus,
1853 1565 1910 1638 vel
1934 1567 2041 1637 etiam

453 1686 710 1779 interficimus,
741 1711 824 1761 cum
849 1685 923 1759 hoc
946 1685 995 1759 ab
1021 1686 1099 1759 aliis
1122 1685 1227 1759 nullo
1253 1685 1366 1759 modo
1390 1687 1465 1785 pati
1489 1686 1651 1759 velimus.
1673 1686 1762 1773 Quis
1787 1686 1893 1758 etiam
1909 1685 2043 1756 nesciat

456 1830 718 1904 nonnunquam
734 1830 802 1880 nos
824 1804 914 1878 velle
931 1807 1008 1903 ipsa
1025 1805 1132 1878 nobis
1148 1804 1227 1878 fieri
1242 1831 1322 1905 quse
1338 1829 1414 1878 non
1433 1807 1615 1896 convenit,
1635 1827 1712 1877 non
1730 1812 1851 1877 tarum
1867 1801 1951 1876 ideo
1976 1827 2041 1875 nos

455 1924 532 1997 aliis
546 1949 590 1997 ea
606 1925 721 1998 lacere
736 1923 886 1996 debere?
904 1929 963 2016 Ut,
982 1925 1012 1996 si
1026 1923 1135 1997 velim
1151 1923 1242 1998 mihi
1258 1924 1419 1998 assentiri
1433 1925 1472 1997 in
1482 1925 1591 2015 malo,
1605 1921 1782 2019 numquid
1795 1921 1872 1994 aliis
1884 1921 2043 1993 similiter

455 2044 616 2116 assentiri
642 2041 758 2117 debeo
780 2041 826 2115 ad
853 2041 1101 2141 peccandum?
1127 2045 1227 2142 Saepe
1251 2044 1359 2116 etiam
1382 2044 1517 2117 Praelati
1540 2042 1588 2116 de
1614 2041 1766 2115 subditis
1792 2042 1937 2136 exigunt
1960 2038 2042 2111 talia

455 2161 628 2260 obsequia
645 2186 725 2261 quae
742 2185 970 2260 nequaquam
986 2162 1158 2236 convenit
1174 2187 1238 2236 eos
1254 2161 1407 2235 subditis
1416 2161 1580 2254 reddere,
1594 2174 1632 2234 et
1645 2183 1821 2260 pauperes
1837 2183 1858 2232 a
1874 2156 2042 2231 divitibus

456 2282 568 2354 multa
592 2280 661 2354 sibi
681 2280 759 2354 lieri
781 2280 921 2372 volunt,
941 2306 1021 2380 quae
1045 2282 1195 2354 minime
1211 2282 1282 2381 ipsi
1299 2280 1377 2354 aliis
1396 2279 1515 2356 lacere
1534 2292 1687 2379 possunt
1705 2304 1714 2349 z
1733 2291 1774 2352 ut
1789 2277 1953 2350 videlicet
1973 2276 2044 2350 hoc

356 2404 361 2410 ’
454 2400 603 2500 implere
625 2413 781 2498 queant,
807 2430 825 2466 a
840 2425 919 2500 qnae
934 2399 1041 2472 vultis
1061 2384 1106 2473 ut¹
1120 2400 1253 2475 faciant
1267 2399 1386 2495 uobis,
1409 2414 1481 2474 etc.
1493 2430 1512 2467 s
1529 2400 1599 2472 nisi
1624 2398 1715 2471 sorte
1730 2397 1869 2471 dicatur
1884 2395 1957 2469 boc
1971 2419 2045 2469 non
2084 2389 2087 2394 ⁴

455 2542 531 2591 esse
553 2520 718 2616 generale
737 2534 969 2618 preceptum,
995 2518 1057 2592 sed
1076 2518 1133 2591 bis
1149 2533 1270 2594 tamen
1292 2520 1365 2593 hoc
1384 2519 1542 2619 praecipi,
1566 2518 1628 2615 qui
1650 2518 1766 2590 vicem
1788 2513 2045 2588 beneficiorum

455 2638 585 2710 referre
600 2651 764 2736 possunt,
785 2639 877 2711 sicut
888 2652 925 2710 et
940 2637 1181 2727 cum-dicitur,
1196 2639 1304 2712 «dete
1320 2639 1613 2734 eleemosynam»
1630 2635 1701 2727 vel,
1719 2636 1869 2730 «frange
1878 2636 2046 2708 esurienti

455 2779 585 2851 panem
610 2771 727 2847 tuum,
745 2784 763 2825 n
781 2757 824 2828 iis
848 2770 990 2829 tantum
1012 2757 1075 2855 qui
1095 2756 1168 2830 hoc
1190 2772 1354 2855 possunt,
1372 2758 1583 2855 injungitur.
1603 2760 1652 2828 Ut
1664 2769 1785 2828 autem
1807 2755 1961 2828 breviter
1978 2752 2046 2825 ob·

452 2875 554 2969 jectis
570 2874 865 2973 respondeamus,
892 2897 974 2948 curn
996 2874 1141 2965 dicitnr,
1162 2876 1303 2964 «Quod
1321 2877 1384 2950 tibi
1410 2877 1571 2968 nonnis,
1596 2889 1664 2949 ete.
1687 2903 1706 2942 n
1723 2888 1761 2948 et
1786 2871 1915 2971 «quod
1939 2871 2046 2944 vultis

456 3003 509 3080 ut,
532 3003 601 3064 etc.
617 3016 646 3059 n¹
663 2993 715 3065 sic
740 2994 855 3088 accipi
876 2992 1024 3086 debent,
1044 2994 1197 3069 utillud
1226 2994 1272 3071 de
1294 2997 1431 3094 injuriis
1455 2995 1642 3086 cavendis,
1675 2992 1770 3068 istud
1798 2989 1845 3067 de
1865 2991 2046 3067 beneficiis

455 3106 707 3209 impendendis
734 3107 922 3205 intelligas,
953 3132 996 3182 ac
1023 3115 1054 3182 si
1081 3112 1250 3184 dicatur:
1275 3117 1377 3185 Sicut
1391 3116 1552 3210 injuriari
1578 3135 1654 3185 non
1679 3114 1752 3201 vis,
1779 3110 1832 3182 sic
1848 3107 1904 3181 ab*
1924 3109 2047 3184 alienis

455 3228 593 3300 abstine
609 3226 765 3318 offensis,
783 3227 927 3303 etsicnt
951 3226 1019 3301 tibi
1032 3229 1070 3300 in
1091 3229 1361 3304 necessitatibus
1378 3230 1450 3303 tuis
1472 3230 1526 3303 vis
1546 3228 1825 3302 misericorditer
1842 3227 2043 3315 subreniri,

456 3350 505 3420 ita
528 3361 564 3420 et
582 3345 660 3420 aliis
686 3346 837 3420 subveni
864 3347 893 3419 si
920 3349 1034 3447 possis
1059 3348 1098 3421 in
1119 3350 1207 3423 suis.
1229 3355 1342 3424 Nemo
1367 3365 1489 3426 antem
1514 3348 1633 3425 bonus
1653 3371 1694 3421 se
1715 3347 1753 3420 id
1775 3370 1882 3447 posse
1904 3346 2044 3436 fatebar,

455 3468 525 3563 qui¹
545 3468 600 3539 sui
621 3468 713 3565 juris
737 3490 814 3539 non
840 3489 939 3560 esse,
963 3467 1021 3541 vel
1045 3468 1115 3542 sibi
1140 3470 1289 3545 minime
1314 3468 1657 3544 conuenirecredit.
1687 3472 1779 3541 Cum
1806 3481 1927 3540 autem
1951 3470 2047 3540 Deus

455 3599 604 3686 propter
627 3611 665 3669 se
692 3601 830 3659 tantum
858 3589 903 3660 sit
925 3587 1142 3685 diligendus,
1170 3592 1369 3688 proximus.
1382 3605 1512 3664 autem
1525 3603 1674 3690 propter
1690 3591 1822 3678 Deum,
1847 3600 1990 3660 constat
2010 3589 2048 3659 in

456 3705 647 3777 dilectione
668 3706 822 3803 proximi
846 3705 1078 3779 dilectionem
1100 3709 1166 3780 Dei
1193 3708 1331 3782 includi
1349 3736 1357 3780 ε
1377 3734 1472 3785 cum:
1485 3709 1651 3783 videlicet
1674 3707 1751 3780 sine
1771 3705 2049 3779 dilectioneDei

456 3846 532 3894 esse
554 3845 630 3894 non
650 3825 777 3921 possit.
794 3823 898 3897 Unde
925 3839 962 3896 et
984 3848 1068 3896 cum
1084 3848 1164 3898 eam
1186 3824 1483 3921 describeremus,
1508 3826 1826 3928 providepropter
1849 3828 1974 3897 Deum·
1987 3824 2049 3895 ad·

453 3941 617 4036 jecimus.
639 3939 791 4013 Dilectio
808 3943 982 4015 veroDei
999 3967 1083 4015 cum
1101 3943 1310 4019 naturaliter
1325 3948 1430 4046 prior.
1447 3949 1494 4021 sit
1509 3945 1700 4020 dilectione
1714 3944 1888 4043 proximi,
1908 3944 2000 4017 sicut
2014 3957 2056 4015 et⁵

456 4058 553 4129 Deus
577 4055 786 4128 naturaliter
811 4057 913 4155 prior
936 4071 991 4137 est
1014 4058 1196 4156 proximo,
1223 4062 1369 4133 nonita
1392 4085 1414 4135 e
1437 4084 1613 4134 converso
1640 4058 1871 4131 dilectionem
1895 4058 2048 4155 proximi

456 4174 656 4247 necessario
680 4173 967 4275 comprehendit,
994 4189 1035 4248 nt
1058 4176 1135 4249 sine
1156 4179 1323 4277 proximo
1346 4183 1445 4255 Deus
1466 4178 1567 4276 diligi
1588 4180 1681 4252 sieut
1703 4201 1779 4251 esse
1800 4177 1925 4276 possit.
1949 4175 2051 4249 Unde

455 4291 550 4364 bene
562 4291 790 4366 dilectionem
799 4294 967 4395 proximi,
984 4295 1120 4394 potius¹
1134 4320 1244 4394 quam
1256 4297 1488 4373 dilectionem
1498 4298 1564 4371 Dei
1574 4297 1690 4393 legem
1702 4294 1899 4394 adimplere
1909 4293 2051 4366 videtur

458 4411 649 4513 Apostolus
661 4412 805 4495 dixisse.
824 4417 904 4488 Non
922 4415 1103 4488 immerito
1117 4417 1228 4514 quaeri
1243 4432 1373 4516 potest,
1391 4418 1421 4491 si
1436 4441 1500 4492 eos
1515 4439 1662 4515 quoque
1677 4413 2048 4512 diligere'debeamns,

457 4527 521 4627 qui
537 4528 573 4599 in
589 4529 730 4607 inlerno
740 4546 841 4623 sunt,
860 4531 917 4605 vel
931 4535 994 4630 qui
1009 4532 1248 4632 praedestinati
1263 4535 1311 4609 ad
1326 4537 1438 4609 vitam
1455 4561 1532 4611 non
1547 4549 1652 4627 sunt,
1671 4547 1735 4607 aut
1748 4534 1779 4604 si
1787 4533 1909 4605 ‘macti
1928 4531 1966 4602 in
1976 4528 2051 4601 alia

459 4646 567 4727 etiam
583 4648 656 4725 ,rita
672 4672 818 4726 omnem
840 4652 1046 4751 proximum
1066 4652 1117 4726 ita
1139 4667 1180 4726 ut
1199 4678 1238 4727 se
1253 4654 1415 4751 diligant,
1431 4669 1506 4728 tam
1520 4650 1736 4727 eosscilicet
1752 4650 2051 4748 quosdamn'atos

454 4767 531 4862 jam
550 4764 675 4843 vident
695 4769 750 4841 vel
773 4770 976 4863 damnatos,
999 4776 1078 4845 Deo
1093 4773 1286 4861 revelante,
1297 4772 1515 4873 praevident,
1538 4794 1648 4869 quam
1663 4769 1808 4840 electos.
1827 4767 1900 4841 Sed
1913 4792 1998 4841 cum
2013 4767 2050 4836 in

459 4886 636 4982 proxime,
669 4886 761 4960 sicut
784 4886 949 4981 diximus,
981 4890 1098 4962 omnis
1120 4888 1594 4987 homo-sit.intelligendus,
1612 4884 1801 4986 quomodo
1822 4886 2051 4961 dilectionem

491 5163 592 5213 'Potius
604 5166 672 5245 deest
682 5166 749 5229 spurt
759 5165 924 5217 animatum.
