4559 6100
712 502 757 576 ΙΝ
780 500 1029 577 urtsrotltt
1052 501 1114 576 ln
1137 501 1368 576 Romanos.
1767 500 1841 576 att

241 671 425 748 corporeae
439 646 646 722 substantiae
661 662 828 722 naturam
841 649 984 723 amittit.
996 651 1114 740 Quaeri
1127 652 1237 724 etiam
1249 664 1382 750 potest,
1399 674 1484 725 cum
1497 654 1593 725 Deus
1604 649 1680 750 ipse
1690 665 1842 751 propter

241 793 280 842 se
292 770 414 867 potius
429 769 540 867 quam
559 782 706 870 propter
721 792 834 869 opera
846 793 911 843 sna
925 770 972 842 sit
986 768 1203 859 laudandus,
1222 769 1411 867 quomodo
1427 770 1526 844 dicat
1538 770 1741 871 Apostolus,
1755 794 1841 844 eum

241 907 390 991 propter
407 915 520 992 opera
539 916 604 965 sua
619 916 697 965 esse
713 891 1002 989 glorificandum,
1023 892 1063 966 id
1079 906 1133 966 est
1148 893 1304 965 maxima
1320 891 1429 967 laude
1452 893 1616 992 dignum.
1639 896 1692 966 Ex
1706 917 1745 966 se
1764 895 1841 992 ipse

135 1053 138 1058 ,
241 1011 376 1110 quippe
400 1009 521 1084 bonus
543 1010 602 1085 vel
621 1010 728 1085 laude
749 1011 879 1108 dignus
900 1026 954 1086 est
976 1013 1230 1112 potiusquam
1252 1036 1297 1085 ex
1321 1011 1493 1112 operibus
1519 1014 1614 1106 suis,
1637 1025 1842 1113 etpropter

241 1127 361 1230 ipsum
383 1151 494 1231 opera
510 1130 587 1228 ejus
608 1131 731 1230 potius
750 1145 834 1204 sunt
850 1131 1031 1206 laudanda
1046 1130 1103 1205 vel
1120 1130 1220 1205 bona
1236 1155 1345 1229 quam
1362 1132 1438 1231 ipse
1454 1148 1604 1233 propter
1627 1155 1750 1232 opera.
1771 1132 1842 1204 Sed

240 1246 324 1324 licet
346 1274 390 1323 ex
411 1251 530 1349 seipso
555 1251 676 1350 potins
699 1273 808 1346 quam
831 1274 875 1323 ex
898 1251 1032 1324 effectis
1057 1253 1129 1324 suis
1156 1252 1231 1352 ipse
1252 1249 1374 1324 bonus
1395 1251 1453 1342 sit,
1477 1250 1535 1325 vel
1558 1251 1688 1350 dignus
1712 1248 1839 1341 laude,

242 1364 478 1443 actio‘tamen
496 1370 575 1469 ipsa
592 1369 785 1467 gratiarum
806 1369 865 1441 vel
887 1368 1034 1444 effectus
1055 1369 1174 1445 laudis
1197 1383 1340 1460 nostrae,
1359 1393 1470 1467 quam
1486 1370 1520 1444 ei
1543 1370 1779 1470 persolvimus
1798 1393 1842 1443 ex

241 1488 414 1588 operibus
434 1511 515 1587 quae
535 1513 601 1588 per
624 1488 743 1587 ipsum
765 1489 1031 1585 cognoscimus,
1056 1489 1414 1588 consequitansicut
1435 1503 1471 1564 et
1493 1488 1684 1587 cujuslibet
1698 1487 1842 1564 artificis

240 1605 325 1681 laus
345 1609 384 1680 in
409 1609 581 1708 operibus
605 1608 682 1705 ejus
704 1609 948 1705 cognoscitur,
976 1624 1013 1682 et
1038 1610 1204 1709 quamvis
1225 1623 1377 1709 propter
1392 1610 1577 1683 scientiam
1599 1632 1710 1707 quam
1730 1607 1841 1683 haber

237 1727 314 1823 jam
334 1726 466 1824 dignus
484 1728 531 1801 sit
547 1726 668 1815 laude,
687 1743 723 1800 et
736 1727 901 1801 notitiam
920 1742 1040 1802 tamen
1057 1754 1211 1829 operum
1228 1729 1305 1826 ejus
1317 1725 1476 1803 laudatio
1500 1730 1576 1826 ejus
1592 1730 1837 1827 consequitur.

242 1851 315 1921 Nec
329 1850 522 1946 Apostolus
538 1848 610 1922 boc
625 1848 717 1920 loco
730 1847 820 1921 dicit
841 1852 959 1922 Deum
980 1849 1130 1947 dignum
1147 1848 1253 1923 laude
1277 1862 1427 1949 propter
1441 1874 1553 1949 opera
1568 1875 1647 1948 quae
1663 1849 1758 1939 fecit,
1774 1848 1839 1923 sed

241 1990 309 2040 nos
318 1967 367 2042 ad
378 1968 456 2066 ejus
465 1967 632 2040 bortatur
642 1966 788 2041 laudem
804 1983 953 2066 propter
970 1993 1081 2069 opera
1097 1969 1174 2065 ejus
1190 1992 1270 2066 qnae
1286 1969 1552 2066 cognoscimus.
1566 1999 1584 2038 κ
1599 1969 1669 2068 lpsi
1681 1968 1837 2066 gloriar

241 2086 370 2186 inquit,
393 2115 412 2155 o
425 2088 485 2179 sit,
508 2118 526 2155 >2
545 2086 583 2160 id
599 2102 654 2160 est
666 2085 805 2185 optima
824 2101 860 2158 et
880 2111 1024 2164 summa
1039 2101 1075 2161 et
1090 2087 1160 2161 late
1173 2103 1301 2187 patens
1316 2088 1424 2181 fama,
1448 2115 1466 2156 s
1485 2088 1523 2161 in
1539 2088 1680 2181 secula,
1698 2086 1843 2161 »idest

240 2229 306 2303 per
320 2230 448 2279 omnes
464 2187 717 2280 successiones·
727 2219 946 2303 temporum.
972 2212 1135 2299 «Amen,
1160 2235 1179 2275 u
1206 2205 1243 2280 id
1266 2221 1318 2279 est
1336 2206 1412 2297 liat,
1435 2207 1536 2305 quod
1556 2220 1611 2280 est
1627 2204 1839 2280 adverbium

241 2325 405 2424 optandi,
422 2325 618 2426 aliquando
634 2327 747 2414 etiam=
760 2324 1015 2419 confirmandi,
1033 2326 1182 2423 quando
1198 2325 1365 2401 videlicet
1377 2326 1525 2427 ponitur
1539 2350 1622 2427 pro,
1639 2328 1718 2399 sita
1735 2338 1801 2416 est,
1816 2353 1835 2391 s

241 2442 298 2516 vel
318 2473 337 2514 a
356 2467 480 2518 rerum
498 2460 596 2520 est.»

292 2563 484 2640 «Obsecro
498 2567 653 2664 itaque&
672 2569 797 2657 »Quia
823 2568 991 2643 videlicet
1015 2568 1095 2646 talis
1124 2571 1181 2645 vel
1202 2581 1323 2645 tantus
1346 2582 1419 2662 est,
1439 2594 1482 2643 es
1508 2591 1584 2668 quo
1608 2567 1753 2672 omnia,
1772 2591 1838 2667 per

240 2709 363 2785 quem,
380 2706 467 2785 etc,
484 2691 636 2765 obsecro
662 2706 704 2764 ut
724 2718 791 2766 vos
817 2694 916 2794 ipsos
937 2695 970 2767 ei
992 2694 1149 2768 hostiam
1173 2695 1377 2795 praeparetis
1401 2694 1541 2793 potius,
1563 2715 1679 2790 quam
1706 2713 1839 2790 pecora

240 2822 356 2884 restra
374 2810 444 2908 ipsi
463 2812 640 2884 mactetis.
659 2813 771 2901 Quasi
786 2812 990 2911 adjurando
1014 2839 1078 2887 eos
1096 2828 1269 2904 coarctat,
1289 2838 1374 2887 cum
1390 2812 1506 2886 dicit:
1528 2814 1627 2883 «Per
1640 2810 1841 2883 misericor·

241 2925 338 3001 diam
353 2930 434 3024 Dei,
451 2959 468 2997 n
486 2955 529 3004 ac
546 2932 575 3004 si
595 2931 752 3005 diceret:
771 2934 869 3005 Sicut
891 2933 938 3005 de
958 2933 1205 3007 misericordia
1226 2933 1303 3030 ejus
1318 2930 1514 3021 confiditis,
1539 2931 1588 3004 ita
1609 2942 1645 3018 et
1660 2930 1707 3003 ad
1725 2930 1839 3029 ipsam

241 3047 477 3124 obtinendam
508 3066 686 3149 quantum
713 3053 838 3127 valetis
865 3078 932 3126 vos
960 3056 1178 3155 praeparetis.
1210 3058 1373 3153 Corpora
1399 3077 1574 3151 pecorum
1599 3076 1685 3124 cum
1710 3050 1838 3125 offere·

240 3166 373 3242 bantur
387 3170 426 3243 in
441 3169 630 3265 sacrificio,
646 3171 925 3264 occidebantnr3
945 3188 1069 3247 nostra
1089 3187 1211 3247 antem
1223 3194 1380 3271 corpora
1393 3195 1478 3244 cum
1494 3173 1573 3243 Deo
1588 3168 1835 3263 immolantur,

240 3287 334 3362 vitiis
363 3289 415 3363 ita
441 3291 658 3380 moriuntur,
681 3305 722 3364 ut
743 3291 816 3365 vita
843 3315 918 3363 uon
939 3292 1151 3390 priventur.⁸
1167 3295 1212 3363 Et
1234 3290 1307 3364 hoc
1328 3287 1502 3387 estquod
1523 3287 1632 3376 dicit,
1652 3286 1838 3361 «hostiam

240 3408 433 3501 viventem,
447 3439 465 3479 u
480 3424 517 3483 et
531 3422 619 3483 tunc
634 3408 798 3508 profecto
818 3409 1076 3483 immolationis
1093 3423 1225 3483 nostrae
1242 3407 1458 3505 obsequium
1481 3403 1693 3478 rationabile
1717 3419 1785 3495 est,
1807 3408 1837 3479 si

239 3550 310 3601 nos
337 3529 434 3627 ipsos
460 3531 511 3603 ita
535 3530 765 3603 immolemus
792 3530 1048 3629 potiusquam
1072 3553 1210 3629 pecora
1235 3543 1358 3603 nostra
1384 3528 1417 3600 ei
1441 3540 1656 3618 mactemus,
1685 3524 1742 3597 vel
1769 3548 1837 3598 nos

239 3648 337 3745 ipsos
359 3663 509 3748 propter
532 3674 617 3724 eum
638 3650 908 3724 interficiamus.
938 3650 1197 3725 «Conformari
1220 3649 1306 3723 huic
1330 3648 1493 3738 seculo‚»
1523 3645 1637 3719 idest
1661 3645 1837 3719 seculares

239 3766 522 3866 quiprmsentem
537 3769 649 3842 vitam
664 3768 819 3867 diligunt
831 3769 976 3843 imitari.
991 3769 1091 3841 «Sed
1100 3748 1359 3858 reformamini,
1374 3798 1392 3834 »
1404 3767 1442 3841 id
1452 3782 1505 3839 est
1518 3764 1658 3839 studete
1668 3788 1836 3863 reparare

237 3910 281 3959 ac
303 3911 479 3961 renovare
497 3887 664 3962 humanae
690 3890 839 3963 rationis
860 3912 1007 3961 sensum
1030 3889 1186 3987 peccatis
1206 3887 1423 3986 jamdudum
1445 3883 1734 3960 obtenebratum.
1757 3914 1775 3951 α
1790 3887 1837 3957 Ut

237 4006 289 4079 sic
311 4005 496 4106 probetis,
510 4035 529 4077 n
549 4008 588 4081 id
612 4024 666 4083 est
688 4032 907 4107 cognoscere
927 4008 1087 4101 valeatis,
1105 4006 1164 4081 rel
1184 4008 1292 4081 etiam
1316 4007 1393 4082 aliis
1416 4004 1620 4098 ostendere,
1641 4006 1836 4077 erratione

237 4124 394 4226 probare
415 4128 572 4227 possitis,
594 4159 613 4197 α
625 4154 705 4227 quae
720 4130 766 4202 sit
783 4128 949 4203 voluntas
965 4129 1049 4215 Dei,
1068 4158 1086 4196 u
1112 4128 1152 4201 id
1175 4143 1228 4201 est
1245 4127 1334 4227 quid
1356 4131 1454 4201 Deus
1477 4152 1498 4199 a
1524 4125 1631 4198 nobis
1652 4123 1729 4198 fleri
1751 4124 1836 4198 velit

236 4260 278 4317 ut
299 4243 390 4319 boni
415 4247 527 4321 simus
544 4248 582 4321 in
603 4248 785 4322 nobismet
805 4247 903 4348 ipsis,
922 4249 998 4321 imo
1016 4248 1095 4322 aliis
1115 4271 1262 4346 qunque
1276 4247 1333 4321 vel
1355 4246 1423 4346 ipsi
1439 4249 1517 4318 Deo
1534 4242 1831 4343 beneplacentes,

236 4377 273 4436 et
295 4363 445 4439 tandem
463 4367 620 4467 perfecte
640 4368 677 4441 in
695 4367 886 4440 virtutibus
902 4369 1166 4461 consummati,
1187 4364 1383 4440 crescendo
1405 4388 1548 4464 semper
1565 4365 1601 4436 in
1617 4362 1757 4455 melius,
1777 4363 1834 4436 vel

238 4484 276 4555 in
300 4485 436 4558 coelesti
455 4488 530 4561 vita
551 4489 715 4587 perfectae
733 4486 980 4561 beatitudinis.
1005 4517 1023 4554 e
1035 4488 1126 4559 Dico
1146 4488 1258 4559 enim.
1273 4515 1291 4554 n
1318 4485 1419 4557 Dixi:
1442 4484 1588 4556 «Nolite
1614 4482 1834 4556 conformari

237 4596 323 4672 huic
345 4601 488 4694 seculo,
512 4601 577 4675 sed
598 4603 862 4695 reformamini,
893 4616 1000 4676 etc.»
1019 4614 1055 4674 et
1076 4602 1206 4674 merito
1228 4599 1266 4673 id
1287 4623 1354 4674 vos
1375 4621 1523 4686 moneo,
1550 4598 1632 4696 quia
1656 4595 1727 4670 boc
1750 4596 1833 4668 dico

239 4721 505 4818 «pergratiam
528 4746 608 4820 quae
622 4721 713 4796 >data
733 4735 787 4795 est
809 4719 913 4813 mihi,
930 4748 949 4789 u
967 4720 1006 4792 id
1023 4734 1077 4794 est
1096 4745 1162 4820 per
1180 4718 1423 4816 magisterium
1445 4717 1535 4790 mihi
1557 4739 1666 4815 super
1684 4738 1751 4787 vos
1769 4715 1832 4786 in·

234 4838 402 4934 junctum
413 4841 535 4916 dicere
550 4843 779 4942 compellor«
792 4839 963 4915 omnibus
978 4841 1042 4938 qui
1057 4854 1142 4914 sunt
1158 4840 1337 4933 intervos,
1353 4866 1371 4906 u
1383 4836 1420 4910 id
1431 4835 1590 4935 estapud
1600 4838 1731 4907 Gentes
1743 4857 1831 4905 con·

271 5108 367 5172 'loma
378 5123 433 5178 ορ.
448 5125 491 5168 xu.
1488 5146 1492 5157 .

356 5222 381 5260 11
1671 5201 1709 5262 ’ιο
