4559 6100
552 554 712 626 etmel
737 552 819 624 SEU
843 551 973 623 LIBER
997 551 1152 624 nictus
1171 577 1181 620 ι
1199 549 1324 623 SCl'l'O
1348 549 1546 624 tntrsnn.
1649 584 1655 593 ¹
1775 553 1848 624 ott

254 704 424 799 injustam
439 728 565 779 eorum
587 705 766 778 actionem
783 728 893 801 qnam
908 702 1092 776 habebant
1106 704 1144 774 in
1168 700 1379 801 lapidando,
1399 716 1585 800 peccatum
1610 700 1718 773 dixit:
1740 699 1848 788 Quod

255 823 403 919 quidem
427 825 577 921 rogabat
600 824 651 897 eis
676 847 751 897 non
778 823 905 917 statui,
922 823 996 895 hoc
1014 838 1080 915 est,
1098 837 1248 921 propter
1264 821 1337 893 hoc
1362 844 1425 893 eos
1443 845 1511 895 nec
1528 822 1764 920 corporaliter
1785 843 1851 916 pu·

256 944 338 1016 niri.
366 947 465 1043 Saepe
481 946 615 1019 etenim
631 948 727 1016 Deus
743 943 884 1041 aliquos
904 942 966 1017 hic
981 943 1216 1042 corporaliter
1236 943 1356 1041 punit,
1381 942 1478 1013 nulla
1502 966 1629 1014 eorum
1652 940 1756 1039 culpa
1777 938 1849 1009 hoo

256 1063 431 1161 exigente,
456 1088 524 1137 nec
543 1080 662 1136 tamen
684 1062 762 1134 sine
782 1086 903 1155 causa,
924 1063 1033 1135 veluti
1047 1088 1132 1135 eum
1145 1061 1250 1158 justis
1265 1061 1372 1133 etiam
1395 1059 1606 1134 afflictiones
1629 1058 1787 1132 immittit
1804 1056 1851 1130 ad

256 1182 413 1282 aliquam
435 1208 563 1256 eorum
580 1185 828 1281 purgationem
847 1184 902 1255 vel
921 1183 1185 1281 probationem,
1201 1180 1259 1252 vel
1276 1181 1417 1277 aliquos
1432 1205 1517 1252 cum
1532 1179 1641 1277 affligi
1658 1178 1848 1285 permittit,

257 1318 298 1376 nt
315 1303 548 1402 postmodum
562 1303 649 1375 hinc
666 1302 873 1393 liberentur,
892 1318 928 1375 et
950 1328 993 1376 ex
1009 1302 1142 1375 collato
1158 1299 1336 1373 beneficio
1362 1298 1591 1397 glorificetur,
1612 1300 1703 1372 sicut
1725 1300 1763 1370 in
1788 1296 1851 1369 illo

256 1448 351 1497 caeco
368 1433 489 1497 actum
505 1436 572 1514 est,
591 1422 728 1521 dequo
745 1424 821 1522 ipse
837 1423 923 1496 ait¹:
940 1453 958 1493 ιι
979 1426 1102 1520 Neque
1118 1423 1179 1493 hic
1196 1422 1371 1520 peccavit,
1389 1444 1509 1518 neque
1524 1434 1690 1519 parentes
1705 1419 1796 1516 ejus,
1813 1429 1852 1487 nt

257 1568 371 1616 caecus
395 1558 612 1634 nasceretur,
642 1544 705 1616 sed
732 1558 771 1615 nt
795 1543 1064 1615 manifestentur
1080 1566 1191 1640 opera
1215 1543 1281 1615 Dei
1303 1544 1340 1615 in
1358 1542 1434 1614 illo.
1456 1571 1474 1608 ι
1501 1541 1591 1628 Quis
1615 1542 1723 1615 etiam
1748 1551 1852 1635 neget

257 1662 478 1761 quandoque
497 1688 582 1735 cum
598 1663 700 1735 malis
717 1662 926 1762 parentibus
946 1687 1014 1762 pro
1030 1662 1134 1760 culpa
1157 1686 1284 1734 eorum
1309 1662 1521 1734 innoeentes
1537 1659 1630 1732 filios
1647 1660 1850 1758 periclitari,

257 1783 314 1855 vel
334 1784 461 1879 affligi,
481 1785 572 1856 sicut
587 1783 626 1856 in
643 1782 813 1855 Sodomis
834 1783 968 1856 factum
985 1797 1051 1870 est,
1071 1783 1128 1855 vel
1143 1784 1179 1854 in
1200 1782 1320 1855 multis
1337 1782 1481 1880 populis
1497 1805 1589 1880 saepe
1605 1781 1793 1876 contingit,
1813 1793 1855 1850 ut

257 1928 332 2000 quo
359 1926 465 2002 poena
489 1904 603 2001 magis
627 1904 842 1996 extenditur,
873 1903 1026 2002 amplius
1048 1903 1131 1975 mali
1148 1901 1373 1975 terreantur?
1391 1900 1501 1988 Quod
1524 1900 1712 1997 diligenter
1729 1906 1855 1972 Beatus

258 2023 461 2122 Stephanus
479 2022 693 2110 adtendens,
713 2037 912 2120 peecatum,
933 2023 1007 2095 hoc
1030 2036 1084 2095 est
1097 2047 1243 2121 poenam
1265 2044 1375 2117 quarn
1392 2019 1568 2093 tolerabat
1587 2044 1609 2092 a
1628 2019 1771 2112 Judaeis,
1798 2021 1855 2092 vel

259 2141 296 2213 id
320 2143 422 2239 quod
447 2166 522 2215 non
548 2157 644 2215 recte
669 2143 841 2240 agebant,
861 2141 990 2214 orabat
1016 2141 1068 2214 eis
1099 2166 1174 2213 non
1200 2140 1318 2232 statui,
1347 2139 1420 2211 hoc
1441 2155 1495 2212 est
1516 2154 1665 2240 propter
1688 2140 1761 2212 hoc
1784 2166 1856 2213 nec

257 2262 491 2360 corporaliter
509 2262 641 2361 puniri.

308 2385 348 2452 ln
369 2380 439 2452 hae
455 2405 601 2479 quoque
620 2381 795 2454 sententia
809 2383 988 2455 Dominus
1002 2382 1130 2470 fuerat,
1150 2407 1234 2453 cum
1249 2379 1408 2452 dicebat¹
1426 2403 1435 2450 t
1450 2407 1468 2449 ιι
1481 2384 1596 2465 Pater,
1616 2381 1755 2454 dimitte
1771 2382 1853 2469 illis,

259 2499 298 2571 id
319 2514 370 2572 est
390 2528 398 2570 ι
419 2504 469 2572 Ne
495 2500 654 2573 vindices
676 2500 715 2572 id
736 2502 837 2600 quod
861 2519 972 2600 agunt
997 2502 1034 2573 iu
1058 2526 1130 2592 me,
1159 2500 1216 2573 vel
1239 2499 1418 2598 corporali
1438 2524 1571 2597 poena:
1588 2500 1689 2597 quod
1709 2501 1857 2598 quidem

260 2619 336 2692 lieri
360 2619 619 2693 rationabiliter
644 2636 784 2719 posset,
812 2621 962 2694 sinulla
986 2622 1095 2695 etiam
1116 2621 1225 2721 culpa
1249 2645 1376 2693 eorum
1398 2622 1653 2718 praecessisset,
1677 2636 1717 2693 nt
1740 2624 1856 2695 caeteri

259 2737 391 2811 scilicet
407 2738 480 2811 hoc
504 2739 663 2813 videntes
679 2741 736 2813 rel
755 2741 824 2840 ipsi
841 2744 950 2813 etiam
967 2755 1267 2838 recognoscerent
1281 2764 1324 2812 ex
1342 2763 1449 2838 poena
1464 2765 1502 2811 se
1519 2763 1594 2811 non
1617 2755 1712 2812 recte
1733 2742 1770 2812 in
1786 2741 1858 2813 hoc

260 2859 385 2954 egisse.
413 2862 454 2930 At
480 2883 565 2931 vero
587 2861 786 2933 Dominum
803 2860 955 2933 decebat
973 2861 1046 2933 hoc
1069 2885 1142 2934 snae
1162 2860 1336 2932 orationis
1356 2859 1522 2957 exemplo
1543 2884 1611 2931 nos
1631 2850 1787 2933 ma'xime
1812 2862 1857 2935 ad

261 2978 437 3074 patientiae
460 2978 629 3052 virtutem
653 2994 689 3052 et
715 2980 762 3053 ad
787 3005 937 3054 summae
959 2980 1161 3055 dilectionis
1186 2979 1444 3054 exhibitionem
1470 2979 1665 3072 exhortari,
1693 2995 1733 3052 ut
1757 2982 1857 3077 quod

260 3096 336 3195 ipse
354 3096 527 3169 docuerat
549 3097 665 3171 verbis
686 3124 765 3191 nos,
785 3099 951 3172 videlicet
968 3125 1034 3199 pro
1051 3101 1206 3172 inimicis
1223 3123 1371 3197 quoque
1389 3123 1505 3192 orare,
1526 3102 1677 3199 proprio
1694 3102 1859 3200 exemplo

261 3215 368 3287 nobis
383 3214 566 3288 exhiberet
582 3218 620 3287 in
638 3240 762 3316 opere.
781 3218 891 3306 Quod
915 3243 1002 3315 ergo
1019 3220 1108 3300 dixit
1127 3246 1136 3291 ι
1159 3247 1177 3288 ιι
1194 3218 1347 3310 dimitte,
1364 3247 1382 3286 ιι
1401 3242 1476 3291 ιιοιι
1497 3219 1542 3290 ad
1561 3219 1704 3317 culpam
1721 3244 1856 3317 praece·

261 3334 422 3422 dentem,
432 3333 490 3406 vel
502 3349 751 3434 contemptum
762 3339 846 3426 Dei,
865 3363 975 3436 quem
988 3336 1048 3409 hie
1057 3337 1247 3425 haberent,
1259 3338 1427 3436 respexit,
1439 3337 1503 3410 sed
1515 3337 1563 3411 ad
1574 3338 1750 3410 rationem
1768 3341 1861 3412 inle-

261 3453 381 3525 rendae
402 3478 532 3552 poenae,
553 3479 633 3550 quae
649 3480 725 3528 non
742 3458 818 3529 sine
832 3481 954 3545 eausa,
972 3472 1014 3528 ut
1033 3457 1203 3547 diximus,
1223 3457 1394 3553 subsequi
1411 3471 1551 3555 posset,
1574 3459 1738 3555 quamvis
1753 3458 1861 3558 culpa

263 3597 336 3645 non
354 3575 587 3672 precessisset
608 3601 617 3643 z
637 3576 728 3647 sicut
752 3578 789 3648 in
809 3578 988 3676 Propheta
1005 3578 1172 3673 contigit,
1191 3579 1254 3675 qui
1269 3591 1395 3650 contra
1412 3578 1608 3650 Samariam
1629 3579 1778 3668 missus,
1798 3604 1862 3652 co-

263 3692 444 3765 medendo
466 3693 537 3791 egit
560 3693 661 3790 quod
683 3697 862 3768 Dominus
887 3695 1144 3796 prohihuerat3
1167 3698 1202 3769 in
1226 3722 1302 3795 qno
1322 3711 1457 3786 tamen,
1486 3721 1570 3769 cum
1595 3697 1684 3769 nihil
1709 3722 1775 3795 per
1796 3703 1864 3771 Dei

263 3827 514 3911 contemptum
530 3829 773 3911 presumeret,
789 3815 854 3888 sed
873 3839 939 3914 per
951 3816 1061 3888 alium
1078 3815 1297 3915 Prophetam
1313 3816 1498 3914 deceptus,
1518 3842 1593 3888 non
1612 3830 1686 3889 tam
1699 3841 1744 3889 ex
1762 3833 1861 3891 reatu

263 3932 377 4030 culpae
401 3955 511 4030 quam
532 3956 575 4005 ex
600 3933 720 4033 operis
747 3936 1013 4033 perpetratione
1029 3934 1238 4007 innocentia
1257 3933 1334 4031 ejus
1350 3950 1503 4007 mortem
1522 3936 1703 4008 incurrit⁸.
1728 3968 1746 4004 ιι
1766 3942 1863 4010 Deus

264 4051 418 4150 quippe,
436 4065 479 4123 ut
495 4055 622 4124 Beatus
646 4053 810 4126 meminit
825 4053 1041 4149 Gregorius,
1062 4076 1328 4150 nonnunquam
1351 4056 1564 4127 sententiam
1589 4069 1721 4146 mutat,
1745 4057 1863 4129 eonsi-

264 4170 353 4243 lium
367 4195 453 4243 vero
466 4194 654 4267 nunquam
666 4201 686 4239 ιι
706 4198 716 4242 2
735 4170 806 4245 hoc
825 4187 897 4263 est,
915 4173 1016 4271 quod
1031 4175 1224 4272 precipere
1240 4173 1298 4248 vel
1311 4175 1525 4247 comminari
1548 4174 1668 4270 dique
1689 4176 1735 4248 de
1758 4199 1865 4248 causa

264 4290 442 4380 decrevit,
469 4315 562 4388 saepe
581 4290 617 4362 id
636 4315 711 4363 non
735 4294 884 4391 implere
906 4292 1078 4392 disponit.
1104 4292 1302 4367 Consilium
1323 4316 1410 4366 vero
1427 4294 1503 4390 ejus
1529 4293 1640 4365 fixum
1661 4310 1861 4393 permanet,

263 4409 335 4481 hoc
351 4424 423 4498 est,
441 4409 544 4506 quod
559 4410 799 4507 inpraesentia
818 4436 882 4485 sua
897 4412 1058 4512 disponit
1072 4427 1113 4485 ut
1127 4411 1246 4505 iaciat,
1262 4436 1449 4510 nunquam
1467 4411 1626 4485 efficacia
1641 4431 1750 4487 caret.
1767 4415 1864 4486 Sient

264 4550 350 4623 ergo
363 4526 463 4624 quod
476 4528 513 4600 in
527 4527 706 4601 Abraham
716 4546 936 4630 praeceptum
947 4547 1000 4604 est
1008 4531 1055 4604 de
1065 4532 1313 4603 immolatione
1325 4530 1401 4624 lilii,
1418 4531 1476 4603 vel
1486 4533 1807 4607 comminationem
1825 4536 1861 4605 in

266 4647 429 4719 Ninivitis
443 4647 573 4720 iactam
585 4673 661 4720 non
678 4651 807 4745 tenuit,
823 4666 859 4724 et
873 4653 937 4745 sic,
955 4666 997 4725 ut
1011 4652 1180 4745 diximus,
1196 4652 1411 4724 sententiam
1427 4654 1575 4725 mutavit
1586 4681 1597 4746 ς
1613 4655 1661 4727 ita
1671 4654 1863 4752 praedictus

268 4765 466 4864 Propheta,
485 4768 544 4838 cui
560 4768 795 4866 prohibuerat
810 4772 1002 4845 comedere
1025 4755 1157 4860 invia,
1177 4772 1308 4846 mutari
1327 4770 1403 4868 ejus
1419 4773 1632 4846 sententiam
1648 4772 1812 4858 credidit,
1830 4788 1865 4844 et

266 4911 305 4958 se
319 4887 471 4960 maxime
485 4885 708 4986 delinquere,
724 4890 754 4961 si
771 4890 882 4964 alium
898 4891 1115 4992 Prophetam
1132 4915 1208 4963 non
1226 4890 1379 4980 audiret,
1395 4895 1459 4990 qui
1472 4916 1511 4964 se
1524 4891 1571 4964 ad
1587 4891 1659 4964 hoc
1671 4916 1693 4964 a
1706 4893 1865 4964 Domino

298 5163 397 5230 ΙΙοιιι.,
418 5180 473 5230 cap.
489 5181 528 5229 rx,
548 5182 570 5220 v.
588 5172 610 5220 t.
641 5196 672 5207 -
683 5170 693 5199 ²
705 5169 777 5234 huc,
793 5185 848 5234 cap.
862 5184 937 5236 xxm,
949 5184 972 5223 r.
986 5174 1024 5224 Sl.
1036 5173 1158 5235 -⁸lteo.
1172 5169 1216 5234 lll,
1227 5185 1281 5234 cap.
1293 5174 1426 5233 auerti.

389 5278 412 5315 ιι
1708 5264 1746 5321 78
