4559 6100
680 615 725 693 ΙΝ
749 617 992 691 nrtsrottttt
1017 619 1078 692 AD
1105 617 1330 692 ROMANOS.
1736 625 1806 696 tta

209 770 248 837 ln
264 789 341 864 quo
358 780 479 839 auteur
498 790 536 839 se
554 765 684 840 debeat
700 770 879 868 corrigere
897 767 1070 867 supponit
1089 761 1225 838 dicens.
1249 795 1265 834 u
1287 766 1360 854 Qui
1378 766 1563 864 praedicas.
1580 765 1671 843 »Ex
1688 775 1806 847 verbis

206 885 337 958 scilicet
354 885 453 985 legis,
469 901 538 960 etc.
561 889 662 976 «Qui
677 889 895 962 abominaris
920 886 1063 972 idola‚u
1091 886 1130 958 id
1155 901 1208 958 est
1218 886 1495 960 simulacrorum
1513 888 1646 962 lormas
1656 908 1806 992 propter

208 1005 461 1103 significatum,
478 1031 563 1080 cum
579 1031 654 1080 nou
671 1010 781 1082 evitas
793 1007 1016 1104 sacrilegium
1028 1021 1177 1106 propter
1193 1008 1326 1106 ipsum,
1343 1007 1425 1106 quia
1444 1009 1481 1080 in
1496 1010 1653 1108 seipsum
1672 1012 1806 1085 malum

208 1138 272 1196 est.
291 1126 524 1223 sacrilegium
540 1126 671 1200 dicitur
683 1129 831 1202 violatio
850 1128 899 1200 rei
915 1151 1034 1219 sacrae,
1055 1126 1189 1199 scilicet
1200 1150 1325 1199 eorum
1340 1128 1494 1202 maxime
1506 1153 1585 1227 quae
1606 1129 1653 1202 ad
1669 1131 1807 1205 cultum

209 1245 274 1316 Dei
290 1246 484 1345 pertinent,
506 1246 823 1348 velutitcmplum,
843 1263 878 1321 et
895 1274 975 1340 quae
999 1247 1047 1320 ad
1071 1248 1191 1344 ipsum
1213 1261 1388 1345 spectant.
1415 1248 1603 1348 Templum
1628 1274 1717 1323 uero
1740 1255 1806 1326 Dei

207 1364 281 1436 sive
301 1365 482 1438 materiale
504 1381 541 1440 et
567 1365 808 1464 figurativum,
835 1368 909 1440 sire
937 1365 1119 1466 spirituale
1138 1379 1176 1439 et
1189 1390 1315 1438 rerum
1330 1364 1442 1438 ludaei
1458 1367 1650 1458 violarunt,
1670 1370 1804 1470 inipso

207 1485 412 1559 manufacto
426 1486 563 1587 templo
577 1488 858 1584 negotiationem
884 1487 1099 1579 exercendo,
1115 1501 1263 1586 propter
1278 1509 1388 1584 quam
1401 1511 1422 1558 a
1437 1489 1597 1561 Domino
1613 1489 1698 1564 inde
1721 1510 1805 1565 sunt

206 1604 361 1702 expulsi3
381 1607 438 1679 vel
458 1607 577 1704 ipsum
593 1607 793 1680 Dominum
808 1606 1066 1706 crucifigendo,
1083 1607 1148 1705 qui
1163 1605 1210 1678 de
1228 1604 1362 1704 templo
1375 1608 1538 1705 corporis
1559 1609 1615 1680 sui
1636 1610 1800 1708 loquens,

206 1723 276 1794 ait¹
291 1750 299 1795 :
314 1724 478 1797 «Solvite
494 1726 669 1824 templum
684 1726 771 1820 hoc,
783 1740 854 1800 etc.
865 1754 884 1795 u
908 1755 926 1795 rr
942 1726 1139 1797 Dominum
1157 1723 1367 1817 inhonoras,
1380 1754 1398 1791 u
1417 1724 1521 1798 idest
1537 1727 1623 1800 facis
1639 1728 1800 1829 despica-

206 1841 314 1915 bilem
328 1844 405 1916 aliis
421 1859 597 1942 quantum
615 1847 652 1918 in
669 1859 704 1919 te
720 1860 785 1918 cst.
801 1845 970 1918 Colorem
986 1845 1023 1917 in
1040 1843 1206 1916 hocloco
1220 1842 1439 1915 rhetoricum
1459 1842 1553 1934 lacit,
1565 1848 1627 1944 qui
1638 1850 1803 1946 repetitio

205 1960 348 2053 dicitur,
367 1962 506 2038 habens
522 1964 559 2035 in
577 1964 726 2038 diversis
738 1965 905 2039 clausulis
918 1963 1091 2037 orationis
1107 1962 1206 2036 idem
1222 1963 1452 2063 principium,
1469 1964 1561 2037 sicut
1574 1979 1638 2059 est,
1658 1995 1676 2036 «
1691 1969 1766 2065 qui,
1782 1999 1799 2035 u
1829 1937 1836 1963 ⁸

206 2079 307 2179 quod
323 2081 516 2180 quinquies
534 2097 588 2155 est
605 2085 796 2183 repetitum
806 2088 829 2155 ³.

256 2230 274 2267 rr
295 2204 435 2274 Nomen
454 2202 566 2295 enim,
577 2217 647 2276 etc.
664 2231 682 2272 u
697 2206 789 2275 Curn
806 2204 971 2304 superius
989 2202 1214 2301 singulariter
1228 2199 1369 2293 dixerit,
1392 2234 1409 2270 α
1425 2205 1454 2276 si
1471 2218 1590 2277 autem
1608 2219 1659 2299 tu,
1672 2233 1689 2273 u
1704 2231 1801 2281 nunc

204 2343 291 2425 vero
307 2319 490 2419 pluraliter
504 2321 600 2395 dicat
628 2353 645 2389 a
665 2347 730 2422 per
744 2348 823 2415 vos,
846 2352 864 2390 r
888 2322 995 2422 plane
1024 2323 1182 2395 insinuat
1206 2323 1408 2420 generalem
1427 2322 1540 2396 Judaei
1556 2349 1748 2422 personam
1765 2351 1802 2398 se

202 2435 456 2530 introduxisse,
484 2439 585 2535 quasi
610 2437 820 2535 generaliter
847 2437 1018 2511 rebellem
1040 2436 1257 2533 redarguens
1282 2439 1473 2537 populum,
1497 2437 1544 2511 de
1568 2464 1641 2536 quo
1664 2464 1703 2513 se
1726 2465 1802 2514 esse
1873 2531 1875 2534 v

202 2554 453 2653 gloriabantur
468 2558 525 2630 isti
543 2559 707 2631 conversi
726 2557 850 2651 ludaei,
871 2558 935 2655 qui
951 2562 1072 2642 Romae
1089 2568 1203 2628 erant.
1223 2558 1262 2629 lu
1281 2582 1355 2655 quo
1373 2557 1521 2654 quidem
1547 2558 1685 2658 pupulo
1712 2562 1802 2635 alios

200 2675 291 2748 dicit
310 2702 391 2750 reos
408 2678 492 2751 surti
508 2701 597 2768 esse,
617 2678 801 2772 exstitisse,
821 2679 877 2750 rel
894 2676 1016 2751 adbuc
1037 2700 1114 2748 esse
1132 2702 1142 2746 ι
1162 2675 1251 2747 alius
1268 2675 1449 2768 adulterii,
1467 2690 1536 2749 etc.
1553 2679 1797 2754 Continuatio.

200 2801 300 2869 Bene
314 2798 396 2871 dico
415 2829 433 2866 r
445 2798 686 2889 inhonoras,»
702 2785 919 2870 tu'videlicet
935 2796 1071 2896 popule
1086 2794 1307 2886 ludaeorum,
1323 2796 1407 2895 quia
1419 2821 1485 2894 per
1499 2821 1565 2868 vos
1578 2796 1802 2898 blasphema·

198 2931 264 2988 tur
281 2918 375 2991 inter
391 2932 527 3017 gentes,
540 2917 578 2990 id
595 2931 648 2990 est
662 2915 839 3011 inlideles,
855 2940 989 2989 nomen
1003 2915 1083 3005 Dei,
1097 2928 1134 2987 et
1145 2914 1273 2987 notitia
1289 2915 1365 3011 ejus
1378 2938 1488 3012 quam
1498 2940 1564 2988 vos
1576 2916 1710 2990 habere
1727 2922 1802 3017 glo·

194 3037 358 3110 riamini.
376 3043 424 3111 Ut
437 3039 536 3117 enim
559 3036 693 3110 Tullius
716 3036 893 3130 meminit,
918 3060 1010 3135 saepe
1027 3060 1070 3108 ex
1087 3034 1174 3107 vitio
1191 3033 1349 3106 hominis
1370 3033 1509 3134 culpari
1531 3036 1679 3111 scientia
1695 3039 1798 3135 solet,

190 3158 305 3255 quasi
331 3159 478 3232 scientia
499 3158 560 3232 illa
586 3156 680 3230 male
704 3158 845 3255 operari
871 3156 1013 3230 doceat.
1045 3182 1064 3222 rr
1090 3154 1188 3226 Sicut
1213 3154 1475 3253 scriptumest.
1501 3183 1518 3221 u
1550 3158 1591 3226 ln
1623 3158 1801 3257 propheta

187 3276 387 3351 Ezechiele
404 3278 461 3350 his
478 3277 595 3351 verbis
606 3279 632 3366 ¹,
654 3300 819 3348 «nomen
833 3289 997 3349 sanctum
1016 3297 1137 3346 meum
1154 3273 1254 3370 quod
1272 3271 1430 3371 polluisti
1453 3273 1490 3344 in
1508 3274 1697 3365 Gentibus,
1717 3306 1735 3346 u
1762 3281 1800 3351 id

183 3411 252 3469 est
277 3399 503 3497 contemptui
523 3398 579 3471 vel
603 3397 758 3469 irrisioni
782 3395 910 3468 haberi
934 3393 1080 3485 lecistis,
1105 3406 1245 3466 etcum
1267 3392 1305 3462 iu
1329 3416 1368 3463 se
1390 3391 1685 3490 pretiosissimum
1709 3414 1799 3470 esset

180 3515 425 3590 vilificastis⁸.

242 3668 267 3706 rr
281 3638 517 3710 Circumcisio
531 3637 692 3735 quidem,
703 3651 772 3710 etc.
789 3635 989 3734 »Superius
1005 3632 1151 3705 abstulit
1165 3630 1414 3728 gloriationem
1428 3632 1515 3729 legis
1528 3630 1632 3727 datae,
1649 3658 1713 3732 per
1727 3635 1798 3709 hoc

172 3757 300 3858 quod
316 3781 392 3829 non
410 3757 546 3831 faciunt
561 3782 641 3854 quae
657 3759 714 3831 lex
732 3755 904 3856 praecipit,
926 3768 962 3826 et
989 3752 1072 3826 ideo
1091 3752 1204 3849 magis
1220 3776 1241 3824 a
1262 3750 1340 3850 lege
1358 3767 1557 3848 arguuntur
1572 3779 1681 3851 quam
1694 3755 1797 3852 justi·

166 3878 365 3952 ficentur.
385 3881 489 3950 Nunc
504 3880 590 3950 ve'ro
610 3902 674 3977 per
686 3877 758 3949 hoc
774 3877 893 3975 ipsum
915 3872 1015 3972 quod
1034 3873 1104 3968 legi
1129 3896 1204 3944 non
1232 3870 1496 3970 obtemperant,
1518 3873 1634 3945 aulert
1650 3874 1800 3971 gloriam

158 3997 495 4072 circumcisionis.
513 3996 606 4084 Quia
623 3997 714 4069 sicut
729 3995 817 4091 legis
830 3993 916 4067 latio
934 3993 983 4064 nil
994 3990 1142 4091 prodest
1155 3990 1444 4088 suscipientibus,
1460 3991 1529 4064 uisi
1544 4016 1624 4065 eam
1637 4008 1796 4084 servent3

156 4120 218 4191 ita
250 4115 511 4208 circumcisio,
539 4115 608 4187 nisi
632 4114 700 4212 legi
728 4113 1004 4212 obtemperent:
1025 4124 1066 4181 ut
1089 4108 1255 4181 videlicet
1282 4122 1407 4182 caetera
1430 4125 1606 4210 praecepta
1627 4111 1799 4210 impleant

149 4240 280 4311 sicut
301 4249 524 4334 praeceptum
550 4233 842 4307 circumcisionis.
866 4231 1009 4329 Quippe
1026 4229 1089 4328 qui
1112 4230 1150 4300 in
1175 4252 1290 4300 unum
1311 4226 1514 4323 offenderit,
1540 4222 1578 4301 ut
1605 4230 1800 4304 aliusdicit

143 4353 387 4458 apostolus
399 4358 423 4447 ⁸,
442 4378 525 4426 reus
545 4370 599 4427 est
615 4354 795 4446 omnium,
808 4352 914 4424 idest
928 4364 1170 4448 transgressor
1186 4361 1239 4459 est
1252 4372 1316 4420 seu
1332 4362 1563 4448 contemptor
1574 4351 1683 4423 totius
1696 4351 1796 4447 legis,

142 4481 366 4550 universa
392 4472 527 4546 scilicet
549 4473 615 4545 Dei
639 4486 817 4573 praeccpta
841 4469 1071 4542 continentis.
1091 4471 1183 4540 Cum
1210 4468 1309 4540 enim
1332 4467 1389 4540 lex
1417 4469 1539 4541 omnia
1571 4470 1693 4560 simul,
1722 4496 1798 4544 non

136 4621 303 4671 unum
337 4605 477 4664 tantum
500 4592 694 4691 praecipiat,
710 4589 873 4690 quisquis
893 4613 1008 4661 unum
1025 4585 1297 4684 transgreditur,
1318 4586 1434 4683 legem
1453 4612 1530 4661 non
1546 4605 1678 4684 servat,
1697 4615 1739 4664 ac
1755 4592 1804 4663 sic

129 4742 220 4818 per
265 4711 577 4809 uniuscujusque
599 4710 766 4811 praecepti
793 4708 1112 4805 transgressionem
1132 4706 1221 4802 legis
1238 4706 1379 4779 violatae
1401 4732 1485 4781 reus
1510 4707 1674 4783 efficitur.
1709 4710 1803 4781 Nihil

127 4863 244 4936 ergo
272 4831 528 4906 circumcisio
549 4830 701 4904 carnalis
716 4829 762 4903 ad
781 4830 931 4905 salutem
948 4826 1110 4926 prodest,
1127 4827 1158 4899 si
1174 4826 1230 4899 lex
1247 4827 1285 4899 in
1304 4828 1440 4900 caeteris
1461 4827 1640 4919 violetur3
1660 4829 1752 4901 sicut
1766 4843 1802 4899 et

121 4959 411 5060 baptismus,
433 4951 536 5047 cujus
558 4950 699 5037 lucum,
719 4948 826 5022 beato
850 4961 1038 5021 attestante
1054 4947 1229 5044 Gregorio
1238 4949 1262 5039 ⁶,
1281 4946 1507 5019 circumcisio
1529 4947 1684 5037 tenebat,
1709 4947 1739 5018 si
1762 4949 1799 5018 iu

156 5169 165 5193 ·
179 5161 293 5212 lma.
302 5192 320 5217 ,
345 5163 404 5214 cap.
417 5163 449 5212 u,
459 5163 482 5202 v.
494 5150 533 5202 19.
542 5152 592 5189 -²
602 5151 674 5202 turb.
687 5152 761 5203 Sicut
772 5159 818 5217 est,
831 5152 886 5217 qut,
898 5151 975 5215 quod,
1029 5152 1075 5186 -·
1086 5148 1159 5199 turb.
1172 5147 1335 5212 vivificastis.
1346 5175 1374 5185 -
1383 5146 1465 5212 uic,
1478 5162 1531 5213 cap.
1542 5162 1574 5214 u,
1586 5162 1610 5201 r.
1625 5153 1716 5204 itt-⁶
1725 5152 1800 5214 Her..

114 5253 297 5311 meum
317 5241 373 5289 est
387 5236 534 5301 repetitum.
548 5263 577 5273 -
590 5235 697 5288 'Erech
707 5275 714 5300 ‚
726 5252 781 5304 cap.
796 5250 882 5302 xxxvi,
896 5251 919 5288 r.
933 5239 972 5288 22.
1028 5237 1070 5289 uu.
1083 5235 1130 5300 lv,
1142 5250 1197 5301 cap.
1212 5250 1247 5288 tu.
