4559 6100
889 537 1122 612 urttnons
1736 539 1807 616 653

217 689 373 762 lmstrnti
400 688 491 781 sitis,
520 687 621 785 quod
644 687 842 787 specialiter
871 714 913 760 ex
937 689 1016 788 ipso
1042 687 1287 788 promissionis
1306 687 1430 761 debito
1459 687 1562 761 vobis
1586 704 1639 763 est
1666 715 1808 791 exspec-

217 809 381 882 tandum.
404 812 471 899 Aut
493 809 600 904 igitur
623 833 696 879 non
718 808 871 907 impletis
897 808 1011 905 legem
1035 823 1069 880 et
1091 834 1155 907 per
1175 809 1248 879 hoc
1270 808 1500 882 maledictum
1517 809 1605 905 legis
1630 811 1809 884 incurritis

217 929 426 1020 damnandi,
452 944 513 1003 aut
540 929 603 1026 qui
624 929 701 1000 haec
718 928 949 1028 implentibus
972 927 1086 1026 legem
1109 929 1291 1027 promisit,
1309 953 1416 1001 verax
1439 929 1476 1001 in
1500 929 1572 1001 suis
1596 955 1671 1001 non
1695 933 1811 1004 existit

216 1049 411 1147 promissis.
429 1048 683 1145 Quodcunque
698 1063 818 1120 autem
837 1038 977 1122 horum*
987 1049 1143 1145 eligatis,
1170 1047 1258 1119 nihil
1279 1047 1325 1120 de
1349 1048 1426 1146 lege
1441 1048 1548 1120 video
1569 1048 1673 1121 vohis
1695 1050 1809 1122 confi-

216 1167 376 1239 dendum
395 1192 484 1259 esse,
502 1192 631 1266 parurn
648 1170 755 1240 etiam
770 1168 817 1240 ad
835 1168 1096 1241 beatitudinem
1110 1180 1280 1239 meretur.
1301 1167 1410 1257 Quid,
1429 1192 1532 1264 rogo,
1551 1169 1694 1261 exstitit,
1710 1172 1809 1267 quod

158 1316 161 1320 “
216 1309 299 1357 cum
326 1286 373 1358 ad
394 1287 480 1383 legis
504 1286 769 1361 observantiam
794 1312 835 1359 ex
863 1288 938 1385 ejus
964 1287 1253 1359 remuneratione
1278 1311 1347 1359 nos
1373 1291 1470 1359 Deus
1496 1288 1681 1381 invitaret,
1710 1289 1810 1387 quod

217 1406 408 1477 minimum
435 1419 488 1477 est
512 1406 687 1504 promisit,
716 1421 751 1478 et
772 1405 872 1503 quod
892 1420 946 1477 est
968 1406 1164 1477 maximum
1192 1407 1335 1505 penitus
1361 1404 1522 1477 reticuitl
1552 1411 1632 1478 Non
1659 1407 1812 1481 discrete

216 1525 377 1620 profecto
401 1527 593 1624 peroravit,
619 1527 648 1597 si
673 1536 865 1622 utrumque
884 1525 932 1597 ad
948 1524 1035 1621 legis
1060 1524 1300 1596 obedientiam
1327 1522 1490 1597 sufficere
1515 1527 1633 1616 novit,
1662 1552 1745 1599 cum
1775 1530 1810 1600 id

217 1643 393 1732 videlicet,
421 1645 520 1742 quod
545 1646 710 1717 suasione
725 1645 921 1743 plurimum
937 1644 1096 1735 valebat,
1121 1645 1272 1716 omnino
1285 1645 1465 1742 praeteriit.
1486 1645 1581 1716 Nihil
1599 1647 1750 1745 quippe,
1773 1664 1811 1720 ut

216 1761 353 1835 dictum
370 1779 436 1856 est,
455 1765 501 1837 de
518 1788 600 1836 vera
617 1762 677 1835 illa
693 1778 728 1835 et
743 1780 875 1836 aeterna
891 1762 1114 1835 heatitudine
1131 1762 1266 1834 ibidem
1283 1764 1320 1833 in
1337 1764 1630 1836 remuneratione
1646 1789 1810 1837 comme-

215 1897 408 1974 moratum,
430 1883 493 1955 sed
510 1884 548 1955 in
566 1896 704 1955 tantum
726 1897 865 1955 terrena
883 1882 1100 1981 prosperitas
1116 1882 1315 1974 intimatur,
1335 1897 1373 1954 ut
1392 1883 1465 1954 hoc
1487 1897 1628 1956 tantum
1646 1885 1683 1955 in
1703 1908 1810 1957 causa

216 2000 428 2074 obedientiae
446 2001 704 2091 constituatur3
723 2016 760 2072 et
783 2001 913 2072 iterum
937 1999 1230 2090 commendatur,
1257 2014 1297 2071 ut
1322 2025 1386 2099 per
1407 2000 1514 2097 hujus
1538 2003 1810 2100 responsionem

217 2122 317 2191 omni
339 2136 566 2218 posterorum
585 2120 806 2218 inquisitioni
831 2118 992 2191 satisfieri
1009 2133 1206 2191 censeatur.
1227 2121 1434 2218 Sicquippe
1451 2121 1711 2219 scriptumest,
1731 2123 1809 2220 ipso

213 2238 415 2335 legislatore
433 2242 553 2336 Moyse
572 2240 749 2337 populum
767 2240 965 2311 instruente
983 2238 1151 2310 adversus
1168 2237 1366 2334 quamlibet
1382 2239 1469 2335 legis
1483 2240 1806 2337 impugnationem,

215 2372 322 2454 atque
346 2358 504 2430 diceute¹
527 2385 535 2428 :
561 2357 685 2430 «Audi
707 2357 833 2448 lsrael,
859 2358 999 2430 custodi
1022 2372 1198 2457 praecepta
1214 2358 1360 2428 Domini
1377 2358 1443 2428 Dei
1468 2358 1518 2429 tui
1542 2382 1583 2430 ac
1608 2360 1809 2432 testimonia

215 2488 251 2546 et
271 2479 492 2549 ceremonias
509 2502 599 2574 quas
616 2480 836 2575 praeceperit,
854 2489 890 2547 et
906 2475 960 2547 fac
977 2476 1076 2572 quod
1094 2475 1266 2575 placitum
1282 2489 1336 2547 est
1351 2489 1387 2547 et
1402 2473 1542 2547 bonum
1559 2479 1595 2548 in
1613 2493 1810 2578 conspectu

215 2596 376 2685 Domini,
398 2612 440 2668 nt
455 2596 549 2669 hene
563 2597 607 2669 sit
622 2596 702 2691 tibi,
721 2610 757 2669 et
772 2597 949 2694 ingressus
967 2596 1150 2695 possideas
1167 2609 1297 2667 terram
1316 2596 1504 2695 optimam,
1528 2596 1574 2669 de
1592 2622 1663 2695 qua
1676 2599 1811 2695 juravit

216 2714 377 2811 patribus
399 2716 482 2804 tuis,
504 2732 544 2787 ut
568 2715 703 2788 deleret
726 2739 853 2787 omnes
868 2715 1033 2787 inimicos
1050 2730 1131 2787 tuos
1147 2739 1271 2787 coram
1288 2729 1336 2807 te,
1360 2715 1452 2785 sicut
1467 2714 1607 2787 locutus
1625 2730 1691 2788 est.
1719 2720 1810 2788 Cum

215 2835 487 2931 interrogaverit
501 2851 535 2907 te
551 2834 645 2907 filius
666 2850 749 2907 tuns
764 2859 842 2907 cras
859 2834 996 2924 dicens,
1015 2834 1105 2933 quid
1122 2833 1189 2905 sibi
1205 2833 1334 2905 volunt
1349 2835 1556 2935 testimonia
1576 2835 1652 2907 haec
1669 2851 1704 2907 et
1720 2837 1811 2908 ceri-

215 2957 345 3027 moniae
361 2970 467 3052 atque
480 2955 628 3052 judicia,
653 2981 732 3054 quae
755 2957 924 3056 praecepit
940 2956 1118 3027 Dominus
1131 2958 1228 3026 Deus
1245 2968 1367 3025 noster
1382 2953 1499 3047 nohis,
1517 2955 1614 3027 dices
1630 2957 1663 3027 ei
1681 2983 1688 3025 :
1712 2958 1810 3027 Servi

215 3099 356 3147 eramus
378 3073 572 3147 Pharaonis
595 3077 631 3146 in
650 3078 802 3174 Egypto,
821 3089 857 3147 et
875 3074 998 3146 eduxit
1013 3099 1081 3145 nos
1097 3074 1275 3144 Dominus
1296 3071 1342 3163 de
1359 3079 1497 3171 Egypto
1514 3076 1551 3145 in
1569 3099 1678 3146 manu
1702 3076 1806 3165 sorti,

217 3191 369 3290 lecitque
389 3193 503 3289 signa,
528 3192 691 3291 prodigia
713 3209 821 3290 atquc
840 3215 970 3290 magna
992 3207 1026 3264 et
1043 3191 1198 3290 pessima
1220 3191 1256 3261 in
1276 3195 1413 3288 Egypto
1432 3206 1558 3263 contra
1583 3192 1808 3264 Pharaonem

215 3325 251 3382 et
275 3334 422 3382 omnem
444 3311 595 3383 domurn
620 3311 715 3384 illins
739 3312 776 3382 in
800 3325 996 3410 conspectu
1022 3309 1162 3401 nostro,
1191 3322 1227 3380 et
1250 3307 1373 3381 eduxit
1402 3334 1468 3380 nos
1495 3309 1598 3402 inde,
1628 3326 1669 3382 ut
1696 3311 1810 3383 intro·

216 3428 332 3501 ductis
360 3429 463 3502 daret
487 3445 641 3522 terram,
674 3453 781 3527 super
812 3454 885 3527 qua
908 3429 1040 3525 juravit
1067 3424 1230 3527 patribus
1258 3427 1402 3498 nostris.
1435 3429 1676 3526 Praecepitqne
1705 3429 1811 3503 nobis

216 3550 407 3639 Dominus,
436 3563 476 3620 ut
500 3550 669 3622 iaciamus
693 3548 817 3619 omnia
840 3547 998 3643 legitima
1015 3545 1092 3617 haec
1115 3559 1151 3617 et
1168 3546 1358 3617 timeamus
1382 3547 1580 3618 Dominum
1607 3550 1723 3618 Deum
1748 3574 1811 3620 no

215 3683 327 3739 strum
341 3682 377 3740 et
390 3668 482 3741 bene
496 3671 541 3741 sit
556 3667 662 3741 nobis
673 3667 810 3740 cunctis
824 3666 950 3739 diebus
966 3668 1044 3738 vitae
1058 3680 1206 3753 nostrae,
1223 3665 1314 3737 sicut
1328 3680 1380 3736 est
1393 3664 1517 3737 hodie.
1538 3694 1556 3734 u
1573 3669 1680 3738 ltem’
1699 3697 1707 3738 :
1731 3698 1747 3734 r<
1762 3672 1810 3740 Te

216 3787 320 3884 elegit
337 3789 515 3862 Dominus
538 3792 635 3860 Deus
657 3801 756 3875 tuus,
781 3799 822 3856 ut
843 3787 891 3858 sis
911 3787 943 3857 ei
964 3784 1120 3884 populns
1139 3784 1328 3884 peculiaris
1351 3785 1396 3856 de
1420 3784 1559 3855 cunctis
1584 3784 1727 3884 populis
1748 3790 1811 3884 qni

215 3920 298 3978 sunt
320 3933 428 4006 supra
450 3923 595 3980 terram.
615 3906 765 3979 Custodi
781 3930 867 4002 ergo
883 3920 1059 4004 praecepta
1078 3919 1113 3977 et
1132 3903 1346 3975 cerimonias
1363 3918 1471 4002 atquc
1482 3903 1630 4000 judicia,
1649 3930 1728 4002 quae
1743 3932 1810 4004 ego

215 4025 350 4098 mando
377 4025 439 4098 tibi
464 4025 575 4098 hodie
593 4040 632 4097 ut
651 4025 771 4097 iacias.
795 4025 830 4096 Si
847 4023 1067 4095 custodieris
1082 4046 1144 4110 ea,
1164 4036 1200 4094 et
1218 4022 1360 4114 feceris,
1386 4020 1564 4093 custodiet
1576 4037 1613 4094 et
1633 4024 1811 4096 Dominus

215 4147 312 4217 Deus
330 4160 412 4217 tuus
434 4145 500 4217 tibi
520 4159 666 4244 pactum
683 4158 719 4215 et
742 4142 1022 4214 misericordiam
1052 4165 1161 4239 quam
1182 4140 1316 4237 juravit
1337 4138 1497 4238 patribus
1514 4141 1602 4235 tuis,
1631 4157 1666 4240 et
1689 4141 1811 4240 diliget

215 4275 251 4334 te
270 4287 313 4336 ac
332 4264 601 4363 multiplicabit,
622 4262 881 4359 benedicetque
902 4260 1031 4333 fructui
1053 4259 1276 4362 ventris-tui,
1294 4274 1330 4332 et
1353 4259 1483 4331 fructui
1507 4274 1608 4332 terrae
1632 4276 1716 4352 tuae,
1742 4262 1812 4333 lru·

215 4395 339 4454 mento
356 4396 464 4480 atque
479 4383 685 4472 vindemiae,
704 4381 787 4454 oleo
803 4396 839 4452 et
854 4380 1041 4471 armentis,
1063 4379 1228 4476 gregibus
1252 4379 1374 4450 ovium
1397 4393 1540 4450 tuarum
1557 4394 1808 4476 superterram

215 4523 284 4597 pro
313 4524 384 4596 qna
404 4501 537 4597 juravit
557 4499 719 4601 patribus
742 4499 812 4570 tuis
837 4512 877 4570 ut
899 4500 1000 4571 daret
1023 4522 1102 4570 eam
1126 4497 1205 4570 tibi.
1234 4496 1443 4568 Benedictus
1467 4498 1537 4568 eris
1563 4497 1658 4570 inter
1684 4524 1810 4573 omnes

214 4619 390 4716 populos,
417 4620 550 4692 scilicet
574 4643 648 4691 non
673 4618 739 4691 erit
763 4616 862 4714 apud
890 4632 925 4689 te
952 4616 1080 4689 sterilis
1104 4618 1290 4713 utriusque
1315 4639 1418 4687 sexus
1443 4629 1516 4687 tam
1539 4616 1576 4688 in
1602 4618 1811 4691 hominibus

215 4759 326 4833 quam
349 4737 387 4809 in
412 4737 577 4835 gregibus
602 4738 685 4809 tuis.
711 4735 855 4807 Auferet
877 4749 956 4807 ate
980 4760 1126 4808 omnem
1149 4735 1359 4829 langu'orem
1378 4749 1413 4805 et
1429 4732 1654 4807 infirmitates
1680 4736 1809 4835 Egypti

216 4857 400 4953 pessimas,
427 4881 516 4957 quas
541 4881 615 4929 non
639 4854 767 4928 inferet
790 4852 874 4946 tibi,
902 4852 964 4927 sed
990 4856 1128 4927 cunctis
1154 4852 1319 4926 hostibus
1342 4853 1426 4925 tuis.
1462 4853 1661 4927 Devorabis
1682 4879 1809 4928 omnes

247 5100 254 5128 ¹
268 5097 351 5161 Dent,
365 5110 418 5161 cap.
432 5108 469 5161 n,
481 5109 504 5147 r.
520 5097 557 5149 rt.
571 5119 602 5132 ·-
612 5094 706 5158 ’nim
716 5107 770 5157 cap.
784 5106 832 5157 ru,
843 5105 868 5144 v.
881 5094 897 5145 6
908 5100 999 5156 etsqq.
