4559 6100
443 426 517 517 4⁷6
975 492 979 497 .
1051 426 1180 499 rurus
1205 425 1438 498 mnrium

446 578 553 651 filius
572 592 637 665 est,
658 578 821 677 quam-in
841 579 1024 671 creaturis,
1050 580 1088 651 in
1112 578 1244 678 quibus
1267 593 1320 653 est
1342 578 1470 653 saltem
1492 576 1689 653 formarum
1712 578 1917 674 diversitas,
1936 594 2044 679 etque

447 700 557 796 ipsius
574 699 778 773 substantiae
795 696 1004 771 instabilitas
1020 697 1235 797 assiduaque
1251 700 1414 773 variatio.

495 818 693 907 Quomodo
716 843 822 916 ergo,
848 818 878 890 si
902 818 1146 892 concedamus
1172 821 1208 891 in
1237 822 1408 892 creaturis
1433 834 1581 919 propter
1608 818 1833 893 identitatem
1857 821 2039 908 essentiae,

447 939 547 1035 quod
570 939 630 1012 hic
653 938 782 1012 sedens
799 952 854 1011 est
869 938 931 1011 hio
945 938 1067 1030 albus,
1087 940 1144 1013 vel
1167 939 1229 1012 hie
1247 942 1310 1037 qui
1330 944 1434 1013 Pater
1455 953 1507 1013 est
1522 939 1630 1012 Filius
1655 955 1722 1033 est,
1740 965 1817 1013 non
1838 940 1911 1012 hoc
1933 943 2045 1039 magis

447 1061 484 1132 in
506 1064 584 1133 Deo
606 1061 839 1159 recipiamus,
867 1073 906 1130 ut
926 1060 956 1131 is
976 1059 1146 1133 videlicet
1166 1061 1227 1158 qui
1252 1062 1357 1133 Pater
1380 1074 1434 1132 est
1460 1059 1567 1132 Filius
1591 1060 1656 1149 sit,
1679 1085 1762 1132 cum
1788 1062 1834 1132 sit
1860 1062 2046 1159 utriusque

448 1181 555 1252 unica
584 1195 621 1252 et
654 1179 842 1251 individua
867 1203 1015 1277 prorsus
1045 1203 1088 1276 ac
1117 1204 1216 1253 mera
1247 1180 1469 1252 substantia?
1509 1185 1579 1251 Aut
1606 1179 1666 1252 hic
1693 1181 1755 1277 qui
1785 1186 1887 1253 Pater
1917 1196 1972 1254 est
2002 1183 2045 1254 sit

450 1303 658 1373 lncamatus
693 1300 784 1371 sicut
817 1311 852 1370 et
885 1299 993 1371 Filius
1005 1352 1015 1385 ‚
1061 1324 1145 1372 cum
1177 1299 1304 1371 eadem
1340 1298 1538 1372 substantia
1568 1325 1647 1397 quae
1683 1303 1785 1371 Pater
1820 1315 1872 1372 est
1901 1324 2045 1374 camem

450 1423 656 1519 susceperit,
682 1421 774 1491 sicut
789 1443 831 1491 ea
847 1444 927 1517 quae
944 1418 1051 1491 Filius
1069 1433 1134 1511 est,
1154 1444 1238 1491 cum
1259 1419 1386 1492 eadem
1409 1420 1552 1519 penitus
1575 1417 1771 1492 substantia
1793 1420 1839 1492 sit
1862 1422 2045 1519 utriusque

449 1540 638 1613 oersonae?
1422 1604 1426 1610 .

498 1662 662 1759 Denique
678 1687 761 1734 cum
779 1660 867 1733 nihil
885 1662 921 1732 in
941 1664 1020 1739 Deo
1037 1661 1081 1733 sit
1096 1672 1224 1760 praeter
1236 1661 1386 1735 unicam
1403 1661 1594 1734 essentiam
1614 1659 1785 1760 simplicis
1801 1674 1837 1732 et
1852 1660 2044 1751 individuae

450 1781 601 1853 omnino
626 1781 845 1874 substantiae,
875 1795 911 1853 et
937 1785 1034 1852 Deus
1062 1785 1178 1855 Deum
1206 1795 1364 1877 generet,
1390 1781 1463 1854 hoc
1488 1796 1542 1854 est
1568 1786 1671 1854 Pater
1698 1781 1838 1873 Filium,
1868 1782 2044 1880 numquid

450 1901 649 1975 substantia
663 1901 898 1975 substantiam
914 1901 1087 1999 generat?
1111 1905 1153 1973 Et
1170 1927 1254 1974 cum
1271 1901 1398 1975 eadem
1414 1903 1458 1975 sit
1473 1903 1615 2001 penitus
1631 1901 1830 1974 substantia
1845 1926 1925 1999 quae
1941 1927 2046 2001 gene·

450 2035 549 2092 ratur
562 2047 646 2094 cmn
663 2047 705 2096 ea
717 2048 795 2121 quae
809 2035 973 2120 generat,
994 2021 1175 2120 numquid
1191 2021 1288 2094 idem
1305 2024 1461 2122 seipsum
1475 2022 1647 2120 generat?
1663 2021 1772 2110 Quod
1784 2037 1905 2095 autem
1919 2023 2045 2096 eadem

451 2166 507 2214 res
524 2143 678 2242 seipsam
695 2145 829 2240 gignat,
848 2166 922 2214 non
941 2140 1057 2214 solum
1072 2144 1237 2215 omnium
1258 2143 1363 2234 ratio,
1387 2168 1511 2215 rerum
1529 2156 1736 2215 sanctorum
1753 2147 1898 2215 Patrum
1916 2143 2046 2244 scripta

451 2261 685 2352 detestantur,
704 2263 858 2336 maxime
874 2264 911 2335 in
929 2262 998 2337 hac
1015 2262 1339 2362 ipsageneratione
1352 2261 1486 2356 divina,
1503 2261 1550 2334 de
1563 2286 1633 2359 qua
1650 2263 1863 2359 Augustinus
1875 2263 1913 2334 in
1928 2263 2046 2362 primo

449 2376 493 2452 cle
518 2386 692 2455 Trr'nitate
715 2385 810 2456 ait¹:
834 2384 934 2473 «Qui
954 2397 1056 2482 putat
1077 2383 1154 2479 ejus
1179 2383 1347 2481 potentiae
1364 2387 1502 2474 Deum,
1527 2396 1567 2455 ut
1587 2385 1743 2482 seipsum
1762 2382 1839 2482 ipse
1860 2384 2043 2477 genuerit,
2071 2466 2075 2471 g

450 2528 494 2574 eo
521 2502 602 2601 plus
626 2517 721 2576 errat
745 2503 845 2601 quod
872 2527 947 2575 non
966 2501 1083 2575 solum
1108 2508 1205 2575 Deus
1231 2504 1279 2575 ita
1301 2528 1375 2574 non
1401 2517 1468 2593 est,
1493 2501 1558 2575 sed
1584 2527 1652 2574 nec
1674 2500 1865 2602 spiritualis
1885 2516 2045 2575 creatura

450 2646 518 2693 nec
535 2622 777 2720 corporalis.»
797 2622 899 2694 Nulla
911 2622 1009 2693 enim
1026 2624 1176 2695 omnino
1197 2646 1253 2695 res
1268 2636 1322 2694 est
1337 2646 1415 2717 quae
1429 2622 1583 2720 seipsam
1596 2622 1728 2719 gignat.
1749 2623 1894 2692 Constat
1910 2621 2047 2720 quippe

451 2766 561 2814 omne
577 2740 678 2839 quod
695 2741 741 2816 de
757 2746 837 2813 Deo
856 2740 1000 2834 dicitur,
1023 2740 1069 2813 de
1093 2743 1257 2838 personis
1279 2742 1364 2839 ipsis
1387 2756 1449 2812 aut
1470 2740 1647 2837 sigillatim
1668 2755 1730 2813 aut
1753 2740 1975 2838 conjunctim
1993 2741 2048 2814 di·

450 2861 608 2934 cendum
627 2887 716 2951 csse,
739 2862 810 2934 hoc
832 2876 885 2934 est
908 2862 954 2933 de
979 2885 1051 2933 una
1073 2885 1198 2932 earum
1220 2876 1283 2933 aut
1305 2860 1350 2932 de
1377 2859 1541 2959 pluribus
1559 2861 1679 2933 simul.
1699 2860 1736 2932 Si
1762 2885 1848 2957 ergo
1874 2865 1971 2934 Deus
1988 2886 2048 2933 se-

450 2984 571 3082 ipsum
593 2984 768 3081 genuerit,
789 2982 913 3080 utique
931 2995 994 3055 aut
1006 2979 1123 3078 aliqua
1140 2981 1249 3052 trium
1266 3004 1502 3080 personarum
1520 2982 1687 3081 seipsam,
1708 2995 1771 3053 aut
1786 2981 1908 3080 plures
1924 3005 2046 3055 earum

391 3109 395 3122 '
451 3104 583 3202 seipsas
598 3102 926 3200 genuerunt.Quod
944 3103 974 3174 si
989 3101 1108 3199 aliqua
1123 3102 1233 3173 trium
1251 3126 1487 3201 personarum
1504 3104 1655 3202 seipsam
1675 3101 1849 3198 genuerit,
1869 3102 1926 3174 vel
1946 3107 2048 3175 Pater

450 3227 527 3325 ipse
544 3226 656 3324 gignit
671 3250 722 3318 se,
739 3224 796 3298 vel
811 3224 918 3296 Filius
931 3224 1020 3322 ipse,
1037 3221 1093 3294 vel
1107 3223 1261 3320 Spiritus
1275 3239 1432 3298 sanctus.
1449 3223 1604 3320 Quodsi
1623 3229 1726 3296 Pater
1741 3223 1898 3320 seipsum
1913 3223 2044 3320 gignat,

451 3345 613 3444 proiecto
630 3346 706 3447 ipse
729 3345 784 3418 sui
800 3359 853 3417 est
868 3344 1001 3434 Filius;
1019 3357 1055 3415 et
1074 3342 1123 3414 ita
1146 3342 1303 3415 consusae
1319 3357 1403 3417 suot
1424 3368 1600 3443 personae,
1617 3368 1700 3415 cum
1718 3340 1778 3414 ille
1796 3344 1858 3439 qni
1876 3346 1979 3415 Pater
1995 3359 2048 3415 est

451 3467 495 3540 sit
508 3467 627 3539 Filius.
650 3465 783 3537 Eadem
801 3489 947 3563 quoque
964 3461 1130 3546 confusio
1153 3477 1219 3555 est,
1241 3463 1313 3535 hoc
1335 3477 1387 3536 est
1403 3463 1594 3562 permixtio
1615 3484 1865 3561 personarum,
1884 3462 1912 3534 si
1930 3462 2048 3561 aliqua

451 3584 602 3658 aliarum
618 3586 772 3683 seipsam
790 3583 923 3678 gignat,
943 3581 1015 3653 hoc
1030 3596 1084 3653 est
1101 3581 1145 3653 sit
1161 3596 1262 3680 pater
1278 3582 1345 3655 sui.

500 3705 672 3776 Prmterea
696 3704 725 3773 si
750 3707 846 3772 Deus
870 3704 987 3771 Deum
1012 3715 1171 3797 generat,
1200 3702 1324 3798 utique
1341 3703 1396 3775 vel
1418 3704 1573 3803 seipsum
1591 3703 1647 3775 vel
1669 3701 1778 3776 elium
1803 3705 1933 3774 Deum.
1956 3700 2050 3773 Alius

451 3848 539 3895 -vero
564 3827 661 3895 Deus
677 3822 724 3894 ab
748 3821 819 3894 alio
835 3845 911 3892 non
928 3835 1044 3918 potest
1061 3845 1150 3910 esse,
1173 3820 1236 3893 sed
1263 3846 1357 3895 unus
1373 3837 1514 3895 tantum
1533 3827 1651 3911 Deus;
1671 3848 1739 3896 nec
1758 3822 1859 3917 juxta
1881 3823 2050 3917 Augusti-

451 3968 542 4016 num
559 3958 595 4015 ει
607 3941 871 4042 suprapositam
888 3940 1077 4025 rationem,
1089 3944 1186 4013 Deus
1203 3942 1359 4041 seipsum
1372 3968 1540 4042 generare
1554 3958 1682 4045 potest.
1696 3942 1840 4041 Quippe
1852 3942 1881 4013 si
1893 3942 2049 4039 seipsum

453 4069 548 4137 Deus
575 4063 760 4160 genuerit,
780 4061 904 4157 utique
920 4061 995 4159 ipse
1016 4065 1112 4132 Deus
1128 4061 1183 4132 sui
1199 4076 1302 4160 pater
1317 4077 1383 4137 est.
1403 4064 1512 4152 Quod
1529 4066 1559 4137 si
1576 4065 1652 4163 ipse
1672 4066 1768 4135 Deus
1784 4075 1886 4159 pater
1909 4074 1962 4133 est
1977 4062 2046 4151 sui,

453 4184 614 4283 prolecto
637 4182 694 4255 vel
712 4185 808 4253 Deus
823 4184 927 4260 Pater
947 4194 999 4252 est
1017 4195 1117 4279 pater
1130 4182 1198 4273 sui,
1224 4182 1280 4255 vel
1301 4208 1375 4255 non
1393 4187 1491 4256 Deus
1507 4189 1610 4260 Pater
1622 4196 1675 4258 est
1698 4195 1799 4282 pater
1816 4182 1884 4252 sui.
1905 4184 2047 4253 atvero

450 4308 549 4376 Deus
575 4308 679 4375 Pater
694 4301 813 4373 solius
836 4301 926 4390 Filii,
950 4314 987 4372 ει
1003 4325 1078 4373 non
1096 4301 1275 4401 suiipsius
1292 4318 1394 4401 pater
1414 4318 1480 4377 est.
1511 4309 1590 4377 Non
1616 4305 1722 4401 igitur
1742 4305 1839 4372 Deus
1865 4304 1969 4395 Pater
1996 4315 2048 4372 est

454 4437 555 4524 pater
575 4424 641 4495 sui.
670 4425 714 4494 Αι
738 4445 859 4493 rursus
877 4421 906 4492 si
926 4420 1053 4494 salsum
1069 4423 1115 4495 sit
1131 4428 1248 4494 Deum
1274 4427 1411 4495 Patrem
1431 4449 1507 4497 esse
1525 4438 1662 4524 patrem
1684 4422 1758 4512 sui,
1776 4420 1902 4518 utique
1921 4418 2048 4494 falsum

453 4559 519 4636 est,
543 4547 660 4614 Deum
680 4547 821 4613 Patrem
842 4541 896 4612 sui
916 4564 991 4613 esse
1012 4554 1153 4640 patrem
1170 4542 1237 4612 sni.
1256 4545 1397 4614 atvero
1415 4543 1495 4642 quis
1521 4557 1633 4643 ponat
1655 4538 1792 4640 aliquid
1815 4563 1893 4613 esse
1910 4554 2047 4638 patrem

454 4665 521 4753 sni,
541 4679 577 4738 et
595 4661 841 4742 contradicere
856 4659 986 4734 audeat
1005 4661 1124 4759 ipsum
1140 4674 1279 4758 patrem
1293 4662 1347 4733 sui
1365 4686 1441 4735 esse
1457 4676 1595 4762 patrem
1612 4661 1693 4734 sui?

504 4790 585 4874 Qua
600 4784 707 4856 etiam
733 4782 886 4870 ratione,
912 4805 996 4852 cum
1009 4805 1083 4853 una
1099 4795 1238 4854 tantum
1256 4780 1455 4856 substantia
1475 4783 1520 4855 sit
1546 4784 1655 4857 trium
1676 4804 1927 4880 personarum,
1946 4793 1988 4852 nt
2004 4780 2049 4853 sit

488 5068 493 5096 ¹
508 5066 609 5125 tinguet.
622 5063 652 5113 de
665 5059 770 5124 Triuia,
785 5059 831 5109 llb.
843 5056 864 5121 l,
875 5071 930 5119 cap.
942 5055 962 5106 l.
