4559 6100
754 991 967 1113 LIBER
1016 989 1354 1111 Pullius..

908 1420 1091 1511 CAPUT
1129 1422 1166 1509 1.

292 1644 430 1718 Summi
442 1642 531 1715 boni
548 1642 818 1742 perfectionem,
833 1641 933 1741 quod
941 1645 1046 1715 Deus
1062 1655 1128 1732 est,
1147 1642 1224 1738 ipsa
1240 1639 1306 1713 Dei
1322 1640 1502 1739 Sapientia
1518 1640 1701 1713 incarnata
1717 1639 1833 1713 Chris

245 1778 300 1836 tus
322 1762 499 1834 Dominus
521 1760 773 1854 describendo,
798 1760 913 1834 tribus
938 1759 1148 1848 nominibus
1172 1758 1359 1856 diligenter
1380 1757 1551 1851 distinxit,
1581 1781 1666 1831 cum
1691 1758 1832 1830 unicam

243 1896 279 1952 et
296 1880 512 1977 singularem
535 1880 760 1954 individuam
781 1882 925 1980 penitus
948 1905 991 1953 ao
1016 1877 1215 1977 simplicem
1239 1878 1474 1951 substantiam
1496 1878 1669 1967 divinam,
1692 1880 1833 1951 Patrem
1916 1865 1920 1878 ’

243 2014 278 2071 et
294 1998 421 2072 Filium
437 2014 475 2072 et
488 2001 661 2097 Spiritum
676 2014 841 2073 sanctum
857 1999 974 2072 tribus
989 1999 1035 2071 de
1051 1999 1167 2071 musis
1181 1999 1423 2097 appellaverit.

293 2117 502 2191 Ambrosius
516 2117 563 2190 de
576 2118 661 2191 Fide
679 2119 725 2191 ad
742 2119 955 2193 Gratianum
972 2119 1225 2215 imperatorem
1244 2147 1252 2187 :
1277 2145 1296 2187 α
1311 2116 1419 2206 Quod
1433 2117 1538 2190 unius
1549 2130 1602 2190 est
1614 2115 1830 2202 substantias,

243 2237 399 2333 separari
424 2260 500 2308 non
526 2250 663 2334 potest3
692 2250 728 2308 et
752 2238 876 2309 sinon
897 2238 942 2308 sit
965 2236 1230 2334 singularitatis,
1258 2236 1322 2308 sed
1346 2236 1501 2308 imitatis.
1529 2234 1761 2332 Singularitas
1786 2233 1832 2304 ad

242 2376 436 2450 personam
453 2355 620 2453 pertinet,
641 2354 758 2428 unitas
773 2354 821 2428 ad
836 2368 1014 2428 naturam.
1033 2384 1065 2448 s

897 2697 1075 2786 caput*
1120 2699 1182 2786 11.

292 2920 429 2989 Patrem
452 2916 614 3015 quidem,
636 2917 834 2990 secundum
859 2914 957 2989 illam
977 2917 1120 2989 unicam
1148 2917 1339 3013 majestatis
1356 2941 1426 2989 suae
1449 2917 1668 3014 potentiam,
1687 2941 1767 3015 quae
1782 2933 1836 2992 est

243 3035 519 3136 omnipotentia,
545 3060 618 3135 qua
640 3037 774 3110 scilicet
789 3033 931 3109 efficere
955 3048 1074 3135 potest
1095 3033 1272 3133 quidquid
1288 3035 1377 3128 vult,
1403 3060 1486 3109 cum
1505 3034 1596 3109 uihil
1617 3036 1651 3110 ei
1674 3036 1836 3113 resistere

245 3168 378 3252 queat;
408 3155 535 3229 Filium
552 3168 673 3228 autern
695 3153 860 3227 eamdem
887 3154 1048 3227 divinam
1069 3154 1304 3227 substantiam
1331 3153 1433 3244 dixit,
1457 3154 1656 3229 secundum
1682 3157 1834 3254 propriu

245 3273 427 3371 sapientias
445 3272 712 3367 discretionem,
733 3298 805 3371 qua
821 3271 986 3346 videlicet
1001 3286 1132 3344 cuncta
1157 3272 1327 3344 veraciter
1347 3271 1545 3369 dijudicare
1565 3295 1608 3345 ac
1632 3271 1834 3347 discernere

240 3404 381 3490 potest,
412 3405 450 3461 ut
480 3390 568 3461 nihil
600 3414 679 3463 eam
708 3389 817 3463 latere
845 3392 957 3489 possit
984 3413 1058 3487 quo
1084 3389 1296 3487 decipiatur.
1334 3390 1506 3487 Spiritum
1532 3403 1696 3465 sanctum
1725 3391 1832 3469 etiam

240 3509 385 3580 vocavit
411 3508 548 3606 ipsam,
578 3507 777 3581 secundum
805 3506 902 3580 illam
934 3506 1164 3604 benignitatis
1192 3532 1264 3581 suae
1293 3509 1465 3605 gratiam,
1495 3531 1569 3605 qua
1603 3508 1726 3581 omnia
1755 3532 1833 3604 quse

238 3650 383 3699 summa
410 3624 575 3699 condidit
596 3627 783 3724 sapientia,
812 3650 953 3700 summa
978 3626 1121 3700 ordinat
1144 3626 1320 3720 bonitate,
1348 3642 1385 3703 et
1408 3625 1455 3700 ad
1476 3626 1653 3726 optimum
1683 3651 1834 3724 quaque

240 3745 353 3817 finem
382 3743 646 3836 accommodat,
669 3746 764 3818 malo
781 3771 928 3844 quoque
951 3745 1045 3819 bene
1062 3770 1204 3845 semper
1222 3759 1338 3833 utens,
1358 3759 1394 3818 et
1414 3743 1621 3823 mirabiliter
1639 3759 1835 3843 quantum-1

240 3863 330 3935 libet
356 3887 521 3963 perverse
546 3863 636 3937 lacta
665 3866 800 3963 optime
826 3865 1035 3964 disponens,
1064 3866 1165 3963 quasi
1193 3866 1257 3963 qui
1282 3880 1432 3964 utraque
1458 3888 1566 3939 manu
1595 3889 1663 3964 pro
1689 3864 1833 3945 dextera

239 3995 375 4075 utatur,
406 3995 442 4053 et
470 3983 604 4054 nesciat
629 3983 698 4055 nisi
729 3982 904 4058 dextram.
939 3984 1041 4058 Unde
1066 3985 1103 4057 in
1126 3976 1335 4056 Enchiridio
1360 3990 1400 4057 B.
1430 3985 1659 4081 Augustinus¹
1681 4010 1689 4054 :
1714 3987 1833 4055 «Nou

237 4099 353 4189 enim,
386 4101 515 4197 iuquit,
543 4105 639 4173 Deus
667 4104 911 4202 omnipotens,
940 4128 1025 4176 cum
1051 4129 1190 4177 summe
1218 4102 1337 4176 bouus
1364 4103 1430 4195 sit,
1460 4103 1535 4177 ullo
1564 4101 1680 4177 modo,
1701 4102 1834 4177 sineret

237 4217 328 4290 mali
354 4217 490 4315 aliquid
507 4220 637 4291 esseio
654 4220 824 4319 operibus
834 4222 927 4315 suis,
948 4223 1016 4294 nisi
1039 4221 1260 4320 usqueadeo
1281 4235 1371 4297 esset
1387 4222 1617 4322 omnipotens
1636 4234 1674 4295 et
1689 4220 1808 4303 bonus
1818 4270 1831 4309 ,

240 4349 284 4407 ut
304 4334 399 4408 bene
425 4334 555 4409 laceret
580 4351 616 4409 et
641 4337 687 4411 de
711 4339 854 4413 malo.»
877 4339 974 4412 ldem
997 4342 1034 4414 iu
1057 4342 1103 4412 XI
1118 4340 1163 4415 de
1187 4344 1335 4415 coitate
1359 4344 1441 4433 Dei,
1471 4339 1782 4417 debonitnteDei
1799 4353 1835 4427 el

238 4453 377 4526 malitia
395 4454 537 4528 Diaboli
553 4456 717 4553 loquens,
738 4457 829 4531 ait’:
849 4488 867 4527 a
882 4462 979 4531 Deus
992 4459 1081 4531 sicut
1097 4473 1305 4532 naturarum
1320 4457 1499 4535 bonarum
1517 4458 1675 4558 optimus
1693 4472 1833 4535 creator

236 4584 319 4664 est,
353 4573 401 4644 ita
425 4572 599 4647 malarum
625 4576 852 4649 voluntatum
874 4577 1087 4675 justissimus
1115 4577 1315 4669 ordinator,
1339 4592 1380 4649 ut
1406 4602 1490 4651 cum
1516 4575 1575 4649 ille
1597 4575 1689 4651 male
1715 4590 1834 4667 utatut

236 4690 382 4761 naturis
402 4688 523 4785 bonis,
548 4692 623 4791 ipse
645 4692 738 4766 bene
764 4709 887 4769 utatur
911 4697 1019 4769 etiam
1034 4694 1279 4768 voluntatibus
1302 4694 1417 4768 malis.
1435 4725 1453 4763 »
1473 4697 1562 4767 Item
1583 4694 1679 4771 idem
1699 4693 1835 4783 ibidem

235 4805 289 4879 de
307 4806 481 4885 uiaboto·
511 4837 519 4879 ε
558 4814 684 4911 «Deus
710 4837 794 4885 cum
822 4838 906 4886 eum
932 4813 1118 4907 conderet,
1149 4814 1275 4886 utura
1300 4813 1526 4911 malignitatis
1555 4813 1630 4909 ejus
1650 4836 1731 4913 ⁸non
1759 4824 1835 4883 erat

270 5117 278 5146 ¹
293 5111 357 5177 Cep.
370 5127 410 5179 ιι,
424 5116 528 5182 oppa.
543 5115 584 5168 vt.
596 5143 627 5156 -
639 5117 776 5181 ’sumac
788 5117 968 5183 civitatensi,
985 5119 1029 5172 uu.
1047 5118 1088 5186 xt,
1099 5132 1155 5184 esp.
1167 5131 1227 5173 xm.
1242 5119 1318 5184 opp,
1331 5127 1350 5170 t.
1363 5117 1413 5170 vu.
1426 5146 1456 5159 -
1467 5121 1481 5153 ¹
1490 5118 1558 5170 Ilia.
1568 5130 1624 5181 cap.
1635 5129 1706 5168 suu.
