4559 6100
459 505 532 579 tat
1062 507 1191 581 Putat
1216 506 1449 581 ABAELARDl

459 657 504 728 sit
517 681 601 730 enm
619 657 726 733 luisse
742 684 820 732 non
835 658 1139 760 praedestinamm,
1159 683 1227 733 nec
1242 657 1476 732 salvandum:
1494 683 1570 731 non
1588 673 1811 733 tamencum
1834 657 2055 731 determina·

457 778 557 851 tione
572 803 698 851 verum
715 794 769 852 est
779 778 912 873 dicere,
932 778 1033 878 qnod
1049 804 1134 853 eum
1150 778 1321 879 possibile
1337 793 1390 851 est
1408 778 1586 873 damnari,
1606 805 1690 854 cum
1707 780 1752 852 sit
1769 778 2054 878 predestinatus,

459 896 514 971 rel
531 922 617 971 cum
634 900 680 971 sit
696 898 902 973 salvandum.
917 900 976 974 Sic
989 915 1026 972 et
1049 925 1148 994 enm,
1175 901 1239 999 qui
1262 913 1423 973 curtatus
1442 914 1509 989 est,
1537 900 1710 998 possibile
1728 915 1783 972 est
1805 898 1940 971 habere
1963 897 2056 971 duos

461 1016 584 1115 pedes,
602 1042 687 1090 cum
697 1020 743 1092 sit
758 1020 878 1092 omnis
892 1019 1007 1093 bomo
1022 1019 1138 1121 bipes,
1156 1035 1194 1093 et
1209 1045 1294 1093 eum
1304 1021 1366 1118 qui
1379 1044 1492 1092 caecus
1503 1036 1556 1092 est
1568 1020 1737 1119 possibile
1751 1034 1806 1092 est
1820 1017 1968 1110 ridere,
1980 1043 2055 1090 non

460 1150 581 1209 tamen
598 1138 769 1237 possibile
783 1155 837 1212 est
850 1155 1041 1240 postquam
1056 1155 1217 1213 curtatus
1226 1154 1292 1231 est,
1310 1141 1367 1212 vel
1384 1152 1573 1237 ροεῖφιαω
1599 1164 1726 1212 caecus.
1752 1139 1919 1234 Alioquin
1943 1138 2057 1236 possi·

460 1255 532 1330 bile
546 1273 640 1331 esset
650 1262 910 1357 regressionem
926 1260 973 1333 de
985 1261 1188 1359 privatione
1201 1259 1248 1332 ad
1261 1258 1425 1332 habitum
1439 1258 1535 1350 fieri,
1559 1258 1661 1358 quod
1684 1260 1826 1359 penitus
1842 1257 1970 1329 salsum
1986 1272 2053 1329 est.

461 1378 519 1450 Sic
534 1392 571 1449 et
586 1380 735 1452 sonasse
746 1404 823 1453 non
835 1395 891 1452 est
904 1379 1104 1453 absurdum
1117 1405 1186 1453 nos
1194 1378 1395 1452 concedere
1406 1379 1627 1479 simpliciter,
1643 1378 1743 1477 quod
1759 1403 1844 1451 cum
1855 1377 2054 1467 bominem,

461 1498 523 1594 qui
536 1499 616 1571 Deo
632 1500 755 1572 unitus
770 1515 837 1590 est,
854 1499 1024 1600 possibile
1036 1501 1081 1572 sit
1096 1524 1260 1601 peceare,
1288 1525 1363 1572 non
1382 1514 1503 1573 tamen
1519 1514 1713 1600 postquam
1739 1499 1860 1571 unitus
1885 1496 1941 1569 vel
1966 1495 2055 1568 dum

462 1621 582 1694 unitus
598 1637 663 1695 est.
677 1623 862 1700 Christum
874 1650 975 1719 vero,
994 1624 1033 1697 id
1049 1638 1116 1713 est,
1131 1628 1245 1697 licum
1262 1624 1367 1696 sirum
1388 1639 1425 1697 et
1449 1625 1637 1698 bominem
1660 1624 1778 1697 modis
1799 1621 1970 1695 omnibus
1989 1622 2057 1694 im·

460 1743 632 1839 possibile
647 1758 700 1817 est
714 1768 877 1844 peecare,
894 1770 980 1819 cum
995 1746 1164 1820 videlicet
1175 1747 1295 1845 ipsum
1307 1745 1438 1818 Christi
1454 1770 1589 1819 nomen
1612 1747 1679 1819 Dei
1706 1760 1741 1818 et
1763 1744 1922 1817 bominis
1941 1744 2058 1842 expri-

460 1877 535 1934 mat
551 1864 738 1938 unionem.
752 1870 801 1938 Ac
816 1865 870 1938 sic
885 1865 986 1964 quod
1004 1865 1141 1939 dictum
1158 1879 1224 1954 est,
1239 1896 1257 1932 α
1269 1866 1517 1940 omnishomo
1534 1866 1703 1958 mendax,
1720 1895 1737 1936 e
1754 1864 1873 1938 modis
1885 1861 2056 1936 omnibns

459 2005 545 2055 vera
562 1983 704 2057 videtur
720 2009 797 2058 esse
810 1987 1026 2059 enuntiatio.

511 2132 529 2168 ι
543 2104 643 2175 Sicut
662 2105 835 2204 scripturn
851 2119 923 2198 est,
942 2120 983 2177 ut
996 2104 1211 2203 justificeris.
1230 2137 1247 2172 »
1267 2105 1401 2179 Probat
1425 2131 1492 2206 per
1506 2107 1758 2179 auctoritatem
1780 2103 1927 2196 Psalmi,
1946 2126 2055 2201 quam

458 2244 564 2294 verax
578 2224 624 2296 sit
641 2228 737 2296 Deus
751 2225 788 2296 in
805 2227 990 2324 promissis
1007 2226 1080 2298 suis
1092 2225 1331 2324 complendis,
1349 2239 1385 2298 et
1397 2226 1533 2298 stabilis
1549 2227 1586 2298 in
1605 2251 1673 2298 suo
1690 2224 1893 2325 proposito.
1912 2224 2056 2294 Promi-

456 2354 552 2413 serat
564 2342 697 2441 quippe
714 2345 892 2417 Dominus
907 2344 954 2417 ad
970 2344 1105 2436 David,
1124 2343 1226 2443 quod
1243 2344 1290 2418 de
1305 2346 1442 2418 semine
1457 2346 1534 2441 ejus
1549 2345 1710 2417 Christus
1728 2357 1946 2417 nasceretur.
1968 2345 2056 2432 Quae

458 2460 605 2557 quidem
623 2462 814 2559 promissio
825 2478 905 2563 post
916 2464 1133 2538 adulterium
1149 2464 1265 2537 David
1277 2465 1610 2539 cassandaomnino
1626 2464 1830 2558 videbatur,
1849 2477 1885 2536 et
1901 2463 2055 2535 omnino

457 2586 698 2682 incongruum
713 2587 918 2681 videbatur,
935 2603 977 2661 ut
990 2588 1137 2662 ulterius
1158 2588 1205 2662 de
1224 2590 1361 2662 semine
1378 2603 1451 2661 tam
1469 2592 1669 2689 peccatoris
1686 2588 1845 2660 bominis
1863 2587 1971 2661 Filius
1990 2587 2054 2659 nei

457 2727 603 2777 carnem
628 2706 837 2805 susciperet,
864 2723 901 2780 et
923 2709 973 2781 ita
992 2710 1112 2781 Deum
1130 2709 1193 2806 qui
1214 2707 1287 2781 hoc
1308 2709 1343 2780 ei
1363 2710 1591 2808 promiserat,
1611 2708 1824 2781 mendacem
1846 2706 1924 2780 lieri
1946 2730 2055 2805 opor·

459 2838 562 2896 teret.
590 2823 700 2911 Quod
724 2848 956 2925 nequaquam
985 2851 1092 2926 posse
1117 2828 1344 2926 contingere,
1371 2827 1469 2900 idem
1496 2830 1559 2928 qui
1578 2844 1650 2902 tam
1679 2829 1833 2927 graviter
1858 2826 2057 2925 deliquerat

458 2941 647 3015 attendens
656 2942 793 3017 aiebat¹
812 2971 822 3015 r
841 2945 951 3018 «Tibi
965 2946 1032 3020 soli
1048 2948 1216 3047 peccavi,
1236 2947 1274 3020 id
1287 2964 1354 3041 est,
1371 2947 1418 3021 ad
1436 2948 1615 3022 honorem
1632 2950 1685 3021 tui
1696 2963 1848 3035 tantum,
1866 2947 1928 3044 qui
1945 2946 2069 3018 ctiam·

458 3064 684 3162 iniquitatem
708 3063 802 3138 bene
822 3065 987 3158 ordinas,
1014 3067 1122 3140 etad
1146 3068 1297 3167 gloriam
1322 3086 1419 3142 tuam
1445 3071 1568 3145 omnia
1589 3070 1781 3143 convertis.
1811 3097 1830 3136 a
1851 3070 1895 3139 Et
1918 3064 2055 3138 malum

457 3205 580 3257 coram
590 3197 626 3256 te
634 3182 714 3278 leci,
727 3214 745 3251 s
764 3185 865 3259 idest
875 3200 911 3259 te
924 3188 1071 3279 sciente,
1082 3212 1191 3287 quem
1205 3188 1295 3260 nibil
1309 3189 1415 3262 latet:
1431 3205 1471 3263 ut
1482 3191 1628 3290 perhoc
1638 3202 1808 3290 appareat
1821 3186 2056 3287 quamjustns

456 3303 525 3395 sis,
548 3303 610 3401 qui
626 3302 793 3378 videlicet
811 3329 897 3378 cnm
920 3308 1010 3381 scias
1032 3332 1091 3381 me
1106 3309 1370 3409 promeruisse,
1389 3325 1429 3384 ut
1450 3334 1525 3382 non
1546 3309 1636 3382 mihi
1657 3309 1834 3410 promissa
1851 3303 2052 3394 custodiam

457 3437 577 3497 tamen
591 3424 677 3522 quia
692 3424 810 3522 justus
825 3450 864 3498 es
880 3440 917 3498 et
931 3451 1056 3519 verax,
1077 3452 1154 3500 non
1170 3442 1274 3528 potes
1290 3430 1567 3530 promissionem
1586 3444 1686 3502 tuam
1703 3428 1884 3501 lmstrare.
1904 3426 1941 3497 Si
1957 3426 2055 3497 enim

457 3558 644 3643 peccatum
665 3542 738 3616 boc
760 3549 878 3618 Deum
897 3546 1033 3639 lateret,
1057 3574 1133 3621 non
1156 3549 1337 3623 videretur
1352 3574 1460 3623 causa
1477 3575 1588 3649 quare
1608 3549 1883 3652 promissionem
1899 3569 1974 3617 non
1991 3546 2056 3616 im·

456 3662 583 3761 pleret.
602 3666 705 3736 Nunc
725 3678 847 3737 autem
869 3690 952 3737 cum
969 3668 1059 3740 sciat
1079 3682 1265 3766 peccatum
1282 3670 1473 3762 committi,
1490 3685 1525 3742 et
1542 3683 1752 3770 peccantem
1773 3666 1946 3740 memisse
1969 3688 2056 3737 con·

457 3783 621 3873 trarium,
640 3797 757 3854 servat
769 3797 888 3857 tamen
903 3784 1129 3858 immobilem
1142 3812 1215 3859 suae
1228 3790 1385 3862 veritatis
1402 3791 1656 3879 constantiam,
1674 3784 1908 3888 adimplendo
1924 3783 2056 3858 scilicet

458 3901 646 4001 promissa.
664 3930 682 3968 r
702 3907 749 3974 Ut
763 3901 967 3999 justificeris
986 3905 1024 3976 in
1043 3906 1272 3979 sermonibus
1289 3909 1380 4000 tuis,
1401 3940 1419 3976 υ
1436 3908 1475 3982 id
1493 3923 1547 3982 est
1561 3925 1604 3981 ut
1616 3905 1846 4007 exsequendo
1870 3927 2057 3977 sermones

459 4035 553 4113 tuos,
567 4020 613 4093 de
630 4021 930 4120 promissionibus
940 4049 1030 4122 quas
1045 4025 1136 4097 mihi
1151 4024 1277 4115 iecisti,
1290 4027 1507 4124 justificeris,
1519 4029 1557 4102 id
1573 4030 1752 4128 estjustus
1769 4040 1806 4099 et
1820 4048 1928 4097 verax
1945 4046 2056 4123 appa·

458 4163 549 4214 reas.
572 4170 590 4209 e
612 4144 657 4213 Et
670 4142 793 4214 vinces
805 4170 823 4209 u
842 4142 976 4235 scilicet
991 4144 1195 4217 humanum
1207 4147 1399 4244 judicium,
1419 4174 1534 4222 «cum
1547 4148 1750 4247 judicaris»
1767 4145 1814 4219 ab
1829 4143 2054 4232 hominibus,

459 4259 495 4332 id
511 4275 566 4334 est
580 4263 738 4360 argueris
758 4262 956 4359 mendacii,
983 4279 1156 4365 tanquam
1170 4267 1235 4366 qui
1253 4292 1329 4341 non
1349 4268 1466 4368 possis
1484 4267 1632 4341 ulterius
1654 4280 1803 4367 propter
1822 4264 1953 4338 delicta
1976 4285 2059 4335 mea

459 4393 557 4453 tuam
574 4382 852 4480 promissionem
867 4383 1075 4486 adimplere.

510 4528 529 4566 α
543 4500 579 4570 Si
590 4515 752 4573 autem.»
766 4504 1041 4602 Oppositionem
1053 4506 1102 4579 ad
1117 4508 1300 4605 premissa
1317 4509 1392 4608 ipse
1403 4508 1542 4581 inducit
1558 4508 1762 4609 Apostolus,
1777 4505 1879 4602 quasi
1891 4502 2025 4576 diceret
2043 4528 2054 4574 ε

460 4618 601 4693 Dictum
618 4635 672 4693 est
688 4625 804 4695 Deum
817 4622 1017 4720 justificari,
1032 4625 1070 4698 id
1086 4640 1140 4698 est
1154 4628 1290 4728 justum
1306 4644 1342 4702 et
1358 4653 1522 4703 veracem
1540 4630 1695 4702 maxime
1713 4650 1888 4727 apparere
1907 4648 1952 4697 ex
1973 4646 2060 4722 pec·

459 4738 565 4831 catis;
588 4763 673 4812 cum
694 4739 792 4813 illam
812 4742 945 4816 scilicet
969 4747 1249 4844 promissionem
1276 4749 1370 4822 illius
1391 4750 1567 4851 impedire
1586 4763 1787 4848 nequeant,
1810 4747 1924 4818 immo
1946 4742 2059 4816 etiam

457 4858 534 4956 ipse
547 4857 595 4932 ad
610 4859 760 4959 glorim
776 4884 879 4936 stram
894 4879 1093 4941 convertat.
1112 4867 1184 4941 Sed
1202 4869 1232 4941 si
1253 4882 1400 4969 peccata
1422 4894 1504 4944 mea
1523 4869 1587 4963 ita,
1610 4882 1653 4941 ut
1668 4867 1806 4943 dictum
1821 4877 1887 4954 est,
1903 4865 1941 4937 in
1963 4885 2058 4964 prae·

484 5132 601 5190 'Perta
613 5147 637 5197 ι,
653 5149 676 5187 r.
689 5140 715 5189 d.
