4559 6100
1022 432 1152 505 PETRI
1179 424 1415 505 sumntum

1024 752 1215 846 CAPUT
1250 752 1412 844 XXIII.

681 976 787 1033 Utrum
815 972 986 1052 poenitentes
1015 972 1155 1051 gemitum
1182 969 1228 1030 sui
1258 969 1366 1029 doloris
1388 968 1455 1029 hinc
1480 990 1577 1030 secum
1603 972 1753 1034 deferant?

470 1162 602 1250 Quaerit
616 1161 774 1233 fortassis
793 1161 934 1258 aliquis,
954 1174 1075 1233 utrum
1092 1160 1130 1232 hi
1147 1160 1211 1257 qui
1227 1159 1274 1233 de
1290 1158 1358 1232 hac
1374 1161 1447 1234 vita
1463 1162 1677 1258 prenitentes
1693 1160 1870 1234 recedunt
1887 1162 1925 1233 in
1945 1160 2015 1235 hoc

421 1282 555 1377 gemitu
580 1280 720 1369 cordis,
741 1295 777 1353 et
791 1281 1006 1353 contritione
1028 1280 1177 1373 doloris,
1194 1278 1257 1352 ubi
1272 1304 1397 1352 verum
1414 1283 1491 1352 Deo
1509 1279 1721 1353 sacrificium
1741 1281 1904 1371 ollertur,
1916 1281 2015 1377 juxta

421 1399 528 1471 illud¹
550 1426 558 1469 :
586 1429 603 1466 n
619 1397 837 1471 Sacrificium
859 1404 937 1472 Deo
961 1399 1106 1497 spiritus
1125 1396 1399 1487 contribulatus,
1415 1426 1433 1466 u
1454 1413 1587 1490 utrum,
1606 1400 1766 1497 inquam,
1786 1399 1873 1471 tales
1887 1398 1934 1471 de
1950 1399 2016 1471 hac

421 1516 501 1590 luce
517 1518 710 1615 migrantes
726 1518 826 1590 hunc
843 1519 1016 1615 gemitum
1032 1533 1067 1590 et
1084 1517 1249 1589 dolorem
1265 1541 1387 1589 secum
1401 1515 1580 1610 delerant3
1600 1518 1690 1589 utin
1707 1519 1782 1590 vita
1796 1542 1943 1616 quoque
1959 1517 2017 1590 illa

421 1636 554 1708 coelesti
581 1635 656 1709 haec
679 1662 718 1710 se
744 1638 966 1710 commisisse
988 1636 1148 1722 doleant,
1177 1660 1265 1734 quo,
1295 1649 1335 1707 ut
1359 1636 1532 1734 scriptum
1551 1640 1631 1726 est¹,
1662 1666 1681 1705 n
1695 1636 1833 1734 aufugit
1856 1635 1962 1709 dolor
1983 1653 2018 1710 et

423 1756 576 1850 gemitus
591 1771 700 1853 atque
718 1755 870 1828 tristitia.
890 1785 908 1825 u
932 1755 1002 1827 Sed
1018 1754 1181 1855 prolecto
1201 1755 1292 1826 sicut
1307 1758 1385 1826 Deo
1402 1753 1461 1826 vel
1481 1754 1620 1852 Angelis
1637 1768 1782 1854 peecata
1798 1768 1922 1828 nostra
1942 1757 2017 1831 siue

420 1873 538 1971 aliqua
555 1899 662 1974 poena
677 1873 814 1947 doloris
832 1874 1039 1973 displicent,
1062 1898 1107 1947 eo
1124 1873 1291 1946 videlicet
1307 1872 1407 1970 quod
1423 1871 1482 1945 illa
1499 1898 1575 1946 non
1591 1873 1807 1973 approbant,
1825 1899 1904 1970 quae
1925 1876 2017 1946 mala

421 1993 672 2082 considerant;
699 1996 748 2066 ita
781 2008 818 2066 et
842 2010 930 2066 tunc
957 1993 1062 2065 nobis
1096 1992 1156 2065 illa
1181 1992 1441 2093 displicebunt,
1473 1994 1510 2064 in
1538 1991 1670 2089 quibus
1694 1991 1924 2089 deliquimus.
1949 1993 2019 2065 Sed

422 2126 544 2183 utrum
570 2138 636 2185 nos
659 2112 718 2186 illa
740 2113 863 2185 iecisse
879 2112 1043 2202 velimus,
1066 2138 1146 2211 quae
1161 2112 1254 2185 bene
1270 2112 1436 2185 ordinata
1458 2136 1533 2185 esse
1557 2115 1674 2184 aDeo
1691 2112 1836 2203 scimus,
1861 2126 1898 2183 et
1914 2111 2019 2184 nobis

422 2256 568 2330 quoque
592 2233 629 2304 in
650 2232 792 2305 bonum
808 2246 1013 2331 cooperata,
1030 2233 1131 2328 juxta
1152 2231 1240 2307 illud
1257 2230 1464 2331 Apostoli⁸r
1487 2231 1658 2302 «Scimus
1674 2230 1847 2326 quoniam
1870 2228 2020 2327 diligen·

427 2349 521 2421 tibus
539 2355 656 2422 Deum
671 2351 793 2422 omnia
809 2364 1053 2449 cooperantur
1069 2351 1106 2421 in
1123 2349 1265 2422 bonum
1276 2348 1292 2420 i
1305 2380 1323 2417 r>
1341 2349 1415 2422 Alia
1432 2365 1484 2422 est
1501 2349 1661 2447 quaestio,
1679 2372 1788 2444 quam
1803 2372 1871 2446 pro
1886 2348 2021 2420 viribus

425 2469 557 2540 nostris
572 2470 678 2541 tertio
697 2469 889 2566 Theolograe
905 2482 1034 2539 nostrae
1050 2466 1145 2539 libro
1163 2467 1394 2541 absolvimus.

1039 2792 1220 2884 CAPUT
1256 2796 1404 2887 XXIV.

1094 3015 1138 3070 De
1165 3011 1357 3072 consessione.

474 3201 575 3269 Nunc
607 3195 654 3268 de
681 3197 907 3269 consessione
930 3212 1161 3297 peccatorum
1191 3200 1297 3272 nobis
1327 3222 1430 3295 agere
1448 3199 1637 3272 incumbit.
1655 3200 1709 3271 Ad
1732 3198 1827 3272 hanc
1843 3224 1911 3272 uos
1927 3205 2022 3298 Apo·

423 3314 535 3387 stolus
553 3314 708 3387 lacobus
725 3315 919 3388 exhortans
936 3316 1026 3388 ait⁸r
1049 3346 1068 3385 a
1081 3317 1314 3391 CouIitemiui
1331 3318 1540 3389 alterutrum
1558 3331 1703 3416 peccata
1719 3331 1852 3406 vestra,
1871 3330 1907 3390 et
1923 3330 2022 3389 orate

425 3460 492 3533 pro
516 3435 669 3507 invicem
695 3448 733 3506 ut
757 3435 941 3507 salvemini
961 3463 970 3506 z
990 3435 1145 3507 multum
1162 3438 1260 3509 enim
1280 3438 1373 3510 valet
1395 3436 1601 3534 deprecatio
1615 3437 1701 3533 justi
1723 3435 1910 3511 assidua.»
1935 3439 2024 3507 Sunt

425 3556 488 3652 qui
512 3554 580 3625 soli
605 3559 683 3626 Deo
709 3553 958 3627 confitendum
982 3553 1213 3646 arbitrantur,
1242 3556 1343 3654 quod
1371 3565 1446 3628 nnn
1471 3557 1559 3628 nulli
1577 3558 1709 3628 Graecis
1726 3557 1932 3656 imponunt.
1953 3555 2024 3627 Sed

425 3672 514 3768 quid
539 3673 636 3771 apud
664 3677 780 3745 Deum
806 3674 983 3746 confessio
999 3673 1128 3763 valeat,
1157 3677 1220 3772 qui
1246 3675 1369 3748 omnia
1394 3676 1515 3768 novit,
1544 3690 1608 3750 aut
1631 3699 1741 3773 quam
1766 3674 2024 3771 indulgentiam

426 3789 532 3861 nobis
559 3790 680 3888 lingua
707 3793 890 3890 impetret,
918 3816 993 3866 nou
1016 3792 1125 3865 video
1150 3819 1159 3864 ε
1185 3794 1269 3867 licet
1293 3792 1468 3891 propheta
1491 3792 1636 3865 dicat⁸z
1665 3792 1876 3866 «Delictum
1903 3816 2023 3863 meum

383 3948 387 3957 ·
426 3909 611 4005 cognitum
625 3908 693 3980 tibi
716 3910 802 4003 leci,
826 3925 863 3983 et
877 3911 1086 4008 injustitiam
1101 3937 1220 3985 meam
1236 3937 1311 3985 non
1331 3911 1551 3984 abscondis
1570 3912 1690 3985 Multis
1704 3912 1752 3984 de
1769 3913 1885 3985 causis
1899 3909 2024 3983 fideles

426 4028 583 4099 invicem
598 4041 744 4125 peccata
759 4027 990 4120 confitentur,
1001 4030 1101 4126 juxta
1112 4030 1201 4103 illud
1210 4032 1369 4129 Apostoli
1382 4032 1483 4130 quod
1501 4031 1723 4130 praemissum
1740 4046 1815 4119 est3
1834 4046 1913 4104 tum
1928 4029 2026 4103 vide·

428 4139 510 4213 licet
525 4156 674 4241 propter
690 4141 913 4241 subpositum
924 4167 1083 4232 causam,
1100 4159 1140 4215 ut
1155 4145 1377 4217 orationibus
1388 4170 1515 4218 eorum
1530 4147 1640 4244 magis
1652 4146 1877 4243 adjuvemur,
1896 4144 2026 4243 quibus

428 4258 662 4334 confitemur:
683 4276 759 4334 tum
784 4262 891 4334 etiam
912 4263 997 4360 quia
1012 4263 1049 4333 in
1066 4263 1267 4335 humilitate
1283 4263 1518 4342 consessionis
1539 4289 1669 4362 magna
1687 4290 1769 4363 pars
1791 4243 1908 4363 agitur
1924 4266 2025 4336 satis-

430 4380 608 4471 factionis,
627 4396 663 4454 et
679 4383 716 4453 in
733 4382 950 4455 relaxatione
968 4383 1186 4482 poenitentiae
1204 4383 1378 4479 majorem
1394 4386 1617 4480 assequimur
1633 4385 1890 4481 indulgentiam
1908 4413 1917 4455 ε
1936 4384 2027 4470 sicut

432 4500 479 4574 de
507 4500 623 4572 David
647 4503 820 4599 scriptum
841 4517 912 4596 est3
935 4504 997 4600 qui
1020 4529 1103 4576 cum
1128 4518 1314 4575 accusatus
1337 4526 1360 4576 a
1382 4504 1535 4578 Natham
1556 4504 1748 4605 propheta,
1771 4503 2022 4604 responderit:

432 4648 450 4685 a
465 4620 630 4711 Peccavi3
646 4649 664 4687 >r
683 4620 803 4691 statim
820 4618 1013 4696 abeodem
1031 4621 1210 4721 Propheta
1227 4647 1440 4721 responsum
1454 4623 1604 4696 audivit¹
1621 4651 1629 4694 :
1648 4652 1666 4692 α
1684 4625 1860 4696 Dominus
1881 4647 2026 4721 quoque

463 4927 579 4978 'Prclm
598 4940 634 4990 n,
651 4942 674 4979 r.
695 4929 733 4980 ta.
753 4953 783 4968 ··
803 4928 892 4993 ’tum
914 4943 969 4993 cap,
986 4943 1070 4995 xxxv,
1092 4944 1116 4981 r.
1137 4936 1219 4986 ru·
1236 4933 1342 4996 ³Itom.,
1359 4945 1413 4995 cap.
1435 4945 1489 4996 rm,
1518 4946 1541 4980 r.
1565 4934 1605 4983 20.
1619 4931 1744 4995 -⁴lac.‚
1765 4945 1819 4996 cap.
1842 4945 1870 4994 r,
1892 4945 1916 4984 r.
1940 4933 1977 4983 tt.
1997 4957 2026 4967 —

428 5005 543 5058 wrote.
556 5020 629 5072 xxxx,
640 5021 663 5059 r.
675 5011 701 5060 5.
714 5009 760 5048 -⁶
770 5009 831 5073 Iter.
843 5007 878 5075 II,
892 5022 947 5073 cap.
961 5022 1007 5074 ιιι,
1021 5023 1048 5060 r.
1062 5013 1100 5063 ta.
