4559 6100
1031 413 1160 486 Putat
1189 413 1421 486 tumtunm

1055 769 1237 859 CAPUT
1276 770 1389 859 xtt

800 987 940 1061 Injustuut
972 1008 1031 1046 non
1061 1008 1123 1047 esse
1151 988 1272 1069 dignum
1306 990 1425 1070 praemio
1449 1010 1507 1051 nou
1536 988 1648 1048 donari.

478 1178 549 1251 Sed
569 1179 723 1251 fortassis
747 1180 909 1274 requiris,
934 1180 963 1250 si
984 1178 1092 1276 isqui
1106 1180 1271 1279 poenitet,
1287 1181 1360 1276 jam
1378 1180 1507 1275 dignus
1525 1181 1570 1250 sit
1584 1180 1656 1250 vita
1673 1193 1821 1270 aeterna,
1841 1180 1903 1275 qui
1920 1178 2019 1250 dam·

430 1301 575 1371 natione
594 1297 723 1394 dignus
739 1323 812 1369 non
831 1297 909 1369 est?
927 1297 1035 1385 Quod
1054 1300 1084 1370 si
1100 1299 1356 1389 concedamus,
1377 1298 1545 1395 objicitur
1565 1296 1671 1369 nobis
1695 1320 1777 1369 eum
1798 1320 1945 1394 quoque
1960 1300 2022 1393 qui

429 1433 511 1516 post
532 1418 779 1515 poenitentiam
799 1416 918 1515 lapsus
941 1418 1064 1515 periit,
1086 1417 1174 1491 dum
1194 1420 1394 1517 poeniteret,
1414 1418 1562 1514 dignum
1583 1417 1656 1488 vita
1676 1429 1807 1489 aeterna
1830 1416 1963 1488 fuisse:
1987 1430 2022 1486 et

429 1542 545 1608 Deum
567 1535 792 1634 arguendum
809 1536 945 1631 injuriae
964 1561 1040 1609 esse
1060 1537 1189 1629 videri,
1214 1539 1276 1635 qui
1297 1538 1483 1637 praemium
1502 1561 1576 1634 quo
1596 1536 1656 1608 ille
1673 1551 1759 1607 tunc
1779 1534 1908 1630 dignus
1922 1548 2020 1623 etat,

429 1659 461 1726 ei
475 1670 560 1727 tuuc
577 1656 702 1729 saitem
719 1680 794 1727 non
809 1655 985 1746 reddidit,
1005 1670 1044 1727 ut
1065 1658 1116 1728 sic
1137 1659 1214 1754 ejus
1235 1657 1505 1728 damnationem
1521 1656 1743 1754 preveniret.
1760 1655 1858 1725 Sicut
1875 1655 1973 1724 enim
1993 1654 2021 1725 si

430 1790 518 1846 tunc
535 1789 750 1861 moreretur,
777 1799 822 1845 ex
846 1773 906 1846 illo
932 1777 970 1845 in
993 1800 1065 1873 quo
1083 1790 1170 1848 tunc
1194 1792 1269 1850 erat
1285 1775 1485 1875 proposito,
1513 1774 1643 1869 dignus
1664 1775 1739 1847 vita
1756 1789 1885 1845 aeterna
1910 1772 2021 1844 striva-

429 1910 555 1965 retur:
582 1896 629 1967 ita
646 1909 681 1966 et
697 1897 725 1965 si
744 1907 868 1991 postea
887 1895 1005 1992 tapsus
1030 1897 1094 1987 sit,
1115 1921 1157 1968 ex
1179 1896 1308 1969 eodem
1330 1897 1452 1968 animo
1473 1918 1581 1993 quem
1603 1896 1702 1992 prius
1724 1893 1868 1984 habuit,
1893 1893 2023 1989 dignus

430 2015 557 2086 saivari
576 2014 652 2085 snit.
673 2013 743 2084 Sed
763 2013 868 2105 dico,
888 2016 973 2111 quia
997 2017 1088 2086 sicut
1104 2015 1207 2086 multi
1223 2040 1316 2114 seepe
1336 2015 1567 2088 damnatione
1583 2013 1682 2110 digni
1704 2029 1799 2104 sunt,
1819 2036 1887 2083 nec
1903 2027 2021 2084 tamen

430 2135 466 2203 in
490 2133 558 2205 hac
580 2158 643 2206 sua
660 2134 817 2230 nequitia
838 2135 1056 2224 moriuntur,
1083 2151 1123 2207 ut
1140 2135 1338 2224 damnatio,
1360 2156 1470 2231 quam
1486 2146 1708 2224 meruerant,
1735 2133 1785 2204 eis
1804 2154 1826 2203 a
1844 2135 1922 2202 Deo
1943 2130 2022 2201 red·

428 2253 553 2344 datur;
585 2279 652 2326 nec
681 2270 799 2326 tamen
827 2251 910 2324 ideo
935 2258 1031 2326 Deus
1057 2254 1235 2349 injustitiae
1260 2266 1314 2325 est
1336 2253 1553 2349 arguendus,
1582 2254 1665 2348 quia
1691 2274 1765 2323 ηοη
1792 2250 1948 2323 reddidit
1973 2251 2023 2321 eis

429 2396 574 2468 poenam
599 2396 708 2470 quam
732 2386 961 2443 meruerant:
988 2374 1035 2444 ita
1057 2397 1125 2443 nec
1147 2374 1183 2444 in
1208 2374 1361 2471 praemiis
1382 2371 1588 2459 reddendis,
1611 2392 1692 2467 quae
1715 2368 2023 2469 perseverantibus

356 2584 361 2593 κ
429 2506 570 2563 tautum
585 2492 857 2588 promittuntur,
873 2492 1025 2561 Veritate
1038 2491 1281 2562 adtestante:
1305 2494 1402 2578 «Qui
1414 2491 1691 2588 perseveraverit
1711 2490 1878 2587 usquein
1898 2488 2019 2580 finem,

429 2607 489 2678 hic
515 2608 632 2679 salvus
658 2610 736 2679 crit.
754 2638 772 2672 »
797 2611 876 2679 Non
898 2632 984 2703 ergo
1007 2609 1205 2680 concedere
1222 2611 1399 2704 cogimur,
1425 2623 1465 2682 ut
1485 2610 1568 2705 quia
1590 2607 1811 2705 quandoque
1836 2632 1943 2704 poena
1967 2607 2022 2677 vei

430 2720 578 2822 praemio
595 2727 676 2822 quis
692 2726 822 2824 dignus
838 2726 956 2818 suerit,
976 2726 1059 2798 ideo
1082 2727 1234 2824 dignum
1251 2727 1306 2798 vei
1324 2728 1460 2823 justum
1482 2728 1538 2818 sit,
1559 2732 1675 2799 Deum
1693 2726 1780 2799 iliud
1797 2726 1829 2797 ei
1846 2727 2020 2818 conterre,

430 2870 515 2917 cum
528 2847 600 2917 alio
613 2844 725 2918 modo
739 2845 867 2917 meiius
881 2845 1055 2917 utendum
1070 2871 1115 2918 eo
1131 2872 1207 2919 esse
1220 2847 1430 2945 providerit,
1454 2847 1538 2943 quia
1552 2848 1659 2920 etiam
1674 2847 1774 2919 malis
1785 2844 1879 2919 bene
1899 2848 2019 2937 utitur,

431 2979 467 3035 et
480 2989 714 3062 quaecumque
737 2965 890 3064 pessima
913 2966 1049 3063 optime
1074 2965 1247 3064 disponit.
1269 2963 1377 3053 Quod
1396 2966 1425 3036 si
1449 2965 1540 3036 forte
1561 2967 1641 3064 quis
1663 2964 1776 3057 dicat,
1801 2990 1884 3037 eum
1895 2967 1956 3064 qui
1977 2966 2023 3036 ad

433 3084 559 3157 horam
582 3090 698 3157 Deum
722 3084 900 3175 amandu,
928 3110 1009 3157 vere
1033 3087 1210 3184 poenituit,
1232 3087 1295 3158 sed
1314 3101 1433 3158 tumen
1455 3087 1492 3156 in
1511 3086 1581 3158 hac
1596 3087 1803 3185 poenitentia
1822 3086 1880 3157 vei
1902 3111 2023 3158 amore

431 3227 506 3275 non
532 3206 824 3304 perseveraverit,
851 3228 925 3275 ηοη
946 3203 1027 3276 ideo
1052 3205 1160 3277 fuisse
1182 3207 1329 3303 praemio
1351 3204 1503 3299 dignum
1525 3206 1604 3276 vitre
1629 3232 1638 3276 ε
1662 3206 1825 3302 proiecto
1852 3229 1935 3278 cum
1957 3231 2024 3278 nec

430 3339 517 3396 tunc
537 3324 768 3398 damnatione
790 3323 919 3422 dignus
940 3323 1045 3396 fuisse
1064 3324 1295 3416 conceditur,
1312 3349 1381 3396 nec
1395 3323 1530 3418 justus,
1555 3349 1623 3397 nec
1639 3341 1806 3424 peccator
1824 3338 1911 3397 tunc
1927 3327 2024 3398 exsti·

431 3445 513 3515 tisse
530 3443 723 3517 videbitur.

1047 3703 1401 3810 OEWTHW

1016 3922 1061 3978 De
1084 3933 1203 3997 peccato
1229 3919 1435 3980 inremissibili.

482 4105 573 4173 Cum
592 4114 724 4192 autem,
744 4114 784 4172 ut
797 4102 966 4189 diximus,
982 4126 1091 4174 omne
1107 4121 1296 4202 peccatum
1311 4130 1375 4204 per
1384 4107 1629 4203 poenitentiam
1648 4108 1766 4178 statim
1779 4107 2024 4178 remissionem

433 4222 597 4320 accipiat,
614 4221 783 4318 quaeritur
805 4245 870 4292 cur
887 4221 1024 4292 Veritas
1038 4222 1222 4319 quoddam
1236 4239 1422 4321 peccatum
1436 4225 1681 4297 inremissibile
1700 4225 1839 4315 dixerit,
1859 4225 1913 4296 vel
1931 4250 2025 4296 nun·

434 4365 544 4436 quam
560 4342 680 4438 ipsum
695 4341 959 4431 remissionem,
981 4341 1052 4412 hoc
1068 4356 1138 4431 est,
1158 4342 1475 4434 condonationem,
1494 4344 1721 4435 habiturum,
1741 4346 1847 4444 quale
1863 4360 1915 4417 est
1936 4344 2025 4416 iliud

435 4475 621 4557 peceatum
644 4459 873 4561 blasphemiae
896 4461 933 4532 in
957 4462 1128 4561 Spiritum
1152 4464 1336 4554 Sanctum,
1361 4464 1407 4537 dc
1428 4491 1502 4563 quo
1519 4491 1602 4537 eum
1619 4466 1748 4538 dixisse
1770 4466 1954 4539 Matthaeus
1978 4466 2026 4537 sic

367 4591 371 4600 '
432 4581 582 4651 retert':
605 4581 756 4651 «Omne
777 4594 964 4678 peccatum
982 4595 1017 4651 et
1030 4580 1254 4679 blasphemia
1274 4585 1473 4657 remittetur
1490 4584 1711 4675 hominibuS,
1730 4587 1882 4684 Spiritus
1906 4601 2026 4657 autem

433 4695 656 4797 blasphemia
677 4724 753 4772 non
778 4700 1002 4789 remittetur;
1030 4715 1066 4773 et
1084 4696 1302 4801 quicumque
1327 4704 1455 4776 dixerit
1478 4705 1629 4776 verbum
1654 4720 1780 4777 contra
1805 4705 1933 4776 Filium
1960 4705 2026 4775 ho·

467 4998 931 5069 *mtru,up.x,v.at.-²1t›t‹t‚
948 5017 1004 5069 erp.
1022 5018 1070 5070 ιη,
1084 5021 1109 5057 v.
1125 5009 1166 5059 tl.
