4559 6100
484 534 556 609 678
1087 531 1218 605 PE'llll
1244 529 1479 606 ΑΒΕ-[ΑΒΜ

484 698 606 758 autem
630 685 752 774 lesus,
779 705 865 753 cum
888 705 1028 753 novum
1052 681 1209 755 traderet
1224 676 1507 772 ¹testamentum,
1533 682 1570 754 in
1594 681 1675 782 ipso
1699 681 1819 755 statim
1839 681 1988 755 exordio
2011 682 2084 756 tale

485 803 657 877 docuinae
681 827 754 874 suae
774 801 1051 877 fundamentum
1076 803 1282 894 collocavit,
1304 802 1403 900 quod
1430 800 1529 875 etad
1550 816 1801 900 contemptum
1827 801 1954 875 mundi
1980 803 2086 878 etad

484 922 593 1020 hujus
605 921 838 995 beatitudinis
853 920 1071 995 desiderium
1085 922 1219 1021 pariter
1231 922 1408 1008 incitaret,
1422 920 1587 995 dicens¹:
1605 923 1727 995 «Beati
1743 945 1920 1022 pauperes
1937 922 2080 1021 spiritu,

484 1044 659 1139 quoniam
685 1045 848 1143 ipsorum
873 1056 928 1114 est
945 1065 1096 1141 regnum
1118 1042 1337 1134 coelorum,u
1355 1056 1392 1115 et
1408 1056 1489 1141 post
1513 1041 1630 1138 aliqua
1650 1068 1659 1112 ε
1681 1043 1808 1115 «Beati
1832 1042 1895 1140 qui
1916 1066 2082 1141 persecu·

488 1163 625 1237 tionem
642 1164 830 1262 patiuntur
846 1176 997 1260 propter
1006 1162 1193 1259 justitiam,
1206 1162 1381 1260 quoniam
1395 1162 1558 1261 ipsorum
1575 1177 1628 1235 est
1642 1185 1793 1261 regnum
1808 1161 1995 1235 coelorum.
2007 1192 2024 1227 r
2039 1165 2085 1233 Et

485 1283 514 1355 si
534 1282 724 1380 diligenter
741 1282 969 1356 attendamus
986 1281 1033 1355 ad
1050 1282 1138 1376 baec,
1158 1283 1323 1355 universa
1337 1281 1413 1380 ejus
1431 1296 1609 1381 praecepta
1625 1282 1681 1355 rel
1697 1281 1964 1355 exhortationes
1979 1280 2085 1354 adbi-

486 1402 630 1495 bentur,
652 1416 693 1474 ut
709 1428 772 1502 spe
786 1402 879 1474 illius
895 1426 1058 1501 supernae
1073 1417 1109 1475 et
1125 1416 1266 1475 aeternae
1278 1402 1359 1474 ritae
1375 1401 1497 1474 omnia
1514 1415 1792 1475 contemnantur
1807 1425 1991 1500 prospera,
2008 1402 2084 1475 sive

485 1522 688 1595 tolerentur
704 1522 867 1596 adversa.
889 1520 999 1610 Quod
1020 1545 1250 1620 nequaquam
1265 1519 1423 1594 arbitror
1440 1535 1578 1594 vestros
1593 1521 1748 1619 attigisse
1770 1519 1938 1594 doctores
1953 1535 2015 1594 aut
2036 1521 2085 1594 ad

485 1642 585 1713 hunc
609 1641 719 1714 tinem
740 1640 832 1714 boni
848 1655 984 1714 vestros
1006 1642 1148 1714 animos
1169 1666 1271 1739 aeque
1289 1640 1469 1715 invitasse.
1489 1641 1599 1728 Quod
1618 1641 1649 1713 si
1665 1639 1751 1713 tales
1773 1654 1899 1732 erant,
1919 1641 2080 1739 assigna,

488 1763 652 1834 universa
674 1760 799 1834 etbicae
814 1775 939 1833 vestrae
957 1783 1173 1859 percurrens
1194 1761 1372 1853 instituta,
1391 1775 1454 1834 aut
1476 1761 1506 1832 si
1526 1760 1705 1859 assignare
1725 1784 1800 1833 non
1825 1761 1953 1859 possis,
1981 1775 2082 1835 tanto

489 1879 695 1954 doctrinam
719 1880 847 1954 Christi
868 1880 1117 1979 perfectiorem
1134 1894 1243 1979 atque
1259 1879 1446 1954 meliorem
1461 1904 1538 1953 esse
1556 1880 1716 1971 fatearis,
1737 1892 1873 1976 quanto
1894 1903 1962 1952 nos
1976 1904 2084 1955 causa

486 2000 543 2073 vel
561 2026 625 2098 spe
648 1999 789 2072 meliori
805 1999 852 2072 ad
869 2001 1018 2073 virtutes
1043 1999 1269 2094 adhortatur,
1292 2024 1377 2074 cum
1397 2024 1463 2072 vos
1482 1999 1602 2100 potius
1616 1999 1765 2072 virtutes
1781 1999 1839 2071 vel
1854 2022 1979 2073 earum
1991 2026 2082 2074 con·

487 2120 593 2193 traria
613 2135 763 2220 propter
779 2144 818 2191 se
834 2121 913 2220 ipsa
939 2120 1069 2217 magis,
1092 2144 1202 2218 quam
1224 2133 1374 2220 propter
1391 2118 1489 2193 aliud
1508 2118 1627 2219 appeti
1646 2117 1701 2191 vel
1719 2118 1821 2191 vitari
1843 2118 1976 2194 debere
1998 2146 2083 2194 cen·

486 2240 604 2313 scatia.
617 2239 722 2312 Unde
736 2254 773 2313 et
788 2238 849 2312 illa
862 2239 1031 2329 honesta,
1048 2240 1106 2312 vel
1122 2239 1315 2312 inhonesta
1328 2238 1451 2313 vocari
1466 2237 1542 2311 haec
1556 2236 1689 2312 debere
1702 2238 1865 2312 censetis.
1884 2244 2082 2315 Honestum

486 2360 621 2460 quippe
639 2359 769 2449 dicitis,
788 2358 889 2457 quod
905 2383 1025 2458 perse
1041 2360 1160 2458 ipsum
1178 2360 1296 2459 placet
1311 2372 1348 2432 et
1363 2372 1512 2459 propter
1527 2383 1566 2431 se
1582 2358 1714 2457 ipsum,
1734 2383 1808 2432 non
1826 2374 1973 2460 propter
1986 2362 2082 2436 aliud

487 2478 820 2579 est'appetendum‚
839 2480 931 2551 sicut
945 2503 966 2551 e
982 2480 1164 2553 contrario
1185 2479 1431 2568 inhonestum,
1452 2476 1553 2576 quod
1573 2503 1617 2551 ex
1633 2478 1780 2577 propria
1796 2481 2017 2579 turpitudine
2032 2498 2084 2557 est

486 2598 710 2695 fugiendum.
731 2604 820 2687 Quae
843 2599 938 2670 enim
961 2613 1108 2697 propter
1129 2598 1227 2672 aliud
1242 2599 1300 2672 vel
1320 2597 1525 2698 appetenda
1540 2612 1625 2670 sunt
1640 2596 1698 2670 vel
1715 2598 1877 2693 vitanda,
1899 2624 1946 2674 ea
1965 2604 2084 2700 potius

489 2718 588 2791 utilia
602 2717 659 2789 vel
673 2718 814 2790 inutilia
830 2719 1059 2817 nuncupatis.

538 2841 679 2908 Pnrxos.
697 2837 756 2909 Sic
771 2838 936 2937 prolecto
953 2837 1084 2910 nostris
1100 2839 1218 2911 visum
1236 2838 1447 2937 majoribus,
1467 2840 1559 2912 sicut
1574 2841 1612 2913 in
1630 2840 1792 2915 mcundo
1803 2841 1998 2915 Rhetoricae
2011 2868 2084 2917 suae

487 2958 536 3030 Μ.
563 2956 697 3029 Tullius
714 2956 857 3056 plenius
875 2959 1091 3055 exsequitur.
1111 2957 1183 3057 Sed
1199 2958 1362 3058 prolecto
1379 2983 1463 3032 cum
1477 2958 1609 3033 dicitur
1625 2988 1634 3033 ε
1653 2961 1774 3034 Virtus
1790 2977 1940 3063 propter
1953 2987 1991 3035 se
2006 2987 2084 3036 non

487 3089 638 3176 propter
654 3075 753 3149 aliud
769 3076 989 3175 expetenda,
1010 3101 1086 3150 non
1106 3079 1259 3150 omnino
1280 3103 1417 3153 merces
1441 3080 1652 3154 meritorum
1669 3081 1885 3176 excluditur,
1903 3082 1967 3156 sed
1980 3098 2087 3157 terre·

488 3220 622 3268 norum
658 3196 812 3269 intentio
839 3196 1119 3270 commodomm
1147 3213 1366 3272 removetur.
1400 3198 1567 3296 Alioquin
1595 3202 1770 3275 virtutum
1799 3201 1931 3297 finem,
1970 3203 2008 3276 id
2034 3219 2087 3277 est

488 3339 633 3390 causam
656 3314 802 3389 finalem
822 3341 898 3389 non
914 3315 1008 3390 bene
1023 3318 1324 3392 constitueremus
1339 3317 1620 3409 beatitudinem,
1640 3321 1730 3394 sicut
1751 3323 1789 3394 in
1805 3322 1968 3396 secundo
1989 3327 2088 3423 Topi-

488 3461 611 3507 corum
637 3461 787 3509 suorum
816 3436 987 3510 Boethius
1012 3451 1129 3510 vester
1153 3438 1386 3514 Themistium
1407 3453 1550 3514 secutus
1575 3456 1847 3516 commemorat.
1876 3442 1930 3516 lbi
1954 3445 2087 3544 quippe
2178 3450 2187 3494 '·

488 3581 573 3630 cum
590 3556 637 3630 de
653 3557 735 3630 loco
752 3581 775 3630 a
791 3555 883 3632 fine*
896 3557 1087 3654 subjiceret
1105 3559 1310 3659 exemplum
1330 3586 1339 3631 :
1357 3590 1375 3627 e
1387 3561 1424 3634 Si
1440 3559 1607 3654 beatum,
1619 3593 1636 3628 r
1655 3563 1803 3660 inquit⁸,
1825 3588 1931 3637 resse
1947 3563 2087 3637 bouum

489 3692 561 3768 est,
582 3690 619 3749 et
637 3678 775 3773 justitia
790 3675 889 3751 bona
913 3688 1012 3750 est.»
1035 3679 1101 3754 llic
1123 3679 1234 3770 enim,
1254 3679 1315 3766 ait,
1336 3678 1417 3752 linis
1432 3693 1486 3752 est
1496 3680 1659 3776 justitiae,
1677 3696 1717 3754 ut
1735 3683 1766 3756 si
1788 3685 1869 3780 quis
1889 3684 2087 3757 secundum

485 3797 660 3892 justitiam
674 3798 784 3890 virm,
803 3795 851 3869 ad
866 3796 1126 3871 beatitudinem
1142 3797 1374 3898 perducatur.
1395 3803 1488 3872 Ecce
1513 3800 1573 3874 hic
1594 3816 1716 3901 aperte
1740 3818 1916 3877 monstrat
1940 3804 2088 3879 beatitu-

464 3928 469 3938 ‘
488 3912 613 3985 dinem
627 3915 664 3986 in
679 3914 917 3990 retributione
925 3913 1030 4012 justae
1042 3918 1122 3989 vitae
1135 3917 1290 4016 positam
1306 3942 1395 4010 esse,
1413 3933 1448 3991 et
1464 3918 1570 3992 nobis
1583 3920 1822 3996 intentionem
1834 3923 1930 4021 juste
1942 3925 2085 3998 vivendi

490 4056 588 4120 esse,
617 4032 725 4142 utnad
750 4033 839 4107 illud
864 4037 1128 4133 perveniamus.
1154 4042 1285 4127 Quam,
1307 4053 1346 4110 ut
1363 4036 1532 4132 arbitror,
1551 4039 1812 4117 beatitudinem
1827 4045 2002 4142 Epicurus
2025 4069 2089 4118 vo-

490 4151 678 4250 luptatem,
707 4151 868 4225 Christus
892 4168 1010 4228 vester
1035 4178 1187 4251 regnum
1211 4156 1386 4230 coelorum
1411 4159 1587 4233 nominat.
1613 4161 1711 4250 Quid
1736 4179 1856 4236 autem
1881 4161 1987 4236 refert
2011 4189 2087 4262 quo

492 4271 639 4344 nomine
653 4273 824 4344 vocetur?
837 4269 1040 4346 dummodo
1056 4298 1113 4346 res
1130 4274 1258 4348 eadem
1274 4291 1493 4375 permaneat,
1511 4303 1580 4353 nec
1592 4281 1638 4353 sit
1651 4282 1839 4355 beatitudo
1854 4282 2009 4376 diversa,
2021 4309 2087 4358 nec

487 4391 582 4487 juste
597 4390 745 4464 vivendi
764 4389 991 4490 pbilosophis
1016 4418 1125 4491 quam
1152 4393 1355 4468 christianis
1379 4397 1531 4471 intentio
1556 4415 1786 4502 praeponatur
1809 4401 1899 4493 alia;
1923 4409 1967 4476 ut
1991 4405 2087 4478 enim

490 4535 576 4604 vos,
602 4512 693 4584 sicut
712 4526 750 4585 et
768 4537 855 4606 uos,
876 4511 937 4586 hic
957 4515 1077 4588 vivere
1095 4515 1455 4616 justedisponimus,
1474 4535 1515 4593 ut
1531 4520 1604 4594 illic
1620 4520 1880 4619 glorificemur,
1903 4538 1941 4597 et
1963 4539 2088 4598 contra

491 4630 578 4702 vitia
600 4654 825 4730 pugnamus,
853 4646 894 4705 ut
920 4635 1056 4708 meritis
1080 4636 1255 4709 virtutum
1282 4636 1354 4712 illic
1382 4663 1613 4735 coronemur,
1637 4666 1821 4717 summum
1843 4642 1933 4716 illud
1957 4645 2089 4719 scilicet

490 4748 631 4825 bonum
646 4774 715 4850 pro
732 4750 900 4824 mercede
918 4752 1051 4853 adepti.

540 4873 744 4946 emmer.
771 4865 888 4945 Immo
912 4874 1020 4974 longe
1042 4891 1221 4976 quantum
1249 4878 1412 4977 percipio
1433 4894 1558 4953 nostra
1580 4880 1620 4954 in
1646 4880 1720 4955 boc
1741 4897 1778 4957 et
1793 4898 1913 4958 vestra
1938 4886 2088 4962 intentio
2203 4887 2206 4888 ⁷

526 5142 639 5212 ¹Iutta,
651 5161 707 5212 cap.
717 5160 744 5199 x.
757 5152 803 5187 -²
813 5149 956 5207 murrata
970 5154 1124 5220 tentantur,
1136 5168 1192 5221 qua
1201 5168 1277 5221 prava
1288 5164 1354 5210 cana
1363 5159 1436 5210 tecua
1447 5165 1493 5210 est
1506 5160 1554 5198 -⁸
1563 5160 1600 5213 ne
1610 5160 1696 5226 differ.
1709 5161 1782 5228 top„
1794 5161 1869 5228 unp,
1880 5175 1907 5227 p.
1920 5139 1975 5216 tut.
