4559 6100
490 545 563 635 aas
1087 566 1214 638 errat
1239 564 1475 640 armanni

488 727 571 784 sunt
595 713 633 784 in
657 712 791 805 Judaea,
819 728 854 785 et
875 712 1036 809 obsequii
1059 715 1142 786 mei.
1158 743 1177 783 a
1195 716 1390 787 Multorum
1415 714 1512 785 enim
1535 713 1703 814 princeps
1730 713 1891 786 fidelium
1916 713 2075 810 quamvis

438 913 446 922 Ι
489 832 779 931 imperfectorum
800 834 952 905 multum
975 833 1071 931 apud
1093 838 1212 906 Deum
1232 834 1396 906 obtinere
1409 834 1536 906 credit.
1557 833 1904 924 «minantibus»
1922 832 2009 905 dum
2028 834 2074 903 ita

488 952 622 1023 scilicet
637 977 704 1049 pro
720 951 885 1025 fidelibus
901 954 961 1050 qui
981 952 1030 1024 ibi
1048 968 1132 1025 sunt
1146 953 1288 1026 laboro.
1308 951 1506 1048 «Obsequii
1524 955 1606 1042 mei,
1625 983 1643 1020 u
1663 954 1699 1026 id
1716 969 1770 1026 est
1787 954 1858 1025 mei
1876 952 2074 1024 ministerii¹

489 1069 536 1141 ab
562 1068 619 1141 bis
641 1072 704 1168 qui
726 1095 791 1169 per
816 1095 874 1143 me
899 1072 971 1144 hoc
993 1073 1157 1165 mittunt,
1179 1073 1232 1145 vel
1258 1072 1367 1144 etiam
1390 1097 1412 1143 a
1436 1073 1593 1143 Domino
1612 1073 1675 1169 qni
1696 1098 1754 1144 me
1778 1073 1980 1143 ministrum
2003 1072 2074 1142 sire

489 1189 770 1288 dispensatorem
790 1190 951 1263 Ecclesiae
967 1193 1165 1263 constituit.
1188 1222 1207 1259 α
1220 1190 1378 1281 oblatio,
1392 1219 1412 1259 u
1430 1193 1482 1263 eis
1491 1206 1662 1289 tanquam
1675 1191 1721 1264 ad
1738 1192 1847 1263 altare
1860 1191 1927 1262 uei
1942 1188 2074 1263 sacrifi-

489 1311 585 1381 cium
601 1335 666 1408 per
685 1335 742 1381 me
758 1310 930 1400 delatum,
949 1342 967 1377 a
979 1325 1123 1410 accepta
1140 1311 1203 1383 fiat
1225 1313 1262 1382 in
1288 1311 1506 1407 lerosolyma
1523 1312 1668 1398 sanctis,
1685 1324 1724 1382 ut
1739 1312 1882 1382 veniam
1897 1311 1943 1384 ad
1958 1335 2020 1381 vos
2038 1312 2072 1380 in

489 1429 620 1525 gaudio
645 1454 709 1527 per
728 1428 945 1501 voluntatem
962 1431 1046 1516 Dei,
1061 1459 1080 1497 u
1099 1429 1136 1502 id
1152 1445 1204 1502 est
1218 1429 1363 1528 placens
1378 1445 1413 1500 et
1429 1430 1518 1501 laeta.
1542 1432 1576 1501 Si
1591 1433 1688 1502 enirn
1702 1430 1792 1501 milri
1808 1454 1913 1528 grave
1929 1429 2070 1526 aliquod

489 1547 540 1621 ibi
552 1562 700 1648 propter
714 1547 788 1620 hoc
803 1547 984 1635 acciderit,
1004 1550 1158 1620 maxime
1173 1549 1493 1621 contristabuntur.
1511 1580 1529 1614 α
1539 1549 1734 1644 Refrigerer
1749 1549 1949 1640 vobiscum,
1961 1580 1978 1613 s
1995 1562 2072 1618 turn

488 1694 510 1740 a
525 1667 635 1767 longo
654 1668 778 1741 labore
798 1668 1069 1767 requiescendo,
1083 1683 1160 1739 tum
1179 1669 1395 1741 desiderium
1411 1695 1533 1741 meum
1550 1669 1749 1766 implendo.
1772 1699 1790 1735 a
1802 1673 1897 1741 Deus
1911 1683 2042 1759 autem,
2054 1697 2071 1733 a

488 1790 563 1861 sive
577 1787 710 1860 scilicet
726 1775 866 1861 veniam
881 1791 955 1860 sive
972 1814 1060 1880 non,
1082 1818 1100 1854 α
1117 1789 1215 1886 pacis
1231 1790 1275 1860 sit
1291 1814 1375 1861 cum
1392 1790 1562 1861 omnibus
1578 1789 1693 1861 vobis.
1716 1795 1842 1881 Amen,
1857 1820 1875 1856 s
1893 1790 1931 1861 id
1944 1803 1995 1860 est
2011 1812 2073 1858 vos

489 1910 642 1981 invicem
660 1933 681 1980 a
697 1909 852 2007 superba
868 1909 1099 1981 contentione
1121 1908 1327 2007 pacificans.
1349 1909 1458 1997 Quod
1479 1910 1623 2008 quidem
1642 1913 1678 1981 in
1701 1909 1772 1981 fine
1789 1908 1947 2007 epistolae
1968 1933 2074 1980 reser-

487 2051 597 2117 vans,
616 2027 661 2099 ad
684 2026 785 2125 quod
806 2028 985 2125 praecipue
1005 2028 1081 2125 ipsa
1102 2026 1225 2100 tendat
1250 2028 1399 2127 epistola
1423 2030 1594 2121 insinuat,
1615 2045 1650 2101 et
1672 2054 1752 2127 quae
1775 2030 1811 2099 in
1835 2053 1876 2100 ea
1894 2028 2007 2099 finalis
2029 2029 2071 2100 sit

487 2155 594 2218 ¹(amsa
610 2148 684 2217 sive
702 2146 866 2219 intentio.

539 2297 555 2330 a
572 2265 797 2337 Commendo
810 2280 929 2338 autem
948 2267 1051 2339 vobis
1068 2267 1228 2358 Pheben,
1244 2298 1261 2337 n
1280 2270 1412 2341 scilicet
1423 2268 1737 2368 precibusvestris.
1758 2266 1878 2339 Phebe
1889 2291 2070 2366 perquam

485 2385 580 2457 hanc
597 2385 783 2484 epistolam
803 2389 972 2459 Romanis
988 2387 1034 2460 de
1052 2388 1227 2460 Corintho
1242 2390 1381 2461 mittere
1396 2388 1566 2477 creditur,
1589 2387 1688 2460 dives
1702 2387 1866 2484 quaedam
1884 2403 1919 2459 et
1944 2388 2071 2459 nobilis

486 2505 614 2577 mulier
641 2506 784 2593 dicitur,
808 2531 887 2605 quae
913 2505 960 2578 de
979 2506 1206 2579 facultatibus
1230 2509 1302 2578 suis
1326 2507 1380 2578 rel
1406 2508 1573 2598 aliorum,
1602 2505 1765 2578 fidelibus
1791 2506 1946 2603 illisqui
1974 2520 2072 2578 erant

485 2626 668 2718 cenchris,
692 2627 890 2699 necessaria
913 2626 1150 2718 ministrabat,
1174 2627 1339 2724 exemplo
1367 2625 1501 2698 scilicet
1525 2641 1726 2699 sanctarum
1753 2626 2072 2720 feminarumque

485 2725 643 2818 Domino
672 2770 736 2817 seu
765 2745 943 2843 Apostolis
973 2745 1096 2816 secisse
1125 2760 1385 2816 memorantur.
1415 2750 1497 2817 llaec
1521 2761 1641 2818 autem
1675 2746 1859 2842 negotium
1888 2742 2070 2839 quoddam

481 2865 650 2960 babebat,
669 2891 737 2965 pro
757 2890 832 2964 quo
852 2869 1000 2937 Romam
1017 2865 1140 2936 venire
1159 2889 1304 2936 necesse
1321 2864 1491 2937 habebat.
1513 2872 1581 2938 Pro
1597 2867 1666 2939 bac
1678 2891 1766 2975 ergo
1783 2869 1960 2936 Romanos
1974 2867 2071 2960 Apo·

482 2986 596 3059 stolus
604 2969 816 3058 adhortatur
824 2991 860 3057 et
873 2999 986 3081 rogat,
1001 2998 1041 3057 ut
1052 3008 1131 3057 eam
1140 2982 1341 3057 honorilice
1350 2985 1557 3082 suscipiant,
1572 3001 1607 3056 et
1619 2986 1657 3057 in
1668 3010 1734 3057 suo
1745 2983 1885 3080 negotio
1895 2995 2069 3079 quantum

481 3108 619 3201 possint
633 3106 856 3204 adjuvent.·«
869 3107 1038 3177 Sororem
1056 3120 1230 3194 nostram,
1252 3118 1287 3175 et
1302 3104 1471 3176 assistatis
1488 3106 1520 3175 ei
1538 3107 1574 3176 in
1591 3128 1819 3202 quocumque
1837 3102 1979 3198 negotio
1994 3124 2070 3171 ves·⁴

481 3225 526 3295 tri
543 3225 763 3321 indiguerit»
784 3224 869 3314 lide,
888 3249 963 3296 non
980 3248 1100 3297 carne.
1124 3224 1361 3313 «Ministerio,
1372 3254 1389 3289 ι
1411 3222 1449 3295 id
1462 3237 1515 3294 est
1531 3223 1745 3319 obsequium
1760 3221 1903 3294 illorum
1913 3219 2071 3291 fidelium

481 3345 637 3439 quisunt
652 3344 837 3432 Cenchris,
855 3343 894 3417 id
911 3357 964 3415 est
982 3345 1017 3413 in
1032 3367 1077 3414 eo
1093 3343 1176 3414 loco
1193 3343 1256 3439 qui
1272 3344 1323 3415 sic
1337 3357 1500 3435 vocatur,
1520 3356 1555 3413 et
1568 3341 1699 3414 dicitur
1715 3365 1791 3413 esse
1809 3353 1934 3438 portus
1947 3339 2071 3410 Corin·

481 3462 548 3534 thi.
567 3462 832 3561 «suscipiatis»
850 3462 1029 3561 hospicio,
1049 3463 1112 3532 «in
1130 3463 1303 3552 Domino,
1321 3490 1339 3529 u
1359 3461 1395 3533 id
1414 3476 1468 3533 est
1484 3486 1607 3534 amore
1623 3462 1703 3551 Dei,
1719 3475 1755 3532 et
1764 3461 1813 3531 ita
1822 3456 2020 3529 honorilice
2029 3468 2070 3528 ac‘

478 3577 634 3676 benigne
644 3581 857 3679 suscipiatis,
869 3597 978 3679 prout
989 3581 1139 3675 dignum
1151 3597 1204 3652 est
1217 3594 1326 3678 atque
1336 3582 1556 3653 conveniens
1570 3583 1700 3652 sanctis
1711 3580 1889 3676 suscipere
1898 3580 2067 3650 sanctam.

483 3729 501 3766 a
518 3704 562 3770 Et
579 3700 745 3770 assistatis
763 3700 814 3790 ci,
828 3726 845 3765 u
865 3699 903 3770 id
924 3713 978 3770 est
999 3698 1171 3793 adjuvetis
1190 3722 1283 3769 eam.
1305 3727 1323 3766 r
1342 3700 1385 3767 Et
1410 3700 1507 3770 enim
1532 3701 1610 3797 ipsa
1632 3722 1777 3796 quoque
1801 3697 1929 3770 assistit
1953 3693 2071 3767 multis

482 3828 517 3889 'et
534 3815 622 3887 mihi
641 3817 756 3913 ipsi.»
774 3816 882 3904 Quod
902 3817 999 3889 enim
1017 3815 1169 3887 debetur
1185 3840 1227 3886 ex
1247 3817 1365 3887 multis
1386 3819 1461 3913 ejus
1479 3817 1760 3916 precedentibus
1776 3817 1923 3904 meritis,
1944 3827 2071 3885 utnon

481 3939 556 4006 tarn
579 3933 652 4006 hoc
671 3935 703 4006 'ei
727 3934 904 4007 tribuatur
923 3944 1031 4031 quam
1058 3933 1242 4006 reddatur.
1262 3935 1465 4032 Origenes:
1487 3966 1505 4004 a
1525 3937 1725 4036 apostolica
1741 3935 1953 4008 auctoritate
1968 3931 2075 4004 docet

484 4053 590 4124 etiam
615 4052 765 4124 seminas
782 4055 818 4123 in
842 4053 1039 4123 ministerio
1063 4052 1226 4123 Ecclesiae
1250 4055 1433 4147 constitui,
1459 4055 1495 4126 in
1518 4081 1592 4153 quo
1616 4054 1737 4127 officio
1763 4055 1916 4152 positam
1929 4049 2071 4122 Pbebeu

480 4171 577 4269 apud
604 4170 816 4263 Ecclesiam,
836 4180 915 4268 quae
936 4186 989 4242 est
1010 4169 1194 4262 Cenchris,
1214 4180 1343 4269 magna
1358 4184 1440 4244 cum
1454 4160 1563 4245 laude
1576 4189 1611 4245 et
1628 4158 1943 4245 commendatione
1954 4188 2073 4267 proset

480 4275 615 4388 quitur,
641 4292 726 4388 quia
744 4291 780 4361 iu
799 4287 1070 4361 necessitatibus
1094 4290 1370 4389 apostolicisque
1393 4292 1577 4364 laboribus
1599 4278 1759 4365 astiterit.
1787 4296 1900 4364 locus
1922 4288 1981 4360 hic
1997 4287 2071 4359 duo

481 4407 603 4498 docet,
625 4424 661 4481 et
675 4392 800 4479 haberi
822 4406 972 4477 seminas
991 4407 1170 4478 ministras
1193 4407 1230 4479 in
1258 4411 1424 4502 Ecclesia,
1443 4422 1480 4482 'et
1503 4412 1590 4483 tales
1610 4412 1743 4485 debere
1762 4410 1892 4483 assumi
1908 4409 1943 4479 iu
1967 4406 2072 4476 mini·

480 4510 641 4620 sterium,
660 4522 741 4625 'quae
757 4521 932 4598 astiterint
948 4524 1081 4616 multis,
1102 4540 1137 4597 et
1159 4552 1224 4624 per
1238 4522 1336 4600 bona
1352 4516 1469 4603 officia
1486 4532 1660 4629 usquead
1677 4530 1910 4631 apostolicam
1928 4525 2071 4598 laudem

481 4643 675 4719 meruerint
697 4645 933 4745 pervenire.»
954 4645 1217 4740 Hieronymus:
1242 4676 1259 4714 n
1279 4652 1319 4719 ln
1335 4650 1537 4721 ministerio
1556 4650 1719 4723 Ecclesiae
1736 4666 1770 4722 et
1787 4659 1885 4721 nun'c
1907 4647 2015 4718 etiam
2034 4645 2069 4714 tu

480 4752 712 4840 orientalibus
721 4750 822 4852 locis,
835 4762 1049 4833 Diaconissae
1059 4763 1223 4836 mulieres
1234 4767 1270 4838 in
1282 4778 1349 4839 suo
1359 4793 1443 4841 sexu
1452 4756 1653 4841 ministrare
1668 4769 1879 4841 videnturin
1891 4764 2070 4863 baptismo

480 4874 554 4961 siv'e
568 4890 605 4960 in
621 4883 816 4957 ministeriu
832 4880 945 4972 verbi,
955 4881 1040 4979 quia
1057 4884 1221 4981 privatim
1239 4885 1403 4960 docuisse
1419 4889 1568 4961 seminas
1588 4890 1808 4977 invenimus,
1828 4888 1917 4959 sicut
1933 4880 2070 4954 Priscil-

516 5158 566 5210 ¹Slc
575 5161 656 5211 forsan
668 5157 984 5221 tegennun1.t1auomntno
995 5158 1139 5213 elutboestns
1150 5176 1156 5208 =
1169 5160 1197 5211 id
1208 5167 1244 5213 est
1254 5162 1321 5213 mibi
1330 5163 1437 5216 inituim
1448 5163 1480 5214 ob
1493 5164 1542 5215 ltu.
