4559 6100
533 450 690 522 ETHlCA
716 450 797 522 SEU
822 451 950 524 Ltssett
976 454 1154 527 DICTUS:
1182 455 1304 528 SCl'l'O
1329 454 1528 528 TElPSUM.
1752 453 1823 525 609

237 614 346 687 quam
361 590 471 687 judex
489 594 682 666 manifestis
699 594 872 666 decausis
888 595 1047 669 refellere
1064 600 1188 695 possit,
1212 622 1274 671 eos
1291 601 1471 698 suscipere
1487 599 1562 694 lege
1579 596 1822 695 compellitur3

237 723 413 782 eteorum
431 711 644 809 probatione
662 728 836 811 suscepta,
856 715 984 811 punire
1001 717 1232 788 innocentem
1250 716 1374 805 debet,
1393 718 1455 812 qui
1473 717 1593 814 puniri
1610 740 1684 786 non
1700 714 1822 786 debet.

239 834 362 926 ltaque
382 832 509 927 punire
526 830 645 920 debet,
665 832 746 903 licet
767 856 841 903 non
860 835 1041 925 meruerit,
1060 859 1142 906 cum
1165 848 1285 906 tamen
1305 835 1383 931 lege
1404 835 1631 934 praecipiente
1646 833 1718 903 hoc
1734 835 1827 928 juste

235 950 344 1043 judex
365 951 513 1047 peragit.
537 956 584 1022 Ex
604 951 659 1022 his
676 952 796 1049 itaque
817 950 930 1049 liquet
951 979 1025 1025 non
1048 979 1234 1051 nunqnam
1255 978 1399 1051 poenam
1417 951 1676 1026 rationabiliter
1692 952 1827 1047 injungi

239 1069 270 1138 ei
295 1069 331 1138 in
357 1092 430 1164 quo
456 1069 554 1141 nulla
575 1072 680 1168 culpa
701 1072 890 1168 praecessit.
909 1072 1005 1160 Quid
1031 1073 1137 1168 igitur
1160 1074 1303 1165 mirum,
1327 1074 1356 1143 si
1379 1068 1441 1142 ubi
1461 1070 1568 1170 culpa
1592 1071 1822 1166 praecesserit,

240 1188 402 1284 operatio
420 1187 608 1261 subsecuta
630 1214 773 1288 poenam
795 1205 923 1286 augeat
945 1190 1043 1289 apnd
1064 1190 1233 1262 homines
1252 1192 1289 1262 in
1306 1191 1484 1281 berevile,
1505 1213 1579 1261 non
1600 1188 1698 1287 apud
1714 1192 1829 1260 Deum

239 1305 275 1374 in
301 1304 444 1376 futura?
462 1310 541 1377 Non
560 1309 656 1379 enim
677 1308 843 1379 homines
860 1308 906 1380 de
929 1309 1091 1400 occultis,
1114 1308 1177 1381 sed
1196 1309 1241 1379 de
1258 1308 1453 1380 manifestis
1469 1308 1645 1404 judicant,
1673 1321 1830 1378 nectam

240 1422 352 1523 culpae
363 1438 513 1515 reatum,
529 1450 638 1521 qnam
648 1428 766 1525 operis
784 1441 934 1524 pensant
948 1426 1129 1498 effectum.
1146 1432 1242 1498 Deus
1258 1452 1343 1499 vero
1361 1426 1458 1498 solus
1480 1427 1542 1521 qui
1564 1451 1640 1497 non
1662 1440 1736 1497 tam
1752 1450 1830 1519 quae

241 1556 340 1631 sunt,
369 1567 572 1640 quamquo
598 1546 719 1617 animo
746 1544 854 1634 fiant,
875 1544 1046 1635 attendit,
1064 1546 1238 1617 veraciter
1264 1547 1299 1616 in
1323 1546 1522 1617 intentione
1547 1559 1668 1617 nostra
1692 1557 1830 1615 reatum

241 1676 380 1758 pensat,
393 1676 429 1733 et
445 1687 531 1735 vero
545 1664 681 1759 judicio
697 1664 840 1763 culpam
856 1665 1035 1735 examinat
1055 1692 1062 1734 :
1084 1663 1181 1735 unde
1197 1678 1233 1736 et
1252 1696 1269 1731 <t
1286 1663 1457 1761 probator
1473 1662 1594 1736 cordis
1607 1679 1643 1734 et
1658 1666 1827 1734 renum¹n

242 1782 384 1869 dicitur,
404 1784 494 1854 etin
517 1782 727 1854 abscondito
747 1781 868 1855 videre
877 1788 899 1853 ¹.
921 1783 974 1855 lbi
996 1784 1093 1854 enim
1114 1784 1267 1855 maxime
1285 1784 1384 1855 videt
1399 1783 1463 1855 ubi
1480 1808 1587 1855 nemo
1602 1781 1699 1853 videt
1719 1809 1727 1852 ι
1747 1783 1831 1879 qnia

242 1902 279 1971 in
296 1901 481 2007 puniendo
499 1916 702 1998 peccatum,
723 1927 796 1975 non
822 1926 914 1999 opus
931 1901 1106 1990 adtendit,
1124 1902 1188 1973 sed
1213 1904 1396 1988 animum3
1416 1904 1506 1974 sicut
1527 1926 1595 1973 nos
1619 1925 1831 1973 econverso

243 2044 317 2090 non
343 2020 504 2091 animum
528 2044 636 2116 quem
666 2044 739 2092 uon
770 2020 951 2108 videmus,
979 2020 1042 2091 sed
1067 2045 1160 2118 opus
1187 2021 1290 2118 quod
1318 2022 1498 2093 novimus.
1530 2020 1631 2091 Unde
1654 2044 1746 2117 saepe
1767 2045 1832 2117 per

242 2162 414 2227 errorem,
432 2136 487 2209 vel
502 2163 566 2235 per
584 2139 679 2233 legis,
697 2153 735 2209 ut
752 2138 919 2226 diximus,
939 2138 1177 2226 coactionem,
1195 2141 1404 2211 innocentes
1424 2140 1607 2235 punimus,
1626 2139 1683 2210 vel
1704 2139 1832 2210 noxios

241 2256 473 2328 absolvimus.
504 2256 678 2328 Probator
703 2257 821 2328 cordis
851 2272 886 2327 et
915 2280 1043 2326 renum
1068 2255 1199 2327 dicitur
1224 2262 1338 2344 Deus;
1374 2257 1445 2329 boc
1476 2270 1551 2345 est,
1586 2256 1829 2352 quarumlibet

243 2376 484 2447 intentionum
516 2400 558 2446 ex
596 2376 783 2447 affectione
819 2376 965 2462 animae,
1001 2374 1056 2445 vel
1090 2373 1314 2463 infirmitate,
1345 2400 1408 2447 seu
1443 2374 1680 2447 delectatione
1716 2377 1833 2447 carnis

243 2493 541 2591 provenientium.

896 2687 1077 2777 CAPUT
1108 2688 1184 2777 lll.

697 2905 740 2958 ne
764 2899 888 2978 peccas
912 2896 1109 2978 spirtualibus
1134 2897 1182 2956 va
1207 2896 1381 2957 amaron.

292 3093 384 3161 Cum
399 3088 497 3158 enim
510 3087 633 3157 omnia
649 3099 795 3182 peccata
811 3085 882 3155 sint
898 3084 1025 3156 auimae
1041 3098 1194 3173 tantum,
1213 3107 1288 3154 non
1310 3082 1439 3165 carnis,
1459 3080 1509 3152 ibi
1526 3081 1660 3178 quippe
1676 3080 1781 3177 culpa
1800 3096 1834 3153 et

243 3219 471 3303 contemptus
495 3204 561 3273 Dei
583 3226 658 3273 esse
675 3214 804 3299 potest,
826 3200 887 3271 ubi
907 3201 983 3296 ejus
1006 3202 1133 3274 notitia
1156 3217 1192 3273 et
1208 3202 1298 3273 ratio
1321 3201 1514 3273 consistere
1529 3198 1651 3287 habet,
1671 3199 1833 3292 quaedam

245 3343 365 3399 tamen
391 3335 535 3421 peccata
574 3318 787 3417 spiritualia,
817 3318 982 3415 quaedam
1008 3319 1164 3391 carnalia
1192 3318 1373 3409 dicuntur,
1402 3317 1474 3389 hoc
1501 3332 1575 3406 est,
1601 3316 1764 3414 quaedam
1791 3342 1834 3388 ex

245 3445 338 3516 vitiis
358 3442 502 3532 animae,
530 3437 694 3536 quaedam
716 3464 759 3509 ex
783 3437 988 3509 infirmitate
1014 3438 1132 3509 carnis
1157 3437 1414 3536 provenientia.
1445 3440 1488 3506 Et
1511 3437 1674 3533 quamvis
1700 3460 1834 3508 concu-

246 3563 417 3662 piscentia
433 3558 542 3631 solius
561 3559 606 3629 sit
625 3558 764 3646 animae,
785 3558 875 3628 sicut
891 3570 926 3629 et
947 3556 1125 3644 voluutas,
1145 3580 1219 3628 nou
1243 3556 1338 3627 enim
1355 3556 1608 3653 concupiscere
1623 3554 1680 3625 vel
1697 3555 1834 3627 deside·

246 3701 325 3749 rare
352 3674 488 3772 aliquid
524 3675 591 3744 nisi
620 3672 776 3744 volendo
802 3696 1010 3770 possumus,
1044 3671 1334 3769 concupiscentia
1366 3684 1485 3742 tamen
1512 3670 1648 3761 earnis,
1679 3670 1769 3741 sicut
1800 3687 1835 3742 et

246 3795 534 3893 concupiscentia
550 3793 693 3890 spiritus
710 3791 840 3862 dicitur
859 3817 867 3861 τ
887 3795 979 3862 Caro
995 3790 1106 3873 euim,
1125 3790 1175 3860 ait
1191 3787 1407 3887 Apostolus,
1427 3788 1648 3886 concupiscit
1665 3787 1835 3860 adversus

247 3914 417 4013 Spiritum
435 3925 468 3983 et
489 3912 639 4008 Spiritus
656 3909 826 3982 adversus
844 3932 1012 3998 camem3
1033 3906 1104 3978 hoc
1128 3922 1195 3999 est,
1233 3933 1274 3978 ex
1292 3907 1527 3979 delectatione
1548 3932 1658 4004 quam
1672 3907 1782 3979 habet
1797 3910 1833 3979 in

246 4058 367 4123 earne,
383 4033 545 4129 quaedam
557 4030 705 4129 appetit,
718 4054 796 4126 quae
808 4043 927 4101 tamen
937 4028 1073 4123 judicio
1087 4027 1235 4099 rationis
1251 4026 1391 4122 refugit,
1412 4024 1468 4097 vel
1482 4027 1684 4124 appetenda
1700 4042 1831 4099 censet.

278 4344 285 4371 ¹
302 4339 430 4390 Probatur
441 4339 508 4402 justi
522 4338 570 4400 qui
589 4336 658 4387 nida
677 4349 726 4385 eor.
745 4341 770 4384 et
791 4348 886 4394 renea,
906 4334 1011 4394 terem,
1066 4332 1218 4383 absondita.
1232 4330 1335 4394 Erech„
1347 4345 1401 4395 esp.
1413 4344 1470 4392 un,
1482 4345 1506 4381 r.
1521 4331 1724 4394 12.—⁸ootnt.‚
1736 4345 1790 4395 cap.
1803 4347 1833 4394 v,

246 4431 301 4481 cap.
313 4431 355 4478 xx,
365 4433 389 4469 v.
403 4420 440 4469 12.
456 4444 485 4453 -
500 4419 509 4446 ²
523 4416 595 4465 Videt
613 4428 669 4478 qua
685 4414 782 4479 {anum
798 4414 972 4477 unusquisque
986 4414 1015 4462 iu
1068 4427 1091 4461 v.
1107 4416 1144 4463 tt.
