4559 6100
730 517 987 591 THEOLOGlh
1012 519 1290 595 cuntstttttt.
1729 509 1817 588 Jv83

221 672 487 746 transferimus:
505 694 584 767 quae
600 667 748 766 quidem
764 666 941 741 vocabula
957 667 1123 743 homines
1133 670 1362 742 instituerunt
1371 667 1418 741 ad
1433 680 1612 741 creaturas
1628 665 1818 763 designan-

221 792 286 865 das
303 815 393 889 quas
413 790 608 886 intelligere
622 800 832 887 potuerunt,
861 812 946 860 cum
963 786 1130 861 videlicet
1150 813 1215 887 per
1235 787 1296 862 illa
1311 787 1488 862 vocabula
1510 809 1595 858 snos
1619 784 1819 858 intellectus

223 912 448 985 manifestare
471 909 615 983 vellent.
636 913 728 981 Cum
751 909 873 1006 itaque
891 906 1005 981 homo
1028 932 1135 981 voces
1159 909 1335 981 invenerit
1356 908 1402 982 ad
1421 931 1505 980 suos
1528 905 1728 978 intellectus
1744 924 1819 976 rna·

223 1030 455 1121 uifestandos,
476 1033 594 1102 Deum
617 1043 738 1101 autern
760 1027 909 1102 minime
931 1028 1128 1125 intelligere
1143 1027 1309 1121 sufficiat,
1335 1041 1430 1100 recte
1451 1024 1540 1098 illud
1559 1023 1739 1097 inellabile
1755 1022 1820 1095 bo·

224 1176 312 1223 num
333 1150 433 1224 ellari
452 1150 601 1222 nomine
616 1173 691 1221 non
709 1161 764 1221 est
787 1172 914 1237 ausus,
932 1147 1031 1221 unde
1047 1148 1084 1220 in
1108 1152 1187 1220 Deo
1208 1148 1349 1220 nullum
1374 1146 1560 1247 propriam
1575 1144 1821 1216 inventionem

223 1268 441 1343 vocabulum
466 1293 608 1343 servare
624 1267 765 1341 videtur
784 1294 792 1338 ε
812 1266 876 1340 sed
899 1269 1023 1341 omnia
1047 1293 1127 1366 quae
1149 1268 1197 1341 de
1221 1292 1266 1340 eo
1290 1266 1461 1340 dicuntur
1477 1263 1769 1337 translationibus
1786 1278 1822 1335 et

223 1390 438 1490 parabolicis
455 1389 701 1487 anigmatibus
721 1387 883 1461 involuta
900 1402 999 1481 sunt,
1016 1403 1053 1461 et
1068 1413 1134 1487 per
1150 1387 1420 1461 similitudinem
1434 1386 1591 1485 aliquam
1604 1386 1823 1481 vestigantur

224 1536 266 1583 ex
286 1525 388 1610 parte
411 1509 530 1607 aliqua
553 1508 754 1600 inductam,
774 1522 814 1580 ut
829 1507 964 1606 aliquid
985 1508 1038 1580 de.
1050 1508 1110 1580 illa
1128 1507 1302 1580 inellabili
1322 1509 1507 1606 majestate
1523 1504 1741 1606 suspicando
1758 1529 1824 1603 po·
1879 1508 1888 1529 ⁴

225 1632 297 1703 tius
316 1655 427 1728 quam
444 1629 677 1727 intelligendo
701 1629 945 1727 degustemus.
970 1633 1016 1700 Et
1039 1630 1215 1726 quoniam
1238 1630 1359 1701 minus
1375 1627 1554 1728 plenarias
1576 1626 1825 1701 similitudines

226 1751 428 1823 invenimus
456 1748 504 1822 ad
532 1749 622 1823 illud
648 1747 748 1847 quod
773 1748 952 1847 singulare
979 1759 1032 1821 est
1058 1747 1302 1842 inducendas,
1328 1749 1449 1821 minus
1473 1746 1520 1820 de
1546 1771 1592 1820 eo
1625 1745 1826 1819 satisfacere

227 1895 418 1970 possumus
445 1895 510 1970 per
531 1869 811 1942 similitudines:
840 1892 929 1967 quas
955 1882 1075 1942 tamen
1101 1894 1294 1968 possumus
1320 1867 1580 1967 aggrediemur,
1609 1868 1764 1941 maxime
1787 1881 1828 1939 ut

228 1990 637 2090 pseudodialecticorum
663 1990 973 2088 importunitatem
1000 1989 1228 2078 refellamus,
1261 2013 1419 2086 quorum
1452 1990 1658 2091 disciplinas
1695 2001 1732 2061 et
1759 2013 1828 2060 nos

229 2111 414 2213 paululum
441 2111 669 2207 attingimus,
699 2123 809 2207 atque
832 2108 925 2182 adeo
955 2089 994 2182 in
1019 2111 1147 2183 studiis
1177 2134 1307 2183 eorum
1331 2110 1573 2210 proiecimus,
1601 2125 1641 2182 ut
1667 2110 1828 2182 Domino

228 2233 433 2329 adjuvante,
453 2233 537 2331 ipsis
559 2230 595 2302 in
619 2230 688 2302 hac
711 2255 750 2302 re
768 2255 834 2328 per
853 2229 1033 2303 humanas
1054 2232 1226 2323 rationes,
1250 2256 1338 2330 quas
1359 2232 1453 2304 solas
1473 2229 1701 2319 desiderant,
1726 2232 1829 2303 satis·

229 2354 343 2426 lacere
373 2377 440 2426 nos
476 2375 580 2450 posse
605 2347 844 2424 confidamus.
875 2350 990 2423 Habet
1018 2352 1115 2423 enim
1139 2351 1318 2425 humanas
1347 2353 1455 2426 etiam
1483 2351 1640 2425 rationes
1663 2349 1831 2423 conditor

230 2477 306 2572 ipse
342 2472 514 2561 rationis,
545 2469 677 2570 quibus
710 2471 920 2544 animalium
954 2470 1146 2544 hominum
1178 2497 1244 2545 ora
1277 2470 1463 2546 obstruere
1498 2473 1632 2572 possit,
1667 2470 1729 2569 qui
1763 2496 1831 2543 nos

231 2619 296 2695 per
328 2595 533 2693 Sapientem
567 2592 669 2664 illum
700 2592 874 2665 admonet
904 2591 1051 2665 dicens¹
1082 2621 1091 2665 ε
1118 2593 1342 2693 «Responde
1376 2594 1486 2666 stulto
1514 2594 1615 2690 justa
1646 2591 1831 2665 stultitiam

231 2739 352 2806 suam,
379 2736 430 2785 ne
455 2711 521 2783 sibi
550 2711 691 2809 sapiens
721 2735 797 2784 esse
823 2711 1029 2785 videatur.»
1062 2716 1116 2785 De
1144 2712 1245 2809 cujus
1270 2713 1378 2811 etiam
1403 2712 1576 2812 sapientia
1602 2711 1739 2811 inipso
1764 2715 1832 2782 Sa·

226 2836 373 2933 pientiae
392 2834 487 2905 libro
510 2831 606 2903 iuter
621 2845 757 2904 ceteras
774 2833 884 2931 ipsius
906 2831 1031 2905 laudes
1056 2833 1230 2905 dicitur'z
1252 2862 1270 2899 α
1282 2832 1356 2905 Scit
1370 2833 1544 2905 versutias
1563 2856 1774 2904 sermonum
1797 2845 1833 2903 et

234 2953 501 3056 dispositiones⁸
522 2965 864 3048 argumentorum.»
885 2952 977 3025 lllud
996 2967 1117 3026 autern
1138 2953 1297 3057 primum
1318 2977 1568 3025 removeamus
1590 2950 1830 3043 obstaculum,

234 3074 333 3174 quod
357 3074 403 3144 de
425 3071 626 3145 differentia
644 3095 881 3169 personarum
906 3073 1012 3144 unius
1034 3085 1070 3143 et
1085 3071 1248 3167 ejusdem
1273 3074 1415 3172 penitus
1439 3074 1599 3146 essentiae
1619 3088 1830 3173 opponunt,

233 3219 317 3268 cum
343 3192 401 3265 hic
423 3189 632 3264 differentia
661 3190 792 3266 modus
822 3204 895 3263 tam
926 3190 1155 3291 pbilosophis
1184 3217 1297 3290 quam
1325 3193 1451 3264 ceteris
1474 3191 1645 3265 omnibus
1672 3191 1835 3265 videatur

236 3317 394 3411 ignotus.
1595 3401 1598 3406 ξ

285 3433 393 3522 Quod
407 3448 527 3508 autem
547 3432 787 3534 Porphyrium
802 3428 909 3503 nobis
923 3445 1128 3531 opponunt,
1151 3430 1214 3530 qui
1229 3431 1276 3504 de
1292 3430 1500 3503 dillerentiis
1517 3446 1687 3522 tractans,
1706 3430 1835 3503 modos

236 3555 519 3629 differentiarum
542 3555 717 3643 distinxit,
742 3551 810 3624 sub
828 3551 961 3650 quibus
983 3552 1114 3626 modus
1130 3554 1196 3628 iste
1212 3552 1421 3625 dillerentiae
1436 3576 1673 3652 personarum
1696 3578 1776 3651 quae
1796 3555 1834 3625 in

236 3681 314 3749 Deo
343 3691 427 3748 sunt
451 3701 526 3750 non
552 3675 661 3769 cadit,
689 3672 778 3745 nihil
801 3673 964 3772 impedit.
991 3673 1043 3744 lbi
1064 3674 1199 3774 quippe
1218 3673 1450 3746 solummodo
1470 3672 1688 3747 differentias
1711 3687 1837 3747 tractat

236 3822 317 3897 quae
343 3798 380 3871 in
410 3797 534 3871 lormis
561 3797 778 3882 consistunt,
811 3794 960 3890 quando
985 3792 1152 3866 videlicet
1175 3819 1232 3867 res
1257 3793 1417 3867 discretae
1437 3794 1587 3868 diversis
1612 3794 1837 3868 abinvicem

239 3913 363 3986 formis
386 3912 531 4002 distant,
553 3913 609 3986 vel
627 3911 754 3984 eadem
774 3932 830 3981 res
848 3932 914 4008 per
934 3910 1065 3983 formas
1084 3909 1153 3981 sibi
1176 3910 1330 3982 invicem
1347 3910 1579 4006 succedentes
1599 3925 1834 4009 permutatur.

239 4039 280 4106 ln
298 4037 376 4107 Deo
397 4048 518 4107 autem
535 4032 642 4106 nullae
659 4031 783 4103 formae
795 4042 892 4122 sunt,
911 4053 979 4102 nec
995 4042 1115 4102 tamen
1133 4029 1217 4102 ideo
1235 4029 1355 4102 minus
1372 4053 1456 4102 eum
1475 4056 1495 4104 a
1510 4032 1681 4104 creaturis
1695 4030 1838 4104 dillerre

239 4153 410 4247 dicimus,
437 4154 521 4228 licet
542 4151 763 4251 Porphyrius
796 4149 834 4220 in
861 4162 1013 4223 tractatu
1035 4150 1242 4224 differentiae
1266 4149 1361 4224 hanc
1385 4150 1623 4224 dillerentiam
1649 4177 1725 4224 non
1751 4177 1841 4225 eon·

240 4290 418 4349 numeret.
448 4274 580 4346 Multos
605 4273 712 4345 etiam
738 4269 828 4342 alios
859 4268 1068 4343 differentiae
1096 4265 1230 4344 modos
1251 4285 1378 4370 praeter
1400 4271 1469 4344 hos
1497 4296 1589 4369 quos
1619 4272 1839 4372 Porphyrius

241 4396 439 4493 distinguit,
455 4395 557 4469 lateri
571 4394 736 4490 cogimur
756 4417 764 4461 :
783 4415 877 4489 quos
899 4416 1028 4465 omnes
1046 4406 1085 4464 ut
1109 4392 1251 4490 plenius
1274 4418 1316 4466 ac
1336 4392 1540 4490 diligentius
1560 4417 1836 4491 prosequamur,

243 4516 537 4612 distinguendum
553 4530 607 4588 est
625 4526 716 4610 quot
736 4509 922 4609 atquibus
939 4512 1172 4585 modisidem
1189 4514 1398 4613 accipiatur,
1416 4514 1491 4586 sive
1511 4512 1619 4586 etiam
1642 4513 1838 4600 diversum,

243 4636 437 4734 praesertim
461 4661 546 4708 curn
574 4634 683 4706 totius
705 4632 960 4704 controversiae
986 4658 1128 4706 summa
1154 4659 1197 4706 ex
1218 4633 1403 4706 identitate
1430 4633 1560 4705 divinae
1580 4630 1786 4705 substantiae
1807 4648 1843 4705 et

244 4754 448 4829 diversitate
472 4777 708 4854 personarum
723 4748 900 4848 pendeat,
925 4777 992 4825 nec
1014 4753 1115 4827 aliter
1136 4755 1214 4852 ipsa
1236 4767 1345 4852 queat
1369 4752 1553 4826 terminari
1578 4753 1840 4844 controversia,

247 4876 315 4950 uisi
341 4873 575 4949 ostendamus
590 4874 687 4945 hanc
708 4868 930 4943 identitatem
954 4873 1006 4945 illi
1027 4873 1222 4947 diversitati
1239 4898 1315 4947 non
1337 4899 1414 4948 esse
1429 4870 1660 4947 contrariam.
1680 4874 1788 4960 Quod
1808 4888 1846 4946 ut

286 5153 389 5216 trram,
402 5163 458 5215 cap.
472 5162 545 5214 xxvi,
559 5163 581 5200 v.
592 5151 617 5201 5.
631 5175 660 5187 -
671 5150 768 5212 'Snp.,
782 5162 836 5211 cap.
849 5160 901 5212 vm,
914 5162 938 5198 v.
951 5151 974 5202 t.
988 5145 1074 5200 -21n
1086 5149 1184 5211 vulgata
1196 5150 1304 5202 edtttom
1322 5149 1508 5205 desomnem.
