4559 6100
455 429 529 501 628
1063 432 1191 505 Perat
1222 432 1456 507 temnant

455 594 508 651 est
540 600 616 649 non
632 578 846 670 adtendens,
861 610 878 647 α
893 580 1068 678 qnoniam
1079 594 1180 654 tanta
1194 583 1272 679 ejus
1287 583 1489 678 benignitas
1502 581 1547 655 ad
1563 579 1825 681 poenitentiam,
1842 606 1861 644 u
1874 590 2055 674 qnantum

456 699 494 769 in
522 721 560 768 se
589 712 659 788 est,
690 728 708 764 a
723 711 758 769 te
774 697 933 792 adducit,
950 728 968 767 u
997 699 1070 773 hoc
1095 717 1162 791 est,
1183 701 1266 775 facit
1292 728 1357 775 cur
1372 726 1452 775 eam
1475 700 1707 775 adtendendo
1734 699 1782 771 ad
1804 696 2054 796 poenitentiam

397 806 399 809 ⁵
454 815 604 889 deberes
628 817 807 906 converti,
833 817 934 915 quod
959 831 1033 891 tarn
1057 818 1257 916 benignum
1289 821 1559 919 contempsisti?
1582 826 1627 893 Et
1654 820 1733 893 haec
1758 816 1905 916 quidem
1927 837 2054 887 renem

455 935 637 1009 fructuosa
658 952 712 1009 est
728 938 935 1036 poenitentia
950 941 1102 1038 peccati,
1121 965 1204 1013 cum
1225 941 1286 1015 hic
1302 941 1408 1014 dolor
1423 956 1530 1039 atque
1552 941 1719 1013 counitio
1741 937 1853 1011 animi
1868 959 1911 1007 ex
1926 956 2053 1008 amore

455 1055 535 1144 Dei,
549 1081 658 1153 quem
667 1070 741 1130 tam
757 1057 954 1153 benignum
965 1058 1206 1153 adtendimus,
1219 1062 1341 1159 potius
1353 1085 1462 1158 qnam
1472 1085 1517 1133 ex
1531 1061 1660 1133 timore
1668 1082 1860 1158 poenarum
1869 1053 2049 1154 procedit.

505 1178 596 1247 Cum
629 1174 702 1247 hoc
732 1190 851 1248 autem
878 1178 1011 1271 gemitu
1041 1192 1075 1250 et
1102 1181 1319 1253 contritione
1346 1179 1483 1271 cordis,
1514 1204 1625 1278 quam
1650 1202 1773 1251 veram
1802 1173 2051 1275 poenitentiam

455 1293 620 1384 dicimus,
641 1307 828 1393 peccatum
854 1320 930 1366 non
954 1313 1154 1395 permanet,
1172 1299 1244 1371 hoc
1265 1314 1332 1393 est,
1350 1313 1579 1397 contemptus
1597 1299 1677 1388 Dei,
1703 1297 1778 1369 sive
1798 1315 1994 1366 consensus
2008 1292 2051 1363 in

457 1413 592 1485 malum
611 1440 619 1485 ε
641 1414 727 1511 quia
747 1414 902 1487 charitas
918 1418 984 1488 Dei
1000 1417 1099 1490 hunc
1119 1419 1291 1514 gemitum
1308 1420 1486 1518 inspirans
1501 1443 1576 1491 non
1593 1418 1728 1517 patitur
1743 1414 1901 1513 cnlpam;
1919 1416 1960 1482 ln
1977 1410 2050 1483 hoc

454 1534 572 1607 statim
598 1534 730 1631 gemitu
757 1538 835 1606 Deo
861 1535 1148 1629 reconciliamur,
1169 1552 1206 1610 et
1233 1538 1463 1636 praecedentis
1487 1538 1625 1638 peccati
1643 1537 1783 1610 veniam
1809 1532 2046 1629 assequimur,

450 1652 552 1748 juxta
561 1653 651 1726 illud
665 1654 866 1753 Prophetae¹
885 1683 893 1725 ε
916 1685 933 1724 u
943 1658 1179 1754 Quacumque
1192 1656 1284 1729 hora
1295 1673 1464 1755 peccator
1473 1656 1699 1755 ingemuerit,
1717 1653 1835 1727 salvus
1845 1652 1931 1743 erit;
1950 1649 2048 1720 »hoc

454 1786 507 1843 est
526 1772 637 1845 salute
653 1774 782 1845 animae
803 1798 876 1846 suae
891 1773 1021 1871 dignus
1035 1774 1228 1869 efficietur⁶>
1244 1780 1323 1849 Non
1340 1779 1389 1850 ait
1408 1805 1417 1850 :
1437 1803 1511 1875 quo
1529 1801 1639 1866 anno,
1660 1773 1716 1846 vel
1731 1798 1805 1870 quo
1821 1793 1959 1860 mense,
1974 1768 2048 1841 sive

454 1913 528 1988 qua
545 1891 789 1984 hebdomada,
809 1893 864 1965 vel
876 1918 950 1990 quo
960 1892 1032 1986 die,
1045 1894 1108 1967 sed
1117 1895 1308 1993 quahora3
1321 1912 1362 1968 nt
1379 1898 1454 1970 sine
1465 1896 1635 1969 dilatione
1647 1894 1752 1965 venia
1766 1890 1916 1986 dignum
1928 1902 2048 1960 osten-

455 2009 610 2083 datznec
619 2013 653 2083 ei
662 2036 808 2110 poenam
816 2027 986 2085 aeternam
996 2011 1178 2107 deberi,in
1188 2039 1260 2111 qua
1269 2016 1427 2088 consistit
1439 2013 1692 2087 condemnatio
1704 2011 1853 2110 peccati.
1866 2007 1938 2079 Etsi
1950 2007 2047 2078 enim

454 2129 605 2202 articulo
631 2132 848 2204 necessitatis
873 2146 1090 2230 praeventus,
1116 2158 1193 2205 non
1217 2133 1349 2208 habeat
1371 2134 1493 2206 locum
1515 2132 1685 2205 veniendi
1709 2130 1756 2203 ad
1781 2127 2045 2201 confessionem

453 2250 509 2323 vel
533 2249 727 2347 peragendi
751 2251 1045 2339 satisfactionem,
1064 2277 1293 2352 nequaquam
1309 2255 1348 2326 in
1371 2254 1442 2326 hoc
1462 2254 1594 2349 gemitu
1622 2251 1669 2323 de
1693 2250 1762 2322 hac
1782 2248 1854 2321 vita
1877 2245 2045 2319 recedens

453 2368 653 2462 gehennam
669 2371 838 2458 incurrit;
857 2371 958 2469 quod
979 2384 1033 2443 est
1053 2372 1253 2445 condonari
1276 2377 1390 2447 aDeo
1409 2386 1610 2471 peccatum,
1636 2370 1708 2442 hoc
1733 2383 1806 2455 est,
1833 2390 1918 2439 eum
1940 2365 2045 2438 talem

452 2486 528 2560 fieri
544 2514 653 2586 quem
664 2490 740 2586 Jam
757 2517 831 2563 non
849 2494 894 2565 sit
915 2492 1066 2589 dignum
1081 2494 1173 2565 sicut
1188 2498 1311 2566 antea¹
1325 2508 1474 2593 propter
1490 2492 1576 2564 illud
1604 2490 1703 2588 quod
1722 2488 1900 2588 praecessit
1915 2509 2045 2584 pecca-

452 2622 549 2701 tum,
569 2611 781 2684 aetemaliter
806 2637 828 2684 a
859 2617 938 2684 Deo
962 2614 1095 2711 puniri.
1124 2619 1203 2685 Non
1229 2615 1326 2686 enim
1348 2619 1445 2686 Deus
1468 2638 1551 2685 cum
1576 2625 1764 2711 peccatum
1792 2604 2045 2707 poenitentibus

451 2728 655 2823 condonat,
699 2754 846 2804 omnem
889 2756 1034 2830 poenam
1069 2732 1119 2803 eis
1154 2732 1327 2827 ignoscit,
1366 2732 1430 2804 sed
1468 2729 1698 2803 solummodo
1733 2742 1916 2801 aeternam.
1946 2724 2045 2796 Multi

450 2871 608 2947 namque
627 2850 861 2948 poenitentes,
886 2851 949 2948 qni
968 2851 1136 2948 preventi
1164 2865 1293 2943 morte,
1312 2850 1590 2923 satisfactionem
1606 2849 1821 2947 poenitentiae
1832 2849 1868 2918 in
1889 2845 1958 2917 hac
1974 2845 2046 2915 vita

453 2993 527 3040 non
546 2982 709 3067 cgemnt,
734 2970 849 3068 poenis
875 2970 1102 3070 purgatoriis,
1122 2995 1197 3042 non
1215 2969 1449 3042 damnatoriis
1475 2969 1510 3041 in
1536 2967 1654 3041 lutura
1681 2982 1918 3041 reservantur.
1942 2963 2044 3035 Unde

449 3113 618 3186 suprema
637 3087 763 3185 judicii
777 3089 866 3183 dies,
890 3114 962 3187 qua
981 3091 1085 3165 multi
1106 3089 1268 3163 fidelium
1284 3090 1458 3189 puniendi
1471 3103 1572 3181 sunt,
1591 3103 1727 3187 quanto
1743 3090 1858 3186 spatio
1875 3084 2044 3183 temporis

448 3208 673 3299 extendatur,
692 3210 869 3281 incertum
884 3224 937 3282 est
949 3236 957 3281 z
971 3211 1135 3307 quamvis
1143 3213 1355 3283 resurrectio
1367 3239 1385 3279 u
1398 3213 1436 3282 in
1447 3222 1646 3300 momento,
1664 3209 1702 3279 in
1715 3207 1788 3279 ictu
1800 3204 1911 3278 oculi'
1927 3232 1944 3272 n
1961 3201 2041 3294 fiat3

448 3342 489 3399 ut
511 3326 676 3399 videlicet
712 3325 763 3398 ibi
796 3326 842 3399 de
868 3327 983 3427 culpis
1011 3329 1248 3422 satisfaciant,
1275 3343 1451 3426 quantum
1477 3333 1573 3401 Deus
1599 3327 1816 3417 decreverit,
1840 3325 1887 3397 de
1913 3322 2043 3421 quibus

451 3446 651 3520 satisfacere
675 3445 893 3541 distulerint,
925 3464 985 3521 aut
1001 3449 1165 3547 permissi
1181 3473 1258 3521 non
1276 3464 1373 3524 sunt.

1094 3732 1277 3822 CAPUT
1318 3733 1406 3821 XX.

756 3949 864 4006 Utrum
891 3947 958 4023 quis
981 3946 1018 4006 de
1046 3965 1106 4006 nno
1129 3958 1248 4024 peccato
1274 3945 1336 4006 sine
1360 3945 1453 4004 altero
1474 3945 1614 4024 poenitere
1639 3945 1748 4024 possit?

496 4145 589 4214 Sunt
606 4144 669 4242 qui
688 4158 852 4241 qnaerunt
865 4157 986 4215 utrum
1001 4143 1083 4241 quis
1100 4142 1148 4214 de
1174 4168 1249 4214 unu
1267 4158 1416 4240 peccato
1431 4145 1604 4242 poenitere
1619 4143 1730 4242 possit
1750 4157 1787 4215 et
1802 4166 1876 4216 non
1891 4143 1937 4214 de
1955 4141 2041 4234 alio,

450 4277 492 4335 ut
518 4277 605 4363 pote
634 4262 680 4335 de
706 4261 917 4354 homicidio,
945 4275 982 4334 et
1011 4285 1086 4332 non
1116 4260 1164 4333 de
1188 4261 1427 4334 fornicatione
1458 4286 1568 4357 qnam
1591 4262 1711 4336 adhuc
1735 4276 1941 4363 perpetrare
1966 4285 2042 4332 nnn

448 4380 612 4454 desistit?
637 4381 709 4455 Sed
736 4384 765 4453 si
791 4381 1012 4455 fructuosam
1039 4380 1137 4453 illam
1165 4381 1413 4479 poenitentiam
1437 4381 1693 4478 intelligamus,
1716 4404 1826 4480 quam
1848 4382 1913 4453 Dei
1938 4403 2043 4453 amor

447 4501 623 4592 immittit,
646 4516 683 4574 et
694 4525 806 4600 quam
818 4502 1011 4597 Gregorius
1034 4498 1242 4574 describens
1262 4500 1340 4572 ait:
1363 4528 1381 4568 u
1403 4502 1616 4574 Paenitentia
1631 4516 1685 4573 cst
1706 4501 1897 4573 commissa
1912 4499 2042 4572 deflere

447 4636 483 4695 et
497 4620 621 4696 flenda
639 4643 715 4694 non
732 4620 975 4708 committere;
997 4651 1014 4688 a
1034 4643 1263 4718 nequaquam
1282 4620 1494 4719 poenitentia
1513 4619 1584 4692 dici
1607 4634 1743 4719 potest,
1770 4620 1817 4693 ad
1844 4644 1954 4718 qnam
1977 4641 2046 4692 nos

449 4765 553 4816 amor
568 4742 636 4815 Dei
648 4739 848 4846 compellit,
862 4741 1003 4839 quoties
1018 4766 1113 4818 unns
1125 4755 1353 4839 contemptus
1365 4742 1550 4813 retinetur.
1569 4741 1606 4812 Si
1625 4741 1723 4816 enim
1737 4764 1841 4816 amor
1855 4740 1936 4832 Dei,
1954 4739 2045 4812 sicut

477 5024 598 5085 ¹8:00³„
611 5036 665 5086 cap.
677 5035 768 5083 unu,
780 5035 803 5072 r.
819 5023 847 5073 12
855 5029 880 5071 et
890 5021 928 5074 tt.
940 5022 986 5059 -²
996 5022 1035 5072 stc
1049 5022 1179 5083 legendum
1190 5022 1350 5083 mercamur.
1369 5018 1452 5070 Penus
1464 5018 1590 5070 animum.
1602 5044 1631 5055 -
1643 5015 1772 5068 ’cauma
1782 5014 1805 5079 l,
1814 5027 1867 5077 cap.
1881 5028 1923 5077 xv,
1931 5027 1953 5064 r.
1964 5017 2005 5066 52.
