4559 6100
455 534 525 611 148
1056 540 1186 618 PE'lRl
1216 542 1449 618 tumtunm

453 686 550 759 enim
569 685 666 787 apud
681 690 798 763 Deum
817 691 880 787 qui
895 691 1118 766 voluntatem
1136 718 1204 793 pro
1222 718 1331 794 opere
1348 693 1431 768 sacti
1444 706 1603 792 reputat,
1625 689 1705 764 talis
1720 687 1867 766 devotio
1881 717 1957 769 non
1972 701 2045 797 pri·

451 818 555 880 vetur
581 808 746 906 praemio,
779 806 887 906 hujus
922 822 1042 884 tamen
1070 828 1261 911 apparatus
1287 814 1382 888 actio
1410 811 1591 913 superflua
1613 810 1758 909 penitus
1783 811 1946 908 videtur,
1977 842 2045 891 nec

452 926 603 1026 simplex
620 941 673 1001 est
687 926 814 1002 oculus
827 930 1035 1004 intentionis
1050 945 1090 1004 ut
1104 931 1200 1005 clarc
1215 933 1365 1019 videret,
1386 933 1449 1030 qui
1468 954 1627 1037 errorem
1642 930 1792 1004 incurrit
1806 931 2042 1032 deceptionis,

451 1048 540 1120 etin
563 1071 608 1119 eo
633 1046 821 1121 frustratus
838 1061 892 1120 est
908 1048 1007 1146 quod
1023 1049 1252 1143 deliberavit,
1268 1050 1419 1126 credens
1444 1049 1578 1124 scilicet
1598 1047 1671 1122 hoc
1691 1073 1767 1123 esse
1784 1049 1986 1128 faciendum
2004 1070 2045 1128 ut

450 1165 539 1241 illud
555 1180 784 1265 sequeretur,
803 1192 877 1265 quo
905 1168 999 1242 sacto
1027 1193 1258 1269 nequaquam
1282 1183 1336 1246 est
1352 1169 1442 1244 illud
1463 1181 1719 1260 consecutum,
1735 1192 1845 1268 opera
1861 1173 1994 1270 pariter
2007 1188 2044 1247 et

451 1290 613 1388 impensa
632 1302 816 1386 pereunte.
835 1288 906 1361 Sed
928 1288 1018 1386 qnid
1038 1291 1076 1363 in
1102 1289 1160 1364 bis
1183 1314 1308 1364 moror
1328 1315 1408 1389 quae
1427 1287 1629 1388 ignorantia
1646 1287 1861 1363 invincibilis
1878 1305 2040 1385 excusat,

450 1432 535 1481 cum
558 1405 671 1479 multa
691 1408 799 1481 etiam
826 1421 954 1481 contra
975 1409 1153 1482 rationem
1169 1411 1323 1485 scienter
1338 1433 1443 1508 agere
1460 1408 1600 1508 pietatis
1625 1406 1775 1483 allectus
1793 1409 1924 1508 cogat?
1954 1415 2044 1485 Ecce

450 1527 569 1617 enim,
589 1541 630 1599 ut
651 1527 698 1600 ad
714 1526 913 1601 bonitatem
929 1528 997 1601 Dei
1013 1530 1211 1627 apotentia
1230 1529 1307 1626 ejus
1320 1543 1356 1602 et
1371 1528 1545 1628 sapientia
1558 1540 1804 1622 transeamus,
1824 1543 1985 1624 constat,
2004 1547 2043 1606 ut

450 1645 692 1746 praediximus,
706 1647 755 1719 ita
768 1647 903 1744 optime
917 1647 963 1720 ab
977 1648 1057 1747 ipso
1069 1646 1148 1720 fieri
1159 1647 1217 1721 vel
1231 1646 1376 1746 disponi
1387 1647 1512 1719 omnia
1522 1670 1597 1744 qno
1610 1646 1737 1719 melius
1749 1670 1824 1720 non
1834 1661 1999 1746 possunt,
2008 1664 2044 1722 et

449 1783 568 1841 tamen
579 1766 691 1838 multa
708 1765 1089 1863 frequentereveniunt
1104 1791 1213 1865 supra
1224 1766 1355 1865 quibus
1367 1768 1520 1865 graviter
1529 1765 1708 1855 dolemus,
1725 1781 1898 1865 tanquam
1914 1766 2042 1841 dirinae

449 1885 624 1960 voluntati
639 1898 762 1959 nostra
774 1885 958 1959 voluntate
974 1887 1159 1960 contrarii.
1185 1886 1288 1959 Unde
1309 1901 1345 1959 et
1362 1885 1576 1987 Apostolus,
1596 1910 1672 1958 non
1688 1886 1807 1960 solum
1822 1885 1869 1959 ad
1885 1911 2044 1986 congau-

446 2006 629 2101 dendum,
647 2030 775 2078 rerum
791 2005 962 2091 etiamad
981 2005 1277 2106 compatiendum
1295 2006 1373 2079 aliis
1393 2030 1461 2079 nos
1476 2005 1674 2105 plurimum
1691 2005 1896 2098 admonet¹,
1916 2035 1936 2075 «
1954 2031 2043 2104 gau-

447 2128 534 2200 dere
544 2151 628 2200 cum
638 2124 886 2222 gaudentibus,
900 2126 986 2199 llere
995 2151 1077 2199 cum
1088 2124 1272 2199 flentibus.
1285 2154 1303 2193 n
1313 2125 1449 2198 llincet
1458 2123 1620 2199 illaesunt
1629 2124 1792 2198 Rachelis
1802 2118 1982 2223 lacryma,
1996 2125 2042 2200 de

445 2246 578 2347 quibus
590 2245 762 2345 scriptum
776 2248 865 2319 est¹:
883 2273 902 2315 n
910 2245 1041 2318 Rachel
1048 2245 1195 2346 plorans
1207 2245 1300 2319 filios
1309 2269 1393 2319 suos
1403 2245 1521 2319 noluit
1529 2245 1719 2319 consolari.
1735 2244 1871 2319 »Dolet
1886 2243 2041 2321 Ecclesia

444 2392 512 2465 pro
527 2365 776 2465 compassione
790 2365 837 2439 de
852 2381 969 2440 morte
985 2383 1183 2466 martyrum
1198 2379 1234 2441 et
1250 2367 1526 2467 quibuscunque
1543 2365 1796 2440 afflictionibus
1813 2380 2038 2457 sanctorum,

446 2499 659 2560 cumtamen
673 2515 691 2552 α
705 2485 827 2558 omniu
839 2485 908 2559 illis
921 2488 959 2559 in
975 2487 1116 2560 bonum
1132 2490 1334 2587 cooperari,
1345 2517 1363 2558 n
1376 2490 1468 2561 sicut
1484 2486 1680 2588 Apostolus
1695 2486 1773 2576 ait⁸,
1792 2509 1867 2557 non
1885 2484 2037 2579 dubitet.

442 2605 548 2677 Videt
564 2620 737 2703 martyres
750 2604 917 2697 interfici,
937 2620 974 2679 et
991 2606 1043 2679 de·
1054 2607 1199 2679 miseria
1215 2607 1266 2680 sic
1279 2608 1326 2680 ad
1342 2602 1603 2681 beatitudinem
1622 2604 1793 2699 transire,
1812 2628 1879 2677 nec
1902 2619 1978 2677 tam
1993 2605 2039 2679 de

443 2722 664 2797 beatitudine
675 2725 836 2823 ipsorum
852 2724 983 2822 gaudet
995 2749 1107 2823 quam
1120 2724 1168 2798 de
1184 2725 1379 2800 afflictione
1395 2725 1515 2817 dolet;
1533 2749 1653 2799 cume
1668 2725 1871 2812 contrario,
1889 2724 1983 2797 sicut
1993 2724 2039 2798 de

442 2846 552 2918 beato
564 2844 736 2942 scriptum
745 2858 799 2916 est
807 2844 1129 2938 Martino,sentiret
1138 2846 1249 2942 magis
1261 2871 1338 2919 esse
1350 2846 1595 2944 gaudendum,
1607 2845 1637 2917 si
1645 2844 1824 2916 rationem
1836 2844 1891 2915 ris
1903 2841 2038 2918 doloris

443 2964 720 3054 administraret,
731 2962 828 3036 unde
841 2979 876 3037 et
894 2965 1070 3039 Veritas‘:
1093 2966 1160 3036 «Si
1175 2965 1367 3064 diligeretis
1380 2991 1454 3060 me,
1473 2998 1491 3033 s
1510 2965 1641 3064 inquit,
1657 2992 1676 3033 α
1688 2963 2034 3063 gauderetisutique,

441 3089 524 3188 quia
536 3082 630 3156 vado
643 3082 690 3156 ad
708 3087 862 3156 Patrem.
875 3113 893 3154 n
905 3088 966 3158 Est
973 3100 1009 3159 et
1020 3084 1113 3158 lilius
1124 3086 1273 3159 senilem
1286 3101 1425 3186 patrem
1438 3099 1538 3160 tanta
1549 3084 1741 3158 dilectione
1755 3081 1987 3182 amplectens,
1998 3098 2038 3156 ut

442 3230 526 3281 cnm
539 3229 623 3278 eum
639 3204 792 3276 naturali
809 3218 925 3276 morte
940 3204 1088 3277 dissolvi
1105 3205 1321 3304 conspiciat,
1345 3219 1382 3279 ct
1401 3205 1473 3279 boc
1493 3207 1531 3278 in
1554 3205 1633 3304 ipsa
1648 3202 1885 3303 dispositione
1903 3216 2037 3276 naturae

440 3326 552 3401 lixum
564 3347 641 3398 esse
657 3347 733 3397 non
754 3321 894 3397 dubitet
912 3338 954 3397 ut
972 3325 1165 3411 moriatur,
1179 3326 1256 3424 ejus
1268 3338 1389 3398 umen
1402 3324 1629 3426 praesentiam
1646 3323 1810 3395 amittere
1828 3323 1913 3394 totis
1926 3323 2036 3396 visce-

439 3445 539 3519 ribus
563 3445 683 3536 dolet;
709 3444 810 3541 quod
832 3445 996 3542 quemvis
1016 3446 1076 3543 pie
1100 3457 1263 3543 geratur,
1291 3459 1433 3517 constat
1463 3459 1583 3515 tamen
1616 3440 1786 3513 omnibus
1808 3439 2038 3513 irrationabi-

439 3566 518 3638 liter
540 3565 610 3638 boc
634 3564 727 3659 geri,
745 3564 830 3661 quia
846 3577 882 3635 et
901 3564 1071 3636 morienti
1087 3587 1162 3635 non
1179 3560 1345 3663 proficit,
1364 3577 1401 3636 et
1415 3562 1599 3661 lugentem
1616 3561 1770 3633 inaniter
1792 3559 1929 3657 affligit.
1948 3559 2036 3647 Quis

440 3683 596 3780 denique
613 3683 749 3756 nesciat
767 3705 843 3754 non
864 3706 990 3755 omnes
1003 3681 1196 3755 salvandos
1211 3706 1287 3754 esse
1310 3707 1377 3779 pro
1395 3682 1528 3779 quibus
1544 3704 1706 3770 oramus,
1725 3692 1787 3752 aut
1807 3680 1914 3751 etiam
1931 3701 2036 3750 orare

440 3802 687 3901 praecipimur,
715 3824 784 3874 nec
800 3825 928 3874 omnes
949 3801 996 3874 ad
1011 3799 1272 3874 beatitudinem
1289 3802 1478 3899 pervenire
1500 3824 1593 3898 quos
1619 3799 1704 3872 illuc
1728 3797 1916 3899 pervenire
1931 3795 2035 3869 volu·

440 3948 542 4013 mus,
560 3947 603 3993 ex
617 3944 660 3992 ea
670 3918 837 3993 videlicet
851 3917 1023 3995 charitate
1041 3946 1114 4020 qua
1130 3944 1451 4019 unumquemque,
1468 3921 1561 3993 sicut
1574 3944 1664 4013 nos,
1680 3919 1827 4016 diligere
1840 3914 2034 4014 jubemur?

439 4041 635 4140 Numquid,
649 4041 678 4113 si
689 4040 765 4113 baec
776 4056 900 4113 nostra
911 4043 1026 4114 oratio
1040 4042 1095 4114 vel
1110 4041 1278 4114 voluntas
1291 4065 1367 4113 non
1380 4054 1433 4114 est
1442 4038 1680 4129 rationabilis,
1692 4037 1885 4137 praeceptio
1897 4035 2032 4126 divina,

438 4188 508 4263 qna
525 4160 563 4234 id
578 4161 738 4259 agimus,
758 4185 833 4233 non
851 4174 905 4234 est
924 4160 1188 4260 approbanda?
1203 4161 1241 4233 Si
1255 4161 1354 4234 enim
1377 4161 1506 4232 frustra
1531 4183 1677 4232 oramus
1702 4172 1742 4230 ut
1770 4157 1952 4229 salventur
1972 4155 2034 4250 qui

438 4267 597 4356 salvandi
609 4305 684 4355 non
701 4293 806 4372 sunt,
826 4295 888 4353 aut
904 4280 1035 4355 frustra
1048 4306 1114 4355 eos
1129 4280 1259 4354 salvari
1276 4282 1462 4371 volumus,
1481 4303 1574 4377 quos
1587 4303 1655 4351 nec
1672 4277 1810 4374 justum
1823 4289 1877 4349 est
1891 4287 1954 4348 aut
1965 4270 2034 4344 bo-

438 4425 528 4473 num
541 4399 765 4490 salvari,sed
775 4399 904 4472 dirinae
914 4398 1173 4499 dispensationi
1189 4401 1430 4492 contrarium,
1445 4397 1635 4496 quomodo
1650 4397 1689 4470 id
1703 4396 1798 4469 bene
1813 4391 2030 4494 praecipitur,

438 4535 477 4593 ut
498 4519 669 4592 iaciamus
687 4529 754 4615 pro
770 4517 838 4590 illis
854 4519 1043 4609 adeundis,
1059 4519 1159 4615 quod
1175 4519 1379 4619 superflue,
1398 4532 1439 4590 ut
1453 4516 1591 4590 dictum
1608 4530 1685 4602 est,
1703 4512 1744 4583 st
1763 4537 1785 4583 a
1807 4506 1940 4582 nobis?
1965 4513 2032 4579 Aut

436 4664 520 4712 cum
545 4638 626 4710 illos
652 4637 690 4707 in
714 4659 778 4707 sua
807 4633 940 4706 malitia
965 4652 1216 4731 permanentes
1238 4638 1388 4723 salvari,
1415 4646 1456 4706 ut
1471 4632 1607 4705 dictum
1626 4645 1700 4723 est,
1725 4654 1793 4702 nec
1809 4629 1946 4726 justum
1964 4650 2031 4698 nec

435 4759 574 4832 bonum
591 4758 652 4848 sit,
671 4756 746 4827 imo
762 4753 944 4843 damnari,
960 4751 1148 4850 quomodo
1166 4751 1204 4825 id
1224 4753 1317 4826 bene
1336 4777 1507 4849 rogamus
1522 4767 1563 4826 ut
1582 4750 1656 4844 liat,
1679 4748 1780 4848 quod
1793 4747 1871 4822 lieri
1885 4771 1961 4819 non
1977 4757 2031 4817 est

434 4876 594 4968 bonum,
612 4887 675 4950 aut
694 4873 731 4947 id
743 4872 820 4946 fieri
837 4871 926 4945 velle
935 4871 1108 4945 debemus
1121 4872 1221 4969 quod
1234 4869 1311 4944 fieri
1324 4895 1399 4945 uon
1416 4870 1608 4946 convenit?
1618 4874 1689 4942 Aut
1700 4865 1888 4965 quomodo
1899 4863 2028 4939 diviuae

465 5156 472 5186 t
485 5154 569 5218 lton,
579 5166 633 5217 cap.
642 5165 686 5217 ut,
698 5166 721 5206 r.
735 5155 773 5206 15.
785 5149 938 5216 -2uattu,
949 5163 1003 5215 rap.
1018 5163 1045 5212 n,
1058 5163 1082 5204 r.
1098 5151 1135 5203 n.
1144 5153 1189 5189 ..a
1200 5151 1286 5216 lton„
1295 5163 1351 5215 cap.
1363 5162 1448 5215 nu,r.
1461 5152 1502 5203 tt.
1514 5174 1546 5188 -
1556 5147 1655 5206 ‘luam
1668 5158 1723 5210 cap.
1737 5156 1787 5208 ur,
1799 5154 1824 5197 r.
1835 5144 1876 5195 28.
