4559 6100
717 523 763 596 lN
787 520 1036 595 EPlS'l'OLAM
1060 520 1123 593 ln
1148 521 1375 599 ROMANOS.
1770 529 1844 603 315

248 691 325 744 esse
350 667 543 743 credimus.
569 669 808 742 Ministerium
834 668 923 741 dicit
948 669 1147 768 corporalis
1172 672 1289 770 operis
1313 670 1493 765 officium,
1522 674 1613 746 sicut
1635 693 1691 750 est
1718 677 1845 750 suendi

240 787 303 866 .ch
322 787 531 863 fabricandi.
556 789 788 861 Ministerium
808 788 916 864 habet
934 789 971 860 in
993 789 1231 862 ministrando
1248 790 1339 884 aliis,
1362 792 1425 889 qui
1447 790 1533 864 inde
1554 795 1728 891 majorem
1753 795 1845 870 utili·

249 921 357 982 tatem
380 907 534 982 aliorum
556 933 665 1007 quam
688 910 875 1008 propriam
896 910 1035 1007 quaerit,
1054 909 1146 982 sicut
1162 908 1259 983 idem
1274 911 1468 1010 Apostolus
1492 911 1576 984 alibi
1596 914 1682 988 ait¹:
1704 919 1843 990 «Nemo

249 1026 346 1124 quod
364 1053 471 1101 suum
485 1044 539 1102 est
555 1044 702 1128 quaerat,
718 1029 782 1101 sed
796 1028 897 1127 quod
913 1029 1071 1102 alterius.
1086 1060 1105 1096 2>

301 1178 320 1216 α
333 1148 414 1222 Sive
431 1149 494 1247 qui
511 1149 620 1223 docet
642 1150 680 1220 in
702 1149 880 1222 doctriua.
895 1178 913 1215 »
937 1149 978 1222 ld
1005 1164 1058 1222 est
1080 1150 1210 1223 doceat
1232 1175 1312 1247 quae
1332 1151 1498 1224 docenda
1525 1151 1654 1226 credit.
1679 1154 1845 1228 Similiter

253 1297 271 1331 «
285 1268 347 1364 qui
361 1267 582 1357 exhortatur,
593 1299 611 1335 n
633 1269 672 1342 id
688 1285 742 1342 est
757 1269 804 1343 ad
815 1270 1120 1369 persuadendum.
1138 1271 1314 1369 Loquitur
1331 1271 1530 1344 secundum
1548 1274 1728 1346 rationem
1744 1273 1841 1367 fidei,

249 1385 311 1481 qui
332 1387 561 1486 prophetiam
585 1414 693 1488 quam
716 1391 879 1488 superius
902 1390 1074 1462 intellexit
1093 1415 1159 1489 per
1177 1389 1380 1464 doctrinam
1403 1406 1439 1464 et
1458 1392 1745 1466 exhortationem
1767 1417 1843 1465 non
1973 1474 1980 1482 ,

249 1505 448 1604 distinguit.
467 1510 638 1607 Quisquis
661 1511 757 1583 enim
781 1509 828 1583 ad
844 1508 1118 1583 aedificationem
1143 1510 1316 1608 loquitur,
1340 1524 1402 1583 aut
1425 1511 1593 1585 docendo
1614 1512 1763 1611 aliquid,
1784 1527 1844 1586 aut

250 1625 475 1701 exhortando
488 1629 619 1727 aliquid
632 1630 805 1727 loquitur.
816 1632 875 1703 Sic
884 1655 1025 1729 erpone
1040 1658 1049 1702 r
1062 1631 1143 1704 Sive
1152 1633 1216 1730 qui
1225 1632 1332 1704 docet
1344 1632 1546 1705 secundum
1555 1634 1734 1706 rationem
1744 1631 1840 1723 fidei,

253 1777 271 1813 α
286 1747 324 1818 in
343 1745 599 1822 exhortando»
619 1749 663 1820 sit
678 1749 901 1839 discernens,
921 1750 1055 1822 scilicet
1071 1767 1251 1849 quantum
1262 1751 1372 1842 valet,
1389 1777 1470 1849 quae
1486 1752 1617 1849 quibus
1632 1751 1842 1824 hominibus

250 1866 501 1965 persuadenda
516 1869 602 1961 sint,
618 1869 709 1941 sicut
727 1882 762 1941 et
775 1868 954 1962 docenda,
972 1869 1072 1967 juxta
1086 1870 1177 1943 illud
1194 1871 1391 1943 Veritatis¹=
1411 1872 1557 1945 «Nolite
1575 1887 1739 1944 sanctum
1756 1872 1843 1943 dare

249 1984 412 2075 canibus,
424 2011 542 2087 neque
554 1988 761 2085 margaritas
773 2003 856 2061 ante
867 2013 1013 2088 porcos.
1027 2020 1045 2055 »
1064 1990 1164 2078 «Qui
1183 1989 1321 2081 tribuit,
1337 1988 1473 2063 »idest
1491 2016 1556 2064 sua
1571 1992 1721 2088 largitur
1736 2015 1843 2088 egen·
1903 2061 1906 2068 .

251 2102 364 2195 tibus,
398 2134 417 2174 u
438 2107 475 2177 in
502 2107 726 2206 simplicitate
739 2135 757 2175 n
785 2106 939 2181 subaudi
968 2108 1005 2180 id
1031 2109 1155 2202 faciat,
1185 2109 1223 2182 id
1250 2124 1302 2182 est
1328 2135 1404 2183 non
1430 2111 1612 2210 duplicem
1638 2110 1688 2182 ibi
1714 2109 1845 2183 habeat

245 2223 506 2316 intentionem,
535 2240 608 2298 tam
628 2251 697 2326 pro
717 2227 906 2326 temporali
928 2228 1061 2301 scilicet
1080 2253 1190 2327 quam
1207 2244 1337 2302 aetema
1358 2232 1662 2303 remuneratione.
1684 2229 1793 2319 Quod
1809 2245 1845 2302 et

251 2341 336 2416 alibi
360 2345 530 2445 prohibet
545 2348 723 2419 Dominus
739 2347 904 2420 dicens⁸2
926 2352 1049 2420 «Cum
1069 2348 1154 2421 lacis
1180 2349 1440 2448 elemosynam,
1470 2351 1603 2423 nesciat
1625 2350 1766 2421 sinistra
1785 2363 1844 2421 tua

250 2462 340 2560 quid
354 2464 456 2538 faciat
477 2466 623 2539 dextera
642 2481 750 2540 tua.»
769 2467 878 2539 Aliter
895 2496 914 2534 α
930 2468 968 2538 in
985 2467 1228 2566 simplicitate,
1244 2496 1262 2537 n
1283 2469 1320 2541 id
1339 2484 1482 2541 estnon
1498 2470 1543 2541 sit
1559 2467 1692 2568 duplex
1709 2467 1791 2539 linis
1806 2467 1842 2540 in

250 2583 460 2679 intentione,
479 2602 521 2658 ut
540 2585 704 2660 videlieet
719 2586 932 2685 elemosynae
948 2611 1019 2659 suae
1036 2586 1147 2660 linem
1164 2602 1235 2660 tam
1253 2589 1290 2659 in
1308 2613 1347 2660 se
1364 2613 1475 2686 quam
1488 2589 1526 2660 in
1545 2591 1623 2660 Deo
1636 2587 1842 2676 constituat,

249 2702 312 2776 sed
329 2704 582 2778 tantummodo
599 2707 637 2779 in
652 2710 745 2799 Deo,
764 2706 821 2778 rel
837 2707 886 2778 ita
902 2720 1032 2780 utnon
1051 2705 1178 2780 dolose
1193 2707 1231 2780 id
1248 2707 1365 2801 faciat,
1382 2709 1475 2780 sicut
1483 2708 1679 2807 hypocritae
1695 2708 1842 2795 faciunt,

251 2823 312 2919 qui
336 2824 436 2898 aliud
460 2825 630 2900 simulant
653 2850 764 2924 quam
786 2827 992 2919 intendunt,
1013 2851 1098 2899 cum
1118 2852 1157 2900 se
1174 2826 1340 2900 videlicet
1357 2842 1506 2926 propter
1529 2831 1647 2901 Deum
1672 2826 1709 2899 id
1729 2827 1845 2900 lacere

250 2942 400 3041 fingant,
422 2945 523 3043 quod
543 2946 655 3043 magis
671 2961 819 3045 propter
835 2944 1031 3019 humanam
1048 2947 1202 3044 gloriam
1217 2962 1340 3045 agunt,
1361 2949 1418 3021 vel
1435 2948 1526 3021 sicut
1543 2947 1677 3020 faciunt
1699 2947 1762 3045 qui
1778 2945 1843 3019 ali-

250 3064 337 3161 quid
359 3066 560 3163 largiuntur
581 3065 708 3160 alicui,
732 3066 886 3167 amplius
902 3068 988 3140 inde
1009 3092 1048 3141 se
1071 3084 1280 3167 recepturos
1301 3081 1507 3167 sperantes,
1527 3068 1557 3140 si
1580 3066 1618 3139 id
1639 3092 1681 3139 ex
1700 3067 1845 3140 caritate

250 3184 366 3259 facere
374 3185 557 3275 simulant,
568 3185 671 3283 quod
683 3210 728 3257 ex
741 3186 937 3285 eupiditate
948 3190 1070 3286 potius
1087 3202 1211 3286 agunt.
1231 3218 1249 3254 α
1263 3188 1335 3275 Qui
1346 3201 1482 3284 praeest
1493 3214 1511 3251 s
1524 3185 1615 3279 aliis,
1629 3185 1667 3257 id
1683 3200 1736 3258 est
1752 3191 1845 3257 Prae·

250 3304 313 3378 lati.
322 3306 439 3379 vicem
452 3306 555 3403 gerit.
577 3334 596 3376 «
612 3311 653 3379 ln
671 3306 893 3379 solitudine»
909 3306 1081 3380 subaudis
1091 3308 1224 3406 praesit,
1244 3330 1373 3378 eorum
1388 3304 1520 3379 scilicet
1534 3305 1632 3378 lucra
1647 3304 1843 3403 quaerendo

248 3426 492 3524 potiusquam
507 3430 647 3501 sua.De
659 3450 731 3524 qua
744 3424 893 3524 quidem
906 3425 1145 3499 sollicitudine
1157 3426 1387 3498 Praelatorum
1399 3448 1482 3521 erga
1496 3421 1659 3496 subditos
1671 3422 1843 3496 Salomon

244 3542 435 3638 admonet,
454 3546 614 3619 dicens:
631 3545 728 3619 «Fili
746 3547 809 3638 mi,
828 3546 858 3618 si
875 3544 1115 3646 spoponderis
1132 3569 1200 3644 pro
1217 3546 1335 3616 amico
1351 3559 1427 3635 tuo,
1445 3541 1597 3636 defixisti
1614 3542 1712 3641 apud
1728 3557 1844 3615 extra·

248 3687 360 3737 neum
379 3691 529 3739 manum
551 3680 664 3759 tuam,
682 3667 895 3764 illaqueatus
918 3691 956 3739 es
972 3664 1091 3738 verbis
1107 3666 1180 3737 oris
1197 3665 1270 3758 sui,
1290 3678 1327 3736 et
1343 3678 1467 3763 captus
1482 3687 1521 3735 es
1535 3664 1691 3762 propriis
1709 3687 1845 3735 sermo·

249 3781 357 3858 nibus
378 3787 462 3859 tuis.
488 3792 557 3862 Fac
573 3811 659 3883 ergo
679 3786 780 3885 quod
805 3785 903 3878 dico,
922 3785 972 3858 sili
995 3786 1058 3879 mi,
1078 3799 1115 3858 et
1132 3786 1364 3884 temetipsum
1385 3783 1512 3873 libera,
1528 3785 1616 3881 quia
1636 3781 1790 3854 incidisti
1807 3783 1843 3853 in

247 3928 397 3977 manum
415 3906 583 4004 proximi.
603 3907 783 3994 Discurre,
808 3907 948 3998 festina,
973 3907 1104 3978 suscita
1121 3905 1277 3978 amicum
1302 3918 1420 3976 tuum.
1442 3906 1493 3974 Ne
1510 3902 1652 3975 dederis
1673 3924 1844 3974 somnum

247 4024 363 4096 oeulis
378 4026 461 4111 tuis,
480 4050 549 4098 nec
564 4024 761 4100 dormitent
778 4026 957 4127 palpebrae
975 4042 1056 4098 tuae.
1073 4055 1092 4091 s

300 4175 319 4212 α
335 4146 407 4233 Qui
431 4145 634 4238 miseretur,
653 4175 671 4215 u
690 4147 728 4220 id
751 4162 804 4220 cst
828 4147 981 4245 ignoscit
1003 4143 1297 4242 delinquentibus
1321 4142 1359 4215 in
1383 4167 1436 4234 se,
1464 4141 1565 4225 laetus
1589 4156 1626 4214 et
1649 4143 1727 4214 sine
1745 4142 1845 4212 omni

248 4287 400 4337 rancore
422 4266 533 4338 animi
555 4264 627 4338 hoc
650 4265 773 4359 faciat,
793 4291 868 4339 non
892 4265 1174 4339 erubescentiam
1196 4264 1324 4336 inserat
1339 4262 1541 4362 poenitenti,
1563 4284 1681 4358 neque
1697 4258 1747 4331 illi
1766 4274 1846 4330 tur-

248 4382 341 4480 piter
362 4398 550 4482 peccatum
566 4409 672 4458 suum
693 4386 957 4485 improperans,
983 4384 1086 4483 quasi
1104 4384 1218 4480 magis
1236 4384 1372 4455 tristem
1389 4406 1427 4454 se
1445 4380 1612 4453 ostendat
1637 4378 1684 4452 de
1700 4377 1845 4478 propria

248 4497 374 4570 lesura
390 4522 500 4595 quam
511 4498 662 4572 hilarem
678 4499 725 4572 de
740 4500 978 4573 conversione
1000 4499 1210 4598 peccatoris.
1230 4527 1248 4566 u
1263 4497 1416 4569 Dilectio
1430 4527 1447 4562 n
1465 4494 1636 4568 subaudis
1652 4494 1698 4566 sit
1713 4493 1845 4564 immu-

247 4614 382 4704 tabilis,
404 4642 509 4711 vera,
528 4642 604 4691 non
622 4617 788 4691 simulata
812 4645 821 4691 t
848 4619 940 4692 sicut
966 4619 1052 4691 alibi
1075 4620 1250 4717 scriptum
1272 4619 1360 4689 est⁸:
1383 4614 1543 4708 «Filioli,
1561 4639 1637 4687 non
1655 4612 1844 4709 diligamus

250 4735 360 4809 verbo
376 4761 496 4835 neque
510 4739 652 4836 lingua,
671 4738 734 4811 sed
753 4762 863 4837 opere
884 4754 923 4811 et
942 4740 1103 4811 veritate.
1122 4767 1140 4806 n
1163 4768 1180 4806 α
1199 4736 1371 4810 Odicutes
1385 4765 1403 4802 a
1421 4735 1519 4808 vitia.
1543 4766 1562 4803 ιι
1582 4732 1809 4807 Adhaerentcs
1823 4758 1841 4794 a

250 4856 452 4948 virtutibus,
483 4857 540 4931 vel
566 4858 774 4932 recedentes
798 4859 1072 4932 conversatione
1097 4883 1170 4957 seu·
1190 4856 1354 4930 moribus
1378 4881 1400 4929 a
1424 4878 1592 4955 perverso
1616 4852 1782 4939 homine,
1811 4862 1846 4920 et

282 5122 1844 5197 demumr.x,v.2u-¹ttarn.‚np.vu,v.saltatumn‚v.a-⁴rror.,eap.n‚v.r.-³11⁰²n··ur·¹¹¹·v·¹⁸·
