4559 6100
442 468 514 539 stt
1045 466 1177 538 mut
1204 467 1440 539 sumtu!

437 634 497 693 a,
514 614 727 705 ὥγιιίικιιιί.
741 616 853 693 Aliter,
869 634 932 681 iit:
945 615 2035 706 Voltmnmbiminnlmfflidffimulitrelapprdn.

441 716 615 779 linictoin
583 718 1010 804 notatisoepercsistimm,
1028 738 1102 779 cum
1128 713 1953 804 mtknqoidipsembiscnmflrffiminn.
1969 741 2038 779 ιιι

440 811 586 875 binis
605 812 809 901 Dispmitioni
826 813 1561 901 prqmpnmmwibhmremim,
1578 816 2036 881 morutium-uiti-

441 933 517 973 cum
537 926 645 973 tamen
665 934 736 974 eant
754 912 1135 999 impedirem-tamus
1153 910 1699 999 {locantemquandiquefitcum
1718 910 2039 1000 cn‘pmquanihqoe

441 1008 633 1096 iincmlpe.
649 1010 798 1073 (inmoti
776 1034 870 1097 nzpa
889 1008 1407 1097 simqmudinoubomreli,
1424 1007 2037 1098 nnnproahqunddettiouisallrcta

441 1106 620 1197 sedpritiiis
640 1128 680 1171 ex
704 1108 822 1170 invidia
839 1108 889 1171 rel
909 1108 1686 1195 aliqrnneqnitiaincontrariumiepugmm,
1701 1106 2039 1171 ιωιῦειιιιΐκὲ

443 1204 573 1293 aliqruid
590 1204 712 1268 lirinum
724 1204 936 1281 administrat,
955 1204 1043 1294 qrtod
1059 1228 1099 1269 ex
1118 1204 1239 1268 invidia
1252 1205 1304 1269 rel
1315 1206 1541 1269 malacitani
1555 1204 1674 1293 aliqua.
1690 1220 2038 1292 quntunpoemns.

443 1300 652 1391 mpedimsis,
681 1302 950 1367 neil'ehaboet.
973 1302 1607 1392 sioemlpiduobiiiiiindniiiiim.
1628 1301 2039 1390 Cueuimqtnndnqoe

443 1400 607 1465 tieletum
631 1402 734 1489 aliqua
756 1402 896 1479 morire,
923 1425 996 1489 φιτ
1017 1400 1480 1466 ncibisinnourenienterlieri
1505 1399 1667 1469 ridentur.
1687 1399 1997 1509 noaputamusilla
2018 1423 2039 1461 a

444 1498 513 1561 noi
534 1498 678 1586 disponi,
696 1514 729 1561 et
746 1498 821 1561 ideo
836 1516 949 1563 coiitn
964 1499 1122 1577 radimus,
1139 1514 1173 1563 et
1187 1523 1229 1563 ne
1244 1502 1394 1564 eveniam
1414 1497 1643 1563 desideramus
1660 1497 1734 1561 Hoc
1756 1498 1844 1560 euim
1858 1499 2038 1585 'gnosum

443 1610 586 1659 cremat
604 1596 653 1659 Ex
670 1595 1274 1686 allectquiquecaritatisrelaliquo
1290 1568 2040 1661 mmabaffmmhffltm

443 1690 2035 1784 ridetquispauemsnommod,scitsicesseindispositionebii‚etummrultmnon

444 1790 609 1869 mentm,
636 1806 670 1853 et
694 1788 784 1854 dolet
807 1793 881 1879 quia
905 1794 1053 1857 moritur.
1080 1793 1117 1855 ln
1138 1815 1204 1880 quo
1229 1791 1430 1867 notandum,
1451 1789 1540 1878 quod
1565 1787 1869 1877 quandoquebona
1888 1788 2039 1851 voluutas

443 1887 581 1951 hmnirris
597 1910 616 1949 a
632 1888 797 1954 voluntate
812 1890 871 1954 Dei
889 1890 1070 1969 discindat,
1088 1889 1285 1978 quandoque
1300 1889 1386 1954 nula
1401 1912 1476 1953 cum
1492 1912 1534 1952 eo
1548 1885 1737 1951 concordat.
1756 1886 1830 1949 Hoc
1844 1886 2038 1973 Augmtinus

445 1988 476 2049 ιιι
494 1984 679 2049 Enchiridio
699 1985 796 2075 plane
812 1988 964 2053 ostendit.
982 1989 1054 2053 Hoc
1073 1991 1172 2052 etiam
1186 1989 1328 2053 Ecclesia
1344 1987 1439 2063 facit,
1459 2003 1496 2049 ut
1513 2008 1587 2049 cum
1605 1984 1695 2047 ridet
1711 1983 1851 2070 aliqum
1865 1999 2037 2070 martyrem

444 2080 660 2147 trucidante!
676 2080 1102 2174 lapidari,scitbene,quod
1116 2080 1868 2175 hociobeneptacironeimiquodbmm
1882 2084 2037 2144 &etiam

444 2180 501 2261 illi,
520 2196 555 2243 ut
569 2203 628 2271 per
646 2183 832 2271 martyrium
850 2182 929 2247 illud
946 2182 987 2247 de
1002 2186 1063 2248 hae
1078 2184 1206 2247 miseria
1221 2184 1265 2248 ad
1280 2183 1513 2248 boetitudinem
1529 2179 1761 2244 transferatur:
1777 2194 1811 2242 et
1825 2193 1935 2241 tamen
1951 2177 2038 2242 dolet

444 2296 477 2343 et
495 2278 612 2369 plorat,
630 2278 718 2369 quid
740 2282 785 2344 sic
801 2280 962 2371 affligitur.
987 2282 1181 2365 Huiusmodi
1197 2281 1291 2347 fletus
1307 2298 1339 2346 et
1355 2281 1497 2362 dolores,
1514 2295 1551 2342 ut
1566 2300 1662 2367 supra
1683 2275 1806 2339 ditm
1822 2291 1889 2353 δῖ,
1913 2277 2039 2338 lm&

445 2376 567 2441 nabiles
583 2394 672 2457 sint,
696 2380 770 2467 quia
791 2380 824 2442 in
842 2402 951 2444 errore
967 2382 1158 2445 consistunt.
1174 2380 1368 2468 Quicunque
1388 2379 1476 2444 enim
1496 2375 1586 2465 quod
1606 2373 1760 2465 perfluere
1781 2389 1945 2461 nequeunt
1961 2373 2039 2437 illud

444 2474 684 2563 aggrediuntur,
702 2492 822 2541 errant.
840 2477 920 2541 Sunt
942 2492 1050 2541 tantem
1065 2478 1186 2566 absque
1203 2477 1316 2568 culpa,
1333 2478 1407 2565 quia
1424 2499 1465 2541 ex
1480 2474 1619 2539 mnut's
1639 2471 1690 2536 rel
1708 2471 1841 2556 alicujus
1862 2471 2041 2535 dssection‘n

443 2573 561 2637 allecto
579 2572 737 2661 procedit.
755 2574 803 2636 Er
820 2596 862 2637 eo
877 2575 972 2663 igitur
989 2574 1076 2662 qood
1093 2574 1243 2638 volontas
1255 2576 1409 2663 accipitur
1417 2596 1478 2664 pro
1486 2571 1705 2662 dispositione,
1723 2584 1833 2658 aperte
1847 2570 1963 2652 conjici
1977 2593 2041 2658 po·

444 2684 517 2749 uest,
535 2668 624 2757 quod
636 2670 735 2733 multa
751 2671 896 2760 precipit
910 2672 994 2735 Deus
1012 2696 1084 2760 qnae
1100 2695 1167 2735 non
1182 2671 1252 2735 vult
1266 2671 1348 2747 lieri,
1366 2686 1400 2736 et
1413 2669 1516 2734 multa
1530 2667 1694 2759 prohibet,
1710 2689 1784 2755 quar
1800 2666 1869 2729 sieri
1886 2665 2039 2756 disponit.

446 2764 602 2855 Praecepit
622 2766 709 2830 enim
725 2766 875 2847 Abrahae,
894 2783 931 2831 ut
946 2767 1048 2833 lilium
1063 2791 1158 2833 soum
1173 2768 1368 2849 immolaret,
1385 2790 1483 2856 quem
1497 2783 1606 2831 tamen
1621 2763 1728 2827 noluit
1747 2762 1909 2828 immolari
1925 2787 1936 2827 t
1952 2764 2041 2852 quod

444 2859 520 2927 inde
544 2877 643 2951 patet,
671 2864 745 2952 quia
766 2886 826 2929 nec
847 2864 942 2929 luerit
963 2865 1163 2948 immolatus,
1185 2865 1271 2931 bene
1295 2882 1404 2930 tamen
1420 2866 1573 2955 praeoepit
1594 2878 1628 2928 et
1647 2862 1733 2926 bene
1748 2859 1865 2926 noluit.
1887 2859 2041 2950 Praeoepit

445 2958 621 3047 siquidem,
643 2976 679 3024 ut
696 2978 806 3026 notam
824 2963 943 3028 laoeret
957 2962 1177 3029 obedientiam
1192 2963 1333 3028 Abrahae
1350 2984 1359 3027 ε
1376 2962 1479 3027 noluit
1494 2978 1620 3040 autem,
1637 2959 1713 3048 quia
1729 2981 1795 3021 non
1811 2974 1880 3021 erat
1896 2960 2041 3022 rationa-

445 3056 517 3122 bilis
532 3080 625 3124 causa
644 3075 679 3123 nt
698 3059 799 3126 filium
815 3083 908 3126 snum
931 3063 1096 3127 Abraham
1111 3061 1307 3128 immolaret.
1324 3062 1494 3127 Prohibuit
1508 3076 1541 3124 et
1559 3057 1720 3123 mundatis
1734 3055 1868 3146 leprosis
1883 3079 1925 3120 ne
1944 3079 1978 3120 se
1992 3055 2043 3120 di-

445 3154 612 3246 vulgarent
628 3179 636 3222 :
653 3158 755 3223 voluit
770 3173 877 3224 tamen
894 3176 930 3225 ut
943 3161 1008 3226 hoe
1027 3160 1181 3240 lacerent,
1198 3176 1232 3224 et
1246 3160 1331 3225 bene
1347 3160 1467 3224 sciebat
1483 3155 1571 3246 quod
1586 3178 1653 3219 non
1668 3153 1838 3219 celaretur.
1855 3154 1897 3217 Et
1911 3154 2041 3243 quidem

447 3253 529 3319 bene
546 3254 724 3344 prohibuit,
748 3271 785 3320 ut
807 3257 925 3323 scilicet
940 3258 1124 3347 exemplum
1139 3257 1328 3323 humilitatis
1347 3255 1498 3322 omnibus
1512 3254 1691 3320 exhiberet
1716 3253 1803 3315 Bene
1818 3274 1949 3339 quoque
1963 3251 2042 3316 illud

444 3349 547 3416 voluit
562 3351 731 3442 divulgari,
748 3369 784 3418 ut
799 3355 884 3420 Deus
901 3355 1020 3421 scilicet
1032 3355 1109 3420 inde
1125 3355 1366 3445 gloiificaretur.
1385 3355 1447 3444 lpsi
1459 3354 1557 3418 etiam
1572 3351 1657 3415 bene
1673 3350 1817 3414 fecerunt
1827 3347 1941 3460 quod
1931 3373 1965 3413 in
1981 3350 2041 3413 hoc

444 3451 473 3512 ei
491 3471 557 3515 non
570 3450 782 3534 obedierunt,
801 3475 861 3518 noc
876 3453 953 3519 inde
967 3453 1204 3534 inobedientes,
1222 3453 1279 3518 sed
1295 3454 1402 3543 potius
1416 3450 1553 3516 humiles
1569 3449 1767 3513 exstiterunt
1785 3447 1914 3510 Sicut
1889 3469 1915 3510 si
1932 3445 2042 3536 aliquis

360 3621 363 3628 ¹
445 3563 519 3612 ante
536 3547 722 3638 episcopum
737 3571 822 3638 genu
834 3549 919 3615 flexo
934 3566 1030 3615 staret
1042 3565 1075 3615 et
1087 3551 1154 3640 ipse
1165 3549 1363 3641 prohiberet,
1379 3549 1596 3638 unusquisque
1608 3543 1698 3634 qnod
1708 3565 1802 3608 suum
1817 3558 1900 3607 esset
1912 3542 2039 3622 faceret,

445 3659 477 3706 et
494 3643 547 3708 illo
565 3643 754 3728 deserendo,
773 3647 948 3732 majoribus
963 3650 1051 3713 enim
1066 3646 1292 3727 deferendum,
1310 3665 1344 3712 et
1354 3647 1521 3737 episcopus
1535 3640 1752 3734 prohibendo,
1768 3641 1843 3728 quia
1839 3640 2043 3705 humilitatis

445 3739 628 3849 exemplum
646 3742 688 3805 ab
709 3693 859 3808 oninibus
878 3744 1096 3810 exhibendum
1112 3762 1173 3811 est.
1190 3743 1287 3810 Unde
1302 3744 1484 3809 Salomon·
1500 3743 1632 3826 Quanto
1647 3761 1783 3829 maguus
1798 3761 1844 3820 es,
1861 3737 1992 3802 humilii
2009 3753 2041 3801 te

446 3837 478 3900 in
495 3835 658 3902 omnibus
677 3838 834 3906 Omnibus
849 3844 1063 3909 communiter
1075 3843 1221 3955 precipit
1231 3843 1341 3908 Deus:
1350 3841 1470 3933 Diliges
1481 3839 1649 3905 dominum
1661 3837 1766 3902 Deum
1781 3851 1897 3900 tunm:
1915 3849 1947 3898 et
1957 3834 2041 3898 bene

445 3935 502 3996 scit
523 3932 679 4022 quosdam
702 3959 768 4000 non
786 3937 985 4005 obedituros.
1010 3940 1074 4006 Sed
1093 3964 1134 4006 ne
1151 3941 1221 4030 quis
1241 3938 1389 4006 diceret.
1406 3938 1472 4003 Illis
1490 3937 1653 4028 praeoepit,
1675 3933 1802 3999 etmihi
1818 3954 1895 4009 non,
1912 3946 1945 3994 et
1963 3929 2041 3995 ideo

448 4031 564 4113 nocio,
583 4031 615 4094 in
639 4053 704 4120 quo
721 4031 902 4099 debeam
874 4059 904 4101 ei
926 4035 1076 4117 obedire,
1092 4037 1145 4102 iel
1161 4060 1228 4102 non
1248 4059 1428 4117 summus,
1450 4035 1638 4100 sinonhoe
1654 4032 1751 4111 facio,
1770 4029 1922 4119 quiahoc
1937 4027 2043 4092 faeere

448 4149 513 4192 non
541 4144 588 4192 est
609 4129 720 4194 milti
710 4133 901 4242 injunctum,
919 4148 951 4197 et
967 4134 1013 4198 sic
1032 4134 1222 4200 excusabilis
1247 4157 1345 4199 sum:
1368 4156 1423 4213 ne,
1442 4134 1588 4221 inquam,
1608 4131 1673 4195 hoo
1696 4128 1831 4208 diceret,
1857 4141 1894 4190 ut
1911 4147 2041 4190 omnem

448 4241 610 4291 removeat
625 4228 864 4292 exeusationem
879 4228 1030 4295 omnibus
1045 4232 1203 4321 praecipit.
1221 4230 1297 4295 Non
1308 4229 1379 4296 mdt
1393 4245 1501 4295 tamen
1519 4244 1554 4292 ut
1572 4249 1683 4292 omnes
1695 4224 1862 4304 obediant,
1878 4224 1978 4312 quies
1963 4223 2043 4286 sicut

448 4321 637 4388 rationabile
653 4339 699 4388 est
715 4325 871 4414 quosdam
889 4326 1034 4411 obedire,
1050 4330 1094 4394 sie
1110 4345 1143 4393 et
1155 4328 1233 4393 alios
1249 4350 1315 4392 uon
1332 4326 1479 4393 obedire.
1497 4324 1648 4390 Similiter
1659 4323 1701 4387 de
1717 4321 1935 4411 prohibitione
1948 4319 2044 4383 ratio-

448 4419 547 4484 cinari
572 4418 658 4485 licet.
681 4421 780 4504 Quod
804 4438 840 4488 nt
865 4425 1044 4491 evidentius
1068 4449 1255 4517 cognoscas,
1282 4426 1323 4491 de
1348 4426 1445 4491 Petro
1470 4439 1503 4489 et
1526 4422 1610 4487 luda
1632 4418 1816 4530 exemplum
1841 4417 1902 4481 tibi
1925 4438 2040 4481 sumas

448 4515 582 4604 Utrique
606 4536 802 4631 preceptum
819 4520 999 4589 dilectionis
1022 4523 1125 4589 dedit.
1150 4523 1262 4589 Petrus
1282 4521 1445 4605 obedivit,
1466 4518 1565 4584 ludos
1582 4541 1666 4600 non,
1689 4516 1766 4605 quia
1779 4537 1848 4580 non
1868 4514 1983 4587 voluit,
2008 4527 2044 4575 nt

448 4611 622 4680 obediret.
641 4630 675 4680 et
688 4617 769 4682 sieut
783 4619 982 4686 rationabilis
997 4645 1094 4688 eausa
1108 4621 1181 4701 fuit,
1199 4641 1298 4710 quaro
1315 4620 1417 4686 voliut
1432 4634 1469 4683 ut
1481 4615 1631 4683 obediret
1645 4613 1811 4696 Petrus,
1787 4636 1834 4679 ste
1847 4607 2045 4676 nuombilii

448 4733 544 4778 musa
561 4709 620 4777 fnit
623 4735 748 4802 ,quare
765 4715 868 4780 noluit
883 4733 920 4781 ut
931 4715 1032 4786 ludas
1046 4717 1196 4786 obediret
1207 4734 1240 4784 et
1255 4717 1475 4784 damnaretur.
1490 4715 1605 4780 Nota.
1623 4734 1691 4780 non
1708 4708 1850 4821 disponit
1865 4707 1951 4778 miti
1962 4729 2042 4784 esse,

450 4805 505 4874 ted
521 4809 676 4922 permittit
689 4833 783 4879 esse:
802 4828 910 4881 tamen
926 4814 1024 4899 mala,
1042 4815 1078 4882 id
1094 4830 1154 4897 est,
1173 4815 1213 4881 de
1226 4813 1288 4880 illis
1302 4814 1388 4880 beno
1404 4811 1545 4878 ordinat.
1561 4810 1630 4876 Nec
1645 4808 1799 4897 sequitur,
1816 4829 1843 4870 u
1833 4804 1998 4894 disponit
2012 4817 2046 4874 el

448 4905 528 4988 vult,
546 4907 620 4998 quin
637 4931 713 4978 eum
727 4910 809 4978 velle
827 4910 948 5003 aliquid
965 4937 1031 4979 non
1048 4928 1097 4982 est
1111 4862 1201 4980 allud
1216 4936 1314 5006 quum
1329 4935 1359 4978 ei
1350 4910 1502 5002 placere
1518 4926 1551 4974 et
1565 4909 1670 5004 ipsum
1686 4921 1903 4976 romuuoture.
