4559 6100
438 489 508 560 aaa
944 438 946 447 ⁴
1038 484 1168 557 rrum
1192 485 1426 558 semaam

434 637 532 721 Quod
547 659 626 703 vero
644 636 795 702 Deridet
812 638 964 703 Salomon
986 637 1104 702 multas
1121 638 1322 715 habuerunt,
1344 637 1440 727 plane
1459 652 1570 703 contra
1585 637 1689 727 legem
1705 636 1859 702 ieceumt.
1876 637 2029 702 Nostrum

434 758 510 801 vero
525 735 710 825 conjugium
727 734 769 800 ad
784 758 895 825 regum
913 736 1097 824 conjugium
1112 733 1279 800 redactum
1294 752 1354 811 est,
1372 735 1447 824 quia
1461 756 1551 825 reges
1566 756 1684 809 sumus,
1703 732 1744 801 de
1759 732 1874 823 quibus
1889 734 2025 799 Petrus:

434 833 502 897 Nos
525 856 634 898 sumus
654 856 755 922 genus
770 832 919 912 electum,
937 832 1043 923 regale
1060 832 1287 898 sacerdotium.
1307 834 1379 898 Hoc
1401 848 1647 912 sacramentum,
1673 847 1712 896 ut
1727 830 1847 896 dictum
1869 847 1929 911 est,
1951 830 2028 896 mali

434 929 614 997 remedium
629 946 688 1012 est,
704 932 763 995 etsi
779 931 901 996 donum
916 954 984 995 non
999 929 1155 995 conferat.
1172 930 1268 997 Unde
1288 952 1296 994 ε
1315 930 1379 1013 Qui
1392 946 1498 1020 potest
1512 951 1626 1019 capere
1638 930 1754 1019 capiat,
1772 927 1806 994 id
1816 944 1874 1004 est,
1892 930 1947 1017 qui
1963 952 2029 1018 po-

435 1044 498 1093 test
509 1029 674 1093 continere
686 1029 861 1104 contineat,
878 1029 933 1117 qui
943 1051 1010 1093 non
1021 1043 1127 1117 potest
1139 1048 1276 1093 uxorem
1288 1026 1395 1094 ducat.
1409 1029 1450 1092 Et
1460 1026 1633 1117 Apostolus
1644 1049 1653 1092 t
1666 1028 1757 1092 Unus
1771 1026 1903 1115 quisque
1912 1025 2030 1091 habeat

437 1148 525 1190 suam
538 1141 672 1215 propter
686 1125 932 1191 fornicationem
949 1123 1126 1189 vitandam.

480 1224 597 1286 Utrum
612 1222 717 1286 clerici
733 1222 975 1288 matrimonium
990 1224 1179 1288 contrahere
1194 1223 1328 1312 possint,
1345 1223 1445 1311 queri
1460 1221 1553 1288 solet.
1571 1219 1770 1303 Sacerdotes,
1788 1220 1843 1310 spii
1858 1244 1927 1285 non
1941 1221 2028 1285 ime·

437 1335 528 1397 runt,
552 1335 696 1409 possunt.
721 1320 754 1383 Si
774 1342 851 1386 vero
875 1320 987 1409 aliquis
1010 1321 1043 1384 in
1069 1320 1202 1385 ecclesia
1227 1343 1299 1408 quas
1322 1337 1435 1386 roarm
1459 1320 1612 1409 suscepit,
1637 1318 1733 1384 fuerit
1754 1320 1809 1407 qui
1832 1340 1899 1382 non
1918 1333 2029 1382 rotam

438 1417 558 1497 fecerit,
580 1432 688 1506 potest
703 1415 832 1497 ducere,
857 1417 963 1483 sedin
981 1418 1112 1483 ecclesia
1132 1418 1187 1481 illa
1213 1415 1355 1482 officium
1375 1441 1442 1482 non
1458 1417 1631 1497 exercebit,
1654 1414 1743 1504 quod
1762 1431 1821 1491 est,
1844 1415 2029 1504 parodtiam

438 1536 503 1576 nun
521 1514 654 1578 tenebit.
668 1514 855 1578 Graecorum
865 1537 943 1579 vero
955 1513 1148 1591 sacerdotes,
1162 1513 1238 1602 quia
1252 1531 1365 1579 votum
1376 1537 1443 1578 non
1455 1529 1671 1603 susceperunt,
1688 1512 1773 1578 benc
1782 1534 1899 1578 uxores
1915 1512 2031 1577 dacore

437 1626 583 1697 possunt,
609 1612 663 1698 qui
684 1612 815 1700 quando
834 1628 1071 1691 consecrantur,
1094 1611 1135 1676 de
1151 1633 1251 1675 manu
1270 1611 1410 1701 episcopi
1424 1634 1540 1676 uxores
1561 1612 1732 1699 accipiunt,
1750 1626 1784 1675 et
1801 1610 1939 1699 virgines
1956 1632 2029 1698 quae

437 1706 460 1768 si
485 1708 679 1788 moriantur,
697 1731 763 1772 non
786 1706 862 1772 alias
887 1708 1047 1797 accipiunt
1067 1730 1127 1773 nec
1147 1709 1224 1797 ipsae
1244 1707 1336 1773 alios.
1359 1708 1559 1798 Praeoephrm
1581 1708 1677 1772 etiam
1697 1722 1766 1771 erat
1790 1708 1852 1785 eis,
1870 1722 1907 1769 ut
1929 1727 2029 1770 unru-

438 1804 568 1892 quisque
590 1804 731 1870 detribu
747 1828 803 1869 sua
823 1828 939 1870 uxores
955 1804 1104 1885 duceret,
1123 1827 1164 1870 no
1185 1804 1287 1870 tribus
1307 1806 1589 1871 commiscerentur
1606 1820 1640 1869 et
1658 1826 1701 1868 ne
1713 1804 1862 1868 mutiret
1875 1802 2031 1891 possesne

438 1902 531 1964 unius
547 1901 648 1965 trihus
663 1902 698 1965 in
714 1903 947 1991 possessionem
962 1901 1106 1981 alterius,
1124 1903 1200 1990 qnia
1216 1918 1300 1968 terra
1316 1904 1492 1992 partribus
1512 1902 1611 1966 divisa
1627 1917 1708 1967 erat.
1731 1900 1827 1965 Nunc
1840 1917 1948 1965 autem
1962 1921 2029 1962 non

438 1995 523 2077 licet,
546 1998 603 2063 sed
619 1998 660 2062 de
677 1999 781 2063 aliena
803 2015 917 2088 gente,
935 1999 1025 2089 quod
1040 2000 1172 2064 ecclesia
1191 2016 1323 2089 propter
1339 2001 1603 2090 propagationem
1618 1997 1756 2063 caritatis
1771 1997 1897 2087 (quod),
1922 2019 1942 2060 a
1960 1997 2030 2060 lto-

438 2094 540 2159 manis
561 2095 717 2184 (ecclesia)
738 2096 871 2185 accepit.
897 2099 1038 2162 Romani
1063 2098 1169 2177 enim,
1195 2095 1326 2184 mando
1350 2097 1522 2162 amicitiam
1545 2118 1620 2161 cum
1642 2094 1709 2160 aliis
1724 2094 1903 2159 civitatibus
1928 2093 2031 2158 facere

436 2192 600 2274 volebant,
616 2216 731 2258 uxores
747 2215 788 2258 ex
803 2195 849 2258 eis
864 2193 907 2260 ad
920 2192 1228 2259 confederationem
1244 2193 1391 2259 amicitiae
1406 2194 1580 2259 ducebam.
1599 2191 1748 2257 Similiter
1761 2191 1901 2257 Ecclesia
1917 2192 2031 2254 consti·

436 2290 508 2367 tuit,
528 2307 564 2354 ut
580 2314 646 2355 nou
663 2290 789 2372 desua,
804 2290 861 2356 sed
879 2291 920 2357 de
934 2291 1039 2355 aliena
1050 2291 1199 2381 prosapia
1214 2313 1350 2356 uxorem
1366 2291 1436 2381 quis
1450 2289 1558 2370 ducat,
1573 2291 1647 2379 quia
1663 2310 1730 2354 non
1746 2289 1869 2378 putarit
1884 2289 1950 2352 hoc
1961 2287 2030 2353 sui·

437 2385 531 2452 licere
554 2389 596 2453 ad
615 2388 835 2453 dilatationem
858 2388 1013 2469 caritatis,
1039 2389 1113 2477 quia
1133 2411 1192 2477 per
1211 2410 1347 2453 uxorem
1362 2411 1460 2476 quam
1484 2387 1599 2477 accipit
1619 2402 1723 2451 totam
1744 2386 1832 2451 illam
1847 2381 2031 2475 progeniem

437 2483 551 2575 diligit.
570 2485 672 2549 Multa
688 2501 778 2565 sunt,
796 2509 868 2574 quae
884 2486 1070 2576 conjugium
1086 2485 1284 2575 impediunt,
1303 2488 1469 2576 cognatio,
1484 2501 1614 2566 votum,
1636 2484 1732 2564 ordo,
1749 2483 1917 2573 frigiditas.
1934 2483 2028 2557 Sunt,

436 2583 492 2669 qui
510 2583 544 2645 in
561 2599 686 2646 secreto
699 2582 931 2646 continentiam
946 2598 1078 2646 vovent.
1098 2583 1158 2662 Hi,
1176 2582 1202 2646 si
1217 2605 1286 2646 non
1305 2599 1439 2673 possum
1463 2583 1640 2662 continere,
1660 2582 1701 2647 de
1719 2597 1794 2645 roto
1810 2581 1986 2670 poeniteant
1999 2594 2031 2642 et

437 2700 554 2742 uxores
570 2679 701 2743 ducant.
720 2678 784 2759 Qui
799 2701 876 2742 vero
893 2679 927 2742 in
943 2679 1113 2743 manifesto
1124 2694 1237 2743 votum
1253 2678 1385 2761 faciunt,
1402 2696 1440 2745 ut
1454 2681 1631 2745 monacham
1645 2695 1681 2743 et
1692 2677 1853 2757 sacerdos,
1868 2677 2032 2740 matamo-

438 2775 527 2838 nium
550 2776 739 2839 contrahere
761 2792 938 2864 nequeunt.
958 2775 1095 2840 Ordines
1111 2775 1310 2865 impediunt3
1333 2793 1467 2867 possunt
1482 2794 1591 2842 tamea
1612 2777 1730 2842 ducere
1747 2798 1847 2863 usque
1863 2773 1908 2838 ad
1923 2774 2031 2860 acoly-

437 2871 551 2953 thum,
569 2870 625 2936 sed
641 2871 795 2936 beneficia
812 2872 972 2938 dimittere
994 2874 1126 2939 debent.
1145 2874 1210 2955 Qui
1224 2896 1303 2938 vero
1327 2898 1422 2963 supra
1443 2874 1626 2963 acolythum
1644 2874 1785 2939 ordinati
1805 2888 1898 2953 sunt,
1918 2871 2032 2936 ducem

438 2992 505 3032 non
525 2984 669 3059 possunt.
695 2969 867 3059 Gregorius
888 2987 997 3035 mmcn
1018 2969 1160 3061 Anglicis
1175 2971 1333 3060 permisit,
1352 2972 1427 3060 quia
1443 2994 1545 3061 nuper
1566 2973 1727 3037 conversis
1751 2970 1793 3035 ad
1810 2968 1909 3034 fidem
1930 2969 1955 3033 si
1971 2969 2032 3032 hoc

437 3066 507 3153 (eis)
515 3068 750 3156 prohiberetur,
768 3067 860 3133 facile
872 3069 973 3133 relabi
987 3083 1129 3159 possent.
1143 3068 1282 3134 Servitus
1297 3069 1395 3134 etiam
1406 3069 1552 3159 impedit.
1569 3070 1681 3158 Siquis
1692 3069 1792 3148 enim,
1804 3090 1837 3132 se
1850 3069 2029 3158 ignorante,

438 3163 584 3228 ancillam
602 3164 691 3229 ducit
708 3163 853 3246 alterius,
872 3167 898 3231 si
920 3165 1059 3231 noluerit
1073 3166 1109 3230 in
1123 3165 1308 3232 servitutem
1322 3164 1443 3256 redigi,
1463 3182 1517 3230 aut
1540 3167 1637 3231 etiam
1652 3166 1790 3230 redimat
1806 3179 1861 3228 aut
1882 3163 2029 3228 dimittat.

438 3261 532 3342 Item,
553 3262 579 3326 si
595 3263 665 3350 quis
683 3262 816 3354 frigidus
831 3286 965 3328 uxorem
982 3263 1108 3329 duxerit
1124 3278 1156 3328 et
1172 3286 1244 3327 eam
1259 3263 1380 3328 habere
1396 3287 1462 3327 non
1479 3263 1635 3352 potuerit,
1654 3264 1719 3327 Leo
1738 3285 1820 3352 papa
1836 3260 1932 3340 dicit,
1948 3259 2033 3348 quod

437 3381 509 3422 eam
531 3358 691 3424 dimittere
705 3375 820 3449 potest.
839 3361 1012 3451 Gregorius
1027 3384 1104 3426 vero
1121 3360 1218 3442 dicit,
1236 3383 1303 3425 esse
1319 3361 1521 3449 conjugium,
1538 3360 1610 3425 etsi
1625 3383 1692 3424 non
1708 3374 1814 3448 potest
1829 3380 1902 3421 eam
1916 3358 2032 3422 habere

437 3473 473 3519 ut
488 3480 641 3538 uxorem,
664 3458 783 3522 habeat
799 3473 836 3521 ut
851 3481 1016 3539 sororem,
1034 3474 1067 3523 et
1083 3481 1148 3521 non
1164 3457 1270 3522 miuus
1286 3459 1348 3522 erit
1366 3457 1566 3547 conjugium,
1585 3458 1665 3522 sicut
1679 3455 1862 3546 conjugium
1877 3453 1988 3518 Mariae
2003 3471 2035 3519 et

436 3552 567 3642 loseph.
584 3554 709 3618 sivero
726 3553 841 3619 mulier
858 3579 924 3619 non
940 3557 1081 3645 potuerit
1097 3554 1275 3636 continere,
1290 3572 1322 3620 et
1332 3556 1396 3620 hoc
1407 3553 1535 3635 dixerit,
1547 3578 1612 3619 non
1627 3570 1758 3644 propter
1771 3554 1835 3617 hoc
1846 3551 2032 3639 separanda,

437 3651 512 3735 quia
527 3673 652 3715 necesse
670 3667 718 3714 est
733 3674 806 3714 eam
823 3653 999 3718 continere.
1019 3652 1100 3717 Inde
1121 3653 1337 3741 Hieronymus
1353 3668 1386 3716 et
1397 3652 1639 3741 Theophrastus
1649 3651 1760 3716 dicunt
1777 3673 1785 3715 t
1802 3648 1891 3713 Nulli
1903 3649 2035 3738 sapienti
2086 3696 2091 3704 .

439 3744 586 3810 ducenda
610 3763 657 3811 est
677 3770 770 3812 uxor.
789 3749 827 3812 In
850 3748 918 3814 aliis
935 3749 1022 3816 enirn
1039 3749 1175 3839 experiri
1193 3771 1371 3838 possumus,
1389 3749 1495 3837 qualia
1515 3748 1589 3831 sint,
1608 3768 1780 3838 antequam
1795 3745 1982 3824 habeamus,
2000 3762 2035 3809 ut

439 3865 570 3930 equum,
589 3859 760 3932 antequam
776 3868 932 3928 emamus,
952 3862 984 3911 et
998 3863 1120 3926 cetera,
1140 3843 1198 3910 sed
1213 3845 1381 3912 mulierem
1398 3846 1535 3936 experiri
1552 3871 1618 3910 non
1634 3845 1859 3935 permittimur,
1873 3842 1932 3905 nisi
1946 3858 2035 3930 post·

438 3962 535 4027 quam
557 3942 592 4003 in
612 3963 747 4005 uxorem
763 3943 946 4032 accipimus.
972 3944 1054 4008 Item
1070 3942 1184 4008 mulier
1207 3960 1261 4007 aut
1283 3961 1368 4009 casta
1384 3960 1432 4009 est
1448 3959 1503 4007 aut
1519 3941 1650 4008 incesta.
1678 3941 1710 4006 Si
1733 3957 1818 4007 casta
1838 3938 1990 4028 superba,
2008 3939 2035 4003 si

438 4036 573 4119 incesta,
593 4061 758 4125 nunquam
774 4040 834 4104 erit
848 4038 950 4104 libera
967 4064 985 4103 a
1003 4041 1196 4130 suspicione.
1216 4041 1409 4132 Conjugium
1426 4041 1524 4106 etiam
1540 4043 1672 4106 servitus
1688 4037 1816 4104 dicitur.
1833 4035 1929 4101 Unde
1943 4038 2035 4127 Apo·

439 4132 536 4197 stolus
549 4134 683 4199 :Servus
696 4150 827 4199 vocatus
842 4159 888 4217 es,
907 4152 939 4200 et
955 4152 1072 4218 cetera,
1086 4136 1121 4202 id
1136 4153 1195 4217 est,
1213 4138 1247 4201 in
1260 4140 1409 4229 conjugio
1425 4155 1514 4202 utere
1531 4135 1729 4218 servitute,id
1741 4151 1800 4218 est,
1817 4134 1929 4199 habita
1942 4136 2036 4200 etiam

439 4231 604 4296 occasione
627 4229 824 4314 dimittendi,
851 4255 918 4297 non
938 4232 1091 4302 dimittas.
1119 4233 1152 4298 Si
1176 4250 1281 4299 autem
1306 4234 1403 4318 liber,
1429 4233 1544 4314 idest,
1568 4234 1635 4299 sine
1652 4233 1819 4324 conjugio,
1839 4254 1881 4296 ne
1904 4233 2038 4323 accipias

439 4351 586 4408 uxorem,
605 4329 630 4393 si
645 4329 692 4394 ris
709 4352 777 4394 esse
788 4328 881 4395 liber.

485 4426 561 4490 Tria
575 4444 648 4491 sunt
662 4426 751 4491 bona
766 4428 923 4518 conjugii,
942 4427 1033 4509 fides,
1051 4429 1170 4520 proles,
1188 4446 1435 4496 sacramentum.
1453 4430 1566 4511 Fides,
1584 4453 1651 4495 non
1667 4429 1841 4510 catholica,
1860 4426 1917 4493 sed
1932 4427 2038 4517 pactio

441 4523 626 4614 conjugalis,
637 4522 738 4612 quod,
756 4526 911 4614 quamdiu
927 4526 1054 4604 vixerit,
1070 4550 1143 4592 cum
1161 4527 1223 4592 alia
1238 4552 1306 4592 non
1323 4529 1578 4593 commisceatur.
1595 4524 1722 4605 Proles,
1740 4542 1776 4590 ut
1790 4522 2039 4614 susceptusfilius

440 4620 585 4712 religiose
600 4621 765 4704 educetur,
784 4638 817 4687 et
833 4640 880 4689 est
897 4624 939 4690 ad
956 4623 1118 4707 decorem,
1135 4642 1173 4690 ut
1185 4626 1274 4715 quod
1289 4626 1335 4690 ihi
1350 4650 1408 4717 per
1422 4641 1588 4716 peccatum
1604 4624 1809 4690 commissum
1824 4639 1883 4708 est,
1900 4619 2038 4685 filiorum

441 4718 545 4784 fructu
565 4736 836 4808 recompensetur.
855 4721 1097 4788 Sacramentum
1116 4740 1164 4789 est
1183 4723 1298 4790 Christi
1314 4739 1346 4789 et
1367 4721 1520 4797 ecclesiae,
1539 4720 1613 4811 quia
1628 4720 1709 4786 sicta
1723 4744 1806 4786 uxor
1822 4721 1915 4785 unius
1931 4719 1990 4782 viri
2006 4734 2039 4781 et

440 4817 489 4879 vir
503 4818 597 4882 unius
613 4815 733 4892 uxoris,
753 4818 797 4882 sic
813 4817 955 4884 Christus
972 4821 1066 4885 unius
1086 4844 1222 4912 sponsae,
1240 4821 1273 4886 id
1291 4837 1348 4903 est,
1372 4820 1510 4888 ecclesiae
1525 4842 1658 4910 sponsus
1673 4835 1735 4900 est,
1753 4835 1785 4883 et
1800 4817 1932 4914 ecclesia
1947 4816 2039 4880 unius

439 4915 560 5002 sponsi,
578 4915 687 4990 idest,
706 4915 821 4980 Christi
838 4938 965 5005 sponsa.

486 5011 657 5093 Quaeritur,
676 5014 702 5077 si
717 5014 802 5079 inter
819 5012 965 5080 infideles
980 5015 1079 5104 possit
1094 5036 1162 5081 esse
1178 5017 1373 5105 conjugium.
1393 5016 1501 5080 Potest
1516 5015 1638 5103 utique.
1661 5012 1756 5079 Unde
1779 5016 1918 5079 loannes
1934 5011 2038 5098 Chry·
