4559 6100
735 482 988 555 THEOLOGIA
1023 482 1298 558 cumeanus.
1740 484 1811 556 387
1893 506 1896 509 ’

224 637 314 708 sicut
338 646 374 705 ct
401 629 584 730 prophetis
609 630 918 704 familiarissimum
944 646 1009 719 est,
1039 646 1078 703 ut
1101 632 1267 705 videlicet
1286 655 1370 703 cum
1394 630 1442 704 ad
1463 653 1595 704 arcana
1616 629 1812 731 prophetiae

227 752 474 854 pervenerint,
504 749 594 822 nihil
621 750 824 847 vulgaribus
848 749 966 823 verbis
1001 750 1170 837 cllerant,
1198 751 1262 822 sed
1289 748 1618 848 comparationibus
1646 733 1812 825 similitu,-

228 873 353 945 dinum
376 871 546 943 lectorem
574 869 686 965 magis
709 869 874 942 alliciant.
907 876 995 958 Quae
1018 871 1116 946 enim
1142 871 1244 968 quasi
1270 868 1430 942 fabulosa
1459 886 1563 942 antea
1585 869 1809 957 videbantur,

228 1008 264 1064 et
287 991 333 1064 ab
357 991 457 1063 omni
476 989 624 1078 utilitate
647 1003 796 1081 remota,
821 990 1021 1062 secundum
1039 989 1163 1063 litterae
1187 987 1427 1087 superficiem,
1451 989 1605 1084 gratiora
1627 1003 1710 1061 sunt
1730 1012 1814 1061 cum

230 1114 366 1207 magnis
387 1111 493 1209 plena
518 1109 694 1207 mysteriis
715 1109 948 1209 postmodum
968 1124 1120 1209 reperta,
1147 1107 1284 1207 mag'nae
1310 1110 1347 1181 in
1373 1134 1410 1182 se
1431 1108 1604 1182 doctrinae
1629 1110 1815 1181 continent

226 1230 513 1304 aedificationem.
544 1227 602 1304 Ob
629 1227 700 1300 hoc
730 1230 848 1321 enirn,
878 1242 964 1300 teste
990 1229 1208 1325 Augustino,
1237 1243 1417 1326 teguntur,
1454 1252 1500 1301 ne
1542 1227 1735 1318 vilescant,
1766 1252 1814 1324 qn

230 1349 389 1424 secundo
414 1347 570 1445 quidem
582 1345 675 1418 libro
692 1345 736 1418 de
749 1350 923 1442 Doctrina
939 1348 1148 1439 chrisnana,
1176 1372 1261 1420 cum
1282 1371 1409 1420 causas
1427 1346 1643 1420 difficultatis
1665 1346 1815 1420 etlaoii-

230 1470 336 1542 litatis
362 1492 469 1540 sacrae
489 1468 677 1563 Scripturas
699 1468 873 1564 aperiret,
903 1468 973 1539 ait*
1005 1494 1012 1537 :
1041 1468 1230 1540 «Obscura
1256 1467 1419 1564 quaedam
1447 1466 1541 1540 dicta
1569 1467 1815 1541 densissimam

230 1589 418 1684 caliginem
439 1584 639 1678 obducunt,
661 1586 761 1683 quod
779 1600 894 1658 totum
911 1588 1095 1683 provisum
1119 1611 1195 1676 csse
1211 1586 1379 1659 divinitus
1396 1611 1469 1659 non
1493 1585 1634 1678 dubito,
1660 1584 1706 1658 ad
1730 1584 1816 1656 edo·

232 1706 400 1778 mandam
424 1704 546 1777 labore
568 1703 785 1803 superbiam,
813 1720 848 1776 et
862 1705 1081 1778 intellectum
1107 1730 1128 1778 a
1153 1705 1295 1782 fastidio
1318 1706 1577 1794 revocandum,
1605 1730 1689 1778 cum
1718 1703 1817 1776 facile

232 1826 438 1923 investigata
464 1823 676 1923 plerumque
698 1825 920 1898 vilescunt.»
948 1829 1053 1900 trem·
1080 1853 1088 1896 r
1111 1827 1210 1914 «Qui
1236 1849 1381 1924 prorsus
1403 1850 1478 1898 non
1504 1825 1691 1898 inveniunt
1716 1822 1816 1919 qnod

232 1957 409 2041 quaerunt,
439 1944 531 2016 lame
548 1941 733 2035 laborant;
754 1946 816 2041 qui
845 1960 966 2017 autem
990 1969 1065 2017 non
1092 1960 1268 2042 quaerunt,
1289 1945 1383 2042 'quia
1410 1945 1447 2015 in
1475 1957 1647 2043 promptu
1662 1939 1817 2034 habent,

233 2062 372 2136 fastidio
391 2086 483 2159 sape
499 2075 735 2140 marcescunt.
754 2063 865 2158 Igitur
879 2062 1069 2148 salubriter
1091 2065 1244 2163 Spiritus
1257 2078 1403 2147 ,sanctus
1421 2065 1471 2137 ita
1490 2064 1683 2161 scripturas
1698 2059 1820 2133 modi·

233 2182 363 2271 licavit,
394 2194 434 2252 ut
457 2181 545 2253 locis
567 2181 802 2279 apertioribus
826 2169 909 2253 lami
932 2198 1148 2276 occurreret,
1170 2183 1438 2258 obscurioribus
1458 2198 1578 2256 autem
1602 2179 1739 2254 fastidia
1757 2177 1820 2250 de·

233 2315 435 2396 tergeret.»
461 2301 572 2386 Quasi
595 2324 681 2397 ergo
694 2301 732 2371 in
749 2300 893 2376 latebris
910 2303 1087 2376 Dominus
1101 2303 1283 2400 quiescere
1294 2302 1443 2400 gaudet,
1476 2316 1514 2372 ut
1540 2325 1614 2397 quc
1642 2300 1755 2394 magis
1782 2322 1822 2369 se

233 2419 402 2512 occultat,
422 2420 554 2516 gratior
569 2422 613 2492 sit
629 2420 696 2492 illis
710 2420 841 2518 quibus
852 2446 889 2494 se
902 2422 1115 2514 manifestat,
1134 2447 1209 2521 quo
1229 2423 1340 2520 magis
1353 2446 1396 2494 ex
1412 2420 1620 2494 difficultate
1635 2418 1824 2515 Scripturae

234 2537 427 2630 laboratur,
459 2538 626 2610 meritum
652 2538 827 2624 lectorum
855 2556 1037 2638 augeatur.
1066 2546 1120 2616 De
1144 2567 1216 2640 quo
1243 2541 1457 2634 Psalmista',
1490 2539 1658 2631 «Posuit,
1686 2537 1819 2634 inquit,

236 2657 397 2729 tenebras
417 2657 604 2731 latibulum
630 2684 748 2734 suum.
762 2691 780 2728 »
800 2665 844 2732 Et
866 2663 1049 2734 rursum⁸z
1072 2691 1088 2729 u
1103 2661 1305 2734 Tenebrosa
1328 2684 1422 2758 aqua
1443 2659 1480 2732 in
1501 2657 1659 2732 nubibus
1683 2656 1786 2747 aeris,
1801 2684 1818 2722 n

236 2777 336 2874 quia,
362 2778 478 2875 iuquit
513 2779 727 2874 Gregorius,
747 2778 902 2851 obscura
917 2795 968 2852 est
986 2781 1132 2852 scientia
1153 2782 1190 2852 in
1209 2780 1406 2879 prophetis.
1433 2783 1487 2852 Dc
1505 2803 1579 2876 quc
1599 2791 1635 2848 et
1652 2775 1824 2876 scriptum
1920 2803 1924 2811 ·

236 2912 289 2968 est
300 2897 336 2968 in
349 2895 441 2993 lege‘
464 2923 472 2966 ε
496 2927 513 2962 ιι
530 2899 684 2970 Accessit
701 2901 841 2996 Moyses
856 2898 902 2971 ad
921 2898 1110 2996 caliginem
1128 2901 1167 2972 in
1192 2923 1266 2996 qua
1282 2913 1358 2974 erat
1374 2903 1483 2972 Deus.
1500 2926 1518 2966 n
1539 2901 1583 2968 Et
1599 2895 1769 2968 Salomon
1786 2894 1823 2966 in

236 3015 538 3113 Paralipomenon
553 3017 624 3089 ait·
643 3043 651 3087 ε
674 3019 877 3091 «Dominus
893 3018 1071 3118 pollicitus
1087 3034 1140 3092 est
1158 3032 1197 3091 ut
1211 3017 1387 3104 habitaret
1401 3020 1440 3093 in
1456 3017 1618 3113 caligine.
1634 3014 1770 3086 »idem
1786 3014 1823 3087 in

235 3134 453 3207 Proverbiis-⁷
473 3164 509 3205 z«
521 3134 642 3208 Gloria
658 3138 725 3207 Dei
741 3150 795 3208 est
809 3138 923 3211 celare
941 3137 1113 3231 verbum,
1131 3154 1168 3210 et
1189 3139 1300 3234 gloria
1317 3163 1443 3233 regum
1462 3138 1672 3232 investigare
1689 3158 1824 3206 sarmo-

237 3280 335 3327 nem.
351 3284 368 3323 n
399 3256 469 3341 Qui
494 3255 599 3325 etiam
627 3254 674 3326 ad
696 3258 953 3354 scripturarum
979 3256 1212 3329 obscuritates
1242 3258 1342 3353 quasi
1370 3257 1416 3327 ad
1441 3253 1606 3343 latebras,
1632 3255 1668 3325 in
1694 3249 1826 3350 quibus

235 3373 440 3444 inveniatur
465 3376 579 3463 Deus,
609 3373 882 3471 perscrutandas
910 3377 1035 3449 invitat
1057 3399 1125 3446 nos
1148 3377 1184 3446 iu
1210 3373 1409 3445 Proverbiis
1433 3372 1580 3445 dicens⁸
1608 3398 1616 3441 ε
1639 3370 1826 3467 «Sapiens

227 3477 496 3564 'animadvertet
524 3491 733 3590 parabolam
764 3508 798 3569 et
821 3495 1173 3593 interpretationem,
1200 3492 1308 3565 verba
1339 3493 1551 3591 sapientium
1578 3505 1618 3563 et
1640 3490 1826 3585 aenigmata

237 3637 387 3704 eorum3
405 3642 422 3678 >2
442 3636 521 3708 quae
543 3611 691 3708 quidem
708 3627 807 3685 tanto
820 3615 958 3686 cariora
982 3629 1066 3689 sunt
1079 3612 1270 3703 intellecta,
1297 3626 1432 3709 quanto
1454 3613 1492 3682 in
1515 3610 1571 3683 his
1589 3607 1825 3705 intelligendis

238 3731 355 3826 major
375 3754 493 3828 operae
508 3728 600 3828 facta
620 3732 864 3830 estimpensa.
888 3734 978 3806 Hinc
1000 3747 1035 3806 et
1056 3732 1147 3821 illud
1162 3733 1370 3828 Hieronymi
1388 3730 1433 3802 ad
1457 3733 1626 3827 Magnum
1645 3742 1825 3801 oratorem

236 3848 425 3921 scribentis
439 3874 546 3947 super
560 3850 633 3921 hoc
650 3850 768 3949 ipsum
785 3852 883 3951 quod
900 3854 937 3923 in
955 3853 1105 3926 exordio
1122 3851 1392 3935 Proverbtorum
1408 3849 1579 3923 Salomon
1599 3846 1712 3919 modo
1729 3844 1827 3917 dise-

236 3971 285 4040 rit
311 3997 318 4039 :
338 3974 409 4039 «ln
437 3969 607 4059 exordio,
631 3972 766 4068 inquit,
797 3973 1068 4044 Proverbicrnm
1090 3988 1298 4046 commonet
1321 3986 1362 4044 ut
1386 3970 1623 4068 intelligamus
1644 3990 1827 4065 sermones

235 4087 451 4187 prudentiae,
482 4091 721 4186 versutiasque
742 4092 954 4186 verborum,
980 4090 1182 4190 parabolas,
1210 4107 1245 4163 et
1268 4091 1462 4163 obscurum
1488 4112 1706 4177 sermonem,
1732 4085 1827 4157 dicta

235 4209 468 4305 sapientium,
487 4224 523 4280 et
541 4212 728 4308 aenigmata
748 4235 827 4308 quae
848 4213 994 4311 proprie
1017 4212 1287 4287 dialecticorum
1312 4225 1348 4283 et
1371 4208 1672 4308 philosophorum
1694 4218 1825 4278 sunt.»
1854 4264 1858 4271 .

235 4329 425 4413 Quantum
446 4328 553 4399 etiam
566 4354 708 4428 semper
722 4330 954 4430 philosophia
965 4356 1097 4405 arcana
1113 4355 1177 4403 sua
1194 4331 1301 4401 nudis
1316 4328 1490 4428 publicari
1507 4326 1625 4400 verbis
1638 4324 1828 4421 dedignata

234 4444 297 4538 sit,
328 4461 364 4518 et
389 4447 542 4519 maxime
569 4447 615 4520 de
641 4446 778 4537 anima,
808 4465 843 4522 et
868 4449 914 4521 de
940 4450 1026 4543 diis,
1052 4473 1118 4548 per
1143 4448 1304 4535 sabulosa
1328 4447 1491 4544 quaedam
1520 4446 1705 4521 involucra
1727 4442 1828 4540 loqui

233 4567 487 4659 consueverit,
516 4566 575 4638 ille
599 4591 673 4638 non
690 4566 895 4643 mediocris
928 4568 1165 4668 philosophus
1195 4582 1230 4640 et
1256 4567 1377 4663 magni
1410 4563 1616 4665 philosophi
1648 4562 1828 4641 Ciceronis
1941 4574 1945 4583 '

235 4685 426 4780 expositor
441 4685 642 4759 Macrobius
662 4685 930 4784 diligentissime
947 4687 1066 4769 docet.
1085 4688 1242 4777 Remotis
1257 4688 1354 4781 enirn
1369 4684 1560 4782 generibus
1576 4682 1827 4781 figmentorum

289 4989 335 5040 'De
351 4991 431 5042 acen.
454 4990 560 5052 Christ,
579 4994 622 5044 ltb.
643 4992 674 5054 ll,
694 5008 748 5057 cap.
759 5007 795 5046 vt.
805 4995 930 5049 -¹tbia
948 5022 978 5034 —
993 4996 1219 5057 ³Psalnt.1vn‚v.
1234 4998 1272 5051 12.
1283 4995 1409 5051 -·1tta.
1425 5020 1453 5032 -
1464 4997 1474 5028 ⁸
1484 4993 1573 5055 tect..
1584 5004 1637 5054 οιΡ·
1651 5002 1695 5051 ¹¹»
1707 5002 1729 5039 V·
1744 4991 1783 5039 ²¹·
1799 5013 1830 5026 ··

255 5067 355 5121 Perat.
372 5068 404 5135 ll,
422 5084 477 5137 cap.
489 5085 523 5133 n,
538 5084 562 5122 t.
576 5074 597 5124 1.
613 5099 645 5110 -
655 5074 663 5105 ⁷
675 5074 762 5139 Pron,
775 5089 829 5139 cap.
842 5089 937 5142 xant.
950 5079 973 5129 2.
988 5102 1016 5114 -
1032 5076 1306 5140 ‘Prcc.,ctp.1,r.6.
