4559 6100
429 479 503 549 652
1032 479 1160 550 Perat
1186 478 1423 551 sssAEtannt

432 630 599 724 «Moyses
626 642 747 700 autem
774 627 902 701 orabat
927 627 1118 700 domiuum
1139 627 1264 700 dicens
1285 654 1295 698 ε
1314 629 1482 715 mr
1503 628 1557 699 ira
1584 642 1660 719 tua,
1678 643 1717 700 et
1731 643 1808 699 esto
1837 626 2023 726 ptaoebitis

428 771 535 846 super
563 748 761 844 nequitiam
793 748 919 846 populi
950 750 1015 820 tui.
1046 746 1248 820 Recordare
1274 746 1478 835 Abraham,
1509 751 1607 821 Isaac
1633 761 1670 819 ct
1697 746 1806 819 lsrael
1833 772 2021 819 serrorum

429 882 592 954 tuorum,
607 866 740 963 quibus
753 867 879 963 jurasti
897 893 963 965 per
979 882 1087 939 temet
1100 868 1232 966 ipsum,
1245 865 1391 938 dicens:
1410 865 1657 964 llultiplicabo
1671 891 1795 938 semen
1813 880 1915 937 mum
1928 866 2023 936 sicut

428 984 547 1057 stellas
558 986 652 1077 coeli,
663 1000 698 1056 et
708 986 909 1059 universam
925 1001 1056 1057 terram
1072 986 1168 1057 hanc
1184 986 1231 1057 de
1244 1009 1319 1082 qua
1334 984 1475 1057 locutus
1490 1011 1570 1057 snm
1586 985 1683 1057 dabo
1699 985 1826 1056 semini
1841 999 1972 1074 restro,
1983 997 2022 1054 et

429 1103 657 1202 possidebitis
681 1129 762 1177 eam
787 1131 941 1205 semper.
979 1105 1212 1202 placatusque
1244 1119 1300 1176 est
1326 1106 1505 1177 Dominus
1533 1130 1580 1176 ne
1604 1104 1733 1177 faceret
1760 1103 1895 1175 malum
1918 1103 2022 1200 quod

429 1227 571 1299 locutus
590 1228 715 1299 metat.
735 1257 753 1294 u
770 1230 821 1300 Ex
844 1254 918 1326 quo
936 1228 1074 1326 liquide
1095 1228 1285 1324 colligitur,
1309 1253 1419 1326 quam
1440 1245 1587 1327 accepta
1602 1233 1680 1299 Deo
1695 1228 1828 1299 luerint
1842 1226 1902 1297 illa
1921 1228 2022 1324 prio-

431 1369 511 1417 rum
533 1361 676 1445 patrum
697 1347 870 1445 obsequia
894 1350 1057 1444 gratuita,
1080 1347 1126 1418 ad
1147 1372 1227 1444 quae
1250 1348 1412 1419 nondum
1437 1372 1501 1419 eos
1522 1347 1643 1444 aliqua
1661 1346 1718 1418 lex
1739 1343 2018 1439 constringebat,

431 1466 469 1536 in
490 1490 562 1560 qua
579 1491 646 1537 nos
665 1466 784 1538 adhuc
799 1468 832 1538 ei
850 1466 1011 1539 libertate
1033 1467 1270 1538 deservimus.
1290 1466 1401 1553 Quod
1416 1467 1445 1538 si
1463 1467 1501 1537 in
1518 1465 1696 1538 Abraham
1712 1465 1827 1562 legem
1842 1464 2021 1561 quodam·

431 1584 543 1655 modo
570 1584 669 1656 dicas
697 1586 890 1684 incepisse,
925 1600 1075 1685 propter
1098 1586 1379 1657 circumcisionis
1409 1586 1542 1656 scilicet
1568 1599 1853 1672 sacramentum,
1885 1581 2021 1654 nullam

430 1709 591 1806 prolecto
618 1710 773 1807 reperies
797 1734 882 1781 eum
906 1735 949 1780 ex
975 1709 1047 1780 hoc
1067 1711 1393 1782 remunerationem
1420 1708 1517 1807 apud
1534 1713 1652 1780 Deum
1674 1707 1858 1797 obtinere,
1877 1731 1925 1779 ne
1949 1731 2022 1804 qua

430 1830 477 1900 sit
495 1827 598 1899 vobis
613 1853 657 1898 ex
675 1827 754 1924 lege
769 1828 947 1924 gloriatio,
970 1854 1038 1900 nec
1059 1830 1253 1927 quicquam
1265 1827 1527 1926 justificationis
1545 1828 1717 1927 adeptum
1734 1853 1823 1900 esse.
1841 1827 2021 1925 Scriptum

431 1949 566 2046 quippe
593 1959 666 2035 est,
691 1951 811 2046 ipsum
833 1947 999 2020 nondum
1024 1949 1276 2021 circumcisum
1293 1947 1488 2047 perfidem
1511 1947 1602 2018 sicut
1625 1949 1762 2044 priores
1781 1962 1901 2045 patres
1920 1947 2023 2042 justi·

431 2067 543 2155 ficari,
561 2091 646 2139 cum
659 2067 803 2139 dicitur¹
819 2097 829 2139 ε
850 2099 868 2133 ι
882 2067 1042 2143 Credidit
1056 2068 1232 2140 Abrabam
1249 2072 1328 2140 Deo
1344 2083 1382 2140 et
1392 2081 1597 2165 reputatum
1612 2082 1666 2138 est
1681 2068 1732 2139 illi
1744 2066 1792 2139 ad
1804 2068 1989 2164 justitiam.
2002 2097 2021 2133 n

430 2188 539 2285 Cujus
565 2188 674 2260 etiam
700 2187 823 2284 religio
848 2203 954 2259 antea
976 2190 1251 2285 promissionem
1274 2203 1375 2260 terrae
1399 2187 1454 2258 rel
1479 2185 1784 2284 multiplicationis
1806 2187 1932 2257 lirturae
1948 2201 2023 2258 tam

430 2306 497 2380 sibi
527 2331 637 2405 quam
665 2308 794 2378 semini
819 2333 887 2380 suo
914 2323 1130 2406 susceperat.
1161 2309 1233 2395 Qui
1260 2323 1298 2379 et
1327 2321 1455 2405 postea
1481 2306 1730 2394 circumcisus,
1760 2331 1844 2376 cum
1872 2304 1974 2377 audit
2001 2331 2024 2378 a

430 2428 603 2517 Domino,
627 2427 665 2498 in
688 2452 727 2498 se
743 2426 799 2499 rel
816 2427 852 2499 in
875 2428 1013 2499 semine
1030 2451 1099 2498 suo
1116 2440 1239 2522 gentes
1257 2452 1385 2499 omnes
1408 2424 1686 2516 benedicendas,
1709 2450 1784 2496 nou
1805 2424 1878 2497 hoc
1900 2427 2024 2497 excir-
2109 2432 2118 2447 ‘

431 2547 666 2635 cumcisione,
689 2545 753 2617 sed
769 2571 812 2617 er
835 2546 896 2619 illa
912 2546 1043 2618 meruit
1060 2545 1264 2618 obedientia
1286 2569 1357 2641 qua
1371 2545 1486 2618 voluit
1509 2544 1622 2617 filium
1640 2544 1840 2616 immolare.
1859 2546 2023 2642 Denique

430 2667 461 2736 si
487 2666 689 2736 universam
716 2666 917 2736 testamenti
944 2666 1050 2735 vestri
1075 2663 1239 2735 revolsas
1262 2663 1468 2753 historiam,
1493 2663 1629 2736 nullam
1652 2663 1807 2761 reperies
1828 2664 2021 2735 eircumci-

431 2783 542 2855 sionis
561 2784 888 2855 remunerationem
904 2785 1132 2882 promissam,
1158 2782 1220 2854 sed
1243 2781 1281 2854 id
1296 2798 1436 2855 tantum
1453 2809 1474 2854 a
1489 2785 1648 2855 Domino
1666 2782 1900 2854 mustitutum
1922 2808 2020 2872 esse,

433 2917 472 2973 ut
493 2901 656 2999 quisquis
677 2901 724 2974 de
745 2903 880 2975 semine
903 2902 1053 2975 Abrahae
1076 2903 1308 2975 circumcisus
1330 2927 1405 2975 non
1429 2902 1552 2995 luerit,
1581 2904 1618 2973 in
1643 2900 1781 3000 populo
1803 2926 1884 2990 suo,
1910 2901 2021 2972 idest
2097 2960 2108 2971 .

431 3021 524 3094 inter
553 3020 646 3094 filios
675 3021 846 3114 atrahe,
879 3048 954 3096 non
985 3037 1278 3097 connumeretur.
1314 3024 1372 3095 Sic
1400 3022 1536 3122 quippe
1564 3022 1737 3120 scriptum
1765 3035 1832 3112 est,
1864 3020 2021 3092 Domino

432 3140 612 3215 Abraham
629 3141 814 3215 dicente:
837 3174 854 3209 a
869 3144 1030 3216 Statuam
1046 3159 1193 3242 pactum
1218 3168 1340 3215 meum
1366 3143 1458 3214 inter
1483 3157 1601 3214 meet
1626 3156 1679 3232 te,
1707 3154 1743 3212 et
1767 3165 1890 3212 semen
1920 3155 2021 3212 tuum

431 3275 514 3359 post
529 3276 582 3354 te,
605 3276 673 3334 etc.
699 3265 778 3333 Hoc
800 3275 853 3334 est
876 3276 1021 3360 pactum
1038 3262 1139 3359 quod
1163 3261 1408 3334 observabitis.
1427 3258 1710 3332 Circumcidetur
1724 3283 1768 3331 ex
1786 3258 1891 3330 vobis
1911 3285 2022 3361 omne

432 3380 685 3453 masculinum.
709 3380 829 3454 lnlans
846 3396 930 3453 octo
953 3381 1096 3454 dierum
1116 3381 1395 3454 circumcidetur
1414 3382 1451 3451 in
1473 3379 1588 3450 vobis.
1607 3378 1784 3453 Masculus
1807 3379 1910 3475 cujus
1936 3404 2024 3477 prae·

432 3501 522 3598 putii
538 3523 623 3571 caro
639 3501 849 3573 circumcisa
869 3525 944 3572 non
966 3500 1089 3591 suerit,
1108 3499 1239 3599 peribit
1254 3501 1373 3573 anima
1389 3498 1448 3570 illa
1466 3497 1513 3570 de
1529 3499 1666 3597 populo
1685 3522 1765 3587 sno,
1788 3511 1857 3568 etc.
1876 3526 1895 3565 a
1914 3498 2023 3584 Quod

430 3618 578 3715 quidem
597 3649 615 3686 a
636 3619 764 3716 perire,
781 3651 799 3686 n
815 3619 845 3691 si
860 3618 906 3691 de
922 3618 1155 3692 damnatione
1170 3643 1315 3717 quoque
1330 3618 1458 3689 animae
1472 3616 1742 3713 intelligendum
1758 3639 1835 3687 esse
1849 3615 2022 3707 dixeritis,

431 3750 533 3809 tanto
560 3737 680 3809 minus
704 3737 813 3810 habet
837 3739 986 3811 rationis
1011 3739 1188 3810 institutio
1215 3736 1518 3826 circumcisionis,
1547 3750 1682 3833 quanto
1708 3736 1942 3834 periculosius
1969 3752 2022 3808 est

432 3877 512 3925 eam
535 3878 611 3926 non
636 3854 784 3948 habere,
811 3858 888 3929 sine
918 3882 991 3955 qua
1016 3859 1116 3957 prius
1148 3858 1237 3930 nihil
1264 3855 1442 3930 officiebat
1477 3880 1566 3927 esse.
1596 3858 1684 3944 Quae
1713 3855 1822 3927 etiam
1848 3855 2021 3926 sententia

433 3995 584 4069 regnum
614 3972 788 4047 coelomm
815 3978 992 4075 praestmit
1018 3976 1215 4049 insontibus
1242 3993 1326 4050 ante
1355 3975 1453 4047 diem
1478 3988 1647 4046 octavum
1677 3971 1925 4056 morientibus,
1954 3972 2020 4068 qui

431 4089 567 4163 nullam
595 4105 715 4165 tamen
747 4094 869 4168 adhuc
901 4096 1162 4166 commiserunt
1196 4118 1328 4167 noram
1371 4118 1442 4191 qua
1485 4092 1647 4165 damnari
1674 4092 1880 4165 meruerint.
1910 4088 2020 4176 Quod

430 4209 538 4283 etiam
559 4209 748 4307 diligenter
772 4210 935 4283 attendas
958 4236 1067 4309 quam
1091 4189 1420 4285 remunerationem
1446 4211 1679 4285 observantiae
1707 4213 1822 4285 totius.
1837 4208 1926 4305 legis
1944 4212 2023 4280 Do-

431 4329 550 4402 minus
569 4331 754 4429 promittat
782 4354 825 4403 ac
846 4330 1016 4428 praefigat.
1037 4329 1133 4402 Nihil
1153 4332 1275 4428 utique
1299 4331 1383 4403 inde
1407 4331 1454 4402 ab
1479 4356 1524 4404 eo
1548 4331 1617 4403 nisi
1638 4345 1817 4403 terrenam
1840 4328 2021 4427 prosperi·

430 4461 539 4522 tatem
554 4451 703 4547 potestis
719 4462 936 4550 exspectare,
952 4475 1036 4522 oum
1055 4449 1146 4523 nihil
1163 4450 1263 4523 aliud
1280 4449 1329 4522 ibi
1344 4450 1562 4549 promissum
1576 4473 1652 4522 csse
1669 4448 1831 4522 videatis.
1850 4448 2023 4534 Quicum

431 4591 499 4642 neo
524 4568 690 4641 ostendat
716 4584 837 4642 utrum
862 4569 957 4643 hanc
980 4572 1106 4644 saltem
1128 4568 1331 4659 obtineatis,
1354 4571 1418 4667 qui
1441 4584 1561 4642 vestro
1586 4595 1731 4667 quoque
1749 4568 1886 4666 judicio
1915 4591 2023 4667 super

431 4713 558 4762 omnes
570 4688 748 4762 mortales
771 4689 985 4784 affligimini,
1008 4714 1082 4787 qua
1102 4714 1167 4788 spe
1189 4691 1227 4762 in
1246 4689 1315 4761 hac
1335 4690 1421 4786 legis
1443 4689 1648 4762 obedientia
1664 4702 1719 4760 tot
1738 4703 1774 4760 et
1797 4702 1897 4759 tanta
1919 4685 2020 4758 susti·

430 4810 544 4881 neatis
565 4833 642 4881 non
659 4808 890 4881 mediocriter
908 4822 962 4880 est
986 4809 1214 4898 mirandum,
1240 4834 1324 4882 cum
1347 4809 1409 4882 illo
1431 4809 1596 4883 videlicet
1621 4805 1818 4881 commodo
1844 4805 2023 4904 praecipue

464 5065 470 5092 ¹
482 5061 579 5127 Germ,
589 5075 644 5125 cup.
656 5075 699 5123 ir,
711 5074 734 5112 r.
747 5064 771 5113 6.
785 5085 816 5098 -
848 5061 945 5125 Genu„
956 5074 1011 5126 cup·
1023 5074 1087 5124 xm,
1098 5075 1123 5115 r.
1136 5065 1150 5113 7
1164 5070 1256 5125 etrqrp
