4559 6100
466 514 539 587 tet
1071 512 1200 585 PETRI
1226 512 1465 586 ABAELARDl

464 664 645 755 homines,
664 687 707 734 ac
719 662 925 761 paucissimi
943 663 1156 762 spirituales.
1176 661 1315 735 Sufficit
1332 677 1454 734 autem
1470 660 1577 734 nobis
1594 687 1828 762 quocumque
1842 663 1954 738 modo
1970 691 2070 739 sum·

464 807 608 855 morum
630 783 861 854 inimicorum
884 797 1090 855 nostrorum
1106 781 1220 854 robur
1236 780 1423 881 dissipare,
1444 782 1641 881 prasertim
1663 807 1748 854 cum
1771 783 1842 854 alio
1865 784 1976 857 modo
1993 811 2067 859 non

463 904 658 1003 possimus,
680 902 749 974 nisi
769 901 835 974 has
853 926 943 1000 quas
960 916 1142 975 noverunt
1161 903 1319 974 rationes
1339 925 1383 972 ex
1401 902 1563 1000 ipsorum
1579 900 1715 974 artibus
1738 902 1943 976 afferamus.
1971 905 2070 978 Absit

465 1025 563 1096 enim
587 1022 659 1094 hoc
684 1035 725 1094 ut
749 1011 939 1094 credamus
957 1024 1088 1114 Deum,
1116 1022 1181 1120 qui
1209 1022 1310 1094 malis
1334 1045 1482 1119 quoque
1498 1021 1584 1120 ipsis
1607 1019 1703 1094 bene
1720 1022 1845 1115 utitur,
1873 1047 1949 1096 non
1974 1023 2069 1098 bene

465 1143 574 1215 etiam
600 1166 727 1214 omnes
747 1155 853 1235 artes,
873 1166 952 1240 quae
968 1143 1044 1240 ejus
1061 1141 1161 1213 dona
1178 1155 1281 1234 sunt,
1300 1140 1484 1228 ordinare,
1503 1153 1543 1211 ut
1561 1139 1616 1212 hae
1633 1164 1780 1238 quoque
1800 1141 1876 1237 ejus
1895 1142 2068 1239 majestati

464 1261 683 1353 deserviant,
726 1274 1059 1359 quantumcumque
1087 1260 1181 1333 male
1209 1258 1266 1331 his
1295 1260 1492 1334 abutantur
1523 1261 1693 1359 perversi,
1730 1258 1828 1331 unde
1860 1275 1896 1332 et
1922 1265 1962 1332 B.
1998 1260 2069 1334 tlu-

465 1384 629 1480 gustinus
660 1387 736 1453 ⁸....
769 1384 947 1453 Doctores
975 1381 1204 1454 ecclesiastici
1229 1382 1413 1454 saeculares
1442 1404 1589 1479 quoque
1616 1395 1721 1469 artes,
1751 1381 1865 1478 ipsam
1891 1382 2068 1482 praecipue

465 1503 701 1585 dialecticam,
728 1525 836 1574 sacra
862 1503 1054 1601 Scriptura
1080 1501 1279 1575 admodum
1300 1500 1518 1575 necessarias
1540 1498 1744 1599 perhibent.
1771 1500 1833 1571 His
1854 1516 1983 1574 contra
2004 1503 2068 1575 ad·

465 1623 642 1696 versarios
656 1620 859 1721 prelibatis,
878 1619 924 1694 ad
941 1622 1169 1721 propositum
1186 1620 1405 1714 festinemus,
1424 1619 1487 1693 illo
1504 1622 1603 1720 prius
1620 1643 1642 1692 a
1659 1618 1765 1691 nobis
1783 1634 2067 1695 commemorato

466 1757 573 1842 atque
600 1743 810 1830 constituto,
839 1767 885 1814 ne
910 1743 940 1814 si
962 1743 998 1813 in
1023 1755 1124 1814 tanta
1148 1740 1366 1815 obscuritate
1392 1741 1484 1812 ratio
1505 1741 1722 1838 caligaverit,
1752 1764 1831 1837 quae
1853 1738 1965 1838 magis
1988 1742 2068 1814 reli·

466 1865 586 1961 gione,
614 1887 725 1959 quam
748 1863 893 1959 ingenio
917 1862 1151 1961 conspicitur,
1179 1874 1240 1933 aut
1264 1876 1317 1933 tot
1338 1875 1374 1934 et
1392 1861 1500 1933 tantis
1516 1859 1753 1933 subtilissimis
1776 1861 2069 1960 inquisitionibus

467 1983 626 2082 parvitas
646 1991 769 2054 nostra
786 2006 861 2053 non
883 1980 1075 2073 suffecerit,
1095 1997 1158 2053 aut
1180 1969 1290 2053 etiam
1304 1983 1399 2053 victa
1423 1979 1666 2073 succubuerit,
1695 2005 1742 2053 ne
1759 1980 1809 2053 ob
1824 1980 1876 2074 id,
1896 1981 2066 2078 inquam,

467 2102 614 2201 culpare
640 2114 702 2173 aut
729 2099 993 2199 reprehendere
1018 2099 1128 2173 fidem
1156 2115 1317 2173 nostram
1343 2115 1583 2203 presumant,
1610 2125 1689 2198 quae
1718 2100 1838 2172 minus
1865 2102 1901 2172 in
1928 2125 1965 2174 se
1994 2125 2068 2175 non

466 2219 574 2308 valet,
590 2222 619 2293 si
637 2221 717 2319 quis
731 2220 769 2292 in
783 2219 992 2293 disserendo
1008 2244 1088 2294 eam
1106 2219 1262 2294 deficiat.
1281 2210 1395 2294 Nemo
1412 2222 1520 2293 etiam
1537 2218 1624 2291 mihi
1642 2221 1887 2319 praesumtioni
1905 2222 2067 2320 imputet,

467 2342 496 2413 si
522 2340 623 2438 quod
648 2364 833 2437 aggressus
856 2366 936 2414 sum
959 2366 1034 2414 non
1055 2342 1262 2441 perfecer03
1287 2340 1350 2413 sed
1376 2342 1443 2441 piae
1469 2340 1629 2438 ignoscat
1644 2338 1840 2433 voluntati,
1872 2364 1952 2437 quae
1973 2340 2070 2442 apud

467 2462 585 2533 Deum
608 2459 753 2555 suflicit,
778 2461 808 2533 si
831 2461 979 2534 facultas
1003 2461 1109 2534 desit.
1136 2461 1322 2560 Quidquid
1346 2463 1468 2560 itaque
1493 2461 1540 2533 de
1563 2460 1632 2534 hac
1652 2461 1822 2533 altissima
1844 2460 2070 2561 philosophia

468 2578 704 2671 disseremus,
732 2581 899 2655 umbram
931 2607 1006 2654 non
1032 2582 1221 2655 veritatem
1253 2607 1329 2655 esse
1355 2581 1588 2682 profitemur,
1618 2595 1654 2654 et
1678 2582 1779 2678 quasi
1802 2580 2071 2655 similitudinem

468 2698 679 2796 quamdam,
699 2724 774 2772 non
794 2725 885 2773 rem.
912 2701 1008 2788 Quid
1027 2704 1154 2773 verirm
1172 2703 1228 2795 sit,
1247 2703 1391 2774 noverit
1412 2702 1610 2794 Dominus;
1634 2701 1722 2799 quid
1747 2715 1865 2773 autem
1880 2699 2072 2774 verisimile

469 2844 511 2892 ac
535 2820 689 2892 maxime
708 2818 969 2918 philosophicis
988 2835 1273 2893 consentaneum
1289 2820 1504 2911 rationibus,
1522 2819 1653 2919 quihus
1672 2821 1867 2920 impetitur,
1887 2819 2071 2892 dicturum

469 2964 527 3011 me
544 2938 713 3012 arbitror.
734 2943 775 3010 ln
792 2964 867 3037 quo
884 2939 1033 3037 quidem
1048 2940 1091 3032 si,
1110 2939 1226 3039 culpis
1243 2941 1332 3013 meis
1348 2939 1582 3037 exigentibus,
1601 2939 1831 3037 acatholica,
1849 2938 1950 3040 quod
1965 2938 2070 3031 absit,

468 3060 722 3134 exorbitavero
749 3058 984 3157 intelligentia
1008 3059 1065 3133 vel
1090 3060 1299 3154 locutione,
1325 3062 1485 3159 ignoscat
1510 3059 1569 3134 ille
1594 3061 1682 3132 mihi
1713 3061 1776 3159 qui
1802 3085 1845 3133 ex
1872 3061 2071 3133 intentione

468 3205 581 3280 opera
608 3179 804 3279 dijudicat,
836 3196 964 3280 parato
992 3206 1135 3280 semper
1163 3171 1212 3253 ad
1241 3206 1390 3254 omnem
1415 3181 1693 3255 satisfactionem
1716 3179 1763 3252 de
1789 3178 1989 3255 maledictis
2016 3179 2072 3253 vel

468 3299 692 3399 corrigendis
712 3298 770 3372 vel
790 3299 968 3392 delendis,
993 3325 1078 3374 cum
1100 3302 1182 3399 quis
1205 3298 1367 3374 fidelium
1390 3300 1446 3373 vel
1466 3302 1597 3373 virtute
1616 3300 1764 3373 rationis
1786 3299 1843 3373 vel
1864 3301 2073 3374 auctoritate

468 3421 661 3520 Scripturae
686 3420 894 3493 correxerit.
913 3423 995 3494 Scio
1022 3445 1181 3520 namque
1201 3420 1302 3520 quod
1327 3415 1502 3522 scriptum
1522 3425 1591 3494 est¹
1610 3436 1629 3491 :'
1644 3451 1661 3486 «
1677 3420 1855 3520 Corripiet
1879 3446 1938 3493 me
1955 3422 2071 3519 justus

469 3540 505 3611 in
533 3540 780 3613 misericordia
797 3554 834 3613 et
848 3540 1049 3640 increpabit
1067 3566 1138 3635 me,
1162 3542 1283 3614 oleum
1300 3555 1420 3615 autem
1438 3540 1638 3639 peccatoris
1657 3564 1733 3613 non
1751 3541 1951 3640 impinguet
1966 3554 2073 3641 caput

470 3681 612 3750 meum,
632 3689 650 3728 n
677 3663 720 3731 Et
746 3660 784 3731 in
801 3659 1047 3731 Proverbiir‘:
1071 3692 1089 3728 «
1109 3661 1177 3732 Via
1204 3661 1285 3733 vitae
1301 3662 1500 3761 increpatio
1527 3659 1744 3760 disciplina,
1763 3662 1826 3757 qui
1851 3675 1973 3735 autem
1998 3660 2074 3733 odit

514 3850 525 3878 ⁸
541 3843 606 3927 Qui
621 3860 654 3910 et
671 3844 749 3910 alibi
763 3867 822 3909 suo
839 3844 965 3911 instruit
986 3846 1148 3935 exemplo,
1171 3870 1415 3938 nonnumquam
1439 3847 1482 3913 ad
1505 3849 1659 3929 rationes,
1676 3869 1750 3912 cum
1767 3844 1809 3911 de
1824 3845 1940 3911 divinis
1956 3847 2070 3936 agitur,

470 3956 678 4025 transmeare,
702 3943 758 4007 uhi
781 3940 930 4008 videlicet
952 3966 1025 4008 cum
1047 3941 1109 4008 illis
1133 3944 1340 4027 conferimus,
1365 3947 1421 4036 qui
1443 3968 1547 4011 sacras
1570 3968 1637 4009 non
1661 3943 1835 4009 admittunt
1856 3944 2070 4009 auctoritates.

469 4037 566 4104 Unde
581 4039 615 4103 in
630 4038 714 4105 libro
732 4040 772 4104 de
785 4038 933 4104 Moribus
951 4041 1109 4106 Ecclesia
1127 4057 1240 4106 contra
1256 4042 1452 4109 Manichaeos
1467 4066 1539 4133 cap.
1560 4066 1595 4106 ιι
1610 4041 1671 4107 ait‘
1693 4064 1701 4107 :
1725 4040 1844 4107 «Unde
1859 4042 1953 4132 iginrr
1972 4038 2071 4121 oriar,

470 4136 513 4201 ab
532 4138 732 4220 auctoritate,
751 4162 791 4203 an
810 4160 828 4202 a
845 4137 991 4203 ratione?
1006 4139 1138 4204 Naturae
1156 4137 1287 4228 quidem
1303 4139 1386 4206 ordo
1398 4143 1443 4205 ita
1459 4163 1493 4205 se
1506 4140 1618 4223 hahet,
1632 4156 1668 4204 ut
1683 4162 1758 4205 cum
1775 4140 1896 4229 aliquid
1909 4137 2072 4219 discimus,

470 4235 630 4301 rationem
646 4234 808 4326 praecedat
822 4237 1006 4302 auctoritas.
1023 4236 1109 4302 Nam
1130 4235 1257 4302 infirma
1274 4238 1375 4304 videri
1392 4238 1474 4303 ratio
1489 4253 1611 4329 potest,
1629 4262 1701 4327 quae
1721 4260 1796 4303 cum
1812 4235 1941 4304 reddita
1961 4235 2072 4318 fuerit,

471 4333 694 4400 alletoritatem
705 4349 828 4424 postea,
845 4356 904 4425 per
920 4356 1018 4423 quam
1034 4333 1188 4416 firmetur,
1208 4337 1350 4402 assumit.
1364 4336 1428 4402 Sed
1445 4338 1598 4425 quoniam
1613 4358 1688 4401 cum
1703 4336 1753 4400 his
1768 4335 1863 4402 nohis
1878 4357 1929 4400 res
1943 4349 2001 4416 est,
2019 4335 2075 4423 qui

470 4432 580 4496 omnia
596 4449 709 4497 contra
723 4431 872 4498 ordinem
889 4447 921 4497 et
937 4432 1125 4515 sentiunt,et
1134 4432 1321 4522 loquuntur,
1340 4451 1519 4524 otgerum,
1538 4432 1681 4523 nihilque
1693 4431 1781 4498 aliud
1797 4435 1938 4498 maxime
1950 4431 2071 4508 dicunt,

470 4527 530 4592 nisi
545 4528 703 4595 rationem
718 4530 807 4618 prius
820 4552 888 4595 esse
904 4527 1118 4613 reddendam,
1135 4554 1261 4595 morem
1276 4530 1337 4596 illis
1353 4552 1481 4624 geram3
1499 4528 1589 4621 quod
1603 4530 1705 4595 fateor
1719 4530 1755 4595 in
1770 4528 1965 4621 disputando
1980 4527 2075 4594 vitio-

470 4648 540 4690 sum
560 4649 640 4710 esse,
664 4627 846 4716 suscipiam.
869 4628 1038 4693 Rationem
1064 4628 1161 4719 igitur
1185 4652 1365 4718 quaeramus
1390 4627 1667 4720 quemadmodum
1689 4629 1730 4693 sit
1752 4628 1937 4694 hominihus
1961 4626 2074 4692 viven-

470 4722 562 4806 dum,
580 4739 643 4790 etc.
660 4754 674 4782 υ

506 4943 618 4996 'Protea
638 4957 694 5005 cxc,
714 4959 738 4998 r.
754 4948 780 4998 5.
800 4971 830 4984 ·-
846 4946 956 5008 'from
979 4959 1034 5009 cap.
1053 4959 1087 5008 rr,
1109 4959 1133 4995 v.
1158 4951 1198 5000 23.
1217 4973 1248 4986 -
1301 4946 1463 5012 Turonensta,
1484 4949 1595 5011 quamrts
1609 4961 1639 4999 ea
1651 4947 1804 5000 mteuedantt
1815 4947 1911 5010 malua
1921 4946 2075 5009 subttcteuda

471 5026 539 5076 ⁸Au
563 5027 628 5078 huuc
652 5028 732 5077 locum
755 5036 836 5078 textus
864 5027 987 5079 Abulardt
1017 5029 1090 5077 verba
1119 5026 1247 5089 hugusttnt
1302 5032 1374 5092 pem
1387 5032 1495 5081 editores
1506 5030 1647 5092 oonjtctmt.
1661 5055 1691 5068 -
1705 5028 1778 5079 ⁴121).
1790 5028 1877 5091 hup.
1890 5041 1917 5079 u.
1932 5023 2075 5093 ΟΜΝ.

470 5117 527 5167 qun
537 5115 683 5171 sequuntur,
699 5110 827 5160 Meranda
841 5121 896 5158 ease
913 5110 1049 5170 mmm,
1067 5117 1094 5158 ut
1105 5108 1154 5158 fert
1169 5110 1248 5159 cottas
