4559 6100
709 532 964 617 tescionis
998 534 1273 611 cflttlstmus.
1713 542 1779 618 -iil

199 700 293 759 terea
316 682 523 785 philosophi
551 681 748 756 accidentia
772 682 1014 757 determinant
1035 709 1112 757 esse
1138 687 1346 785 posterioris
1369 686 1507 784 generis
1530 703 1568 761 et
1586 688 1787 767 adventitiae

198 818 344 882 naturae.
365 802 470 877 Unde
494 815 530 875 et
553 801 784 901 Porphyrius,
807 804 996 901 proprium
1021 828 1167 903 quoque
1183 806 1314 905 ipsum,
1334 806 1433 904 quod
1459 807 1497 878 in
1518 822 1645 881 natura
1656 812 1788 908 speciei

198 924 345 997 insitum
359 948 437 996 esse
449 921 603 1012 videtur,
620 922 798 1020 posterius
813 922 933 1019 specie
947 923 1157 995 namt-aliter
1172 948 1248 997 esse
1262 923 1465 1017 confirmat,
1484 949 1528 998 ee
1542 925 1677 1000 scssicet
1686 930 1788 1025 quod

197 1042 432 1116 substantiam
461 1041 592 1141 speciei
608 1040 756 1115 minime
777 1040 957 1131 conficiet,
977 1042 1068 1114 sicut
1083 1042 1346 1135 substantiales,
1364 1043 1401 1114 id
1417 1057 1470 1115 est
1485 1043 1657 1142 specifice
1681 1046 1787 1124 dilie-

199 1163 333 1235 rentiae.
367 1161 421 1232 tit
449 1160 575 1231 enim:
606 1159 779 1257 «Species
798 1173 882 1232 ante
909 1159 1089 1253 subsistit,
1117 1185 1227 1260 quam
1252 1163 1461 1262 proprium3
1487 1163 1676 1262 proprium
1702 1189 1789 1237 vero

198 1294 322 1381 postea
350 1278 389 1351 fit
410 1280 446 1350 in
469 1278 600 1377 specie.
620 1280 776 1376 Oportet
801 1279 897 1351 enim
921 1278 1108 1353 bominem
1127 1305 1221 1373 esse,
1246 1295 1288 1353 ut
1310 1282 1354 1353 sit
1377 1281 1560 1354 risibile.»
1589 1284 1660 1370 Qui
1682 1283 1791 1356 etiam

198 1424 281 1472 cum
304 1397 469 1470 acmdens
486 1398 697 1494 generaliter
713 1397 880 1481 definiret
902 1398 1052 1470 dicens:
1081 1428 1100 1468 a
1107 1400 1284 1481 Accidens
1310 1401 1486 1498 estquod
1509 1401 1611 1474 adest
1635 1416 1671 1473 et
1689 1400 1792 1481 abest

200 1530 326 1616 praeter
349 1515 498 1613 subjecti
523 1512 812 1616 corruptionem,
829 1543 847 1583 u
867 1530 1031 1615 patenter
1057 1518 1183 1591 docuit
1203 1542 1313 1590 omne
1339 1518 1505 1591 accidens
1528 1518 1692 1615 subjecto
1716 1534 1789 1592 tam

199 1635 322 1708 adesse
338 1658 447 1735 quam
472 1632 595 1707 abasse
620 1648 880 1733 poseepraeter
900 1637 1172 1735 corruptionem
1197 1637 1311 1736 ipsius
1334 1636 1497 1734 subjecti.
1521 1642 1565 1709 tt
1591 1663 1678 1710 vero
1702 1663 1791 1734 qum

200 1753 313 1826 modo
339 1755 557 1852 Sapientiam
573 1754 639 1826 Dei
655 1754 692 1827 in
709 1755 810 1854 ipro,
820 1755 878 1827 rel
892 1755 1100 1854 posterioris
1115 1759 1267 1853 gennis,
1290 1756 1348 1828 vel
1358 1756 1568 1829 adventitiae
1580 1772 1716 1830 naturas
1732 1757 1791 1830 di-

200 1896 323 1945 cemus
343 1897 434 1967 esse,
458 1887 520 1945 aut
536 1896 616 1949 eam
640 1873 673 1945 ei
698 1888 829 1972 praeter
844 1875 1114 1973 corruptionem
1135 1898 1240 1973 posse
1262 1874 1397 1970 abesse,
1421 1899 1505 1949 cum
1526 1875 1628 1949 nullo
1648 1877 1791 1974 penitus

201 1991 311 2063 modo
325 1992 358 2064 ei
373 1993 486 2091 possit
501 1991 649 2066 abesse?
665 1993 826 2065 Omnino
840 1993 936 2067 onim
952 1997 1225 2067 Deum-necesse
1241 2008 1294 2066 est
1311 2018 1387 2067 esse
1403 1995 1612 2093 sapientem,
1632 2020 1699 2068 neo
1715 1996 1790 2069 ullo
1832 2034 1835 2041 ·

172 2124 176 2133 '
202 2109 314 2183 modo
338 2125 498 2184 autnon
521 2134 598 2183 esse
614 2125 746 2209 potest,
771 2124 834 2184 aut
857 2134 933 2183 non
958 2111 1213 2210 eseeaspiens,
1238 2126 1302 2184 aut
1322 2113 1480 2211 aliquam
1505 2114 1685 2213 suscipere
1709 2139 1791 2186 cor-

200 2230 417 2328 ruptionem,
442 2243 482 2302 ut
500 2230 534 2302 ei
554 2227 689 2327 aliquid
706 2228 871 2302 accidere
889 2230 1014 2328 possit.
1037 2231 1181 2331 Quippe
1198 2255 1290 2302 rcum
1313 2230 1482 2304 definitur
1502 2231 1676 2309 amoene,
1689 2235 1791 2330 quod

202 2348 360 2421 adestet
386 2346 487 2420 abest
506 2361 635 2446 prater
655 2347 807 2445 subjecti
831 2348 1126 2452 corruptionem,
1153 2362 1324 2447 patenter.
1345 2350 1507 2423 innuitur
1526 2348 1693 2431 accidens
1714 2375 1791 2423 non

203 2468 319 2541 inesse
343 2466 410 2538 nisi
426 2465 651 2565 corruptibili
667 2467 733 2558 rei,
753 2488 904 2565 qtreque
925 2465 1091 2540 videlicet
1105 2467 1420 2566 possitrnonesse,
1440 2469 1723 2568 autrcomumpi3
1751 2484 1791 2543 nt

203 2586 272 2659 tale
295 2587 353 2678 sit,
375 2610 418 2659 ac
433 2587 463 2659 si
479 2587 529 2659 ita
544 2584 684 2660 dicatur
703 2613 711 2658 :
732 2587 904 2660 Accidens
919 2602 973 2659 est
987 2587 1102 2660 lorma
1125 2587 1369 2686 corruptibilis
1389 2590 1454 2680 rei,
1473 2588 1550 2661 sine
1567 2612 1640 2684 qua
1660 2587 1721 2661 illa
1734 2613 1792 2660 res

203 2720 237 2778 et
261 2729 338 2779 esse
359 2720 395 2778 et
417 2731 493 2778 non
514 2730 591 2781 esse
613 2719 731 2805 potest
753 2719 882 2804 praeter
896 2707 1179 2807 corruptionem,
1202 2706 1238 2778 id
1260 2722 1313 2778 est
1333 2732 1517 2804 egressam
1538 2731 1560 2779 a
1580 2706 1788 2796 substantia,

203 2848 313 2923 quam
326 2849 391 2925 per
407 2824 503 2899 illam
521 2824 675 2897 sormam
690 2826 863 2898 incurrat.
877 2824 960 2898 Tale
972 2826 1108 2924 quippe
1121 2838 1175 2897 est
1189 2824 1290 2922 quod
1305 2825 1367 2917 ait,
1384 2839 1511 2924 praetn·
1523 2826 1792 2925 corruptionem

203 2942 368 3041 subJecti,
388 2945 476 3016 acsi
495 2946 651 3042 apertius
667 2943 774 3037 dicat,
802 2943 904 3041 quod
927 2967 1008 3019 eam
1027 2944 1299 3043 corruptionem
1320 2948 1447 3042 quam¹
1461 2945 1536 3044 peti
1555 2959 1675 3044 potest
1700 2945 1793 3018 snb·

200 3067 348 3162 jectum,
371 3063 505 3135 nullam
521 3087 587 3161 per
607 3062 801 3135 adventum
819 3063 877 3136 vel
900 3087 1079 3138 recessum
1099 3062 1310 3159 hujusmodi
1327 3063 1450 3136 formae
1465 3065 1626 3136 incurrit.
1646 3068 1792 3162 Deque

202 3181 297 3256 alibi.
310 3181 451 3280 plenius
474 3180 582 3252 nobis
603 3180 853 3253 disserendum
869 3181 945 3253 luit.
967 3186 1047 3252 Non
1068 3181 1190 3278 itaque
1210 3182 1384 3279 sapientia
1397 3184 1436 3254 in
1452 3186 1529 3255 Deo
1544 3181 1601 3254 vel
1618 3181 1792 3255 substans-

202 3300 296 3374 tialis
320 3302 354 3373 ei
380 3300 495 3373 forma
518 3298 575 3371 vel
600 3297 847 3393 accidentalis,
874 3299 948 3371 imo
973 3299 1147 3397 sapientia
1170 3298 1248 3395 ejus
1275 3299 1353 3398 ipse
1384 3304 1486 3373 Dens.
1513 3313 1579 3373 est.
1620 3299 1722 3372 ldern
1744 3299 1791 3371 de

203 3419 364 3520 potentia
388 3420 464 3516 ejus
485 3416 714 3490 sentiendum
730 3431 796 3508 est,
825 3432 862 3489 et
884 3416 931 3489 de
951 3418 1085 3490 ceteris
1108 3440 1189 3513 quae
1207 3441 1251 3489 ex
1275 3416 1465 3490 nonfinmn
1482 3415 1652 3490 allinitate
1669 3416 1791 3492 torma
1834 3447 1839 3460 ·

204 3562 281 3610 esse
305 3537 473 3610 videntur
499 3538 536 3607 in
563 3540 641 3608 Deo
671 3559 819 3634 quoquc
843 3534 936 3607 sicut
957 3536 996 3606 in
1022 3536 1205 3607 creaturis,
1230 3535 1296 3607 llis
1319 3536 1440 3634 itaque
1469 3534 1668 3610 rationibus
1693 3550 1792 3634 patet

203 3657 364 3729 divinam
382 3654 617 3728 substantiam
633 3655 784 3726 omnino
798 3653 1035 3741 individuam,
1052 3656 1206 3727 omnino
1219 3655 1411 3728 informem
1419 3679 1665 3755 perseverare,
1683 3668 1792 3753 atque

203 3774 287 3849 ideo
309 3799 388 3848 eam
414 3788 510 3847 recte
526 3774 723 3874 perlectum
743 3773 884 3846 bonum
910 3773 1001 3868 dici,
1019 3789 1057 3846 et
1071 3771 1171 3846 nulla
1192 3772 1262 3846 alia
1283 3797 1321 3846 re
1342 3773 1527 3871 mdigens,
1546 3773 1610 3848 sed
1630 3798 1653 3847 a
1674 3774 1792 3873 seipse

204 3892 356 3984 habens,
375 3917 449 3965 non
465 3891 727 3991 aliunde⁴quod
741 3891 853 3965 habet
863 3891 1056 3990 accipiens.
1071 3894 1249 3964 Creaturae
1263 3906 1384 3964 autem
1398 3891 1660 3990 quantumlibet
1671 3891 1790 3983 bonae,

170 4063 174 4070 -
205 4012 435 4110 adjunctione
452 4026 559 4108 egent
576 4011 731 4105 alterius,
751 4035 794 4083 ex
810 4033 881 4109 qna
899 4009 1045 4108 quidam
1061 4009 1261 4107 indigentia
1273 4010 1581 4109 imperfectionem
1595 4035 1697 4084 suem
1714 4036 1794 4110 pro·

207 4130 366 4204 litentur.
385 4131 544 4203 Virtutes
566 4130 702 4230 quippe
727 4155 809 4229 quae
831 4130 990 4203 animam
1011 4129 1150 4203 bonam
1173 4128 1323 4220 iaciunt,
1347 4129 1509 4227 subjecto
1532 4129 1693 4228 indigent
1719 4156 1793 4228 quo

205 4264 464 4342 sustententur3
489 4250 573 4348 quia
589 4252 703 4349 pietas
726 4274 802 4322 esse
818 4273 893 4321 non
911 4248 1055 4348 poterit,
1078 4248 1200 4320 sinon
1216 4247 1348 4321 habeat
1369 4248 1644 4323 fundamentum
1664 4250 1703 4322 in
1718 4274 1793 4345 quo

205 4370 262 4441 sit.
290 4374 368 4469 ipsa
387 4361 508 4442 autern
530 4371 649 4443 anima
671 4384 712 4442 ut
727 4368 824 4442 bona
847 4370 906 4463 sit,
926 4368 1098 4440 virtutum
1114 4368 1250 4464 indiget
1266 4369 1498 4442 ornamentis.
1522 4373 1576 4441 Dc
1593 4367 1664 4442 bac
1686 4369 1793 4442 etiam

205 4490 422 4563 informitate
437 4516 480 4565 ac
495 4491 696 4564 sinceritate
714 4517 778 4564 seu
795 4490 1020 4589 simplicitate
1037 4488 1171 4561 divinae
1188 4488 1393 4562 substantie
1412 4490 1555 4561 Boetius
1568 4490 1605 4561 in
1621 4514 1666 4561 eo
1686 4513 1795 4586 quem

205 4606 251 4679 ule
270 4609 447 4680 Trim‘tnte
459 4610 705 4710 composuisse
719 4610 810 4682 libro
821 4609 969 4699 dicitnr,
990 4609 1040 4680 ait
1057 4634 1066 4678 r
1088 4639 1106 4675 α
1121 4607 1229 4697 Quod
1246 4633 1320 4680 non
1338 4623 1392 4681 est
1407 4608 1479 4681 boc
1496 4623 1603 4707 atque
1618 4608 1703 4703 hoc,
1730 4608 1793 4681 sed

203 4741 347 4800 tantum
373 4743 426 4800 est
451 4727 535 4820 boc,
566 4728 655 4801 illud
677 4751 762 4802 rere
785 4742 851 4819 est,
877 4726 915 4799 id
939 4727 1040 4826 quod
1066 4743 1131 4822 est,
1159 4743 1195 4801 et
1217 4728 1289 4800 hoc
1314 4729 1544 4802 fortissimum
1566 4727 1668 4828 quod
1693 4725 1793 4798 nttllc

206 4847 345 4920 nititur.
367 4847 543 4936 Quocirca
559 4847 631 4920 boc
643 4860 699 4924 cst
713 4870 796 4920 vere
813 4871 927 4918 untrm
944 4848 980 4917 in
996 4871 1071 4945 quo
1085 4847 1205 4921 nullus
1219 4873 1405 4943 numerus,
1423 4850 1563 4921 nullum
1581 4849 1620 4919 in
1634 4870 1679 4919 eo
1696 4842 1793 4919 aliud

240 5119 299 5169 'ste
310 5119 391 5172 roman
403 5120 542 5184 tegendum.
561 5117 772 5170 trecasenum
784 5116 969 5182 campitorem
980 5127 1055 5181 quot.
