4559 6100
619 550 910 626 turnonucrto
938 550 997 624 AD
1021 549 1326 623 fflsotoctltt.
1491 608 1494 613 f
1631 588 1643 629 r
1746 555 1769 623 9

181 691 284 782 mini,
300 706 336 764 et
353 692 570 790 quibusdam
593 700 776 772 sententiis
800 697 898 773 Pauli
920 698 1092 797 apostoli,
1111 701 1284 769 Sermone
1305 697 1538 794 octogesimo:
1554 728 1571 763 α
1591 701 1711 769 fustus
1726 722 1770 770 ex

183 841 203 875 a
215 808 285 883 fide
299 810 416 903 vivit¹,
432 843 450 880 n
469 816 553 911 quia
569 817 684 890 credit
701 817 801 916 quod
818 843 895 890 non
909 816 1017 889 videt.
1038 846 1056 884 rr
1069 817 1145 888 Filii
1157 816 1224 887 Dei
1234 838 1370 906 sumus,
1383 828 1419 886 et
1428 813 1592 886 nondum
1606 817 1769 914 apparuit

184 928 300 1025 «quid
330 931 489 1004 erimus&
519 936 700 1022 Quamdiu
726 937 822 1008 enirn
845 960 967 1008 sumus
997 937 1213 1033 incorpore
1241 933 1511 1032 peregrinamur
1535 957 1555 1003 a
1580 938 1674 1023 De03
1704 959 1769 1033 per

186 1076 206 1114 u
217 1047 322 1119 fidem
340 1052 438 1121 enim
456 1051 694 1141 ambulamus,
712 1079 786 1127 non
802 1079 867 1153 per
875 1056 1059 1155 speciem⁸.
1075 1082 1092 1120 u
1112 1058 1215 1125 Nunc
1231 1052 1394 1124 videmus
1409 1050 1630 1137 intenebris,
1648 1053 1769 1148 etjam

182 1167 269 1237 visio
282 1168 365 1257 crit,
385 1192 461 1240 non
477 1169 583 1260 fides3
603 1186 639 1244 et
651 1172 725 1268 Jam
739 1198 810 1260 res,
829 1198 904 1245 non
917 1177 1031 1272 spes⁴.
1049 1171 1254 1243 lmabimus
1271 1170 1428 1241 videndo
1441 1185 1478 1241 ct
1493 1169 1665 1241 tenendo.
1678 1175 1777 1268 Ergo

182 1283 334 1357 charitas
351 1288 508 1386 perfecta
523 1291 613 1382 erit,
638 1292 729 1364 sicut
746 1294 794 1364 ait
813 1291 1039 1391 Apostolus:
1070 1320 1088 1358 rr
1117 1288 1237 1380 Fides,
1263 1312 1363 1387 spos,
1386 1287 1555 1375 charitas,
1579 1288 1645 1359 tria
1668 1285 1767 1377 lime,

185 1405 329 1500 «major
341 1420 461 1478 autern
473 1406 604 1480 horum
617 1424 671 1481 est
687 1410 854 1482 charitas.
868 1439 885 1477 r,
897 1410 1021 1482 Securi
1037 1409 1099 1481 illo
1112 1407 1306 1503 adjuvante
1318 1421 1584 1505 perseverantes
1600 1408 1636 1477 in
1653 1431 1699 1479 eo
1716 1406 1771 1478 di-

183 1526 317 1594 camus⁸
336 1550 344 1593 :
367 1553 384 1591 r
404 1526 492 1612 Quis
510 1550 579 1598 nos
593 1528 987 1626 separabitacharitate
1000 1527 1154 1599 Christi?
1171 1525 1390 1615 Tribulatio,
1409 1549 1455 1598 an
1474 1526 1648 1622 angustia,
1664 1539 1732 1597 eto.
1751 1557 1767 1590 a

184 1640 282 1713 ldem
310 1641 405 1715 libro
432 1645 593 1721 secundo
621 1651 860 1738 Quaestionum
888 1646 1185 1747 Evangelr'ccrum
1211 1672 1259 1715 :u
1287 1644 1428 1715 lustitia
1448 1644 1514 1714 Dei
1536 1644 1576 1714 in
1601 1668 1646 1715 eo
1670 1668 1770 1715 reve·

186 1788 203 1827 r
215 1759 307 1832 latur
325 1787 367 1833 ex
384 1762 456 1836 fide
472 1764 510 1835 in
533 1763 672 1858 iidem',
688 1796 705 1832 »
724 1767 931 1863 intelligitur
946 1766 1092 1864 quidem
1111 1763 1201 1836 fides
1225 1787 1295 1862 qua
1312 1762 1508 1839 creduntur
1528 1785 1571 1834 ea
1591 1784 1671 1860 quae
1695 1786 1769 1837 non

185 1879 359 1953 videniur.
375 1911 395 1951 u
479 1951 482 1955 J

230 2001 300 2073 Sed
316 2017 437 2076 tamen
454 2019 508 2078 est
524 2006 614 2080 fides
630 2010 737 2082 etiam
754 2034 890 2101 rerum,
907 2006 1059 2108 quando
1076 2033 1153 2079 non
1170 2005 1305 2097 verbis,
1323 2005 1384 2078 sed
1403 2006 1510 2079 rebus
1526 2006 1611 2104 ipsis
1624 2026 1773 2104 praesen·

184 2119 288 2210 tibus,
307 2122 466 2196 creditur
481 2126 580 2223 quod
599 2128 758 2200 futurum
776 2145 846 2219 est,
863 2153 975 2227 quum
987 2129 1061 2225 jam
1079 2125 1312 2228 perspeciem
1324 2125 1547 2199 manifestam
1558 2149 1596 2196 se
1609 2135 1772 2194 contem·

183 2239 351 2338 plaudam
367 2244 539 2342 praebebit
555 2250 685 2320 sanctis
700 2250 775 2346 ipsa
788 2250 851 2321 Dei
869 2249 1055 2348 sapientia.
1076 2251 1130 2319 Dc
1152 2271 1224 2344 qua
1248 2245 1320 2318 fide
1342 2268 1462 2317 rerum
1478 2244 1638 2340 lucisque
1662 2241 1772 2340 ipsius

183 2363 368 2457 praesentia
387 2363 533 2437 forsitan
553 2368 682 2439 Paulus
700 2367 787 2440 dicit
806 2396 816 2440 z
834 2397 853 2436 r
872 2368 1009 2440 lustitia
1038 2366 1134 2439 enim
1158 2369 1224 2437 Dei
1249 2368 1286 2438 in
1308 2388 1354 2437 eo
1378 2364 1555 2436 revelatur
1578 2387 1620 2432 ex
1638 2359 1718 2431 fide'
1734 2360 1770 2431 in

184 2478 307 2552 fidem.
330 2509 349 2549 u
366 2483 459 2554 Dicit
473 2485 570 2556 euim
582 2485 653 2558 alio
671 2486 771 2559 loco·
789 2515 798 2558 ε
822 2517 839 2554 u
860 2493 932 2558 Nos
945 2488 1043 2558 enim
1057 2486 1212 2557 revelata
1229 2486 1317 2556 facie
1330 2483 1478 2580 gloriam
1493 2481 1560 2553 Dei
1572 2493 1771 2578 spectantes

186 2604 219 2673 in
241 2604 410 2676 eamdem
430 2606 622 2703 imaginem
637 2611 1010 2683 transformabimura
1029 2609 1143 2706 gloria
1158 2610 1195 2680 in
1218 2607 1382 2704 gloriam.
1405 2605 1539 2675 »Sicut
1563 2602 1661 2673 enim
1687 2598 1772 2672 dicit

186 2718 239 2793 hic
255 2745 275 2793 a
292 2723 404 2820 gloria
420 2726 456 2796 in
475 2727 644 2822 gloriam,
673 2730 722 2803 ita
744 2745 779 2802 et
802 2728 851 2802 ibi
869 2754 912 2802 ex
930 2728 1002 2801 frde
1021 2730 1057 2800 in
1075 2728 1199 2799 fidem.
1219 2731 1273 2799 De
1289 2724 1402 2823 gloria
1417 2722 1549 2795 scilicet
1566 2717 1770 2815 Euangelii,

186 2862 254 2934 quo
273 2866 372 2913 nunc
397 2843 584 2917 credentes
605 2846 852 2920 illuminantur
870 2849 906 2919 in
926 2848 1077 2945 gloriam
1095 2847 1289 2919 manifestae
1307 2839 1598 2939 veritatislpud
1618 2837 1775 2910 Philoso-

186 2957 273 3056 phos
295 2986 442 3060 quoque
460 2962 506 3035 de
523 2965 775 3065 apparentibus
791 2968 898 3038 etiam
918 2966 1009 3038 fides
1033 2965 1105 3038 dici
1130 2966 1293 3058 videtur3
1314 2987 1385 3066 qua
1406 2962 1512 3034 etiam
1533 2955 1699 3029 videlicet
1717 2979 1774 3028 res

185 3080 345 3175 quelibet
361 3082 411 3155 ita
427 3084 549 3157 auimo
568 3100 727 3177 tenetur,
742 3101 783 3159 ut
798 3087 844 3160 de
860 3089 938 3188 ipsa
955 3112 1031 3159 non
1048 3084 1252 3175 dubitetur,
1270 3085 1356 3162 sive
1371 3107 1438 3183 per
1455 3079 1682 3179 opinionem,
1701 3076 1774 3149 sive

184 3221 245 3293 per
254 3204 538 3298 experimentum
554 3229 700 3303 quoque
715 3230 897 3278 sensuum.
917 3205 1022 3277 Unde
1038 3204 1207 3280 Boethius
1222 3229 1328 3301 super
1342 3204 1472 3299 Topica
1487 3196 1668 3270 Ciceronis
1680 3194 1774 3267 libro

183 3317 296 3412 primo
317 3348 326 3390 t
348 3325 642 3417 «Argumentum
664 3339 718 3397 est
740 3327 832 3397 ratio
849 3349 929 3423 quae
950 3326 1002 3396 rei
1021 3323 1139 3395 dubiae
1163 3324 1243 3395 facit
1263 3321 1386 3393 fidem.
1407 3349 1423 3385 r
1449 3318 1560 3390 Multa
1577 3314 1693 3402 enim,
1717 3315 1773 3385 5¹¹·

183 3459 310 3532 quam,
328 3454 411 3511 sunt
426 3465 505 3537 quae
519 3441 653 3515 faciunt
670 3443 801 3532 fldem,
820 3443 883 3515 sed
901 3443 985 3539 quia
999 3442 1157 3513 rationes
1176 3464 1250 3510 non
1267 3451 1368 3528 suut,
1385 3459 1452 3506 nec
1471 3445 1679 3530 argumenta
1697 3453 1774 3502 esse

183 3570 352 3652 possunt,
372 3570 410 3628 ut
424 3561 522 3631 visus
540 3560 623 3632 facit
639 3559 748 3633 fidem
764 3562 821 3634 his
837 3586 917 3659 quae
935 3560 1114 3632 videntur.
1133 3557 1203 3629 Sed
1220 3558 1305 3655 quia
1321 3555 1411 3626 ratio
1424 3576 1499 3623 non
1510 3564 1564 3622 est
1577 3549 1688 3640 visus,
1706 3571 1774 3620 neo

182 3690 429 3770 argumentum
441 3678 588 3774 quidem
606 3704 682 3752 esse
697 3693 827 3779 potest.
848 3682 911 3753 His
927 3679 1047 3777 itaque
1063 3677 1274 3750 testimoniis
1289 3687 1388 3774 patet
1404 3670 1489 3743 fidei
1510 3690 1642 3741 nomen
1660 3665 1773 3738 modo

182 3795 344 3891 proprie,
370 3796 483 3869 modo
499 3799 696 3898 improprie
714 3801 823 3899 poni,
853 3824 938 3871 cum
961 3798 1127 3871 videlicet
1152 3821 1226 3868 non
1248 3794 1365 3867 solum
1388 3790 1434 3864 de
1451 3787 1618 3880 occultis,
1646 3809 1772 3857 verum

181 3910 287 3982 etiam
304 3913 351 3984 de
368 3914 563 3989 manifestis
579 3915 669 3990 fides
695 3918 848 3993 dicatur.
867 3922 958 3990 Sunt
976 3932 1097 3990 autem
1113 3915 1217 4015 plura
1238 3913 1284 3986 ad
1310 3917 1429 3984 Deum
1454 3905 1671 4006 pertinentia
1694 3929 1773 4004 quse

180 4030 278 4101 credi
292 4031 349 4103 vel
363 4057 438 4104 non
452 4035 551 4107 credi
566 4052 687 4110 nostra
703 4042 794 4111 ιιοι]ο
808 4039 966 4127 interest,
988 4037 1073 4134 quia
1089 4037 1163 4108 sive
1178 4033 1371 4105 credantur
1387 4031 1460 4102 sive
1478 4037 1553 4099 nou
1565 4023 1770 4115 credantur,

181 4147 320 4221 nullum
336 4151 551 4228 incurrimus
567 4155 788 4254 periculum,
806 4156 916 4229 veluti
931 4157 960 4229 si
977 4155 1167 4228 credamus
1183 4157 1299 4224 Deum
1315 4174 1394 4222 cras
1415 4147 1573 4247 pluviam
1596 4144 1772 4218 facturum

178 4266 237 4339 vel
251 4292 327 4340 non
339 4269 536 4365 facturum,
555 4272 612 4345 vel
629 4274 714 4346 huic
728 4276 947 4373 nequissimo
965 4274 1106 4347 homini
1127 4270 1410 4344 misericordiam
1426 4267 1696 4364 impensurum,
1717 4260 1773 4332 vel

178 4408 268 4457 non.
290 4389 331 4460 Ei
347 4393 461 4462 vero¹⁰
477 4393 539 4489 qui
556 4393 602 4464 de
617 4392 689 4466 fide
704 4394 751 4467 ad
766 4395 1039 4468 edificationem
1052 4393 1226 4492 loquitur,
1247 4414 1290 4463 ea
1313 4387 1390 4461 sola
1409 4399 1558 4457 tractare
1579 4406 1622 4454 ac
1641 4381 1772 4452 docere

178 4505 328 4600 sufficit,
348 4535 427 4608 quae
444 4512 474 4582 si
491 4537 565 4584 uon
582 4513 774 4588 credantur
789 4516 1059 4589 damnationem
1077 4513 1235 4614 pariunt.
1268 4514 1350 4581 Haec
1376 4520 1495 4580 autem
1508 4516 1602 4576 sunt
1618 4525 1702 4600 quae
1726 4499 1773 4573 ad

179 4621 290 4697 fidem
302 4628 523 4703 Catholicam
540 4634 733 4730 pertinent.

228 4744 414 4820 Catholica
428 4750 563 4849 quippe
579 4765 633 4823 est
648 4751 754 4843 fides,
774 4751 812 4826 id
825 4768 879 4826 est
894 4753 1122 4841 universalis,
1140 4775 1219 4848 que
1232 4750 1282 4820 ita
1295 4745 1465 4819 omnibus
1483 4739 1682 4815 necessaria
1694 4751 1766 4825 est,

209 4962 313 5026 'Ml-2
323 4979 376 5030 ω1)·
391 4981 410 5031 ¹2
421 4982 444 5019 '-
455 4969 667 5034 ¹⁷·-’1.J⁰ru.,
679 4987 733 5037 cap.
747 4987 784 5036 ru,
794 4989 818 5026 r.
831 4976 909 5025 2-⁸
920 4973 952 5036 ll,
1005 4974 1107 5036 ’llum.,
1116 4985 1171 5036 cap.
1187 4985 1206 5032 r,
1220 4984 1243 5020 r.
1256 4941 1393 5029 ltouort}
1402 4966 1441 5018 39.
1456 4964 1529 5029 opp,
1536 4970 1554 5013 t.
1563 4960 1607 5022 111,
1615 4960 1662 5010 ccl.
1675 4957 1729 5009 tw.
1742 4979 1775 4995 ·-

178 5039 314 5106 ‘mma
330 5061 384 5109 0³1³·
398 5062 423 5108 1,
434 5063 457 5099 t·
470 5052 494 5100 6.
507 5077 538 5088 -
550 5056 559 5083 ⁴
569 5050 589 5111 1,
600 5051 728 5113 Corinth„
738 5067 791 5116 cap.
808 5067 862 5118 xm,
875 5068 899 5105 v.
913 5057 951 5107 12
1006 5057 1016 5085 ⁸
1029 5052 1061 5118 ll,
1077 5052 1203 5113 conatu,
1215 5066 1269 5114 cap.
1280 5064 1316 5110 ru,
1328 5065 1351 5098 v.
1367 5052 1404 5099 18.
1420 5071 1453 5083 -
1468 5041 1569 5095 'uiuit
1589 5039 1649 5090 fod.
1668 5038 1730 5088 Vtct.
1743 5062 1775 5074 -

179 5120 222 5154 ‘⁵
234 5118 256 5182 b
273 5121 657 5188 c⁰fffi¹b·1¹¹¹·li³···‘ll⁰m·.
679 5142 734 5194 tap-
755 5143 814 5194 rut,
829 5144 851 5182 r.
874 5135 953 5184 ttr-
1008 5133 1142 5185 “siccos
1157 5133 1218 5184 flet.
1232 5134 1316 5183 lituos
1327 5131 1398 5180 tmb.
1469 5127 1487 5138 ”

305 5233 328 5270 ιι
1635 5213 1654 5268 2
