4559 6100
640 561 935 639 tataoaumro
959 558 1022 637 ΑΙ)
1046 560 1348 635 ausoaoslatt.
1743 562 1789 632 73

200 712 373 815 superbiae
389 712 577 784 conscium
593 713 648 783 sui
666 710 791 804 trahit,
810 711 1013 783 sicutenim
1031 710 1204 782 nonnulla
1222 725 1304 783 sunt
1320 709 1436 798 bona,
1460 716 1538 806 quae
1564 733 1638 779 non
1663 710 1792 782 nisiex

201 834 296 906 malo
310 829 547 931 proveniunt,
572 831 681 903 itaet
708 828 884 902 nonnulla
906 844 988 901 sunt
1018 830 1110 901 mala
1133 854 1213 926 quae
1238 854 1280 901 ex
1308 827 1408 901 bono
1437 827 1612 924 originem
1629 827 1787 900 trahunt.

203 951 412 1024 Paenitentia
427 949 564 1047 quippe
588 948 663 1021 sive
685 949 920 1020 correctionis
942 949 1133 1021 satisfactio
1153 973 1237 1020 cum
1252 945 1350 1019 bona
1368 947 1458 1036 sint,
1487 946 1535 1016 ita
1563 944 1697 1017 malum
1720 945 1792 1019 sac-

202 1084 278 1143 tum
293 1070 532 1158 comitantur,
551 1082 682 1139 utnon
700 1068 769 1138 nisi
782 1065 828 1138 ab
846 1092 890 1139 eo
907 1068 1004 1140 nasci
1017 1068 1170 1168 possint.
1189 1071 1217 1137 E
1233 1065 1415 1138 contrario
1432 1063 1567 1135 invidia
1582 1064 1657 1135 sive
1671 1089 1793 1162 super·

203 1187 325 1286 perbis
340 1211 426 1260 cum
441 1186 512 1258 sint
527 1186 701 1284 pessimae,
718 1185 859 1258 abonis
877 1187 1019 1260 initium
1036 1185 1185 1258 habent.
1216 1190 1330 1258 Nemo
1347 1184 1481 1283 quippe
1499 1182 1633 1253 invidia
1650 1182 1794 1255 alterius

203 1319 415 1396 attenuatur,
435 1304 503 1376 nisi
521 1328 587 1401 pro
604 1302 713 1376 bonis
729 1305 818 1401 ejus,
838 1320 874 1377 et
890 1329 999 1377 nemo
1023 1306 1091 1376 nisi
1108 1330 1151 1377 ex
1165 1303 1272 1376 bonis
1285 1328 1365 1402 quae
1381 1328 1418 1373 se
1435 1301 1568 1374 habere
1584 1303 1791 1398 cognoscit,

204 1426 238 1495 in
253 1422 458 1524 superbiam
478 1421 669 1495 extollitur.
689 1422 793 1494 Unde
806 1437 842 1494 et
853 1423 993 1496 Lucifer
1009 1423 1068 1496 ille
1083 1425 1146 1520 qui
1163 1446 1268 1494 mane
1284 1420 1477 1512 oriebatur,
1498 1431 1596 1495 tanto
1608 1421 1654 1493 ad
1670 1446 1795 1519 super·

204 1542 374 1617 biendum
390 1543 544 1641 pronior
558 1542 706 1633 exstitit,
735 1556 870 1640 quanto
895 1545 1022 1616 ceteris
1041 1543 1210 1638 angelicis
1233 1541 1415 1639 spiritibus
1438 1566 1503 1639 per
1529 1543 1711 1640 sapientiae
1739 1541 1794 1613 vel

204 1664 357 1735 scientiae
374 1662 570 1733 claritatem
585 1662 748 1759 superior
769 1662 850 1754 suit,
875 1686 943 1735 nec
965 1675 1084 1735 tamen
1109 1660 1191 1733 ideo
1212 1661 1424 1759 sapientiam
1440 1661 1516 1757 ejus
1533 1660 1588 1733 vel
1607 1662 1792 1734 scientiam

203 1780 247 1853 de
262 1781 399 1854 naturis
416 1802 537 1851 rerum
552 1779 811 1876 cognoscendis
831 1804 941 1876 quam
968 1805 989 1854 a
1013 1785 1091 1852 Deo
1117 1780 1328 1878 acceperat,
1358 1779 1489 1852 malam
1508 1779 1579 1851 dici
1601 1782 1793 1869 convenit,

203 1897 282 1972 licet
293 1899 352 1973 ille
363 1897 609 1998 superbiendo
621 1897 682 1971 illa
696 1898 790 1971 male
804 1923 889 1970 usus
902 1900 960 1971 sit.
975 1900 1035 1971 Sic
1044 1913 1079 1981 et
1092 1923 1177 1971 cum
1192 1897 1342 1995 quilibet
1357 1898 1403 1969 de
1416 1897 1647 1997 philosophia
1661 1922 1726 1971 sua
1741 1900 1797 1971 vel

204 2016 363 2091 doctrina
382 2016 558 2117 superbit,
576 2041 650 2088 non
667 2019 783 2116 ipsam
800 2018 984 2090 scientiam
999 2020 1143 2117 culpare
1157 2016 1330 2089 debemus
1346 2032 1494 2116 propter
1515 2016 1724 2113 adjunctum
1745 2020 1796 2089 vi·

205 2137 304 2227 dnm,
317 2135 382 2209 sed
394 2135 682 2235 unumquodque
700 2136 900 2209 secundum
913 2139 1069 2238 seipsum
1086 2138 1230 2238 pensari
1245 2137 1427 2223 convenit,
1439 2162 1486 2210 ne
1499 2137 1591 2210 sorte
1606 2136 1796 2209 indiscrete

204 2270 361 2351 agentes,
385 2255 633 2353 propheticam
657 2256 754 2329 illam
776 2256 1067 2332 maledictionem
1096 2259 1361 2329 incurramus¹z
1383 2260 1478 2327 «Vae
1508 2255 1565 2327 his
1589 2251 1651 2352 qui
1672 2256 1797 2328 dicant

205 2371 348 2444 bonum
357 2372 503 2462 malum,
515 2389 552 2445 et
569 2373 704 2446 malum
715 2373 871 2464 bonum,
883 2391 1060 2474 ponentes
1073 2377 1191 2448 lucem
1203 2373 1385 2462 tenebras,
1400 2389 1436 2444 et
1453 2374 1619 2445 tenebras
1632 2373 1762 2445 lucem.
1777 2404 1794 2441 s

255 2495 339 2564 Haec
354 2490 521 2565 adversus
533 2494 614 2566 illos
631 2493 726 2566 dieta
742 2492 920 2566 sufficiant
936 2496 999 2591 qui
1013 2519 1085 2566 suae
1101 2495 1287 2592 imperitiae
1303 2491 1469 2564 solatium
1487 2508 1700 2589 querentes,
1714 2518 1798 2565 cum

206 2634 272 2683 nos
286 2612 405 2709 aliqua
422 2612 469 2683 de
485 2611 744 2711 philosophicis
760 2613 987 2699 documentis
1003 2612 1186 2713 exempla,
1210 2614 1267 2685 vel
1284 2611 1532 2683 similitudines
1553 2611 1724 2685 inducere
1747 2614 1798 2684 vi·

205 2730 339 2822 derint,
357 2715 491 2827 quibus
506 2731 649 2829 planius
665 2732 765 2829 quod
781 2731 948 2806 volumus
964 2731 1043 2822 liat,
1061 2734 1180 2804 statim
1198 2731 1428 2830 obstrepunt,
1456 2731 1557 2828 quasi
1584 2753 1690 2803 sacrae
1715 2729 1800 2803 fidei

207 2864 239 2919 et
263 2849 395 2922 divinis
420 2850 621 2923 rationibus
644 2852 729 2949 ipsae
745 2866 879 2925 naturae
895 2877 1016 2924 rerum
1035 2877 1058 2926 a
1076 2856 1153 2925 Deo
1170 2851 1398 2924 conditarum
1415 2851 1567 2923 inimicae
1583 2850 1795 2938 videantur3
1915 2866 1923 2871 ’

207 2992 357 3068 quarum
384 2969 551 3043 videlicet
580 2984 790 3044 naturarum
824 2973 1017 3045 maximam
1042 2996 1064 3045 a
1089 2977 1168 3044 Deo
1200 2972 1364 3071 peritiam
1391 2970 1458 3070 ipsi
1484 2983 1567 3042 sunt
1592 2968 1801 3070 philosophi

208 3089 405 3178 consecuti,
435 3104 477 3161 ut
499 3114 584 3162 cum
607 3092 720 3163 sancti
746 3091 910 3165 doctores
933 3091 1182 3188 allegoriarum
1209 3090 1377 3192 mysteria
1398 3091 1436 3160 in
1463 3091 1548 3187 ipsis
1571 3089 1797 3181 animalium,

208 3207 520 3307 relquarumlibet
537 3193 674 3283 naturis
692 3236 815 3284 rerum
829 3213 1056 3310 investigent,
1071 3211 1172 3309 juxta
1188 3212 1350 3310 ipsomm
1366 3208 1668 3308 philosophorum
1684 3209 1798 3298 dicta,

208 3326 272 3399 has
286 3328 482 3423 assignent,
501 3328 659 3402 dicentes
673 3331 820 3429 quidem
836 3330 931 3402 hanc
946 3330 1054 3428 hujus
1062 3330 1119 3402 vel
1130 3329 1225 3402 illius
1241 3344 1406 3400 naturam
1423 3352 1499 3399 esse
1513 3330 1584 3420 rei,
1604 3329 1694 3400 sicut
1711 3328 1801 3427 phy·

208 3448 285 3519 εἰη
301 3447 492 3546 scriptores
507 3447 744 3522 tradiderunt.
766 3454 806 3521 ln
820 3462 960 3521 rantum
976 3472 1062 3520 vero
1079 3449 1158 3547 ipsa
1176 3447 1312 3518 lactura
1327 3445 1524 3518 delectatur
1539 3449 1654 3538 Deus,
1675 3460 1715 3517 ut
1732 3446 1800 3519 ire

208 3576 371 3659 quenter,
391 3565 476 3662 ipsis
494 3589 614 3639 rernm
630 3568 766 3639 naturis
779 3590 870 3664 quas
884 3567 1030 3661 creavit,
1048 3591 1087 3639 se
1102 3565 1247 3662 figurari
1264 3566 1375 3663 magis
1390 3587 1498 3663 qtaam
1517 3563 1637 3636 verbis
1650 3567 1799 3658 nostris,

209 3705 285 3778 qum
300 3706 368 3754 nos
384 3681 624 3756 confinximus
638 3699 701 3758 aut
715 3685 936 3776 invenimus,
963 3686 1116 3784 exprimi
1132 3685 1235 3775 velit,
1260 3699 1300 3757 ut
1316 3684 1429 3781 magis
1445 3684 1521 3782 ipsa
1537 3706 1657 3756 rerum
1678 3684 1800 3757 simili·

210 3801 350 3890 tudine,
367 3826 477 3900 quam
493 3803 690 3877 verborum
703 3819 912 3878 nostrorum
933 3805 1086 3901 gaudeat
1101 3806 1343 3905 proprietate,
1368 3818 1409 3876 ut
1436 3802 1482 3875 ad
1509 3802 1719 3900 eloquentiae
1740 3828 1801 3877 ve-

209 3933 385 3993 nustatem
402 3921 488 4020 ipsis
505 3946 625 3995 rerum
642 3927 791 4014 naturis,
806 3923 906 4021 juata
924 3923 1082 4022 aliquam
1099 3924 1385 4015 similitudinem,
1403 3947 1472 4021 pro
1490 3920 1609 3994 verbis
1622 3924 1802 4022 Scriptura

210 4037 308 4110 malit
321 4041 393 4131 uti,
410 4063 520 4138 quam
536 4042 691 4140 propriae
707 4041 899 4115 locutionis
921 4043 1159 4140 integritatem
1181 4043 1296 4141 sequi.
1315 4047 1429 4114 Nemo
1443 4041 1564 4139 itaque
1583 4066 1641 4113 me
1658 4041 1801 4141 culpare

209 4171 416 4252 presumat,
432 4159 461 4230 si
478 4158 525 4231 ad
541 4161 767 4258 propositum
781 4174 946 4232 nostrum
962 4160 1254 4253 ostendendum,
1272 4159 1411 4259 aliquas
1418 4160 1478 4232 vel
1501 4185 1543 4232 ex
1560 4158 1667 4233 nobis
1683 4161 1739 4232 rel
1757 4185 1801 4233 ex

208 4272 432 4374 philosophis
448 4276 698 4352 similitudines
713 4279 890 4351 induxero
907 4335 917 4372 ,
942 4278 1074 4377 quibus
1090 4279 1227 4353 facilius
1243 4280 1381 4377 aperire
1397 4278 1496 4376 quod
1512 4278 1699 4373 desidero,
1715 4305 1802 4379 pos·

209 4393 286 4465 sim.
317 4395 497 4493 Scriptum
529 4398 665 4497 quippe
691 4412 767 4470 est:
789 4427 808 4464 «
825 4401 892 4474 Fas
918 4411 971 4471 est
996 4397 1044 4471 ah
1066 4397 1171 4475 hoste
1194 4397 1336 4491 doceri,
1356 4424 1373 4462 r
1390 4412 1427 4469 et
1452 4421 1537 4470 cnm
1564 4398 1801 4497 intelligentiae

210 4510 451 4606 deservimus,
468 4513 587 4588 modis
602 4514 772 4588 omnibus
789 4516 991 4589 curandum
1005 4531 1082 4607 est,
1101 4529 1144 4588 ut
1155 4515 1278 4614 quoad
1295 4540 1485 4615 possumus
1505 4516 1544 4587 id
1562 4516 1663 4592 facile
1687 4518 1801 4593 lacere

211 4628 427 4705 studeamus.
455 4631 560 4705 Unde
583 4647 636 4706 est
662 4632 752 4707 illud
779 4632 876 4707 beati
903 4634 1093 4708 consilium
1119 4634 1321 4733 Augustini,
1350 4635 1388 4706 in
1404 4649 1534 4732 quarto
1562 4634 1605 4707 de
1628 4641 1802 4711 Doctrina

208 4748 422 4844 stream,
441 4749 506 4848 ubi
520 4750 669 4849 quidem
685 4753 895 4826 Christiane
911 4753 1083 4826 doctrine
1100 4753 1232 4827 modos
1247 4754 1452 4853 exsequitur
1469 4778 1511 4826 ac
1524 4754 1670 4828 docet¹:
1689 4785 1708 4825 r
1722 4760 1801 4829 Non
1928 4797 1932 4805 ·

212 4882 360 4941 curante
378 4868 464 4960 illo,
481 4871 621 4969 inquit,
637 4873 700 4970 qni
716 4871 836 4964 docet,
852 4886 989 4970 quauta
1006 4872 1210 4972 eloquentia
1227 4872 1447 4964 doceat-sed
1460 4888 1593 4971 quama
1610 4873 1801 4948 evidentia.

244 5136 342 5200 ‘laei.‚
358 5155 414 5206 cap.
434 5158 459 5204 v,
475 5157 498 5195 r.
511 5147 551 5197 2⁰.
565 5146 675 5197 dub.
688 5144 730 5207 tv,
743 5159 799 5210 erp.
810 5161 840 5210 x,
855 5146 962 5212 0pp.‚t.
982 5146 1032 5211 ΙΙΙ,
1043 5147 1092 5198 eol.
1106 5149 1147 5198 tt.

250 5245 253 5252 ·
331 5250 356 5288 n
