4559 6100
492 524 537 598 rs
971 616 979 625 ¹
1090 529 1482 606 imitaminor

488 695 633 747 necesse
654 671 786 746 habeat
800 674 849 748 ab
862 674 935 749 alio
950 701 1040 751 esse.
1058 680 1140 751 tton
1156 680 1277 753 minus
1293 694 1412 753 tamen
1428 695 1490 752 aut
1507 680 1637 753 Filium
1650 696 1714 752 aut
1727 682 1897 780 Spiritum
1914 697 2076 757 eandum

488 794 774 892 omnipotentem
787 794 1021 893 prediermus
1033 821 1143 894 quarn
1159 802 1312 870 Patrm.
1329 802 1374 870 Ut
1393 800 1492 871 enim
1503 799 1630 873 beatus
1646 802 1811 873 meminit
1829 804 2070 899 Augustinns¹,

487 926 720 1010 nonpropter
729 913 827 985 atiud
838 916 1070 1013 omnipotens
1076 916 1208 988 dicitur
1221 921 1331 1007 Deus,
1346 918 1414 989 nisi
1425 920 1509 1016 quia
1522 918 1700 1017 quidquid
1712 920 1790 991 vult
1797 934 1916 1018 potest
1923 921 2075 1013 ὥσπε,

488 1043 528 1101 ut
544 1054 620 1102 non
638 1031 771 1103 scilicet
787 1033 825 1105 in
837 1033 959 1131 aliquo
975 1032 1167 1106 efficiendo
1182 1033 1296 1108 ullum
1312 1035 1389 1133 ejus
1404 1036 1581 1109 voluntati
1597 1038 1897 1137 impedimentum
1913 1038 2076 1114 obsistat.

489 1147 575 1221 Ideo
590 1164 710 1222 autem
724 1151 833 1223 trium
844 1176 1079 1251 personarum
1099 1151 1250 1225 indivisa
1266 1178 1400 1252 opera,
1419 1155 1457 1226 id
1474 1171 1529 1227 est
1542 1157 1751 1229 commtmia
1762 1155 1950 1247 dicuntur,
1976 1158 2077 1255 quod

488 1268 664 1365 quidquid
678 1270 839 1368 potentia
852 1272 998 1366 geritur,
1013 1271 1052 1342 id
1062 1272 1236 1370 sapientia
1249 1272 1469 1360 moderatur,
1485 1289 1522 1346 et
1533 1273 1713 1347 bonitate¹
1724 1274 1907 1349 conditur.
1924 1276 2028 1349 Unde
2042 1292 2077 1350 et

489 1387 617 1459 merito
633 1389 671 1459 in
687 1386 745 1459 his
757 1412 836 1486 quae
851 1388 967 1462 iacere
985 1395 1102 1463 Deum
1118 1415 1322 1479 exoramus,
1340 1394 1724 1465 commemorationem
1737 1393 1887 1465 facimus
1899 1396 2079 1468 Trinitatis

487 1504 665 1579 dicentes:
679 1510 746 1579 «in
755 1510 1042 1581 nominesanctae
1050 1524 1087 1582 et
1095 1510 1510 1599 individuaeTrinitatis,n
1520 1510 1576 1583 rei
1587 1540 1597 1583 z
1607 1513 1831 1584 utnnomine
1842 1516 1952 1584 Patris
1959 1528 1994 1586 et
2002 1513 2079 1586 ntit

487 1638 524 1696 et
541 1625 692 1722 Spiritus
707 1628 832 1699 sancti.
844 1656 862 1692 s
881 1633 926 1700 Ut
939 1629 1030 1701 sicut
1042 1629 1152 1700 trium
1168 1653 1404 1728 personarum
1420 1644 1472 1702 est
1485 1629 1638 1703 indivisa
1653 1632 1831 1729 operatio,
1843 1632 1891 1703 ita
1905 1647 2079 1705 eteorum

487 1744 533 1815 sit
552 1744 797 1843 inseparabilis
818 1748 1012 1838 invocatio,
1041 1763 1150 1846 atque
1173 1746 1246 1819 hoc
1271 1747 1383 1820 modo
1400 1773 1484 1819 cnm
1503 1747 1592 1827 tides
1610 1750 1688 1847 ipsa
1711 1749 1881 1848 postulati
1914 1749 2079 1823 beneficii

488 1875 685 1952 astruatur,
707 1878 827 1937 tamen
847 1868 923 1965 ipsa
935 1867 1055 1966 operis
1068 1867 1184 1938 divini
1198 1865 1356 1939 efficacia
1369 1867 1657 1939 commendetur.
1674 1867 1790 1940 Facile
1806 1870 1904 1938 enim
1922 1869 2080 1941 creditur

489 1978 647 2054 t'acturus
664 2007 741 2055 esse
756 1982 895 2057 bonum
914 1984 1014 2083 quod
1029 1999 1187 2083 rogatur,
1208 1986 1270 2083 qui
1285 1999 1320 2057 et
1334 1986 1451 2057 [acere
1465 1985 1516 2071 id,
1532 1987 1623 2057 sicut
1634 1985 1799 2075 voluerit,
1814 1999 1947 2083 potest,
1965 2002 2001 2059 et
2016 1986 2078 2060 be·

489 2099 716 2197 nignissimus
738 2128 816 2175 esse
840 2108 1082 2202 cognoscitur.
1104 2107 1256 2177 Nomine
1276 2129 1364 2177 vero
1381 2106 1508 2194 Patris,
1527 2117 1566 2176 ut
1583 2104 1720 2176 dictum
1734 2119 1802 2193 est,
1818 2107 2079 2203 omnipotentia

488 2219 568 2312 Dei,
586 2223 735 2294 nomine
751 2223 903 2322 Spiritus
918 2247 1060 2296 summa
1075 2224 1153 2320 ejus
1168 2223 1370 2321 benignitas
1388 2240 1705 2295 commemoratur.
1724 2227 1816 2294 Cum
1832 2237 1954 2295 autem
1969 2240 2006 2296 et
2024 2248 2079 2296 sa·

488 2338 628 2437 pientiae
644 2340 773 2413 divinae
785 2344 1084 2419 commemoratio
1099 2342 1260 2433 additur,
1274 2367 1354 2440 qnae
1369 2341 1503 2414 scilicet
1518 2343 1669 2415 nomine
1683 2341 1759 2413 Filii
1776 2343 1999 2439 exprimitur,
2015 2368 2081 2442 per

487 2482 595 2556 qnam
613 2458 649 2530 in
667 2459 837 2533 omnibus
850 2486 929 2560 quae
944 2462 1053 2535 efficit
1067 2461 1220 2534 modum
1237 2475 1359 2533 tenere
1371 2462 1526 2552 noverit,
1550 2461 1711 2558 egregius
1721 2460 1869 2532 effectus
1880 2460 2081 2534 ostenditur

488 2578 549 2674 qui
570 2577 618 2650 ab
634 2604 679 2651 eo
692 2581 897 2678 proveniat,
923 2583 985 2680 qui
1003 2584 1223 2677 omniaque
1240 2579 1326 2653 velit
1338 2580 1455 2651 facere
1473 2594 1598 2678 queat,
1616 2580 1705 2651 etin
1722 2578 1893 2651 omnibus
1909 2579 2080 2653 iaciendis

488 2696 640 2769 modum
656 2702 744 2772 sciat
758 2723 912 2793 serrare,
925 2716 962 2773 et
976 2701 1113 2798 optime
1126 2713 1255 2771 cuncta
1271 2697 1358 2771 velit
1376 2697 1466 2770 fieri.
1481 2705 1524 2770 tt
1539 2722 1626 2771 rero
1639 2722 1723 2771 cum
1735 2721 1957 2795 unaquaeque
1970 2699 2079 2771 trium

488 2838 724 2913 personarum
749 2817 834 2891 inde
858 2820 1090 2918 omnipotens
1109 2817 1267 2908 dicatur,
1287 2817 1388 2917 quod
1404 2817 1582 2915 quidquid
1600 2841 1726 2890 earum
1750 2842 1975 2915 quecunque
1995 2817 2080 2891 vetit

489 2932 643 3029 efficere,
660 2938 771 3035 possit
785 2940 988 3039 complere3
1006 2964 1082 3012 non
1096 2954 1217 3012 tamen
1235 2961 1379 3009 neeesse
1394 2951 1447 3008 est
1464 2935 1594 3008 eodem
1612 2935 1725 3007 modo
1736 2960 1775 3008 se
1790 2936 1933 3034 penitus
1948 2934 2081 3009 habere

489 3077 599 3126 unam
621 3081 696 3152 quo
713 3058 881 3150 alteram,
908 3085 991 3133 curn
1014 3085 1092 3134 ase
1107 3060 1262 3132 invicem
1286 3060 1359 3129 suis
1375 3055 1672 3156 proprietatibus⁸
1695 3054 1844 3128 dirersae
1866 3056 1951 3127 sint.
1977 3056 2081 3128 Solus

488 3174 623 3272 qnippe
636 3180 739 3250 Pater
750 3193 867 3277 potest
880 3204 956 3253 esse
969 3185 1073 3254 Pater
1083 3182 1159 3254 sive
1173 3179 1364 3277 ingenitus,
1379 3189 1416 3249 et
1426 3175 1524 3247 scius
1538 3174 1645 3246 Filius
1658 3175 1811 3272 genitus,
1829 3176 1921 3245 sicut
1932 3189 1969 3246 et
1981 3173 2080 3246 solus

487 3294 639 3392 Spiritus
655 3315 799 3370 sanctus
820 3299 1033 3395 procedens.
1055 3299 1243 3396 Quidquid
1260 3299 1381 3394 itaque
1397 3318 1470 3366 una
1489 3316 1644 3393 persona
1662 3293 1779 3366 faeere
1794 3307 1934 3392 potest,
1952 3307 1990 3363 et
2011 3291 2080 3365 alia

489 3426 616 3511 potest,
628 3430 663 3487 et
679 3415 762 3489 ideo
779 3442 1001 3516 unaqueque
1014 3421 1244 3517 omnipotens
1258 3418 1400 3504 dicitnr,
1412 3413 1474 3487 sed
1489 3437 1566 3484 non
1580 3411 1756 3511 quidquid
1770 3435 1843 3483 una
1856 3434 1932 3482 esse
1945 3424 2077 3509 potest,

488 3533 544 3605 vel
560 3534 661 3630 cujus
675 3534 786 3608 modo
802 3561 875 3609 una
890 3563 967 3610 esse
988 3551 1121 3637 potest,
1146 3561 1291 3609 necesse
1310 3550 1365 3607 est
1382 3535 1530 3606 aiteram
1548 3557 1637 3605 esse.
1653 3536 1731 3604 Hoc
1746 3544 1880 3623 autem,
1896 3543 1985 3601 teste
1996 3531 2079 3602 Hie·

487 3674 655 3748 ronym0‚
674 3653 754 3750 pius
768 3653 903 3727 habere
920 3661 1023 3726 Peter
1038 3680 1060 3727 a
1075 3655 1164 3727 Filio
1178 3655 1371 3743 invenitur,
1387 3652 1488 3750 quod
1504 3651 1602 3724 solus
1616 3676 1638 3723 a
1653 3652 1771 3750 seipso
1787 3665 1853 3738 est,
1869 3648 1977 3720 Filius
1992 3672 2080 3720 vero

487 3793 507 3841 a
524 3793 562 3842 se
579 3795 653 3843 non
671 3787 735 3859 est,
748 3771 811 3844 sed
830 3798 851 3846 a
869 3779 974 3846 Patre
990 3790 1162 3872 tanquam
1178 3773 1330 3870 genitus.
1353 3772 1411 3843 Sic
1423 3772 1558 3870 quippe
1574 3772 1622 3843 ait
1638 3770 1771 3843 Nicaeni
1792 3767 1948 3857 concilii,
1967 3791 2079 3866 expo·

488 3888 610 3961 nendo
627 3888 756 3980 fidem,
775 3891 1022 3989 symbolum⁸z
1044 3922 1062 3959 u
1084 3891 1181 3963 Absit
1196 3915 1282 3989 ergo
1297 3892 1335 3962 in
1352 3890 1441 3963 Filio
1458 3891 1524 3962 Dei
1543 3889 1641 3962 aliud
1660 3887 1743 3988 plus
1759 3890 1946 3980 minusve,
1963 3900 2026 3958 aut
2041 3887 2079 3958 in

488 4007 570 4079 loco
586 4023 648 4081 nut
664 4008 699 4080 in
715 4024 898 4109 tempore,
925 4026 987 4084 aut
1002 4012 1040 4083 in
1056 4011 1240 4111 potentia,
1267 4010 1380 4082 autin
1398 4009 1565 4098 scientia,
1589 4009 1705 4080 autin
1721 4006 1941 4105 equalitate,
1966 4004 2078 4076 autin

486 4125 727 4225 subjectione,
753 4153 837 4201 cum
861 4128 991 4202 dicitur
1010 4129 1083 4202 hoc
1102 4145 1144 4201 ut
1165 4129 1342 4202 divinitati
1366 4128 1443 4225 ejus
1458 4126 1673 4219 ascribatur,
1696 4150 1773 4198 nou
1789 4125 1902 4197 carni.
1926 4122 2080 4195 sienim

488 4244 568 4343 pius
585 4247 749 4320 minusve
761 4247 860 4320 aiiud
877 4250 1073 4341 invenitur,
1091 4263 1242 4346 excepto
1258 4247 1330 4320 hoc
1342 4244 1443 4342 quod
1462 4246 1585 4343 genuit
1602 4249 1706 4317 Pater
1722 4245 1864 4332 Filium,
1883 4255 1918 4315 et
1930 4256 2082 4341 excepto

487 4362 559 4436 hoc
575 4365 674 4462 quod
691 4367 799 4439 Fiiius
815 4393 890 4441 non
908 4393 950 4440 ex
969 4369 1160 4467 semetipso
1175 4380 1282 4439 natus
1297 4379 1367 4456 est,
1383 4363 1447 4437 sed
1462 4363 1510 4435 de
1527 4368 1631 4436 Patre
1644 4378 1751 4436 natus
1767 4374 1838 4454 est,
1855 4361 2003 4460 proprie
2019 4374 2081 4432 aut

488 4483 651 4556 inridens
661 4500 720 4558 aut
732 4488 913 4584 impotens
926 4492 1041 4580 Pater,
1052 4488 1199 4585 insuper
1208 4487 1315 4558 etiam
1324 4481 1532 4581 temporalis
1540 4484 1759 4580 agnoscitur.
1775 4511 1793 4548 s
1805 4484 1856 4550 Ex
1867 4478 1922 4549 his
1932 4476 2080 4574 quidem

488 4603 606 4676 verbis
623 4605 849 4702 Hieronymi,
868 4630 951 4678 cum
969 4605 1159 4704 profitetur
1175 4605 1227 4676 nit
1243 4604 1324 4703 plus
1345 4604 1381 4672 in
1400 4607 1502 4675 Patre
1520 4625 1629 4700 quam
1647 4601 1685 4674 in
1703 4600 1812 4689 Filio,
1832 4595 1887 4669 vei
1904 4595 2026 4667 minus
2041 4596 2080 4668 in

489 4725 577 4797 Filio
594 4748 702 4821 quam
718 4726 755 4799 in
773 4729 875 4799 Patre
891 4707 1051 4826 reperiri,
1061 4738 1211 4824 excepto
1227 4722 1327 4822 quod
1339 4721 1446 4795 Filius
1461 4744 1482 4793 a
1498 4721 1616 4820 seipso
1630 4745 1705 4794 non
1720 4733 1786 4810 est,
1798 4718 1890 4791 sicut
1905 4728 1942 4787 et
1961 4718 2077 4805 Pater,

520 5048 714 5109 ‘antistitium
727 5061 860 5113 capam.
872 5048 1082 5113 -weniquitnte
1094 5047 1258 5100 coqvtu-
1312 5048 1377 5109 plan.
1398 5046 1431 5096 ad
1443 5043 1536 5107 cnut,
1549 5042 1627 5108 Opp,
1644 5049 1664 5092 t.
1684 5038 1715 5101 V,
1734 5040 1781 5091 cot.
1803 5040 1862 5101 ¹²⁵3
1879 5048 1943 5100 opus
1957 5033 1990 5083 ab
2007 5029 2078 5080 nte·

508 5126 548 5179 stc
555 5126 617 5180 God.
626 5126 687 5179 Vtct.
701 5128 766 5179 Cum
777 5128 805 5178 iu
811 5129 866 5179 suis
874 5127 1073 5194 proprietatibus
1085 5124 1257 5181 tntu-‘Ex-
1311 5139 1385 5190 nrnn
1402 5126 1568 5189 consertptnn
1578 5135 1632 5173 esse
1646 5134 1696 5172 non
1705 5120 1810 5171 rtdetur.
