4559 6100
484 551 640 625 Etfltct
667 551 748 622 SEU
773 548 898 622 LIBER
922 544 1075 621 nictus
1099 574 1109 618 t
1139 549 1262 621 sct‘ro
1287 547 1485 621 TElPSUM.
1744 542 1816 616 625

225 702 379 796 «Stulte,
399 701 467 776 hac
477 715 583 774 nocte
592 701 748 773 animam
766 713 863 772 tuam
877 711 1045 797 repetunt
1058 723 1080 771 a
1093 712 1150 788 te,
1169 724 1247 797 quae
1263 712 1384 772 autem
1401 692 1532 794 parasti
1542 693 1782 792 cujuserunt?
1797 720 1814 760 r

223 824 381 897 Omiser
400 824 621 920 quicumque
637 820 717 892 talis
739 843 790 910 es,
816 819 890 890 imo
913 817 1127 890 miserorum
1151 819 1315 890 omnium
1337 816 1549 907 miserrime,
1572 829 1608 887 et
1623 813 1816 886 stultorum

222 943 440 1031 stultissime,
469 965 544 1013 non
570 936 737 1038 provides
758 937 845 1036 quid
867 936 930 1009 tibi
955 961 1158 1026 conserves,
1184 936 1248 1009 sed
1269 936 1359 1034 quid
1380 934 1456 1007 aliis
1478 932 1720 1006 thesaurizes?
1737 936 1818 1020 Qua

222 1061 499 1160 praesumptione
527 1063 646 1130 Deum
664 1056 838 1147 offendis,
862 1056 908 1129 ad
933 1055 1035 1153 cujus
1058 1054 1283 1127 horrendum
1302 1053 1481 1150 judicium
1504 1051 1653 1150 raperis,
1673 1065 1714 1124 ut
1736 1066 1818 1124 tuos

221 1177 355 1251 babeas
377 1179 553 1278 propitios
577 1202 669 1275 quos
693 1175 785 1248 ditas
801 1175 847 1249 de
865 1199 1065 1275 pauperum
1091 1173 1252 1273 rapinis?
1283 1173 1372 1261 Quis
1399 1197 1507 1268 super
1530 1185 1565 1243 te
1587 1194 1663 1241 non
1683 1168 1815 1265 rideat,

222 1299 250 1367 si
268 1297 421 1370 audierit
439 1312 473 1370 te
492 1321 635 1397 sperare
647 1295 738 1367 alios
756 1295 867 1391 magis
889 1293 953 1366 tibi
966 1294 1143 1394 propitios
1165 1293 1243 1366 sore
1258 1316 1368 1390 quam
1391 1290 1586 1390 teipsum?
1604 1287 1764 1363 Confidis
1780 1291 1818 1363 in

222 1534 373 1607 heredes
389 1536 588 1626 constituis,
608 1533 742 1633 quibus
758 1533 871 1605 aliena
894 1558 959 1630 per
974 1533 1135 1631 rapinam
1152 1529 1368 1632 possidenda
1385 1529 1569 1625 relinquis.
1589 1529 1709 1600 Vitam
1729 1553 1818 1626 pau·

222 1654 367 1749 peribus
382 1655 501 1753 eripis,
520 1652 584 1726 sua
600 1653 667 1724 illis
682 1652 892 1740 auferendo,
913 1651 1010 1724 unde
1023 1664 1107 1723 sont
1120 1649 1355 1741 sustentandi,
1375 1649 1464 1722 etin
1490 1648 1540 1720 eis
1557 1671 1700 1719 rursum
1719 1649 1819 1720 occi·

221 1770 306 1844 dere
322 1773 500 1844 Christum
517 1771 749 1865 machinaris,
763 1771 864 1868 juxta
875 1771 964 1843 illud
980 1771 1086 1868 quod.
1095 1771 1244 1869 ipsemet
1261 1770 1350 1841 ait¹t
1366 1797 1384 1836 a
1402 1767 1511 1856 Quod
1524 1767 1586 1841 uni
1602 1791 1645 1841 ex
1660 1768 1818 1841 minimis

222 1891 310 1963 meis
334 1889 480 1981 lecistis,
504 1891 590 1963 mihi
612 1890 752 1962 lecistis.
775 1889 911 1978 »Quid
935 1914 1021 1986 ergo
1042 1905 1081 1961 tu
1106 1888 1198 1961 male
1222 1890 1303 1988 pius
1328 1889 1365 1959 in
1385 1902 1478 1977 tuos,
1504 1899 1539 1958 et
1555 1885 1710 1958 crudelis
1724 1887 1760 1958 in
1781 1903 1817 1959 te

211 2010 352 2107 vpuriter
368 2026 476 2107 atque
498 2015 636 2098 Deum,
654 2033 675 2080 a
691 2008 812 2106 judice
825 2009 922 2105 justo
938 2023 1133 2107 exspectas,
1157 2009 1204 2081 ad
1221 2033 1328 2106 quem
1346 2007 1453 2096 velis,
1473 2006 1587 2099 nolis,
1603 2006 1819 2102 judicandus

221 2153 405 2227 properas,
426 2130 581 2226 quinon
600 2130 715 2203 solum
734 2129 779 2202 de
801 2130 948 2228 rapinis,
967 2129 1030 2202 sed
1049 2131 1156 2201 etiam
1172 2129 1218 2201 de
1233 2128 1345 2229 verbo
1362 2130 1478 2200 otioso
1494 2128 1671 2199 rationem
1689 2127 1818 2224 exigit?

222 2249 292 2334 Qui
315 2274 424 2345 quam
446 2248 625 2320 districtus
645 2251 690 2319 sit
714 2248 923 2320 invindicta
942 2249 1142 2347 primorum
1165 2247 1354 2320 hominum
1377 2247 1495 2320 statim
1519 2244 1680 2317 exhibuit
1696 2271 1815 2346 poena.

221 2367 338 2438 Semel
355 2366 463 2439 Adam
480 2368 653 2465 peccavit,
673 2379 708 2438 et
724 2368 995 2465 comparatione
1010 2382 1231 2455 nostrorum,
1249 2368 1342 2439 sicut
1364 2371 1492 2439 Beatus
1509 2365 1672 2438 meminit
1687 2366 1819 2439 Hiero·

222 2509 373 2580 nymus,
400 2486 618 2558 levissimum
652 2486 727 2581 ejus
752 2500 941 2585 peccatum
971 2486 1049 2559 fuit.
1078 2490 1157 2558 Non
1188 2510 1405 2584 quemquam
1432 2510 1497 2584 per
1522 2485 1728 2558 violentiam
1753 2510 1819 2585 op-

222 2604 371 2700 pressit,
401 2604 691 2702 necquidquam
717 2605 822 2677 alicui
847 2604 1011 2697 abstulit3
1042 2605 1088 2678 de
1121 2605 1238 2678 fructu
1264 2605 1328 2701 qui
1351 2602 1561 2702 reparabilis
1587 2620 1681 2698 erat,
1711 2605 1820 2677 semel

223 2723 387 2819 gustavit.
416 2727 455 2795 ln
473 2748 543 2820 qua
560 2725 707 2822 quidem
726 2740 798 2797 tam
819 2724 888 2798 levi
904 2728 1196 2822 transgressione,
1220 2728 1257 2797 in
1281 2725 1523 2825 posteritatem
1545 2748 1691 2821 quoque
1711 2739 1821 2798 totam

222 2865 288 2937 per
307 2867 452 2939 poenam
477 2843 696 2933 redundata,
726 2859 999 2942 praemonstrare
1023 2845 1202 2919 Dominus
1227 2845 1407 2934 decrevit,
1434 2844 1523 2942 quid
1551 2845 1598 2917 de
1623 2844 1821 2944 majoribus

223 2960 378 3032 facturos
393 2964 437 3033 sit
454 2964 580 3061 culpis.
600 2965 707 3034 Dives
724 2988 833 3061 quem
853 2963 900 3036 ad
918 2964 1052 3036 inferos
1069 2965 1246 3036 Dominus
1260 2964 1488 3037 descendisse
1509 2962 1610 3056 dicit,
1629 2990 1704 3037 non
1721 2964 1821 3064 quod

222 3079 335 3151 aliena
359 3084 535 3178 rapuerit,
561 3083 625 3155 sed
651 3083 734 3178 quia
756 3085 903 3180 propria
926 3083 1057 3181 quibus
1077 3098 1251 3181 tanquam
1274 3083 1377 3156 licitis
1397 3081 1620 3170 vescebatur,
1645 3084 1821 3180 indigenti

222 3201 356 3269 Lazaro
382 3221 456 3270 non
481 3200 696 3298 impertivit,
721 3214 887 3298 patenter
913 3200 1040 3273 edocet
1065 3227 1135 3298 qua
1160 3225 1265 3301 poeua
1291 3201 1440 3274 feriendi
1462 3217 1567 3293 sunt,
1592 3204 1655 3298 qui
1678 3205 1822 3301 rapiunt

222 3315 351 3406 aliena,
370 3318 400 3388 si
416 3318 467 3389 sic
482 3316 541 3389 ille
555 3317 747 3391 damnatus
763 3332 831 3405 est,
849 3332 957 3416 atque
972 3320 1009 3390 in
1027 3320 1169 3391 inferno
1184 3321 1356 3418 sepultus,
1376 3323 1439 3418 qui
1456 3345 1532 3392 uon
1547 3319 1710 3393 tribuerit
1722 3320 1821 3398 bona

223 3458 300 3506 sua.
318 3439 449 3507 Tecum
475 3438 647 3509 memoria
664 3437 715 3510 tui
733 3436 889 3537 sepulta,
911 3453 947 3509 ct
961 3438 1036 3509 cito
1055 3439 1194 3510 siccatis
1215 3439 1380 3536 lacrymis
1401 3464 1528 3512 eorum
1558 3465 1651 3536 quos
1679 3440 1715 3512 in
1737 3465 1822 3514 exe-

223 3558 316 3653 quiis
349 3558 525 3654 habuisti,
549 3562 652 3656 juxta
677 3560 831 3633 rhetoris
843 3560 1021 3660 Apollonii
1045 3589 1054 3633 ε
1077 3592 1094 3628 α
1115 3562 1312 3659 Lacbryma
1329 3562 1418 3635 nibil
1432 3563 1538 3636 citius
1564 3565 1705 3654 arescit,
1730 3579 1821 3638 »tua

223 3677 354 3774 conjux
374 3680 411 3750 in
434 3682 599 3779 proximo
619 3681 666 3754 ad
688 3705 800 3753 novas
816 3682 960 3779 nuptias
973 3706 1011 3753 se
1029 3683 1253 3781 praeparavit,
1272 3696 1314 3753 ut
1331 3684 1417 3755 novi
1439 3684 1556 3755 mariti
1577 3684 1821 3783 voluptatibus

223 3795 416 3871 deserviret
442 3799 488 3872 de
513 3800 570 3872 his
601 3825 691 3899 quas
722 3801 755 3873 ei
781 3799 942 3872 dimisisti
971 3802 1127 3900 rapinis,
1153 3816 1190 3874 et
1215 3816 1388 3902 praesente
1416 3801 1534 3875 adhuc
1556 3827 1710 3901 corpore
1734 3819 1817 3893 tuo,

223 3913 391 3989 lectulum
413 3918 592 3991 calefaciet
608 3918 738 4009 alieno,
761 3934 795 3991 te
816 3921 946 3991 misero
963 3920 1116 3992 flammis
1138 3920 1311 4018 gehennae
1332 3921 1534 4021 voluptates
1551 3920 1630 3994 illas
1654 3921 1816 4020 plexuro.

223 4035 322 4106 ldem
339 4052 375 4109 et
391 4061 412 4110 a
430 4038 509 4110 liliis
526 4039 596 4111 tuis
612 4039 875 4138 expectandum
893 4054 956 4111 est.

272 4157 381 4242 Quod
401 4158 431 4230 si
446 4159 527 4257 quis
544 4157 635 4230 forte
655 4160 862 4255 interroget,
887 4183 954 4230 cur
975 4182 1049 4231 non
1068 4161 1121 4231 tui
1144 4161 1387 4248 recordantes,
1408 4160 1645 4260 eleemosynis
1666 4163 1738 4235 suis
1755 4162 1819 4235 tibi

222 4277 481 4372 propitientur,
502 4280 622 4351 multis
640 4280 739 4351 sede
756 4279 871 4351 causis
887 4304 1055 4352 excusare
1072 4307 1178 4380 posse
1191 4282 1372 4354 videntur.
1392 4281 1484 4369 Quia
1502 4282 1613 4372 enim,
1630 4283 1659 4353 si
1675 4306 1820 4381 respon·

222 4394 331 4466 deant
347 4421 451 4467 :cum
468 4399 526 4471 ille
543 4397 610 4469 sibi
623 4399 799 4497 propitius
817 4423 892 4472 esse
909 4399 1077 4488 noluerit,
1094 4415 1228 4498 quanta
1244 4401 1390 4472 stultitia
1406 4400 1472 4472 fuit
1489 4399 1557 4472 sibi
1572 4400 1660 4474 alios
1676 4425 1820 4500 sperare

221 4513 411 4611 propitios,
431 4532 467 4586 et
484 4518 611 4589 animae
626 4541 698 4588 suae
715 4516 867 4590 salutem
883 4518 959 4591 aliis
975 4521 1211 4610 committere,
1232 4519 1278 4592 de
1297 4544 1369 4618 qua
1385 4522 1461 4617 ime
1479 4517 1605 4594 debuit
1622 4521 1819 4621 plurimum

223 4631 431 4728 providere!
452 4638 571 4722 Quem
591 4633 659 4707 sibi
676 4636 873 4734 propitium
889 4640 1002 4736 magis
1019 4638 1171 4711 credidit
1184 4661 1294 4736 quam
1302 4636 1486 4736 seipsum?
1500 4640 1571 4726 Qui
1583 4638 1651 4714 sibi
1663 4638 1817 4716 crudetis

222 4764 316 4842 erat,
345 4750 391 4824 de
415 4754 516 4850 cujus
542 4754 788 4828 misericordia
812 4755 1040 4829 confidebat?
1071 4762 1225 4832 Possunt
1247 4756 1403 4855 denique
1427 4771 1464 4830 ct
1485 4759 1525 4834 in
1549 4760 1818 4838 excusationem

223 4873 379 4944 avaritiae
394 4898 466 4946 suae
482 4874 702 4973 praetendere
719 4877 890 4950 aedicere
910 4904 918 4947 :
936 4878 1074 4950 Scimus
1087 4879 1234 4979 iusuper
1251 4901 1293 4951 ee
1306 4902 1386 4977 quae
1401 4879 1477 4978 ipse
1492 4878 1598 4951 nobis
1614 4877 1817 4975 dereliquit,

257 5143 369 5210 marm,
381 5163 436 5214 erp.
450 5164 513 5216 xxv,
528 5167 550 5204 v.
562 5156 601 5206 to.

345 5259 369 5297 ιι
