4559 6100
524 68 620 135 ardus
635 69 797 167 loquitur,
815 66 872 135 sed
888 67 929 133 de
945 68 1009 133 alio
1027 67 1146 139 sudore
1161 72 1305 161 precium

526 190 602 255 erha
625 188 806 280 syllabatim
828 190 863 253 in
889 191 1088 278 querimonia
1111 191 1164 256 illa
1188 194 1307 281 posuit,

524 306 704 395 ealbatoque
721 305 803 395 stylo
820 304 981 396 procudit.
999 308 1111 398 Itaque
1128 307 1308 374 Bernardus

524 429 608 510 inax,
627 425 710 491 adeo
721 427 824 509 vivus,
838 442 874 489 ut
882 426 1001 517 legenti
1017 427 1149 493 cuilibet
1163 444 1311 493 constans

524 548 629 636 luibus
650 547 718 612 veri
738 563 866 636 questus
887 548 1108 637 exprimantur
1126 548 1307 615 effundere.

525 693 539 733 s
559 668 677 757 linguae
700 667 921 733 moderamine
948 667 1090 753 seducti,
1116 671 1173 759 qui
1196 692 1312 759 corpus

524 830 526 848 .
553 804 727 878 spernunt,
756 812 830 854 eum
855 804 921 853 tam
945 789 1094 855 facundia
1118 788 1249 854 sublimi
1275 790 1310 853 in

524 934 544 972 e
562 908 693 974 facultas
707 910 738 974 ei
752 909 858 975 valeat
873 911 1045 998 exaequari.
1063 909 1176 974 Ofalsi
1185 908 1329 996 judices'

524 1029 652 1095 tlverem
672 1054 690 1094 a
713 1028 794 1095 facie
815 1031 919 1094 terrae!
938 1030 1095 1112 Quaenam
1112 1031 1159 1095 ibi
1178 1045 1311 1095 senten·

530 1150 637 1215 verbis
657 1148 807 1234 fluctuat,
833 1164 865 1215 et
880 1173 967 1216 mors
987 1150 1115 1217 ridiculi
1135 1149 1311 1240 syllogismi

524 1267 656 1359 ‚nquit¹,

524 1481 578 1529 irat
590 1468 704 1530 eadem.

531 1658 773 1725 sententiarum.
798 1657 865 1722 Ant
894 1657 1026 1724 fortasse
1055 1656 1141 1723 idem
1167 1654 1311 1723 dicendo

524 1803 586 1869 quo
607 1779 759 1867 scriptum
781 1793 830 1842 est
855 1800 863 1842 ε

524 2015 575 2058 Bm.

525 2228 589 2293 tur,
612 2234 673 2281 nec
695 2202 886 2298 eloquentiae
908 2201 1073 2292 praestigiis
1091 2201 1156 2265 vita
1176 2215 1309 2265 mortuo

524 2334 560 2421 ‚u‘e
583 2346 704 2397 sonat:
799 2376 812 2399 .

524 2535 672 2595 tcarmina
687 2532 827 2613 pulchra?

524 2649 593 2688 frere
607 2627 675 2685 mei.
749 2633 756 2646 ·

524 2861 543 2900 e
564 2832 770 2921 remedioque
787 2829 936 2899 carminis
957 2850 1133 2918 evaporare
1155 2802 1305 2913 nolebat,

524 2957 578 3021 tim
601 2953 789 3045 opusculum
810 2948 992 3017 condebat?
1016 2947 1085 3014 Nec
1108 2946 1259 3029 deerant,
1290 2968 1308 3012 a

524 3102 556 3144 r.
578 3077 724 3142 Socrates
743 3090 881 3141 mortem
902 3071 952 3137 sui
970 3067 1146 3135 Alcibiadis
1161 3067 1309 3157 philoso-

533 3221 671 3288 puerum
696 3199 749 3263 cni
778 3194 950 3261 amatorias
971 3187 1193 3257 cantiunculas
1211 3210 1307 3253 com·

524 3342 598 3385 aceo,
607 3317 840 3407 Pythagoram,
855 3312 1073 3392 Demetrium,
1093 3306 1308 3390 Carneadem,

524 3462 548 3503 a
567 3437 691 3503 Graecia
711 3435 872 3527 superbit,
895 3434 967 3522 qui,
991 3445 1072 3497 teste
1092 3430 1307 3517 Hieronymo,
1412 3485 1419 3501 ,

524 3575 603 3624 enta
619 3559 765 3623 minuere
785 3572 861 3622 sunt
873 3554 993 3620 conati.
1007 3552 1166 3617 Praetereo
1181 3550 1310 3612 Anaxa-

524 3681 545 3745 ai
563 3679 770 3746 nunciaretur
788 3675 889 3742 filium
905 3674 1024 3755 obisse,
1046 3670 1123 3740 lletu
1138 3689 1305 3759 represso:

524 3817 580 3865 ¹ut
601 3799 771 3890 peregrina
792 3797 946 3862 omittens
970 3791 1012 3857 ad
1035 3806 1143 3855 nostra
1166 3788 1307 3868 veniam,
1365 3783 1368 3792 ’

524 3919 714 3986 solatorium
729 3916 896 3982 *demone
917 3912 975 3977 filii
989 3910 1039 3975 sui
1052 3909 1171 3974 librum
1189 3903 1306 3990 edidit,

524 4039 634 4129 ‚quasi
653 4037 758 4103 stellas
775 4036 929 4100 micantes
952 4028 1121 4118 impressit.
1142 4021 1308 4115 Hieronyss

524 4176 626 4250 perat,
647 4154 810 4252 plausibili
824 4152 972 4220 medetur
994 4148 1136 4238 eloquio.
1160 4146 1306 4212 Ambro-

524 4299 612 4344 cessu
628 4273 737 4342 dilecti
757 4272 807 4338 sui
823 4269 927 4361 Satyri
944 4266 1034 4333 suavi
1049 4263 1131 4354 stylo
1146 4261 1305 4334 edisserit.
