4559 6100
297 86 396 167 Deus,
417 86 475 152 sed
497 102 531 153 et
547 85 645 152 valles
667 86 878 152 abundabant
898 86 1071 153 frumento.
1094 86 1261 175 Suscipere
1285 67 1439 150 debuistis
1459 106 1574 174 pacem
1595 83 1718 174 populo
1742 85 1902 170 montes¹,

298 220 332 270 et
351 203 469 295 linguae
484 204 604 295 spicula
618 206 765 271 vibrastis
778 229 846 271 uon
865 206 899 271 in
919 205 1093 296 populum,
1111 203 1170 271 sed
1192 205 1224 268 in
1242 204 1370 269 Deum.
1381 233 1396 259 ι
1411 202 1522 267 Cultus
1530 202 1672 288 justitia,
1690 234 1704 261 ι
1723 218 1803 268 teste
1820 203 1903 269 Pro-

298 322 433 413 pheta²,
464 355 478 382 «
494 341 542 391 est
569 324 775 392 silentium.»
806 324 913 408 Quam
938 346 1035 416 grave
1064 325 1218 389 trutinata
1242 323 1277 386 in
1304 336 1421 386 statera
1447 320 1581 410 Spiritus
1609 322 1716 387 Sancti
1747 322 1905 388 sententia

301 441 501 508 silentium⁸l
520 443 605 510 Nam
620 443 752 509 stultitia
769 460 803 509 et
817 443 943 509 luxuria
957 442 1077 509 excidit
1093 459 1150 507 aut
1167 440 1287 507 deficit.
1304 440 1397 505 Ultra
1413 438 1553 529 prosilit,
1571 455 1627 504 aut
1641 441 1719 505 citra
1728 442 1829 527 jacet,
1848 442 1911 507 nisi

300 558 394 627 freno
417 562 533 628 silentii
552 563 764 654 gubernetur.
788 564 891 651 Hujus
913 564 996 629 freni
1023 560 1151 653 rupistis
1171 564 1350 647 juncturas,
1374 558 1483 625 clavos
1505 558 1658 649 fregistis,
1683 577 1716 625 et
1736 558 1908 651 languente

299 682 422 772 auriga,
441 682 540 747 veluti
555 682 706 766 infrenes,
728 685 804 772 equi
820 700 894 749 ante
910 683 1033 749 sentitis
1048 680 1223 772 praecipitia
1236 701 1334 767 quam
1346 678 1494 742 bravium
1511 679 1692 766 acquiratis.
1702 678 1760 744 Ille
1776 678 1906 768 quidem

300 797 398 878 dixit,
419 799 558 865 «Cultus
578 803 709 886 justitiae
731 800 938 867 silentium.»
958 800 1029 866 Vos
1054 821 1132 865 vero
1158 798 1250 864 aliter
1270 796 1516 886 interpretantes
1540 795 1672 862 dicitis:
1695 797 1834 863 «Cultus
1852 799 1909 883 ju-

296 918 391 982 stitiaa
411 918 661 1007 multiloquium.
680 951 695 978 a
714 921 796 1004 Quae
818 921 906 986 enim
922 919 1010 1002 fora,
1031 941 1104 1007 quae
1118 917 1269 1007 praetoria
1293 931 1384 982 tanto
1408 915 1524 980 ardent
1546 915 1648 1006 litigio
1665 940 1852 999 causarum,
1871 934 1908 982 ut

294 1052 459 1102 montanae
474 1038 649 1103 Carthusim
661 1038 857 1104 claustrum?
871 1039 922 1103 Ibi
937 1061 1004 1103 non
1019 1052 1185 1102 accusator
1200 1037 1324 1122 objicit,
1341 1058 1410 1100 non
1424 1034 1599 1101 advocatus
1612 1037 1740 1122 objecta
1755 1036 1905 1127 detergit,

299 1170 334 1220 et
356 1178 423 1221 nou
446 1155 487 1222 de
511 1173 616 1222 vestra
638 1158 798 1223 sententia
826 1157 937 1246 fasque
964 1157 1118 1245 nefasque
1144 1156 1347 1222 uniformiter
1370 1153 1521 1238 damnat,
1548 1178 1610 1222 nec
1631 1156 1780 1222 absolvit.
1806 1157 1908 1247 Super

299 1273 404 1339 nubes
417 1273 531 1339 volatis
550 1252 677 1365 aquilae,
695 1291 728 1342 et
743 1298 852 1367 penna
871 1275 1005 1341 tandem
1020 1276 1201 1342 remissiore
1218 1274 1261 1341 ad
1279 1290 1422 1340 restrum
1438 1272 1576 1340 cadaver
1592 1273 1792 1365 carpendum
1805 1292 1910 1341 rostra

301 1388 475 1482 deponitis.
507 1393 683 1459 Abstinetis
710 1417 729 1458 a
754 1394 904 1460 carnibus
933 1393 1115 1484 pecudum,
1147 1409 1180 1459 et
1212 1394 1280 1460 sine
1305 1393 1371 1459 sale
1397 1416 1509 1459 carnes
1535 1394 1706 1460 hominum
1734 1392 1907 1460 devoratis.

298 1510 383 1575 Aitis
405 1511 521 1576 enim:
552 1541 565 1568 ι
578 1512 658 1577 Haec
684 1511 800 1578 mulier
821 1535 992 1604 pregnans
1017 1529 1077 1594 est,
1105 1536 1172 1578 non
1199 1537 1219 1577 a
1242 1513 1363 1578 semine
1389 1513 1438 1577 sui
1460 1512 1577 1578 mariti.
1605 1512 1664 1578 Illa
1691 1513 1768 1578 colit
1790 1512 1910 1579 multos

299 1629 449 1695 amasios.
475 1631 630 1696 senonici
644 1631 691 1697 illi
708 1646 759 1697 ter
784 1633 820 1696 in
840 1630 894 1697 die
913 1630 1063 1696 carnibus
1081 1646 1208 1697 ventres
1228 1629 1445 1697 confundunt.
1466 1631 1525 1697 Ille
1547 1648 1642 1698 ructu
1661 1631 1818 1722 pigmenti
1836 1653 1911 1697 aera

300 1745 414 1815 foedat.
433 1746 491 1815 ille
506 1750 671 1817 scutellam
686 1727 794 1817 haurit
805 1772 905 1841 usque
921 1749 964 1815 ad
978 1749 1176 1816 vomitum.»
1192 1750 1322 1816 Vacatis
1336 1752 1417 1833 otio,
1435 1766 1469 1816 et
1483 1749 1560 1816 ideo
1575 1751 1652 1816 talia
1666 1751 1810 1817 ructatis.
1826 1750 1911 1817 Vere

304 1897 320 1927 ι
335 1869 440 1936 cultus
452 1870 582 1956 justitie
598 1871 799 1939 silentium.»
819 1871 918 1956 Quod
934 1868 1083 1939 nondum
1098 1871 1236 1936 venitin
1251 1869 1413 1962 linguam,
1431 1871 1520 1962 apud
1534 1893 1592 1936 vos
1607 1873 1676 1958 jam
1699 1885 1824 1936 constat
1842 1893 1911 1937 esse

302 2005 477 2081 patratum.
502 1991 656 2059 Dubietas
678 2008 789 2058 nostra
810 2014 910 2083 penes
924 2013 984 2056 ros
1000 2005 1048 2055 est
1059 1992 1168 2076 jurata
1183 1991 1310 2057 vetitas.
1332 1990 1472 2056 «Cultus
1492 1992 1624 2077 justitio
1642 1992 1815 2057 silentium.
1827 2021 1841 2049 a
1858 1991 1912 2056 Oh

299 2107 475 2175 clementes
497 2109 659 2193 medicos,
683 2113 739 2201 qui
763 2136 832 2177 uon
859 2133 960 2202 aegros
981 2108 1203 2175 curationibus
1223 2132 1352 2193 curare,
1377 2109 1571 2177 acdeorum
1592 2110 1729 2177 vulnera
1751 2111 1911 2201 suscipere

299 2227 447 2314 student,
470 2246 508 2295 ut
528 2255 604 2299 cum
623 2232 668 2298 eis
689 2233 808 2322 pariter
825 2231 1000 2322 aegrotent!
1021 2227 1110 2312 Quid
1130 2227 1282 2319 prodest,
1307 2229 1437 2313 fratres,
1465 2232 1552 2296 exire
1574 2231 1609 2295 in
1623 2231 1812 2314 heremum,
1830 2218 1864 2296 et
1877 2232 1912 2295 in

302 2348 439 2415 heremo
455 2349 577 2417 habere
591 2374 649 2421 cor
662 2349 873 2444 AEgyptium?
889 2348 979 2435 Quid
996 2349 1131 2440 prodest
1145 2346 1279 2441 AEgypti
1294 2372 1389 2416 ranas
1404 2350 1524 2432 vitare,
1550 2367 1584 2418 et
1607 2349 1765 2417 obscoenis
1787 2349 1913 2435 detrac-

299 2468 693 2561 tionibus⁰concreparei
718 2472 770 2535 En
800 2471 856 2561 qui
882 2469 942 2535 sub
968 2469 1139 2535 Pharaone
1166 2467 1351 2559 languistis,
1381 2471 1441 2536 sub
1468 2493 1568 2535 manu
1594 2470 1700 2560 Moysi
1731 2472 1909 2562 expirastis.

300 2598 503 2688 Argumento
521 2598 614 2663 robis
632 2614 680 2667 est
702 2598 810 2663 fumus
826 2597 945 2688 linguae
961 2612 1096 2677 vcstrae,
1125 2596 1182 2684 qui
1206 2619 1280 2661 cum
1303 2595 1428 2663 fontem
1448 2598 1566 2663 bibatis
1584 2597 1618 2661 in
1634 2597 1804 2664 secretario
1824 2597 1913 2663 cellae

301 2731 433 2798 restrae,
460 2715 615 2782 detractio
636 2719 677 2786 in
693 2717 780 2785 cellis
803 2696 994 2808 concipitur,
1016 2717 1052 2780 in
1075 2715 1219 2781 claustris
1241 2716 1393 2782 vomitur.
1417 2716 1493 2782 Non
1517 2732 1566 2782 est
1587 2718 1754 2782 carthusia
1778 2716 1913 2800 eoelum,

301 2858 370 2901 non
396 2850 444 2901 est
466 2835 634 2905 Carthusia
663 2835 841 2929 paradisus.
864 2835 982 2902 Adhuc
1012 2850 1060 2900 est
1091 2835 1260 2901 Carthusia
1285 2833 1370 2901 inter
1394 2834 1526 2901 flumina
1552 2835 1736 2926 Babylonis.
1764 2839 1802 2901 Iu
1833 2837 1914 2902 coelo

303 2970 468 3044 apostata,
485 2956 520 3020 in
535 2954 689 3022 Paradiso
708 2956 949 3047 prevaricator.
967 2953 1057 3039 Quid
1077 2954 1206 3023 facitin
1225 2954 1391 3020 Cambusis
1407 2954 1588 3021 detractor?
1603 2955 1681 3022 Post
1700 2957 1811 3022 seorim
1829 2955 1916 3045 puri·

301 3088 420 3155 tatem,
436 3090 510 3166 post
524 3076 780 3167 compunctionis
791 3075 952 3160 lacrimas,
968 3076 1034 3142 itur
1059 3076 1094 3140 in
1113 3075 1223 3140 forum
1238 3075 1385 3157 claustri,
1403 3090 1436 3140 et
1455 3074 1573 3166 lingua
1594 3076 1712 3141 ostium
1737 3099 1807 3145 non
1829 3096 1913 3140 rese·

299 3207 410 3270 ratus,
429 3193 492 3260 sed·
510 3193 679 3285 frangitur.
697 3194 849 3284 Quisquis
870 3217 949 3260 vero
969 3217 1028 3286 per
1046 3192 1127 3260 illud
1151 3194 1270 3259 ostium
1294 3215 1364 3258 non
1386 3193 1556 3277 introierit,
1580 3217 1649 3259 non
1671 3195 1831 3286 palpatur,
1854 3192 1912 3260 scd

300 3306 447 3374 creditur
463 3333 472 3375 ε
491 3333 559 3374 non
575 3327 716 3392 curatur,
735 3309 792 3375 sed
803 3309 968 3397 judicatur
990 3333 998 3376 z
1016 3333 1085 3375 non
1101 3308 1253 3390 reficitur,
1271 3308 1328 3374 sed
1342 3323 1500 3374 mactatur
1517 3331 1524 3375 :
1542 3324 1576 3375 et
1587 3325 1624 3376 ut
1636 3309 1776 3375 breviter
1791 3307 1910 3391 dicam,

304 3429 374 3495 sine
394 3431 528 3496 crimine
542 3430 649 3496 nullus
663 3408 751 3521 apud
765 3453 836 3496 ros.

305 3671 499 3799 cobfflifmbq
512 3678 582 3740 quod
592 3689 643 3728 non
653 3677 742 3741 liquet,
754 3679 805 3730 tmo
820 3684 846 3729 et
859 3676 980 3729 amorum
990 3676 1096 3727 ridetur.
1109 3700 1140 3712 -
1153 3673 1241 3737 ²1mt,
1253 3687 1309 3739 cap.
1332 3675 1414 3737 mu,
1426 3688 1451 3728 r.
1473 3677 1511 3728 lt.
1528 3673 1742 3739 —¹Stccon11ctt
1756 3674 1891 3726 Amboeslo

362 3783 369 3797 .
399 3763 488 3801 asum.
