4559 6100
416 408 490 483 536
1020 411 1149 483 PETRI
1178 409 1413 485 ABAELARDI

415 585 483 632 nec
499 560 572 632 sint
586 559 734 633 diversae
751 561 934 658 sapientire
944 559 999 631 vel
1017 585 1173 633 amores.
1188 560 1225 632 si
1242 562 1323 656 quis
1339 575 1459 632 tamen
1475 558 1548 633 boc
1565 562 1717 633 omnino
1729 560 1848 635 dicere
1863 578 2016 656 recuset,

414 694 564 779 propter
578 678 790 752 scandalum
806 680 985 752 sermonis
1003 680 1041 750 in
1060 678 1168 752 aliam
1184 678 1484 776 significationem
1500 680 1681 780 pronioris
1698 704 1740 753 ac
1756 683 1869 781 magis
1885 685 2017 780 usitati,

416 799 582 894 quamvis
607 801 821 893 sententiam
841 825 916 872 non
935 799 1172 889 contradicat,
1197 800 1291 871 sicut
1316 813 1352 872 et
1375 801 1527 871 omnino
1548 799 1620 872 dici
1646 817 1820 901 respuatt
1842 807 1947 877 Pater
1963 806 2020 879 vel

416 918 524 989 Filius
544 932 598 990 est
622 920 775 1018 Spiritus
797 933 960 1007 sanctus,
989 942 1065 990 nou
1093 944 1179 991 eum
1203 917 1409 1015 cogendum
1432 943 1508 991 esse
1536 918 1703 994 arbitror.
1727 925 1810 1011 Haec
1837 922 1883 994 de
1909 947 2022 1020 gene-

418 1038 561 1109 ratione
578 1037 690 1110 Verbi
708 1039 803 1113 dicta
825 1039 1077 1126 terminemus3
1097 1063 1197 1110 nunc
1220 1038 1267 1111 de
1290 1039 1520 1137 processione
1537 1040 1690 1139 Spiritus
1708 1041 1834 1135 sancti,
1863 1042 1942 1141 ipso
1964 1044 2023 1116 in·

415 1158 591 1255 spirante,
611 1157 787 1231 dicamus.

467 1278 619 1375 Spiritus
642 1280 741 1376 quasi
766 1280 975 1379 aspirando
993 1279 1110 1353 dictus
1132 1282 1215 1370 est¹,
1241 1278 1338 1351 unde
1356 1279 1507 1372 Veritas,
1528 1278 1693 1376 Spiritus,
1711 1279 1841 1377 inquit,
1867 1280 1930 1353 ubi
1946 1282 2023 1354 vult

417 1397 543 1494 spirat,
570 1397 726 1495 ideoque
742 1399 821 1497 ipso
844 1401 994 1472 nomine
1011 1424 1078 1472 suo
1095 1399 1294 1500 procedere
1311 1425 1353 1471 ex
1370 1401 1472 1473 Patre
1494 1412 1529 1470 et
1545 1398 1634 1470 Filio
1656 1399 1777 1498 potius
1798 1424 1910 1499 quam
1928 1401 2024 1499 gigni

417 1516 641 1614 perhibetur.
672 1520 875 1618 benignitas
900 1522 1037 1619 quippe
1062 1520 1154 1619 ipsa,
1182 1545 1262 1618 quae
1286 1520 1360 1592 hoc
1387 1519 1537 1591 nomine
1560 1517 1842 1611 demonstratur,
1870 1545 1946 1592 non
1971 1537 2026 1595 est

419 1636 537 1735 aliqua
562 1638 723 1738 potentia
749 1640 824 1711 sive
851 1641 1047 1738 sapientia,
1077 1664 1164 1712 cum
1189 1639 1356 1712 videlicet
1377 1638 1576 1735 benignum
1598 1662 1674 1710 esse
1702 1663 1778 1710 uon
1801 1640 1848 1710 sit
1867 1665 1944 1712 esse
1964 1664 2026 1712 sa·

417 1757 577 1855 pientem
602 1771 666 1830 aut
687 1773 886 1857 potentem.
906 1759 1032 1833 Nullus
1055 1760 1192 1859 quippe
1209 1760 1245 1832 in
1270 1783 1315 1831 eo
1337 1757 1438 1857 quod
1460 1756 1638 1855 benignus
1654 1772 1707 1830 est
1731 1773 1794 1830 aut
1814 1759 1958 1858 sapiens
1974 1773 2027 1831 est

420 1893 483 1950 aut
502 1893 651 1978 potens,
677 1881 790 1953 immo
816 1883 931 1980 ipsam
954 1882 1067 1977 magis
1089 1881 1244 1953 caritatis
1268 1880 1438 1952 affectum
1460 1879 1534 1951 sive
1551 1878 1719 1950 effectum
1744 1878 1816 1951 dici
1841 1881 2023 1952 convenit.

424 1999 560 2071 Caritas
571 2013 706 2091 autem,
723 2014 811 2074 teste
823 2002 1013 2100 Gregorio,
1031 2001 1152 2073 minus
1163 2025 1273 2099 quam
1286 2001 1381 2072 inter
1397 1999 1490 2072 duos
1507 1998 1634 2071 baberi
1646 2023 1722 2071 non
1735 2012 1868 2098 potest.
1887 2029 1905 2068 (ι
1913 2004 2027 2073 Nemo

425 2119 535 2209 enim,
565 2119 702 2218 inquit,
729 2120 777 2192 ad
811 2121 1044 2220 semetipsum
1072 2120 1209 2193 habere
1234 2121 1418 2194 caritatem
1446 2119 1591 2211 dicitur,
1620 2117 1686 2192 sed
1712 2117 1905 2193 dilectione
1928 2146 1966 2194 se
1991 2123 2027 2193 in

425 2236 578 2310 alterurn
595 2240 724 2330 tendit,
746 2254 786 2312 ut
802 2266 880 2314 esse
896 2242 1025 2314 caritas
1045 2242 1203 2340 possit.»
1222 2240 1420 2315 Procedere
1437 2241 1557 2338 itaque
1574 2240 1640 2311 Dei
1654 2253 1707 2311 est
1719 2262 1796 2312 sese
1810 2239 1856 2312 ad
1872 2240 2028 2337 aiiquam

425 2382 503 2429 rem
527 2383 592 2457 per
618 2359 787 2432 affectum
811 2362 967 2434 caritatis
989 2361 1264 2460 quodammodo
1286 2360 1496 2449 extendere,
1520 2373 1560 2431 ut
1585 2383 1667 2433 eam
1691 2358 1857 2431 videlicet
1884 2360 2027 2459 diligat,

426 2501 468 2550 ac
484 2502 522 2550 se
535 2479 570 2550 ei
586 2503 652 2578 per
669 2502 834 2553 amorem
850 2481 1046 2577 conjungat
1060 2486 1086 2553 ¹.
1102 2485 1194 2553 Cum
1215 2483 1336 2578 itaque
1351 2496 1425 2554 tam
1450 2485 1476 2552 F
1477 2480 1559 2552 ilius
1580 2504 1689 2577 quam
1706 2480 1858 2578 Spiritus
1880 2483 2031 2554 Sanctus

426 2622 469 2669 ex
495 2602 598 2672 Patre
623 2601 681 2693 sit,
705 2600 766 2673 hic
787 2600 932 2697 quidem
949 2602 1184 2698 genitus,ille
1207 2601 1422 2699 procedens,
1446 2600 1570 2675 diisert
1585 2601 1623 2673 in
1640 2626 1685 2673 eo
1706 2600 1886 2697 generatio
1908 2601 1987 2697 ipsa
2008 2625 2031 2672 a

428 2720 672 2816 processione,
701 2720 801 2817 quod
827 2721 857 2791 is
879 2721 941 2817 qui
964 2735 1156 2819 generatur
1176 2747 1220 2794 ex
1236 2722 1314 2821 ipsa
1338 2721 1452 2794 Patris
1472 2719 1671 2793 substantia
1688 2735 1760 2808 est,
1779 2745 1861 2791 cum
1880 2720 1972 2818 ipsa,
1989 2733 2040 2791 ut*

427 2836 565 2909 dictum
582 2854 648 2926 est,
668 2839 850 2938 Sapientia
866 2838 937 2912 hoc
961 2841 1080 2940 ipsum
1101 2865 1179 2913 esse
1194 2839 1328 2913 habeat
1343 2855 1384 2913 ut
1405 2841 1451 2912 sit
1470 2839 1633 2938 quaedam
1649 2830 1825 2938 potentia.
1853 2842 1931 2938 ipse
1946 2862 2032 2911 vero

427 2958 583 3030 caritatis
610 2958 760 3031 affectus
786 2961 898 3057 magis
929 2960 977 3033 ad
1007 2960 1265 3059 benignitatem
1289 2961 1418 3054 animi,
1451 2984 1560 3058 quam
1593 2958 1641 3033 ad
1669 2960 1869 3061 potentiam
1892 2959 2029 3031 attinet.

428 3078 533 3151 Unde
556 3078 649 3151 bene
672 3079 780 3152 Filius
801 3105 843 3153 ex
864 3084 965 3153 Patre
990 3081 1086 3178 gigni
1110 3082 1253 3176 dicitur,
1271 3081 1344 3154 hoc
1367 3095 1421 3154 est
1435 3106 1479 3153 ex
1496 3082 1576 3180 ipsa
1591 3081 1702 3153 Patris
1720 3080 1920 3153 substantia
1937 3103 2029 3168 essm

427 3199 578 3299 Spiritus
604 3226 691 3274 vero
715 3202 864 3274 minime
886 3201 996 3299 gigni,
1022 3202 1087 3274 sed
1104 3203 1218 3300 magis
1239 3200 1450 3302 procedere,
1477 3201 1550 3274 hoc
1566 3216 1621 3274 est
1640 3226 1678 3273 se
1699 3225 1765 3300 per
1785 3201 1971 3276 caritatem
1986 3198 2033 3271 ad

427 3321 579 3393 alterum
605 3323 808 3414 extendere,
837 3323 922 3421 quia
947 3322 1225 3421 quodammodo
1247 3349 1312 3423 per
1336 3346 1501 3396 amorem
1526 3322 1773 3421 unusquisque
1798 3346 1820 3394 a
1845 3322 1965 3421 seipso
1987 3319 2033 3393 ad

427 3439 581 3514 alterum
609 3443 801 3542 procedit:
827 3467 912 3515 cum
937 3445 1105 3543 proprie,
1133 3460 1175 3515 ut
1200 3443 1336 3520 dictum
1362 3458 1430 3536 est,
1458 3467 1567 3516 nemo
1594 3442 1641 3514 ad
1665 3442 1824 3543 seipsum
1850 3443 2034 3515 caritatem

427 3559 562 3635 babere
582 3563 736 3656 dicatur,
763 3578 827 3635 aut
851 3562 1008 3661 sibiipsi
1031 3563 1211 3661 benignus
1232 3588 1322 3649 esse,
1344 3564 1407 3636 sed
1427 3563 1498 3636 alii.
1524 3563 1677 3635 Maxime
1701 3575 1820 3635 autem
1842 3566 1954 3655 Deus,
1972 3559 2045 3659 qui'

474 3781 485 3808 ·
508 3766 697 3831 Ambrosius
713 3766 754 3832 de
775 3766 854 3832 Fide
871 3768 913 3833 ad
929 3767 1121 3834 Gratianum
1139 3766 1224 3832 libro
1239 3770 1254 3833 Ι
1271 3792 1279 3834 :
1304 3800 1316 3826 «
1338 3769 1443 3835 Crede
1460 3769 1535 3859 quia
1553 3795 1572 3835 a
1588 3771 1658 3835 Deo
1675 3770 1774 3844 exivit
1785 3768 1895 3846 Filius,
1915 3784 1951 3832 ut
1965 3767 2033 3857 ipsc

429 3877 574 3939 testatur,
591 3862 717 3929 dicens¹
739 3888 747 3929 :
772 3896 785 3921 α
797 3867 846 3930 Ex
858 3866 928 3931 Deo
945 3866 1084 3956 processi
1100 3882 1134 3931 et
1148 3867 1234 3931 veni.
1248 3898 1261 3923 ι
1281 3865 1323 3932 Et
1336 3866 1430 3932 alibi'
1454 3891 1462 3934 :
1481 3871 1532 3933 «A
1544 3869 1613 3933 Deo
1623 3863 1718 3934 exivi.
1736 3899 1749 3924 ι»
1764 3866 1860 3952 Quia
1875 3865 1944 3930 Deo
1955 3886 2034 3954 pm-

430 3961 524 4027 cessit
539 3977 572 4026 et
588 3985 606 4025 a
623 3963 692 4026 Deo
708 3963 818 4037 exivit,
838 3962 919 4028 nibil
931 3962 1018 4028 aliud
1035 3980 1140 4053 potest
1155 3965 1288 4044 habere,
1308 3966 1367 4031 nisi
1384 3965 1473 4055 quod
1489 3968 1549 4032 Dei
1565 3982 1625 4032 est.
1637 3996 1650 4023 n

475 4059 582 4123 Item:
601 4091 614 4117 ι
628 4060 678 4124 Ex
696 4061 792 4125 Patre
808 4061 971 4127 nascendo
987 4061 1145 4151 prodivit,
1163 4079 1200 4128 ut
1224 4063 1305 4128 dixit
1320 4065 1388 4155 ipse
1404 4066 1460 4154 qui
1482 4080 1576 4130 natus
1589 4063 1658 4130 est⁴
1679 4086 1688 4129 ι
1710 4064 1782 4128 «Ex
1801 4085 1860 4128 ore
1880 4060 2034 4126 Altissimi

435 4156 600 4246 «prodivi.
618 4189 631 4215 »
652 4157 745 4223 idem
760 4157 844 4224 libro
860 4159 905 4223 tv
920 4160 1022 4224 :Dicit
1036 4158 1197 4272 Sapientia
1214 4162 1285 4238 Dei,
1309 4194 1321 4219 a
1338 4163 1387 4227 Ex
1403 4186 1460 4230 ore
1476 4162 1629 4228 Altissimi
1644 4159 1782 4252 prodivi,
1799 4192 1812 4218 ι
1827 4161 1893 4228 hoc
1903 4175 2036 4226 estnon

430 4270 559 4336 coacta,
586 4255 644 4321 sed
670 4255 791 4333 libera,
815 4280 882 4321 non
904 4259 1054 4346 potestati
1082 4258 1236 4334 obnoxia
1263 4260 1321 4326 sed
1345 4277 1420 4326 nata
1447 4261 1663 4353 generationis
1689 4282 1849 4324 arcano.»
1835 4259 1929 4322 »Ex
1950 4256 2035 4322 libro

431 4350 654 4433 Quaestionum
670 4353 775 4420 Orosii
792 4353 835 4419 ad
850 4356 1073 4446 Augustinum.
1092 4358 1270 4471 Responsio
1294 4359 1520 4449 Augustini:
1506 4355 1645 4423 «Nullus
1668 4374 1776 4422 autem
1798 4356 1881 4421 filius
1903 4370 1951 4420 est
1975 4355 2037 4419 nisi

432 4446 583 4526 duorum
601 4453 701 4542 patris
720 4467 754 4517 et
774 4453 896 4535 matris,
913 4453 1002 4544 quod
1018 4455 1100 4519 absit
1116 4473 1153 4520 ut
1167 4456 1252 4521 inter
1268 4457 1372 4521 Deum
1388 4457 1519 4522 Patrem
1532 4471 1565 4520 et
1580 4454 1697 4520 Filium
1713 4453 1776 4520 tale
1796 4449 1918 4543 aliquid
1929 4452 2036 4541 suspi-

431 4570 562 4631 cemur3
577 4549 652 4637 quia
667 4572 727 4615 nec
736 4548 835 4614 Filius
849 4550 990 4616 hominis
1005 4552 1100 4617 simul
1115 4575 1157 4617 ex
1166 4553 1261 4619 Patre
1273 4554 1420 4644 procedit
1435 4571 1521 4620 etex
1532 4561 1647 4630 matre,
1662 4554 1736 4641 quia
1750 4575 1824 4620 cum
1836 4549 1983 4642 procedit
1995 4573 2037 4616 ex

432 4643 539 4727 Patre,
556 4669 624 4711 non
639 4662 717 4712 tunc
731 4647 879 4736 procedit
894 4672 934 4713 ex
948 4666 1094 4716 matre.

466 4933 559 4985 ·flunr
577 4936 656 4988 iocum
684 4938 804 5000 ntessmm
825 4940 900 4990 refert
915 4948 941 4990 et
956 4941 1047 4991 refutat
1063 4940 1207 4993 Guillstmus
1260 4944 1427 5004 Abntudum
1448 4958 1502 5008 cap.
1520 4959 1552 4996 rr.
1573 4971 1605 4988 ·-
1622 4944 1731 5003 Ἰαὼ,
1751 4958 1808 5006 erp.
1831 4956 1888 5002 rur,
1908 4958 1931 4994 ι.
1955 4945 1982 4994 t.
2005 4966 2039 4980 ·-

433 5014 510 5064 abbas
525 5012 550 5065 S.
567 5014 713 5068 Theudorici
734 5021 759 5069 tu
783 5019 950 5084 Disputatione
973 5022 1091 5071 adversus
1108 5022 1206 5072 Petrum
1259 5022 1434 5090 ⁸‹ioan.,rap.
1445 5039 1498 5089 rvr,
1513 5040 1536 5076 ι.
1547 5030 1588 5078 28.
1601 5052 1630 5065 -
1647 5026 1759 5090 theti,
1778 5039 1832 5088 cap.
1850 5037 1917 5081 uir.
1930 5039 1954 5077 ι.
1966 5029 1990 5077 5.
2004 5049 2038 5064 -··

2145 652 2148 659 ’
2259 662 2263 743 i
