4559 6100
516 654 674 727 nautea
700 654 781 725 SEU
808 653 931 723 LIBER
956 652 1108 725 DlCl'US
1136 682 1146 722 ε
1174 654 1297 727 SClTO
1324 655 1524 728 Taresuni.
1754 652 1826 726 633

237 804 414 875 transtulit
424 820 610 903 peccatum
627 820 751 877 tuum:
771 834 788 870 »
801 829 875 902 quo
891 804 987 876 enim
1003 804 1119 899 major
1134 820 1211 878 erat
1225 807 1317 902 regis
1332 805 1543 894 sublimitas,
1555 805 1736 902 acceptior
1748 808 1824 874 Deo

236 921 301 992 fuit
324 921 501 995 confitens
524 922 718 996 humilitas.
746 925 909 1021 Denique
931 923 1133 995 sacerdotes
1159 922 1445 1022 quibus'animae
1469 922 1719 996 confitentium
1743 939 1826 993 sunt

235 1044 444 1135 commissae,
463 1044 718 1117 satisfactiones
733 1045 949 1142 poenitentiae
969 1043 1038 1116 illis
1052 1042 1189 1116 habent
1203 1044 1410 1140 injungere;
1432 1059 1470 1115 ut
1488 1044 1549 1141 qui
1570 1042 1661 1114 male
1677 1041 1825 1113 arbitrio

235 1185 301 1231 suo
327 1174 363 1231 et
385 1161 538 1260 superbe
563 1164 615 1234 usi
641 1177 726 1235 sunt
747 1168 865 1235 Deum
886 1162 1168 1251 contemnendo,
1196 1163 1319 1235 alienae
1338 1163 1522 1260 potestatis
1540 1160 1693 1234 ‘arbitrio
1710 1162 1826 1232 corri-

235 1294 380 1373 gantur3
399 1296 436 1352 et
452 1295 551 1353 tanto
572 1282 731 1354 securius
751 1282 789 1353 id
810 1298 929 1378 agant,
951 1296 1087 1378 quanto
1106 1281 1233 1353 melius
1255 1283 1408 1379 praelatis
1429 1282 1502 1353 suis
1522 1279 1729 1352 obediendo
1750 1305 1824 1350 non

234 1414 305 1470 tam
331 1423 432 1472 suam
451 1424 561 1498 quarn
581 1400 725 1473 illorum
742 1401 964 1474 voluntatem
987 1404 1197 1499 sequuntur.
1218 1402 1288 1489 Qui
1304 1402 1334 1473 si
1353 1400 1507 1474 fortassis
1523 1425 1599 1472 non
1625 1413 1720 1471 recte
1736 1425 1825 1498 prse-

234 1519 408 1616 ceperint,
427 1544 509 1590 cum
523 1519 582 1591 ille
597 1520 643 1592 ad
660 1519 904 1593 obediendum
918 1536 1063 1619 paratus
1074 1521 1131 1610 sit,
1151 1521 1218 1593 illis
1235 1521 1347 1617 magis
1361 1546 1470 1619 quam
1485 1522 1558 1593 istis
1573 1519 1823 1619 imputandum

234 1650 298 1708 est.
316 1666 334 1704 a
349 1642 428 1710 Non
446 1640 666 1734 ignoramus,
682 1641 832 1736 »inquit
850 1638 1063 1737 Apostolus,
1078 1641 1253 1711 «astutias
1268 1640 1443 1712 Sathanae.
1457 1669 1474 1706 n
1490 1644 1563 1711 Nec
1574 1639 1650 1735 ejus
1665 1640 1826 1734 nequitia

232 1756 304 1829 hoc
320 1757 403 1830 loco
418 1758 664 1857 praetereunda
682 1772 821 1856 estque
840 1783 908 1829 nos
922 1758 969 1830 ad
982 1773 1169 1857 peccatum
1185 1760 1335 1857 impellit
1346 1758 1646 1832 etaconfessione
1659 1758 1821 1832 retrahit.

235 1875 287 1946 td
304 1879 634 1975 peccatumquippe
650 1901 717 1949 nos
733 1879 885 1950 incitans
900 1878 1029 1949 timore
1043 1878 1176 1976 pariter
1191 1903 1233 1949 ac
1248 1879 1463 1951 verecundia
1478 1903 1545 1950 nos
1560 1878 1670 1969 exuit,
1684 1891 1725 1948 ut
1735 1876 1824 1949 nihil

121 2066 122 2069 ,
228 2005 303 2092 jam
323 2010 429 2068 restet
445 1996 543 2095 quod
562 2023 628 2069 nos
647 2022 667 2069 a
685 2013 833 2096 peccato
849 2013 1005 2070 revocet.
1016 1999 1133 2070 'Multa
1151 2024 1307 2095 namque
1321 2001 1453 2087 timore
1469 2023 1584 2099 poenae
1599 1999 1824 2071 committere

231 2138 305 2185 nou
330 2115 527 2205 audemus;
555 2115 666 2189 multa
688 2142 756 2215 pro
780 2117 996 2188 detrimento
1022 2131 1151 2188 nostrae
1175 2117 1276 2190 famae
1299 2118 1445 2215 aggredi
1472 2116 1735 2206 erubescimus,
1759 2121 1823 2189 etsi

232 2234 302 2305 hoc
323 2235 472 2333 impune
488 2259 687 2333 possemus.
714 2237 776 2307 llis
791 2261 876 2332 ergo
902 2234 1045 2307 duobus
1065 2238 1167 2333 quasi
1192 2237 1396 2310 retinaculis
1421 2237 1513 2309 male
1539 2237 1824 2336 quilibet‘erpe·

230 2353 338 2442 ditus,
356 2379 512 2452 praeceps
523 2354 570 2426 ad
587 2354 740 2451 quodvis
753 2354 1032 2452 perpetrandum
1050 2371 1237 2457 peccatum
1255 2356 1440 2428 efficietur.
1458 2360 1540 2443 Quo
1554 2357 1702 2454 quidem
1718 2372 1822 2455 pacto

230 2471 356 2544 eadem
382 2497 465 2569 quae
488 2474 587 2572 prius
610 2476 642 2545 ei
665 2472 812 2545 abstulit
833 2488 873 2545 ut
895 2488 1082 2572 peccatum
1108 2473 1318 2573 perliceret,
1340 2473 1712 2572 postmodumreddit
1740 2490 1777 2545 ut
1804 2502 1823 2546 a

230 2590 453 2663 confessione
475 2608 629 2664 revocet.
650 2597 749 2664 Tunc
774 2591 936 2665 confiteri
961 2593 1063 2663 timet
1089 2592 1145 2664 vel
1168 2593 1346 2666 erubescit
1368 2594 1489 2692 quod,
1510 2594 1599 2665 'cum
1624 2596 1823 2692 oportuerit

230 2710 400 2805 primum,
429 2734 504 2781 non
535 2711 652 2783 timuit
676 2735 744 2782 nec
769 2711 926 2782 erubuit.
955 2712 1071 2783 'fimet
1092 2736 1139 2782 ne
1163 2711 1254 2783 forte
1281 2738 1347 2810 per
1371 2713 1634 2784 confessionem
1659 2715 1823 2809 cognitus

229 2829 399 2926 puniatur
418 2828 464 2900 ab
487 2829 716 2918 hominibus,
735 2832 796 2927 qui
818 2830 940 2928 puniri
966 2855 1040 2902 non
1059 2831 1178 2902 timuit
1201 2855 1221 2901 a
1240 2835 1319 2901 Deo
1346 2860 1354 2900 ε
1376 2830 1532 2902 rubescit
1550 2829 1824 2903 ab'hominibus

206 2980 208 2983 ’
230 2949 327 3037 sciri,
356 2949 455 3046 quod
479 2973 553 3021 non
570 2948 718 3021 ambuit
740 2973 864 3021 coram
886 2954 964 3021 Deo
989 2951 1178 3021 committi.
1209 2948 1280 3021 Sed
1305 2950 1368 3046 qui
1389 2948 1500 3048 plagae
1519 2950 1645 3047 quaerit
1665 2951 1823 3023 medica-

230 3082 404 3159 mentum,
430 3084 764 3166 quantumcumque
789 3070 866 3166 ipsa
892 3069 1048 3161 sordeat,
1072 3084 1404 3167 quantumcumque
1426 3071 1533 3157 oleat,
1558 3069 1824 3142 medicoreve·

228 3187 335 3259 landa
353 3202 426 3273 est,
447 3203 487 3258 ut
502 3202 712 3285 competens
734 3187 949 3260 adhibeatur
965 3190 1116 3260 curatio.
1136 3188 1264 3259 Medici
1279 3213 1366 3261 vcro
1385 3189 1506 3260 locum
1526 3188 1693 3260 sacerdos
1710 3204 1818 3273 tenet,

229 3330 248 3376 a
266 3330 353 3401 quo,
373 3320 413 3376 ut
429 3305 598 3391 diximus,
617 3307 834 3380 instituenda
851 3320 905 3378 est
920 3305 1122 3378 satisfactio.

852 3640 1032 3729 CAPUT
1066 3641 1192 3729 xxv.

642 3854 728 3929 Quod
756 3873 964 3933 nonnunquam
991 3855 1134 3914 confessio
1161 3851 1266 3911 dimitti
1292 3865 1395 3934 potest.

276 4038 466 4110 Sciendum
496 4054 636 4130 tamen,
665 4064 739 4111 non
765 4064 952 4136 nunquam
978 4037 1109 4111 salubri
1137 4039 1401 4136 dispensatione
1429 4023 1689 4110 confessionem
1717 4038 1819 4111 vitari

226 4182 343 4254 posse,
358 4159 449 4231 sicut
463 4159 509 4230 de
528 4162 632 4229 Petro
651 4157 841 4246 credimus,
856 4159 957 4255 cujus
975 4158 1174 4255 lachrymas
1190 4157 1237 4229 de
1249 4157 1438 4252 negatione
1451 4180 1515 4228 sua
1529 4156 1714 4247 novimus,
1721 4160 1818 4230 satis·

225 4278 413 4350 factionem
436 4303 522 4350 vero
542 4277 661 4368 aliam,
688 4279 744 4349 vel
760 4278 1022 4350 confessionem
1041 4303 1115 4350 non
1132 4278 1294 4376 legimus.
1307 4265 1417 4348 'Unde
1434 4290 1470 4348 et
1488 4265 1693 4349 Ambrosius
1711 4281 1818 4376 su'per

225 4401 356 4469 Lucam
374 4396 504 4468 dehac
524 4399 600 4495 ipsa
620 4398 711 4468 Petri
730 4399 919 4492 negatione
937 4423 979 4471 ac
997 4398 1080 4470 fletu
1101 4398 1177 4494 ejus
1202 4425 1210 4467 ε
1235 4428 1253 4463 «
1273 4400 1352 4467 Non
1371 4397 1533 4488 invenio,
1562 4396 1699 4493 inquit,
1725 4389 1814 4494 quid

223 4515 371 4608 dixerit,
397 4517 543 4587 invenio
566 4515 666 4612 quod
693 4518 828 4588 fleverit
849 4517 1076 4614 :lachrymas
1100 4517 1176 4612 ejus
1197 4517 1291 4612 lego,
1320 4516 1596 4588 satisfactionem
1622 4539 1696 4586 non
1721 4516 1813 4612 lego.

224 4640 356 4705 Levant
373 4625 564 4732 lachrymae
580 4634 749 4707 delictum
764 4637 864 4733 quod
882 4661 971 4708 voce
980 4637 1099 4735 pudor
1115 4651 1167 4708 est
1184 4634 1365 4723 confiteri,
1384 4648 1420 4705 et
1434 4635 1550 4705 veniae
1564 4634 1668 4706 fletus
1685 4643 1816 4709 consu·

221 4755 300 4825 lunt
318 4768 354 4825 et
370 4754 609 4848 verecundiae;
629 4755 820 4854 lachrymae
841 4758 918 4829 sine
933 4758 1087 4828 horrore
1110 4755 1254 4854 culpam
1281 4741 1493 4850 loquuntur,
1518 4754 1595 4826 sine
1618 4754 1817 4829 offensione

221 4874 446 4945 verecundia
460 4874 694 4963 confitentum
710 4877 899 4974 lachrymae
913 4878 1055 4948 veniam
1073 4900 1147 4947 non
1162 4872 1440 4974 postulant,'sed
1456 4863 1652 4947 merentur.
1669 4878 1816 4946 Invenio

221 5016 286 5063 cur
302 4994 450 5065 tacuerit
468 4999 606 5084 Petrus,
621 5021 667 5067 ne
685 4997 816 5069 scilicet
827 5010 901 5068 tarn
910 4997 982 5068 cito
999 4996 1111 5068 veniae
1129 4994 1254 5091 petitio
1271 4992 1351 5091 plus
1369 4990 1578 5063 offenderet.
1599 5022 1616 5056 ›·
1628 4995 1716 5078 Quae
1730 5016 1817 5065 vero

252 5252 256 5279 ¹
270 5250 384 5301 Corinth.
397 5250 427 5310 11,
439 5266 493 5316 cap.
505 5267 533 5313 u,
547 5267 571 5305 v.
585 5257 623 5306 tt.
1665 5285 1668 5296 ⁴

338 5362 362 5398 n
1659 5344 1697 5399 80
