4559 6100
462 461 536 534 672
593 528 595 531 ,
1067 456 1195 529 PETRl
1220 455 1454 531 enatant

466 631 504 679 se
524 620 561 677 et
576 605 731 678 maxime
747 602 942 677 christiano
959 619 996 678 et
1014 604 1115 702 qnod
1133 605 1356 705 praemissum
1371 622 1426 679 est
1436 604 1583 701 objicit,
1605 605 1742 678 «Fides
1757 629 1833 679 nou
1850 604 1961 678 habet
1978 632 2064 678 me-

463 726 594 818 ritum,
618 738 688 798 etc.
720 754 738 790 s
762 725 887 797 Statim
909 724 1122 796 christianus
1146 746 1190 797 ex
1215 725 1291 824 ipsa
1323 749 1388 797 sna
1412 724 1620 798 defensione
1643 724 1907 816 confundetur,
1933 724 2063 799 dicens

462 846 539 941 ejus
560 845 702 943 penitus
717 845 874 917 rationes
888 846 925 915 in
944 844 1076 917 talibus
1092 843 1290 917 audiendas
1307 868 1382 916 non
1401 868 1491 932 esse,
1510 845 1573 917 ubi
1596 868 1657 916 ees
1673 845 1750 944 ipse
1767 845 1912 943 penitus
1934 843 2064 918 induci

464 964 646 1063 prohibet,
658 988 726 1036 nec
742 986 825 1035 enm
842 961 999 1058 aliquem
1016 961 1216 1036 rationibus
1227 962 1274 1035 de
1287 962 1359 1036 fide
1374 978 1470 1037 recte
1485 963 1688 1062 impugnari
1702 963 1853 1036 urinime
1869 963 2058 1062 permittit.

513 1087 756 1156 Cnarsrrnms.
771 1087 818 1153 Ut
828 1083 877 1154 ait
890 1081 949 1154 ille
960 1083 1136 1153 maximus
1145 1083 1359 1181 sapientum,
1372 1083 1424 1155 sic
1435 1097 1471 1155 et
1483 1082 1694 1181 plerumque
1705 1084 1864 1155 rationes
1874 1082 2057 1172 videntur,

463 1202 536 1275 hoc
553 1217 606 1275 est
622 1199 880 1275 rationabiliter
896 1216 932 1273 et
949 1202 1208 1274 convenienter
1223 1201 1346 1299 aliqua
1362 1202 1446 1291 dici,
1465 1226 1549 1274 cum
1566 1202 1713 1275 mininie
1727 1203 1776 1275 ita
1794 1203 1853 1275 sit.

515 1326 657 1394 Pinnos.
687 1319 782 1409 Quid
803 1333 840 1392 et
861 1318 908 1390 de
930 1319 1028 1418 ipsis,
1051 1344 1130 1417 qnae
1154 1344 1222 1417 pro
1243 1318 1515 1393 auctoritatibus
1536 1319 1744 1395 habentur?
1764 1326 1893 1393 Nonne
1909 1322 1947 1392 in
1973 1322 2060 1419 ipsis

466 1441 662 1539 plurimum
678 1438 840 1513 erratur?
853 1437 1018 1535 Alioquin
1034 1463 1108 1511 non
1128 1453 1247 1511 essent
1263 1453 1317 1511 tot
1333 1437 1418 1512 lidei
1436 1454 1538 1512 sectae
1555 1438 1718 1528 diversae,
1733 1441 1763 1512 si
1779 1439 1916 1512 eisdem
1932 1464 2060 1513 omnes

466 1559 736 1634 auctoritatibus
760 1573 954 1631 uterentur.
980 1557 1050 1630 Sed
1071 1572 1181 1657 prout
1204 1557 1355 1656 quisque
1381 1559 1529 1658 propria
1551 1561 1691 1632 ratione
1712 1559 1904 1650 deliberat,
1931 1559 2059 1657 singuli

466 1705 555 1778 quas
572 1695 752 1754 sectantur
768 1679 996 1752 auctoritates
1013 1677 1160 1774 eligunt.
1179 1677 1344 1775 Alioqtiin
1362 1676 1607 1751 indifferenter
1622 1679 1788 1751 omnium
1801 1678 2059 1776 scripturarum

466 1801 649 1872 sententias
670 1813 786 1873 essent
811 1796 1063 1897 suscipiendae,
1083 1798 1151 1868 nisi
1174 1798 1266 1869 ratio
1291 1821 1371 1894 qnae
1391 1797 1599 1871 naturaliter
1621 1798 1720 1897 prior
1741 1798 1791 1870 eis
1814 1813 1884 1890 est,
1913 1798 1958 1869 de
1975 1800 2060 1896 ipsis

462 1921 561 2017 prins
585 1919 734 1992 haberet
752 1919 927 2016 judicare„
951 1922 1041 1990 Nam
1066 1931 1102 1988 et
1122 1917 1191 2014 ipsi
1215 1918 1277 2012 qni
1301 1917 1543 2016 scripserunt,
1562 1940 1636 1989 non
1661 1918 1795 1990 nisiex
1823 1918 1962 1990 ratione
1987 1944 2058 2015 qna

463 2064 589 2111 eorum
611 2037 794 2111 abundare
809 2036 977 2109 videntur
1000 2037 1200 2127 sententiae,
1220 2035 1488 2123 auctoritatem,
1507 2035 1579 2108 hoc
1600 2051 1653 2108 est
1668 2035 1841 2109 credendi
1864 2038 1982 2108 stetim
2007 2038 2060 2109 eis

463 2172 671 2231 meruerunt
697 2157 920 2255 dignitatem.
948 2156 1046 2227 Adeo
1068 2168 1189 2226 autem
1215 2156 1377 2253 ipsorum
1410 2179 1557 2252 qnoque
1578 2155 1718 2252 jndicio
1743 2157 1945 2229 auctoritati
1968 2159 2059 2229 ratio

462 2279 696 2377 praeponitur,
723 2292 763 2349 ut
787 2277 878 2348 sient
894 2289 1008 2347 vester
1030 2275 1194 2347 meminit
1217 2275 1414 2367 Antonius,
1434 2303 1452 2340 α
1473 2299 1558 2347 cnm
1581 2274 1749 2348 hnmanae
1765 2277 1916 2348 rationis
1936 2301 2060 2350 sensns

462 2399 630 2470 inventor
648 2397 754 2469 luerit
777 2396 980 2484 literarum,
1001 2394 1061 2466 cni
1077 2419 1203 2467 seusus
1225 2408 1278 2466 est
1300 2393 1510 2480 incolumis,
1536 2394 1571 2465 ei
1588 2394 1736 2467 minime
1758 2397 1965 2468 necessariae
1989 2398 2060 2469 sint

461 2518 618 2589 literae.»
638 2520 726 2604 Quae
754 2515 790 2586 in
818 2515 919 2586 omni
944 2513 1194 2611 philosophica
1220 2512 1464 2611 disputatione
1491 2514 1541 2584 ita
1568 2515 1804 2587 novissimum
1831 2530 1892 2587 ant
1921 2515 2060 2588 nullum

462 2636 626 2708 obtinere
648 2647 817 2706 consetur
840 2632 980 2719 locum,
1007 2646 1047 2703 ut
1073 2656 1116 2704 ea
1143 2655 1222 2729 quae
1245 2655 1267 2703 a
1289 2632 1342 2703 rei
1365 2630 1524 2728 judicio,
1547 2630 1661 2706 idest
1684 2633 1731 2707 ab
1755 2636 1966 2707 auctoritate
1994 2635 2060 2707 du·

463 2769 595 2827 cuntur
612 2767 838 2850 argumenta,
861 2777 924 2824 eos
944 2752 1094 2822 omnino
1112 2751 1283 2823 iuducere
1299 2751 1447 2849 pudeat,
1472 2753 1535 2849 qni
1556 2752 1603 2825 de
1617 2755 1774 2852 propriis
1789 2754 1925 2827 viribus
1946 2754 2061 2827 coufi-

463 2872 589 2945 dentes
609 2872 733 2945 alienae
754 2872 833 2970 opis
854 2871 1030 2965 refugium
1056 2869 1308 2966 dedignantur.
1328 2870 1433 2942 Unde
1457 2870 1550 2943 bene
1574 2871 1782 2972 philosophi
1806 2874 1931 2947 talium
1954 2898 2060 2971 argu·

464 3005 669 3065 mentorum
691 2991 792 3065 locos
806 3014 890 3063 cum
911 2988 958 3062 ad
975 3012 1037 3061 eos
1051 3003 1171 3062 orator
1185 2989 1297 3088 magis
1315 3012 1424 3087 qnam
1442 2988 1680 3090 philosophus
1695 2991 1890 3091 coningere
1905 2993 2058 3090 cogitur,

464 3113 616 3186 omnino
631 3113 848 3186 extrinsecos
864 3111 899 3183 et
915 3134 936 3181 a
952 3135 991 3182 re
1004 3109 1201 3207 disjunctos
1218 3124 1254 3182 et
1266 3108 1312 3180 ab
1329 3111 1430 3182 omni
1443 3111 1573 3183 virtute
1587 3110 1777 3185 destitutos
1794 3114 2058 3210 judicaverunt,

464 3246 589 3331 utpote
606 3233 642 3305 in
658 3232 830 3330 opinione
843 3229 964 3329 potius
979 3253 1088 3325 qnam
1105 3229 1144 3303 iu
1160 3230 1307 3302 veritate
1324 3230 1572 3317 consistentes,
1589 3246 1625 3303 et
1640 3232 1741 3304 nullo
1758 3234 1895 3329 ingenii
1908 3233 2061 3307 artificio

464 3352 511 3425 ad
533 3376 685 3424 suorum
702 3350 949 3424 inventionem
968 3363 1262 3445 argumentorum
1285 3364 1447 3446 agentes,
1474 3374 1559 3421 cum
1581 3351 1629 3441 is,
1648 3353 1711 3448 qni
1736 3376 1778 3425 ea
1803 3351 1961 3445 inducit,
1987 3378 2060 3426 non

464 3474 550 3563 suis,
573 3472 638 3545 sed
658 3471 782 3545 alienis
805 3482 924 3542 utatur
936 3467 1064 3540 verbis.
1084 3468 1186 3542 Unde
1208 3483 1244 3540 et
1261 3470 1405 3541 Boetius
1424 3484 1540 3541 vester
1554 3483 1627 3541 tam
1649 3470 1928 3545 Themistiauam
1952 3498 2062 3570 Qum

461 3593 659 3666 Tullianam
674 3593 839 3665 locorum
856 3588 1051 3661 dictionem
1066 3589 1102 3660 iu
1121 3590 1259 3685 Topicis
1276 3589 1349 3661 suis
1362 3590 1606 3687 complectens
1626 3619 1634 3659 :
1656 3596 1716 3664 «A
1735 3592 1786 3665 rei
1800 3591 1956 3689 jndicio,
1973 3625 1991 3660 s
2011 3595 2062 3665 in·

463 3714 542 3810 quit
550 3716 573 3804 ¹,
596 3724 812 3811 «quaesunt
834 3724 1045 3806 argumenta
1064 3710 1168 3807 qnasi
1191 3709 1439 3782 testimonium
1463 3708 1638 3808 praebent,
1663 3724 1699 3783 et
1717 3726 1801 3784 sunt
1823 3711 2063 3786 inartificiales

462 3831 547 3920 loci,
566 3845 674 3929 atque
690 3831 842 3904 omniuo
862 3828 1043 3926 disjuncti,
1070 3852 1137 3900 nec
1154 3853 1231 3900 rcm
1248 3828 1493 3926 potiusquam
1513 3831 1725 3928 opinionem
1740 3831 1907 3906 videlicet
1919 3848 2061 3905 sectan-

463 3965 529 4026 tes.
552 3983 569 4018 »
592 3954 724 4026 Rursus
743 3949 840 4022 idem
864 3948 911 4021 de
934 3974 978 4020 eo
1002 3949 1134 4021 dicitnr
1156 3948 1357 4022 secundum
1375 3948 1561 4024 Tullium:
1584 3955 1736 4027 «Restat
1759 3953 1790 4025 is
1810 3953 1932 4045 locus,
1948 3984 1966 4018 a
1985 3953 2058 4042 ait,

466 4101 484 4140 «ι
498 4095 607 4168 quem
631 4071 849 4143 extrinsecus
872 4068 961 4140 dixit
983 4069 1127 4141 assumi.
1154 4071 1219 4141 Hic
1232 4068 1371 4166 jndicio
1388 4071 1513 4141 nititur
1529 4085 1566 4144 et
1581 4073 1793 4147 anctoritate
1808 4088 1843 4145 et
1859 4085 1955 4145 totus
1972 4097 2063 4170 pro-

463 4190 593 4268 babilis
613 4205 685 4278 est,
704 4189 793 4261 nihil
814 4187 1003 4266 continens
1022 4190 1274 4260 necessarium.
1292 4218 1310 4254 n
1331 4192 1375 4258 Et
1391 4204 1473 4286 post
1491 4189 1639 4286 aliqua:
1661 4193 1759 4264 «Hic
1773 4216 1859 4266 vero
1880 4192 1984 4265 locus
1998 4217 2064 4266 ex·

466 4314 640 4386 trinsecus
664 4310 794 4384 dicitur
817 4332 894 4382 esse
913 4308 1148 4396 constitutus,
1176 4307 1351 4404 quoniam
1376 4331 1452 4379 non
1477 4308 1523 4382 de
1539 4309 1596 4383 his
1619 4311 1684 4408 qui
1706 4311 1887 4411 praedicati
1905 4311 1961 4385 rel
1979 4310 2064 4385 snb·

461 4435 547 4530 jecti
568 4446 651 4504 snut
668 4430 843 4520 terminis,
869 4428 1035 4517 sumitur,
1053 4425 1116 4498 sed
1132 4426 1179 4499 ab
1196 4426 1415 4500 extrinsecus
1432 4429 1552 4528 posito
1565 4429 1703 4526 jndicio
1717 4432 1827 4505 venit.
1844 4433 1936 4504 Hinc
1955 4433 2062 4506 etiam

465 4551 697 4625 inartificialis
724 4564 761 4623 et
785 4560 932 4648 expers,
948 4576 965 4616 u
987 4547 1057 4636 ait,
1087 4559 1282 4637 «vocatur,
1310 4549 1483 4645 qnoniam
1509 4549 1595 4622 hinc
1621 4575 1696 4622 non
1723 4550 1792 4623 sibi
1817 4553 1897 4651 ipse
1921 4551 2066 4625 coniicit

465 4683 716 4772 argumentum
741 4682 877 4758 orator,
896 4666 960 4740 sed
986 4666 1189 4764 praeparetis
1213 4666 1410 4765 positisque
1433 4669 1545 4741 utitur
1570 4671 1797 4744 testimoniis.
1815 4699 1833 4739 n
1852 4671 1962 4760 Quod
1978 4696 2063 4744 vero

466 4793 584 4867 dixisti
601 4795 639 4866 in
653 4786 851 4864 rationibus
866 4809 1013 4884 qnoque
1030 4785 1277 4860 discernendis
1293 4788 1368 4861 sive
1382 4790 1643 4888 cognoscendis
1657 4816 1923 4891 nonnunquam
1938 4794 2061 4885 emori,

503 5065 921 5133 ¹nusprope.,opp.,pssu.
