4559 6100
463 536 535 608 aas
1068 538 1197 610 rarat
1212 535 1460 632 sumtum

463 708 620 790 tempus,
649 706 782 778 aetates,
808 715 894 763 cum
916 691 1073 762 otiosum
1098 688 1248 761 verbum
1274 689 1471 787 loquimur,
1498 712 1565 787 pro
1591 713 1665 786 quo
1690 688 1867 759 rationem
1884 685 2057 760 reddituri

464 836 588 883 sumus
599 812 637 883 in
654 810 713 884 die
724 810 878 908 judicii·
894 809 1003 897 Quod
1018 811 1049 881 si
1065 809 1142 882 hanc
1156 809 1215 882 ille
1226 811 1303 883 siue
1313 809 1402 905 lege,
1414 810 1492 881 sine
1507 808 1705 905 evangelio,
1723 809 1801 879 sine
1812 806 2058 905 apostolorum

467 932 632 1003 doctrina
648 931 858 1004 naturaliter
872 948 908 1004 et
919 931 1008 1003 dixit
1018 945 1054 1003 et
1069 929 1168 1021 lecit3
1184 930 1272 1028 quid
1285 955 1352 1002 nos
1365 943 1509 1029 oportet
1523 929 1651 1020 facere,
1665 931 1702 1000 in
1713 952 1868 1026 quorum
1885 928 2058 1000 condem·

467 1053 653 1124 nationem
663 1051 772 1123 lrabet
787 1065 821 1122 et
836 1056 930 1122 Juno
945 1052 1115 1142 univiras,
1131 1065 1167 1124 et
1178 1054 1283 1123 Vesta
1295 1050 1528 1145 univirgines,
1543 1048 1658 1121 etalia
1669 1046 1767 1121 idola
1779 1048 2055 1120 continentes?n

468 1177 630 1267 Legerat,
652 1172 690 1242 ni
706 1171 821 1260 lallor,
846 1170 1035 1269 pradictus
1057 1184 1201 1242 sanctus
1224 1169 1314 1242 illud
1331 1169 1492 1241 Suetonii
1506 1168 1541 1257 ¹,
1562 1168 1617 1240 vel
1639 1168 1844 1258 consimile,
1873 1166 1919 1240 de
1939 1169 2058 1241 excel·

465 1292 575 1362 lentia
591 1314 699 1389 supra
710 1291 886 1362 nominati
904 1291 1099 1389 principis:
1121 1293 1248 1362 «tirus
1261 1314 1365 1362 amor
1376 1305 1411 1362 et
1424 1289 1559 1361 deliciae
1568 1290 1706 1386 generis
1717 1287 1881 1376 humani,
1896 1288 1935 1360 id
1945 1288 2060 1361 obsti·

467 1412 649 1484 natissime
665 1412 794 1504 tenuit,
811 1436 858 1484 ne
876 1436 1096 1509 quemquam
1111 1410 1159 1482 ad
1177 1436 1216 1482 se
1231 1410 1461 1483 accedentem
1478 1410 1684 1508 postulandi
1707 1410 1817 1505 gratia
1832 1410 1909 1480 sine
1927 1434 1991 1507 spe
2004 1409 2059 1481 di·

468 1532 634 1603 mitteret.
652 1533 747 1618 Quin
772 1533 881 1604 etiarn
903 1530 1183 1606 admonentibus
1209 1530 1414 1603 domesticis
1432 1530 1533 1628 quod
1557 1529 1659 1628 plura
1687 1529 1928 1628 polliceretur,
1949 1554 2058 1626 quam

467 1666 632 1750 prastare
654 1666 786 1750 posset,
806 1677 881 1722 nou
903 1666 1071 1752 oportere
1094 1652 1144 1723 ait
1169 1675 1388 1749 quemquam
1414 1676 1436 1723 a
1456 1675 1624 1723 sermone
1647 1652 1818 1750 principis
1835 1650 1970 1720 tristem
1988 1649 2059 1721 dis·

466 1771 608 1844 cedere.
629 1772 729 1844 idem
746 1773 955 1846 recordatus
971 1797 1078 1872 super
1094 1797 1236 1845 coenam
1254 1772 1355 1869 quod
1370 1772 1460 1844 nihil
1478 1787 1554 1845 tota
1572 1771 1631 1843 die
1646 1773 1815 1869 cuiquam
1831 1771 2057 1869 prestitisset,

467 1892 554 1964 dixit
576 1919 584 1961 z
603 1894 732 1986 Amici,
749 1892 846 1965 diem
862 1892 1015 1991 perdidi.
1032 1893 1131 1965 Idem
1147 1892 1275 1965 febrim
1292 1908 1418 1965 nactus
1432 1917 1504 1990 qua
1519 1908 1556 1966 et
1567 1907 1744 1984 mortuus,
1762 1917 1847 1963 etun
1866 1891 1990 1963 lectica
2001 1916 2061 1963 ve·

467 2011 625 2106 heretur,
643 2015 841 2112 suspexisse
852 2012 982 2085 dicitur
995 2013 1140 2104 coelum,
1155 2014 1381 2111 multumque
1390 2029 1609 2112 conquestus
1622 2028 1674 2085 est
1685 2014 1774 2111 eripi
1791 2011 1857 2084 sibi
1874 2013 1984 2084 vitam
1998 2015 2060 2082 im·

468 2133 633 2203 merenti.
656 2138 780 2230 Neque
794 2135 891 2206 enim
907 2149 1026 2206 extare
1042 2133 1156 2206 ullum
1175 2157 1281 2206 suum
1300 2134 1447 2223 iactum,
1472 2133 1570 2232 quod
1590 2133 1657 2206 sibi
1681 2146 1773 2205 esset
1796 2130 2057 2231 poenitendum,

467 2267 617 2350 excepto
633 2252 820 2326 dumtaxat
839 2279 937 2343 un03
957 2253 994 2325 id
1010 2255 1116 2351 quale
1131 2253 1250 2343 luerit,
1273 2280 1340 2327 nec
1360 2257 1435 2354 ipse
1458 2271 1544 2327 tunc
1567 2252 1741 2352 prodidit,
1760 2277 1878 2349 neque
1894 2253 2061 2349 cuiquam

469 2386 597 2443 notum
616 2372 694 2443 suit.
717 2403 734 2439 s
753 2377 808 2446 De
829 2374 931 2470 cujus
955 2375 1063 2446 etiam
1079 2389 1180 2473 patre
1197 2376 1416 2474 Vespasiano
1436 2399 1545 2472 quam
1562 2372 1725 2445 mirabile
1743 2373 1788 2444 sit
1802 2371 1892 2443 illud
1908 2371 2008 2469 quod
2024 2373 2059 2442 in

469 2491 598 2563 eodem
616 2493 809 2565 Suetonius
825 2495 1016 2592 praemittit,
1034 2509 1070 2565 et
1092 2520 1201 2592 quam
1217 2509 1363 2596 accepta
1384 2500 1462 2568 Deo
1485 2519 1596 2593 opera
1617 2495 1692 2590 ejus
1709 2495 1785 2592 ipsa
1806 2492 2060 2565 miraculorum

468 2610 566 2683 dona
574 2627 760 2704 testentur,
773 2614 854 2711 quis
863 2638 937 2685 non
949 2613 1143 2712 intelligat?
1152 2616 1210 2687 Sic
1219 2640 1350 2715 nempe
1359 2618 1531 2713 scriptum
1541 2620 1629 2688 est¹z
1643 2615 1894 2713 Vespasianum
1904 2612 2059 2683 necdum

469 2733 723 2830 imperatorem
738 2731 888 2831 quidam
904 2759 925 2805 e
939 2732 1045 2832 plebe
1062 2735 1259 2806 luminibus
1272 2734 1432 2827 urbatus,
1454 2737 1540 2807 item
1555 2737 1646 2809 alius
1657 2735 1784 2807 debilis
1802 2757 1916 2817 crure,
1935 2731 2061 2804 seden-

469 2866 542 2923 tem
559 2877 627 2950 pro
644 2852 814 2926 tribunali
828 2854 960 2952 pariter
984 2853 1163 2944 adierunt,
1188 2871 1331 2928 orantes
1358 2881 1466 2954 opem
1488 2857 1714 2943 valetudinis,
1743 2856 2061 2927 demonstratama

468 2972 639 3070 Serapide
655 2997 720 3072 per
735 2973 914 3071 quietem,
933 2974 1181 3046 restituturum
1209 2974 1345 3067 oculos,
1369 2977 1398 3047 si
1422 2977 1631 3076 inspuisset3
1650 2975 1947 3047 confirmaturum
1965 2999 2058 3064 crus,

469 3094 498 3164 si
514 3093 721 3189 dignaretur
733 3095 830 3167 calce
848 3095 1069 3193 contingere.
1084 3094 1278 3168 Orantibus
1291 3097 1427 3185 amicis,
1446 3097 1527 3169 lieet
1542 3099 1676 3169 invitus
1694 3111 1887 3193 utrumque
1898 3097 2058 3185 tentarit,

468 3237 536 3286 nec
558 3212 671 3286 deluit
697 3229 857 3287 eventus.
876 3244 896 3284 u
923 3214 1033 3303 Quod
1054 3216 1083 3286 si
1110 3216 1219 3287 etiam
1237 3216 1506 3288 consideremus
1519 3231 1694 3314 quantum
1711 3215 1841 3288 talibus
1856 3213 2062 3286 hominibus

469 3334 577 3408 etiam
592 3334 631 3406 in
648 3333 854 3408 infidelitate
870 3359 935 3408 sua
960 3336 1112 3407 mortuis
1136 3335 1193 3407 vel
1217 3337 1293 3409 sine
1318 3352 1622 3409 sacramentorum
1648 3338 1758 3434 gratia
1778 3336 1955 3408 defunctis
1980 3349 2062 3407 ante

470 3468 556 3527 actae
570 3455 650 3527 vitm
666 3479 778 3553 opera
794 3455 1007 3556 proluerint,
1027 3481 1095 3528 nec
1108 3456 1154 3528 de
1169 3455 1241 3528 hoc
1258 3455 1364 3529 nobis
1373 3458 1575 3530 testimonia
1591 3458 1755 3530 deemnt.
1776 3462 1882 3553 [egat
1896 3455 2063 3552 quislibet

470 3575 666 3674 capitulum
688 3601 769 3647 xmu
791 3575 920 3648 librili
938 3578 1017 3648 vitae
1034 3582 1072 3648 B.
1099 3579 1262 3673 Gregorii
1270 3581 1294 3667 ¹,
1316 3593 1352 3650 et
1373 3579 1531 3651 inveniet
1547 3594 1723 3676 quantum
1742 3579 1879 3674 justitia
1898 3577 2059 3673 Trajani,

471 3695 611 3788 gentilis
627 3695 864 3794 imperatoris,
884 3709 958 3768 tam
976 3701 1053 3767 Deo
1077 3697 1158 3793 ipsi,
1177 3721 1286 3792 quarn
1309 3697 1479 3795 praedicto
1505 3714 1629 3771 sancto
1651 3698 1879 3797 acceptabilis
1894 3697 2059 3783 extiterit,

514 3967 732 4056 ‘Augustinus
755 3967 796 4032 de
818 3969 953 4032 Ciuitate
973 3967 1057 4031 libro
1081 3969 1196 4033 XXII‘
1219 3993 1227 4035 z
1251 3971 1386 4036 «Iamsi
1411 3970 1453 4036 ad
1476 3995 1588 4037 eorum
1610 3973 1765 4037 miracula
1786 3974 1968 4053 veniamus,
1991 3996 2062 4061 qua·

471 4065 554 4131 facta
571 4089 590 4129 a
607 4064 667 4129 diis
682 4067 746 4131 suis
761 4081 929 4155 opponunt
941 4066 1133 4153 martyribus
1147 4070 1284 4152 nostris;
1302 4094 1410 4135 nonne
1423 4071 1519 4135 etiam
1535 4072 1602 4159 ipsa
1613 4095 1672 4159 pro
1691 4071 1784 4136 nobis
1796 4071 1911 4152 facere,
1926 4087 1959 4135 et
1969 4071 2063 4135 nobis

471 4164 669 4253 reperientur
683 4165 817 4228 omnino
833 4162 1009 4252 proficere?
1024 4163 1055 4226 N
1056 4187 1108 4228 ant
1123 4165 1208 4230 inter
1224 4190 1340 4257 magna
1355 4167 1506 4232 miracula
1523 4167 1658 4234 deorum
1674 4190 1818 4249 suorum,
1835 4168 1979 4258 profecto
1991 4191 2063 4233 ma·

470 4284 571 4351 gnum
589 4260 669 4325 illud
689 4277 757 4341 est,
784 4261 873 4350 quod
888 4260 992 4323 Varro
1018 4282 1250 4329 commemorat
1268 4265 1431 4330 Vestalem
1452 4267 1621 4357 virginem,
1641 4290 1715 4331 cum
1736 4266 1967 4355 periclitaretm
1987 4266 2065 4331 falsa

473 4359 651 4448 suspicione
666 4357 707 4423 de
719 4376 841 4449 stupro,
857 4359 997 4423 cribrum
1014 4359 1159 4449 implesse
1176 4386 1258 4451 aqua
1273 4362 1314 4428 de
1330 4363 1456 4446 Tiberi,
1471 4381 1503 4429 et
1519 4364 1561 4429 ad
1573 4388 1647 4429 suos
1658 4364 1782 4451 judices
1793 4363 1881 4427 nulla
1894 4366 1961 4449 ejus
1973 4381 2064 4454 parte

472 4456 609 4522 stillante
620 4472 773 4545 portasse.
789 4458 868 4539 Quis
884 4479 974 4546 aquae
990 4457 1117 4547 pondus
1135 4462 1236 4524 tenuit
1251 4477 1300 4525 tot
1316 4463 1458 4526 cavernis
1473 4461 1692 4551 patentibus‘?
1707 4464 1797 4526 Itane
1810 4463 1895 4526 Deus
1911 4463 2064 4549 omnipo-

405 4582 409 4585 *
471 4571 549 4657 teps·
564 4571 693 4620 terreno
718 4557 847 4646 corpori
867 4576 963 4646 grave
984 4556 1110 4643 pondus
1131 4558 1255 4623 anferre
1276 4582 1341 4624 non
1362 4561 1491 4649 poterit,
1509 4576 1544 4623 ut
1565 4561 1599 4623 in
1621 4558 1737 4625 eodem
1762 4559 1922 4624 elemento
1943 4559 2066 4623 habitet

470 4651 662 4719 vivificatum
686 4675 813 4742 corpus,
831 4655 865 4719 in
882 4678 946 4744 quo
965 4655 1102 4721 voluerit
1115 4655 1276 4723 vivificans
1292 4657 1442 4747 spiritus?

501 4942 674 5009 ‘Suetontus,
701 4949 723 4998 8.
739 4946 868 4997 -²Ibt'd.
894 4948 946 4984 -Ι
964 4946 1035 4998 toan.
1059 4946 1126 4999 blac.
1144 4951 1169 4998 tn
1190 4950 1239 5000 Vtt.
1293 4963 1373 5013 supro
1385 4950 1497 5000 cribrum
1507 4950 1603 4999 uouit?
1614 4951 1672 5013 quis
1685 4956 1720 4999 tot
1733 4950 1848 5000 curuata
1857 4949 2012 5014 putentibus,
2027 4946 2065 4997 nil

472 5021 498 5070 S.
516 5021 634 5089 Gregor,
648 5027 692 5077 ΙΙΙ).
705 5026 737 5087 ΙΙ,
754 5041 808 5091 cap.
822 5039 879 5077 atr.
893 5052 918 5063 -
934 5029 1016 5089 ‘tun
1035 5029 1065 5078 de
1087 5029 1163 5079 cinit.
1179 5032 1238 5092 Dei,
1294 5031 1354 5080 inde
1365 5032 1393 5080 in
1406 5036 1502 5082 terrum
1513 5031 1602 5083 cudere
1610 5031 1749 5095 permisit?

471 5102 513 5152 ΙΙΙ).
539 5102 613 5169 ΙΙΙΙΙΙ,
635 5119 690 5170 cap.
711 5119 745 5171 st.
759 5107 871 5170 -ΙΙρ,
891 5107 952 5170 tur.
972 5107 1034 5167 Quis
1049 5122 1124 5173 aqua
1144 5110 1242 5171 pondus
