4559 6100
489 505 561 579 606
1089 508 1215 579 Putat
1247 506 1481 582 ABAELARDI

487 671 612 729 contra
630 671 850 754 praeceptum
872 657 936 728 Dei
954 682 1029 728 non
1054 658 1170 730 solum
1189 660 1279 730 velle
1297 658 1387 749 fieri,
1410 683 1535 732 verum
1554 661 1661 734 etiam
1684 660 1761 735 lieri
1778 664 1931 761 aliquid,
1958 680 1994 737 et
2008 666 2082 738 hoc

487 778 653 864 scienter,
673 777 750 848 sine
769 775 843 847 ullo
859 791 960 847 reatu
974 778 1132 874 peccati,
1155 802 1223 850 nee
1239 777 1370 851 malam
1388 777 1609 852 voluntatem
1625 780 1680 853 vel
1704 784 1882 854 actionem
1904 783 1987 856 ideo
2003 810 2081 857 esse

486 895 690 985 dicendam,
719 895 803 992 quia
827 910 1044 994 praeceptum
1069 898 1133 967 Dei
1159 923 1234 969 non
1261 913 1376 970 servat
1398 899 1435 969 11
1459 923 1581 995 01111,
1605 925 1689 972 cum
1712 901 1933 974 avoluntate
1957 907 2082 1002 111111-

486 1016 617 1113 pientis
634 1039 708 1086 non
727 1015 903 1111 discrepat
927 1015 1002 1110 ejus
1026 1016 1177 1087 intentio
1193 1018 1252 1088 cui
1278 1018 1469 1115 praeceptio
1491 1017 1543 1088 fit.
1562 1020 1619 1090 Sic
1638 1021 1733 1091 enim
1755 1022 1907 1093 intentio
1921 1022 2082 1118 jubentis

489 1150 635 1206 excusat
652 1135 784 1232 ipsum,
807 1135 869 1231 qui
885 1135 1045 1232 11111111
1062 1133 1139 1206 11111
1156 1135 1256 1231 quod
1273 1151 1391 1209 tamen
1411 1137 1558 1209 minime
1576 1140 1743 1211 convenit
1759 1139 1834 1212 fieri
1854 1169 1862 1210 ε
1882 1141 1931 1213 ita
1948 1156 1982 1213 et
1995 1166 2078 1213 eum

487 1256 547 1326 eui
566 1254 606 1325 fit
624 1255 830 1352 preceptio,
849 1268 993 1326 excusat
1008 1254 1189 1327 charitatis
1206 1256 1372 1328 intentio.

537 1379 581 1444 Ut
604 1397 690 1471 ergo
714 1373 815 1444 brevi
839 1372 1071 1444 conclusione
1092 1398 1201 1471 supra
1224 1374 1319 1446 dicta
1341 1375 1527 1473 colligam,
1551 1392 1706 1472 quatuor
1729 1391 1811 1448 sunt
1837 1402 1916 1475 quae
1941 1381 2081 1476 praemi·

486 1494 616 1578 simus,
648 1507 688 1563 ut
715 1491 940 1564 abinvicem
968 1493 1045 1591 ipsa
1071 1492 1258 1589 diligenter
1282 1494 1581 1589 distingueremus
1608 1521 1616 1564 ε
1643 1494 1768 1566 vitium
1795 1496 1930 1568 scilicet
1952 1498 2077 1583 animi,

486 1612 584 1709 quod
607 1610 655 1684 ad
677 1610 900 1710 peccandum
923 1635 1059 1709 pronos
1081 1611 1210 1701 efficit3
1236 1637 1278 1684 ac
1300 1615 1534 1711 postmodum
1557 1615 1675 1711 ipsum
1696 1629 1896 1712 peccatum,
1923 1615 2021 1712 quod
2041 1617 2077 1686 in

485 1755 661 1802 consensu
690 1729 787 1817 mali,
812 1731 867 1801 vel
891 1744 1100 1827 contemptu
1119 1731 1186 1802 Dei
1204 1732 1406 1821 statuimus,
1426 1731 1557 1804 deinde
1579 1731 1663 1804 mali
1686 1732 1907 1828 voluntatem
1924 1733 2079 1829 malique

486 1851 746 1948 operationem.
762 1850 859 1921 Sicut
875 1863 994 1920 autem
1010 1874 1084 1919 non
1100 1850 1195 1920 idem
1210 1864 1263 1921 est
1279 1849 1382 1943 velle,
1399 1853 1499 1948 quod
1512 1852 1731 1924 voluntatem
1750 1852 1919 1949 implere;
1939 1854 1986 1923 ita
2003 1878 2077 1924 non

486 1966 582 2040 idem
604 1984 657 2041 est
678 1992 839 2066 peccare,
859 1968 959 2064 quod
974 1983 1161 2065 peccatum
1184 1968 1370 2065 perficere.
1400 1968 1490 2041 illud
1514 1971 1649 2068 quippe
1672 1969 1718 2041 de
1746 1994 1926 2041 consensu
1951 1972 2074 2059 animi,

486 2113 561 2184 quo
577 2112 787 2187 peccamus;
806 2086 878 2158 hoc
898 2087 943 2157 de
959 2086 1090 2158 effectu
1106 2087 1325 2183 operationis
1340 2103 1392 2160 est
1409 2089 1673 2186 accipiendum,
1692 2096 1775 2160 cuni
1795 2087 1958 2160 videlicet
1974 2088 2073 2181 illud,

484 2207 522 2276 in
546 2232 621 2304 quo
648 2207 747 2305 prius
771 2207 1034 2293 consensimus,
1064 2230 1174 2304 opere
1198 2205 1401 2305 implemus.
1422 2212 1514 2278 Cum
1538 2232 1624 2305 ergo
1648 2221 1853 2305 peccatum,
1881 2207 1938 2277 vel
1961 2208 2075 2278 'tenta-

484 2326 620 2398 tionem
628 2326 742 2397 tribus
760 2325 876 2397 modis
889 2325 1041 2397 dicimus
1058 2325 1193 2423 peragi,
1211 2329 1436 2421 suggestione
1452 2326 1596 2413 scilicet,
1616 2325 1865 2417 delectatione,
1882 2349 2072 2413 consensu,

484 2446 533 2515 ita
557 2460 610 2518 est
636 2445 930 2542 intelligendum,
969 2444 1069 2541 quod
1094 2442 1140 2516 ad
1164 2446 1412 2543 operationem
1438 2446 1574 2542 peccati
1600 2469 1664 2542 per
1683 2444 1759 2515 baec
1784 2446 1851 2516 tria
1877 2444 2076 2542 frequenter

485 2563 710 2651 deducimur,
737 2566 827 2635 sicut
850 2564 1029 2660 inprimis
1050 2564 1201 2659 contigit
1216 2563 1436 2661 parentibus.
1463 2565 1649 2635 Persuasio
1669 2566 1806 2662 qnippe
1824 2563 1959 2635 diaboli
1981 2589 2073 2662 1111-

485 2683 607 2772 cessit,
634 2707 718 2754 cum
745 2708 786 2754 ex
813 2696 916 2777 gustu
939 2683 1054 2752 vetitae
1081 2682 1219 2753 arboris
1245 2683 1548 2754 immortalitatem
1574 2682 1757 2781 promisit3
1786 2681 1976 2754 delectatio
1994 2707 2075 2754 suc-

485 2801 608 2891 cessit,
635 2825 719 2871 cum
743 2800 871 2871 mulier
887 2800 1012 2872 videns
1032 2799 1170 2895 lignum
1187 2799 1379 2898 pulchrum
1402 2816 1437 2872 11
1453 2803 1571 2898 ipsum
1589 2801 1787 2895 intelligens
1809 2825 1919 2872 suave
1935 2800 1982 2871 ad
1998 2826 2074 2871 ves-

485 2918 654 3005 cendum,
671 2920 707 2989 in
721 2918 1045 3017 concupiscentiam
1061 2918 1138 3013 ejus
1150 2922 1291 3008 exarsit,
1308 2920 1379 2991 cibi
1392 2919 1587 3016 voluptate,
1606 2917 2068 3016 quamcredebatcorrepta.

485 3032 573 3125 Quae
589 3032 672 3110 cum
688 3039 883 3136 reprimere
903 3037 1231 3135 concupiscentiam
1247 3037 1412 3128 deberet,
1438 3054 1477 3109 ut
1492 3053 1710 3137 praeceptum
1728 3052 1902 3129 servaret,
1921 3061 2072 3110 consen·

486 3159 608 3229 tiendo
632 3159 668 3230 in
697 3172 883 3256 peccatum
907 3171 1019 3228 tracta
1044 3171 1110 3228 est.
1138 3156 1246 3243 Quod
1272 3156 1379 3229 etiarn
1404 3171 1591 3255 peccatum
1619 3182 1704 3228 cum
1732 3181 1795 3255 per
1829 3159 2071 3255 poenitentiam

484 3275 630 3348 deberet
645 3276 835 3373 corrigere,
854 3291 895 3346 ut
910 3277 1051 3347 veniam
1068 3290 1277 3364 mereretur,
1297 3278 1413 3375 ipsum
1436 3277 1592 3372 denique
1609 3278 1872 3348 consummavit
1888 3279 1923 3348 in
1943 3302 2069 3376 opere;

484 3409 519 3464 et
536 3391 585 3466 ita
604 3395 717 3466 tribus
734 3395 903 3490 gradibus
924 3394 970 3466 ad
992 3395 1271 3493 perpetrandum
1290 3409 1477 3492 peccatum
1491 3395 1646 3466 incessit.
1666 3395 1725 3466 Sic
1739 3409 1773 3467 et
1789 3419 1857 3466 nos
1873 3395 2072 3492 frequenter

484 3536 558 3584 non
575 3512 622 3586 ad
637 3514 875 3611 peccandum,
897 3512 959 3584 sed
974 3514 1020 3585 ad
1038 3514 1173 3610 peccati
1190 3515 1505 3611 perpetrationem,
1522 3513 1647 3584 iisdem
1664 3512 1891 3610 passionibus
1908 3515 2071 3611 perveni·

485 3655 577 3721 mus,
597 3634 822 3728 suggestione
840 3632 993 3720 scilicet,
1011 3632 1083 3704 boc
1099 3647 1165 3721 est,
1184 3632 1433 3703 exhortatione
1457 3633 1605 3728 alicujus
1623 3657 1691 3703 nos
1713 3633 1893 3703 incitantis
1910 3633 1956 3703 ad
1969 3656 2071 3727 agen-

485 3752 572 3823 dum
583 3756 681 3850 quod
696 3781 770 3826 non
789 3757 970 3827 convenit.
991 3755 1099 3843 Quod
1108 3756 1253 3852 quidem
1266 3779 1371 3851 agere
1379 3756 1408 3826 si
1415 3743 1622 3826 delectabile
1632 3756 1851 3846 noverimus,
1865 3768 1947 3827 ante
1957 3757 2071 3853 ipsum

485 3873 592 3944 etiam
609 3873 740 3945 sactum
757 3876 867 3973 ipsius
883 3874 965 3945 facti
981 3874 1217 3945 delectatione
1233 3898 1334 3945 mens
1352 3886 1473 3944 nostra
1493 3874 1696 3971 corripitur,
1715 3874 1844 3970 etipsa
1861 3873 2072 3968 cogitatione

486 4015 550 4086 per
579 3990 850 4065 delectationem
874 4006 1064 4065 tentamur.
1101 3995 1167 4064 Cui
1199 3991 1360 4064 videlicet
1389 3991 1616 4064 delectationi
1645 3991 1733 4063 dum
1766 3993 1976 4063 assentimus
2008 4016 2073 4089 per

485 4131 714 4197 consensum,
738 4134 940 4208 peccamus.
967 4112 1030 4180 His
1046 4109 1191 4181 tandem
1213 4111 1327 4182 tribus
1343 4109 1389 4181 ad
1405 4110 1651 4207 operationem
1676 4111 1813 4208 peccati
1829 4111 2068 4207 pervenimus.

533 4230 623 4298 Sunt
643 4229 704 4325 qui
723 4228 984 4324 suggestionem
1004 4229 1133 4315 carnis,
1155 4229 1292 4300 etiamsi
1308 4251 1463 4325 persona
1478 4251 1670 4323 suggerens
1685 4229 1795 4319 desit,
1814 4228 2070 4327 comprehendi

486 4349 632 4419 nomine
649 4349 882 4445 suggestionis
902 4349 1023 4436 velint,
1043 4348 1152 4420 veluti
1174 4350 1202 4418 si
1222 4349 1301 4444 quis
1317 4349 1390 4420 visa
1411 4348 1574 4438 muliere,
1597 4349 1634 4418 in
1652 4349 1980 4447 concupiscentiam
1998 4349 2073 4443 ejus

485 4464 630 4537 incidat.
659 4467 728 4538 Sed
754 4467 829 4537 haec
852 4467 1015 4565 proiecto
1041 4467 1218 4563 suggestio
1244 4465 1332 4536 nihil
1359 4465 1456 4537 aliud
1480 4489 1589 4562 quam
1614 4466 1802 4540 delectatio
1830 4467 1972 4538 videtur
2000 4490 2072 4537 esse

484 4583 654 4669 dicenda;
688 4610 795 4683 quam
826 4586 972 4682 quidem
1009 4585 1282 4657 delectationem
1314 4586 1414 4679 quasi
1440 4587 1675 4657 necessariam
1705 4586 1835 4658 factam
1868 4600 1906 4657 et
1932 4601 2072 4657 caeteras

484 4701 702 4799 hujusmodi,
724 4727 813 4801 quas
830 4728 903 4774 non
928 4719 1113 4801 peccatum
1135 4728 1211 4775 esse
1234 4727 1342 4800 supra
1363 4704 1606 4791 meminimus,
1626 4703 1822 4776 humanam
1839 4706 2071 4776 tentationem

486 4823 675 4918 Apostolus
693 4837 796 4895 vocat
813 4848 897 4894 cum
915 4824 978 4894 ait¹
996 4851 1004 4893 :
1026 4853 1043 4890 u
1057 4823 1220 4895 Tentatio
1234 4847 1298 4894 vos
1316 4823 1390 4894 101
1405 4822 1651 4921 apprehendat
1667 4824 1734 4895 nisi
1750 4824 1922 4896 humana.
1946 4822 2071 4894 Fidelis

522 5097 651 5147 'Corintln
663 5097 685 5160 l,
700 5111 753 5159 cap.
766 5113 792 5160 x,
804 5112 826 5149 v.
843 5103 880 5149 ta.
