4559 6100
461 482 533 556 668
1063 483 1191 555 PETRI
1217 483 1450 557 ABAElrdRDl

461 658 503 706 ac
526 631 759 731 postmodum
783 655 911 729 magna
930 632 1081 705 concilia
1103 632 1296 725 celebrata,
1322 656 1470 705 omnem
1492 632 1578 706 inde
1600 629 1780 704 mundum
1806 628 1995 728 repleverit
2016 641 2057 698 et

460 732 643 825 universas
658 750 808 825 haereses
824 753 1041 851 represserit.

508 878 651 945 Panos.
676 877 972 970 Nonnnunquam
995 872 1166 946 conviciis
1182 886 1218 946 et
1237 872 1453 971 inproperiis
1474 871 1609 946 facilius
1627 871 1794 944 homines
1810 856 2056 968 provocantur

461 1014 569 1089 quam
594 989 913 1090 supplicationibus
935 1006 971 1063 et
997 989 1310 1064 obsecrationibus
1341 992 1547 1083 flectuntur,
1574 992 1698 1089 etqui
1724 989 2054 1088 depromerentur,

460 1109 653 1182 studiosius
666 1124 831 1206 satagunt
845 1110 892 1182 de
908 1134 1040 1210 pugna,
1061 1135 1170 1208 quam
1187 1111 1250 1210 qui
1267 1125 1428 1204 orantur,
1445 1126 1637 1185 moventur
1652 1134 1695 1184 ex
1711 1109 1836 1206 gratia.

508 1231 709 1302 Camsrrau.
736 1229 999 1325 lgnoscendum
1021 1229 1087 1302 tibi
1108 1246 1174 1321 est,
1200 1232 1230 1302 si
1246 1231 1316 1305 hac
1332 1231 1531 1304 intentione
1555 1231 1626 1304 hoc
1648 1231 1761 1326 egisti.
1781 1234 1885 1301 Nunc
1900 1247 1987 1297 vero
2005 1246 2055 1295 ne

400 1406 404 1415 .
460 1374 503 1421 ex
521 1348 719 1422 diffidentia
742 1374 899 1447 pugnam
916 1348 1010 1423 hauc
1027 1350 1172 1433 differre
1187 1351 1323 1444 videar,
1341 1366 1416 1424 tam
1433 1351 1522 1424 mibi
1544 1375 1654 1449 quam
1669 1350 1734 1423 tibi
1750 1346 1911 1422 orandus
1926 1359 1995 1436 est,
2013 1356 2055 1413 ut

459 1467 545 1563 quid
571 1468 635 1541 tibi
660 1468 907 1565 quaerendum,
934 1468 1022 1566 quid
1046 1470 1135 1545 mibi
1160 1469 1456 1569 respondendum
1481 1470 1545 1564 sit,
1575 1472 1652 1569 ipse
1678 1468 1855 1542 Dominus
1878 1463 2050 1562 inspiret,

457 1585 612 1683 quivult
634 1611 762 1659 omnes
784 1585 950 1660 homines
970 1589 1087 1662 salvos
1104 1589 1181 1662 fieri
1197 1604 1233 1662 ct
1249 1590 1296 1663 ad
1317 1590 1561 1686 cognitionem
1581 1588 1637 1662 sui
1653 1588 1787 1660 venire.
1811 1591 1914 1658 Nunc
1930 1584 2051 1679 igitur,

456 1708 485 1778 si
503 1707 636 1805 placet,
656 1731 740 1778 cum
760 1707 806 1779 ad
832 1707 1088 1806 perfectionem
1110 1723 1240 1781 nostrae
1260 1710 1347 1805 legis
1363 1724 1437 1781 tam
1457 1708 1669 1805 evangelicae
1684 1707 1817 1780 scilicet
1836 1728 1947 1802 quam
1963 1725 2053 1801 apo·

456 1825 588 1898 stolicae
615 1826 786 1898 doctrinae
811 1828 858 1898 sis
880 1851 1023 1917 exsors,
1051 1829 1146 1901 hanc
1173 1830 1331 1927 primum
1357 1824 1587 1927 inspiciamus
1613 1841 1756 1900 etcum
1780 1825 1909 1898 ceteris
1930 1820 2052 1895 confe-

456 1969 579 2018 ramus
597 1944 767 2018 omnibus
786 1946 976 2036 doctrinis,
1000 1962 1040 2020 ut
1062 1949 1091 2020 si
1112 1948 1209 2021 hanc
1230 1950 1267 2020 in
1289 1948 1358 2021 illis
1377 1973 1457 2046 quoe
1479 1947 1676 2046 justificant
1703 1945 1890 2045 praeoeptis
1910 1941 1968 2015 vel
1987 1965 2053 2013 ex-

456 2062 722 2137 hortationibus
745 2065 995 2164 perfectiorem
1019 2067 1173 2160 videris,
1200 2093 1280 2141 eam
1308 2068 1399 2140 sicut
1424 2081 1569 2167 oportet
1597 2067 1710 2164 magis
1736 2064 1856 2161 eligas.
1884 2060 1994 2151 Quod
2016 2074 2054 2133 et

456 2208 565 2282 supra
582 2200 802 2258 memoratus
817 2185 943 2258 rhetor
960 2203 1076 2260 vester
1089 2188 1135 2260 de
1152 2188 1353 2277 contrariis,
1371 2203 1412 2259 ut
1436 2187 1572 2275 dixisti,
1597 2186 1736 2284 legibus
1752 2208 1872 2280 agens,
1898 2179 2054 2255 consulit

455 2301 594 2376 dicens¹
614 2331 622 2373 ε
645 2336 663 2371 «
677 2306 715 2376 si
730 2296 826 2402 leges
840 2304 919 2378 duae
932 2308 990 2380 vel
1005 2307 1127 2406 plures
1144 2308 1276 2379 servari
1293 2332 1368 2380 non
1386 2321 1550 2406 possunt,
1570 2307 1656 2404 quia
1671 2305 1878 2402 discrepant
1892 2303 1986 2373 inter
1999 2324 2049 2391 se,

455 2445 497 2493 ea
514 2424 669 2496 maxime
685 2424 932 2496 conservanda
953 2440 1111 2524 putetur,
1130 2451 1210 2524 quae
1225 2427 1272 2500 ad
1291 2428 1463 2499 maximas
1478 2450 1536 2498 res
1553 2426 1732 2524 pertinere
1748 2423 1904 2495 ridetur.
1921 2451 1940 2487 s

504 2546 644 2615 Pmros.
671 2540 765 2614 Nihil
786 2541 859 2614 hoc
877 2545 1029 2616 consilio
1047 2545 1282 2643 probabilius,
1308 2560 1345 2616 et
1365 2544 1455 2617 nihil
1469 2544 1609 2617 stultius
1629 2567 1738 2642 quam
1761 2542 1807 2614 ab
1827 2540 1984 2638 antiquis
2005 2537 2053 2610 ad

455 2683 569 2730 novas
591 2659 760 2733 recedere
786 2659 900 2757 leges,
928 2664 996 2734 nisi
1021 2662 1189 2736 doctrina
1216 2665 1388 2763 potiores.
1416 2669 1515 2753 Quas
1539 2663 1705 2736 videlicet
1734 2684 1847 2734 novas
1870 2659 1965 2756 leges
1989 2660 2052 2753 qui

382 2780 384 2783 ’
454 2793 755 2874 composuerunt,
783 2793 884 2851 tanto
899 2804 960 2853 eas
982 2783 1121 2854 cautius
1139 2808 1180 2854 ac
1195 2782 1386 2879 perfectius
1407 2783 1564 2856 scribere
1581 2795 1794 2883 potuerunt,
1817 2793 1957 2877 quanto
1976 2777 2052 2874 jam

453 2897 618 2995 priorum
627 2897 748 2994 legum
759 2897 947 2997 disciplina
959 2901 1081 3000 etipsa
1091 2903 1371 2975 necessariarum
1385 2927 1506 2975 rerum
1518 2903 1735 3003 experientia
1745 2900 1923 2988 instructi,
1933 2896 2047 2989 facile,

453 3040 533 3114 quae
547 3015 715 3110 deerant5
741 3042 783 3090 ex
805 3020 954 3118 proprio
971 3019 1104 3094 addere
1120 3034 1318 3120 potuerunt
1339 3022 1498 3118 ingenio,
1516 3024 1609 3097 sicut
1630 3023 1740 3096 etiam
1761 3021 1799 3093 in
1822 3019 1947 3092 ceteris
1966 3040 2051 3089 con·

454 3137 556 3234 tingit
581 3137 819 3238 philosopbiae
842 3137 1052 3240 disciplinis.
1073 3145 1164 3213 Tum
1183 3157 1303 3213 autem
1328 3142 1374 3215 de
1396 3142 1615 3241 perfectione
1636 3141 1877 3241 posteriorum
1902 3138 2052 3237 scripto-

453 3280 534 3326 rum
552 3258 706 3330 maxime
724 3272 778 3330 est
801 3258 1083 3353 confidendum,
1104 3262 1133 3334 si
1156 3261 1322 3335 moderni
1337 3264 1529 3361 scriptores
1546 3285 1687 3359 aequare
1709 3261 1862 3356 ingeniis
1884 3259 2052 3356 antiquos

452 3379 650 3472 potuerint.
680 3376 751 3448 Sed
781 3377 870 3475 quid
898 3379 928 3450 si
953 3379 1045 3451 forte
1070 3382 1167 3478 ipsos
1191 3382 1298 3453 etiam
1324 3382 1432 3479 longe
1457 3380 1709 3455 transcendere
1732 3377 1953 3479 sperandum
1978 3378 2052 3450 esti

453 3495 562 3583 Quod
580 3495 743 3593 profecto
766 3495 811 3568 de
835 3497 1034 3594 legislatore
1050 3499 1217 3572 videlicet
1237 3500 1392 3591 Christo,
1412 3527 1522 3600 quem
1538 3502 1652 3601 ipsam
1678 3500 1743 3573 Dei
1765 3499 1976 3598 sapientiam
1993 3497 2052 3569 di-

452 3614 545 3704 citis,
562 3638 793 3713 nequaquam
808 3616 990 3690 dubitatis.
1008 3621 1063 3691 De
1075 3643 1151 3717 quo
1168 3621 1274 3692 etiam
1292 3621 1361 3694 Job
1376 3637 1542 3695 nostrum
1558 3635 1663 3694 antea
1676 3620 1847 3693 cecinisse
1862 3618 2047 3691 asseritis:
2110 3713 2120 3724 N

455 3759 474 3800 a
488 3736 579 3804 Ecce
603 3738 700 3807 Deus
722 3737 760 3807 in
783 3736 992 3810 fortitudine
1015 3762 1080 3811 sua
1106 3753 1142 3810 et
1162 3739 1283 3811 nullus
1306 3742 1339 3813 ei
1357 3742 1482 3814 similis
1504 3743 1541 3814 in
1563 3739 1865 3837 legislatoribus.»
1884 3738 1994 3833 Cujus
2014 3750 2049 3808 et

452 3851 637 3948 apostolus
653 3869 770 3926 vester
785 3856 976 3954 praeferens
993 3858 1219 3951 doctrinam,
1237 3874 1273 3931 et
1291 3862 1415 3959 primae
1431 3862 1518 3959 legis
1535 3860 1846 3961 imperfectionem
1862 3856 2047 3930 manifeste

450 3968 626 4069 profitens
642 3973 706 4045 ait³
726 4001 734 4040 ε
758 3975 975 4049 «Multifarie
996 3977 1189 4076 multisque
1206 3980 1324 4053 modis
1340 3985 1436 4053 Deus
1457 3980 1544 4053 olim
1559 3981 1712 4079 loquens
1726 3977 1887 4077 patribus
1902 3977 1938 4047 in
1955 3997 2046 4072 pro-

450 4088 581 4188 phetis,
597 4092 791 4164 novissime
804 4093 932 4168 diebus
946 4096 1021 4169 istis
1033 4095 1175 4171 locutus
1183 4113 1236 4171 est
1248 4100 1355 4173 nobis
1370 4102 1407 4172 in
1424 4099 1513 4192 filio,
1524 4114 1593 4173 etc.
1610 4127 1627 4167 r
1644 4103 1688 4170 Et
1698 4098 1828 4170 iterum
1843 4094 1939 4167 idem
1953 4093 2047 4166 infra

450 4209 496 4282 de
513 4211 643 4283 veteris
660 4226 696 4283 et
714 4236 817 4285 novae
833 4214 920 4312 legis
941 4215 1157 4292 discretione
1178 4220 1342 4293 indicans
1352 4223 1376 4312 ⁸,
1404 4249 1421 4289 n
1442 4220 1676 4319 Reprobatio,
1701 4219 1840 4316 inquit,
1859 4213 1899 4287 lit
1915 4237 2048 4314 praece·

449 4330 568 4403 dentis
584 4331 745 4404 mandati
761 4349 910 4433 propter
923 4335 1168 4413 infirmitatem
1180 4340 1256 4437 ejus
1268 4354 1304 4411 et
1318 4341 1558 4413 inutilitatem.
1576 4339 1670 4413 Nihil
1684 4338 1838 4412 enimad
1851 4336 2047 4437 perfectum

448 4449 598 4523 adduxit
619 4451 688 4524 lex.
715 4455 938 4530 lutroduclio
956 4483 1043 4532 vero
1064 4459 1223 4533 melioris
1238 4460 1327 4559 spei,
1341 4484 1406 4559 per
1426 4483 1536 4558 quam
1552 4451 1799 4561 proximamus
1814 4458 1862 4531 ad
1878 4461 2008 4529 Deum.
2026 4481 2044 4522 a

497 4573 700 4646 Camsrran.
719 4576 836 4669 Certe,
853 4591 894 4648 ut
909 4577 1030 4668 video,
1046 4603 1121 4650 non
1140 4592 1175 4650 te
1192 4579 1394 4674 ignorantia
1410 4578 1494 4653 fidei
1508 4594 1650 4672 nostrae,
1669 4579 1732 4651 sed
1749 4579 1863 4674 magis
1876 4592 1953 4648 tuae
1964 4573 2045 4646 inti·

448 4689 602 4764 delitatis
628 4691 824 4767 obstinatio
842 4695 1002 4769 damnat.
1021 4700 1093 4787 Qui
1110 4712 1147 4771 et
1169 4712 1301 4771 nostrae
1323 4699 1409 4798 legis
1425 4700 1680 4800 perfectionem
1704 4723 1746 4771 er
1770 4697 1912 4796 scriptis
1934 4694 2046 4793 ipsius

446 4807 601 4884 didicisti
620 4827 656 4886 et
673 4812 806 4906 adhuc,
825 4814 926 4914 quod
944 4818 1118 4914 sequaris,
1141 4819 1306 4919 inquiris,
1327 4820 1426 4919 quasi
1448 4818 1645 4918 perfectum
1663 4818 1713 4890 ibi
1729 4831 1765 4890 et
1782 4814 1954 4888 omnibus
1968 4812 2044 4885 aliis

474 5087 479 5112 ¹
492 5081 554 5144 Cle,
566 5086 665 5139 Inoeet.
676 5087 757 5149 niet,
770 5085 806 5151 11,
817 5090 858 5152 49.
872 5088 1001 5155 -²Job.,
1013 5105 1067 5155 rap.
1080 5105 1173 5157 rxxrr,
1184 5071 1256 5147 rat.
1272 5119 1301 5132 -
1314 5096 1324 5130 ⁸
1335 5093 1419 5158 Helu,
1432 5107 1488 5166 cap.
1501 5107 1522 5157 r,
1536 5108 1559 5144 r.
1574 5097 1599 5148 l.
1611 5096 1658 5131 —⁴
1671 5093 1758 5156 reue,
1773 5105 1827 5154 cap.
1841 5103 1889 5154 vu,
1905 5103 1927 5140 r.
1943 5091 1986 5152 rt,
1998 5090 2040 5140 ta.
