4559 6100
758 529 1012 607 Tflnotootx
1044 533 1318 609 cflutst'tnrtn.
1756 534 1829 607 389
1872 642 1876 650 Ι

244 680 343 752 moni
359 702 426 751 sno
444 677 629 751 attollendi
650 705 688 752 se
707 679 754 754 ad
773 706 847 753 non
864 682 1201 781 comprehensibilia
1223 683 1387 781 patefecit
1409 709 1417 754 ε
1437 681 1521 754 ideo
1539 697 1574 756 et
1592 683 1730 757 nullum
1752 687 1830 783 ejus

242 799 483 889 simulacrum,
503 824 587 871 cum
607 798 675 871 diis
691 801 766 873 aliis
787 802 1073 896 constitueretur,
1102 801 1178 873 fixit
1205 803 1411 899 antiquitas,
1436 803 1522 900 quia
1551 828 1712 875 summus
1735 809 1832 876 Dens

242 932 277 989 et
300 932 382 990 nata
405 942 447 990 ex
468 942 513 990 eo
531 943 644 1008 mens,
668 919 758 991 sicut
778 920 869 993 ultra
886 922 1056 1012 animam,
1075 922 1123 993 ita
1140 935 1224 992 sunt
1239 945 1347 1019 supra
1369 936 1555 1011 naturam,
1574 946 1647 1020 quo
1672 923 1759 994 nihil
1779 924 1831 996 las

241 1052 293 1110 est
316 1036 362 1110 de
389 1036 560 1110 fabulosis
584 1038 782 1136 pervenire.
809 1044 862 1112 De
887 1038 955 1112 diis
972 1055 1105 1130 autern,
1132 1053 1171 1112 ut
1199 1040 1285 1131 dixi,
1313 1041 1459 1130 caeteris,
1483 1025 1519 1112 et
1543 1040 1589 1111 de
1612 1042 1733 1114 anima
1755 1039 1829 1113 non

242 1157 368 1229 lrustra
384 1182 435 1250 se,
458 1181 525 1229 nec
542 1170 581 1228 ut
597 1155 790 1250 oblectent,
817 1158 864 1231 ad
883 1158 1045 1232 sabulosa
1066 1174 1293 1252 convertunt,
1316 1158 1379 1231 sed
1401 1159 1485 1256 qnia
1509 1161 1625 1231 sciunt
1648 1160 1830 1232 inimicam

241 1302 316 1350 esse
340 1293 475 1351 natnrae
496 1292 656 1377 apertam
678 1278 885 1377 nudamque
903 1281 1162 1379 expositionem
1185 1280 1258 1370 sui,
1279 1304 1358 1378 qnae
1381 1280 1471 1351 sicut
1493 1278 1696 1375 vtdgaribus
1714 1279 1831 1351 homi·
1891 1355 1895 1360 ,

240 1420 329 1467 num
354 1396 516 1469 sensibus
541 1396 762 1470 intellectum
785 1400 839 1470 sui
865 1400 966 1471 vario
990 1424 1110 1471 rerum
1137 1400 1293 1497 tegmine
1318 1400 1618 1497 operimentoque
1642 1398 1830 1487 subtraxit,

228 1514 289 1587 ⁴ita
307 1539 334 1587 a
359 1514 596 1614 prudentibus
622 1540 751 1590 arcana
779 1542 843 1590 sna
867 1518 980 1590 voluit
1005 1543 1069 1617 per
1096 1519 1258 1592 fabulosa
1286 1518 1444 1591 tractari.
1475 1518 1639 1615 Sic-ipsa
1662 1521 1832 1616 'mysteria
1923 1557 1927 1566 ·

238 1632 431 1730 figurarum
446 1636 619 1708 cuniculis
634 1638 857 1737 operiuntur,
872 1640 984 1712 nevel
996 1639 1069 1710 hoc
1085 1636 1298 1734 adeptis....¹
1312 1635 1438 1708 talium
1454 1649 1583 1708 natura
1599 1660 1637 1707 se
1651 1635 1829 1735 praebeat3

238 1752 300 1825 sed
317 1754 553 1829 summatibus
571 1772 711 1829 tantum
731 1758 828 1849 viris,
848 1759 1027 1858 Sapientia
1045 1760 1252 1855 interprete,
1272 1758 1327 1828 sui
1344 1757 1465 1828 arcani
1481 1757 1653 1849 consciis,
1672 1760 1832 1830 contenti

237 1872 308 1944 sint
332 1873 460 1971 reliqui
486 1874 533 1947 ad
557 1876 828 1948 venerationem
855 1875 976 1973 liguris
1008 1866 1282 1950 defendentibus
1307 1900 1329 1948 a
1350 1875 1485 1948 vilitate
1509 1889 1698 1948 secretum.
1727 1880 1831 1950 Juxta

237 1991 335 2089 quod
366 1994 503 2067 Veritas
539 1996 616 2094 ipsa
654 1995 700 2068 de
731 1997 976 2093 integumento
1005 1996 1258 2096 parabolarum
1296 2018 1442 2068 suarum
1476 1995 1646 2094 apostolis
1674 1996 1833 2093 loquitur

236 2111 403 2185 dieens’:
426 2113 567 2186 nVobis
588 2113 713 2187 datum
738 2130 791 2188 est
809 2141 916 2189 nosse
933 2118 1141 2214 mysterium
1161 2118 1261 2214 regni
1285 2117 1365 2207 Dei,
1384 2114 1510 2188 ceteris
1535 2129 1655 2188 autem
1671 2115 1708 2186 in
1727 2139 1831 2215 para·

236 2229 341 2322 bolis,
371 2245 410 2303 nt
434 2231 595 2306 videntes
620 2259 694 2306 non
716 2234 879 2326 videant,
906 2250 941 2307 et
961 2235 1147 2309 audientes
1172 2261 1246 2307 non
1273 2235 1484 2332 intelligant.
1503 2263 1520 2303 n
1549 2239 1600 2305 Ex
1621 2234 1690 2307 bac
1711 2235 1832 2333 itaque

235 2351 408 2424 Macrobii
425 2352 616 2426 traditione
633 2353 769 2426 clarum
787 2368 852 2445 est,
870 2379 912 2427 ea
929 2380 1008 2453 quae
1027 2380 1047 2428 a
1063 2356 1289 2455 philosophis
1305 2355 1351 2428 de
1368 2356 1487 2427 anima
1503 2353 1629 2426 mundi
1647 2353 1827 2445 dicuntur,

236 2493 300 2565 per
327 2470 556 2544 involucrum
580 2473 787 2572 accipienda
810 2498 906 2565 esse,
928 2474 1090 2572 alioquin
1113 2500 1297 2547 summurn
1319 2472 1621 2572 philosophorum
1646 2462 1854 2546 Platonem

235 2611 417 2661 summum
432 2590 624 2662 stultorum
641 2617 716 2664 esse
731 2591 1056 2689 deprehendemus.
1076 2592 1173 2681 Quid
1195 2594 1294 2664 enim
1320 2592 1432 2689 magis
1447 2591 1700 2684 ridiculosum,
1720 2616 1830 2689 quarn

235 2708 413 2781 mundum
431 2724 548 2782 totum
563 2710 725 2783 arbitrari
745 2719 859 2786 unum
877 2737 953 2784 esse
977 2712 1109 2784 animal
1130 2711 1316 2798 rationale,
1343 2712 1411 2782 nisi
1427 2709 1498 2782 hoc
1523 2731 1587 2808 per
1602 2711 1830 2806 integumen-

236 2840 312 2900 tum
339 2830 385 2900 sit
408 2830 616 2928 prolatum?
642 2832 780 2904 Animal
801 2833 937 2930 quippe
958 2856 1033 2904 esse
1059 2856 1133 2903 non
1158 2845 1288 2929 potest,
1310 2831 1378 2902 nisi
1395 2828 1561 2902 sensibile
1586 2829 1644 2918 sit,
1674 2854 1758 2901 cum
1786 2834 1830 2903 sit

235 2961 321 3020 nota
347 2947 534 3037 diffinitio,
562 2950 726 3022 animalis
745 2949 944 3024 substantia
962 2952 1117 3023 animata
1134 2949 1323 3022 sensibilis.
1349 2950 1439 3037 Qnis
1466 2964 1584 3022 autern
1605 2972 1647 3020 ex
1672 2951 1830 3046 quinque

234 3066 396 3140 sensibus
422 3069 562 3141 mundo
590 3069 705 3141 inesse
728 3072 872 3169 poterit,
900 3072 967 3142 nisi
997 3071 1088 3143 forte
1117 3085 1245 3162 tactus,
1270 3070 1332 3168 qui
1358 3070 1528 3142 omnibns
1553 3085 1607 3142 est
1627 3073 1830 3163 communis

234 3186 475 3259 animalibus?
500 3192 639 3260 Desunt
660 3190 795 3287 quippe
812 3190 845 3260 ei
862 3201 1063 3261 ceterorum
1084 3213 1256 3263 sensuum
1277 3190 1525 3281 instrumenta,
1543 3190 1622 3287 ipso
1642 3172 1828 3261 attestante

236 3290 396 3392 Platone]
416 3305 480 3378 ubi
499 3305 666 3379 videlicet
685 3307 855 3396 ostendit,
881 3332 993 3404 qnare
1011 3308 1045 3379 ei
1067 3322 1129 3379 aut
1146 3308 1254 3396 oculi,
1274 3321 1335 3378 aut
1349 3325 1466 3400 aures,
1486 3322 1547 3379 aut
1568 3323 1693 3379 ceterae
1712 3321 1828 3405 partes

233 3423 383 3496 bumani
407 3426 571 3523 corporis
596 3426 801 3498 necessariae
826 3440 901 3497 non
929 3426 1086 3498 fuerint:
1113 3441 1176 3498 aut
1199 3451 1279 3523 quae
1305 3440 1358 3498 est
1381 3451 1464 3526 pars
1488 3427 1652 3524 corporis
1676 3424 1824 3517 mundi,

233 3567 306 3638 qna
321 3544 411 3641 ipse,
431 3545 460 3615 si
479 3558 660 3641 tangatur,
679 3546 811 3618 sentire
826 3559 934 3642 queat
950 3546 1063 3641 magis
1084 3568 1194 3640 quam
1213 3544 1360 3617 arbores
1377 3545 1434 3617 vel
1449 3545 1599 3644 plantae,
1619 3567 1708 3642 quas
1726 3559 1827 3617 terra

233 3661 403 3735 radicitus
428 3662 552 3736 affixas
568 3663 695 3736 eadem
717 3665 837 3759 anima
861 3663 1032 3737 vivificari
1055 3664 1205 3736 dicunt?
1227 3669 1318 3737 Nam
1342 3664 1431 3763 quid
1457 3682 1501 3737 ex
1519 3663 1710 3737 effossione
1726 3679 1826 3737 terre

232 3780 353 3878 potius
375 3783 503 3854 sentiet
523 3783 693 3871 mundus,
721 3807 830 3879 quam
850 3782 998 3856 arbores
1022 3808 1065 3856 ex
1086 3781 1271 3856 frondium
1292 3780 1492 3873 avulsione,
1521 3783 1581 3865 vel,
1604 3784 1711 3855 totius
1737 3807 1826 3855 cor-

232 3900 330 3998 poris
345 3902 399 3972 sui
421 3899 664 3975 abscissione?
682 3901 834 3975 Arbores
850 3918 970 3975 tamen
993 3917 1029 4001 et
1044 3901 1221 4000 quaslibet
1238 3901 1378 4000 plantas
1397 3900 1620 3974 insensibiles
1641 3926 1717 3974 esse
1736 3927 1826 3974 con·

106 4030 111 4041 ’
232 4031 312 4110 stat,
342 4018 497 4116 ideoque
525 4019 572 4092 ad
600 4022 842 4093 exclusionem
872 4046 997 4095 earum
1024 4023 1061 4093 in
1090 4021 1302 4095 delinitione
1330 4020 1493 4093 animalis
1520 4036 1602 4119 post
1627 4023 1825 4096 animatum

232 4139 380 4235 ponitur
402 4137 580 4212 sensibile.
605 4143 775 4214 Praeterea
792 4165 875 4213 cum
892 4142 1015 4214 dicant
1033 4142 1191 4214 animam
1210 4141 1337 4214 mundi
1356 4138 1504 4238 singulis
1520 4140 1675 4214 infusam
1693 4167 1824 4242 corpo·

232 4256 345 4348 ribus,
370 4283 413 4331 ea
435 4260 594 4332 animare
614 4287 693 4359 quae
718 4261 765 4334 ad
791 4260 1026 4334 animandum
1048 4275 1131 4359 apta
1149 4250 1295 4359 reperit,
1319 4260 1408 4358 quid
1433 4284 1526 4360 opus
1550 4275 1625 4351 erat
1643 4263 1824 4336 creatione

232 4390 436 4449 nostrarum
460 4380 676 4473 animarum,
704 4404 794 4477 quas
818 4397 943 4480 postea
968 4381 1076 4453 lactas
1102 4405 1178 4453 esse
1206 4380 1305 4452 Plato
1329 4380 1615 4453 commemorat?
1641 4385 1710 4454 Aut
1735 4383 1823 4481 qnid

231 4518 326 4593 opus
348 4511 401 4569 est
415 4499 573 4571 animam
590 4498 718 4571 mundi
735 4499 790 4571 his
806 4498 1019 4599 corporibus
1035 4501 1150 4573 inesse
1165 4523 1244 4597 quae
1255 4486 1331 4571 non
1346 4500 1502 4573 animat?
1520 4499 1617 4603 Quid
1633 4502 1730 4572 enim
1750 4503 1823 4574 evi·

229 4612 373 4687 dentius
394 4631 458 4708 est,
483 4641 593 4714 quam
617 4620 770 4716 corpora
792 4634 915 4692 nostra
939 4643 983 4690 ex
1003 4617 1365 4717 propriisanimabus
1389 4618 1555 4706 humanis
1582 4621 1693 4716 magis
1713 4644 1822 4718 quam

128 4796 130 4799 ,
229 4757 275 4805 ex
302 4734 421 4807 anima
448 4735 577 4808 mundi
601 4737 711 4808 ritam
734 4737 926 4810 animalem
951 4736 1107 4813 babere?
1129 4738 1200 4809 ttis,
1216 4739 1351 4836 quippe
1374 4737 1564 4810 animabus
1588 4736 1822 4836 presentibus

228 4855 350 4927 statim
373 4855 532 4928 animata
555 4871 652 4949 sunt,
679 4872 714 4929 et
740 4856 874 4929 eisdem
900 4855 1108 4930 absentibus
1131 4859 1353 4952 inanimata,
1373 4857 1467 4953 lieet,
1498 4872 1538 4929 ut
1562 4857 1675 4951 aiunt,
1706 4859 1743 4928 in
1770 4856 1823 4928 eis

264 5129 449 5185 'sternentes
465 5135 512 5171 ·-²
522 5131 609 5199 llus,
619 5147 673 5198 cap.
686 5147 720 5196 rr,
731 5147 755 5187 r.
774 5136 809 5187 n.
