4559 6100
875 33 1116 117 serenum.
1726 33 1791 108 801

200 170 289 259 quod
309 171 365 240 fiat
379 191 483 242 totum
504 201 604 244 unum
626 201 667 244 ex
684 178 876 268 quibusdam
892 182 1004 248 tribus.
1029 214 1043 239 n
1057 184 1137 247 Item
1157 205 1165 248 :
1189 214 1202 239 ι
1221 181 1317 248 Pater
1332 198 1366 247 et
1388 180 1470 248 filius
1485 198 1517 248 et
1532 183 1659 272 spiritus
1675 197 1801 249 sanctus

199 291 323 357 trinitas
346 310 379 358 et
406 296 528 381 nnitas3
551 298 656 363 unitas
671 314 802 389 propter
818 301 990 386 majestatis
1010 303 1283 383 communionem,
1300 303 1424 366 trinitas
1443 317 1576 392 propter
1590 324 1798 391 personamm

197 411 438 499 proprietatem,
463 417 583 504 pariter
607 417 741 506 simplex
766 420 948 509 pariterque
973 419 1236 485 incommutabile
1260 419 1384 513 bonurn
1415 437 1448 484 at
1469 436 1675 505 coaetemum.
1703 419 1800 486 Pater

199 527 285 593 solus
308 554 375 595 non
397 549 446 597 est
468 532 509 599 de
529 536 605 614 alio,
629 537 703 601 ideo
719 537 805 603 solus
830 538 1007 628 appellatur
1029 541 1200 629 ingenitus,
1227 539 1310 604 lilius
1326 539 1411 603 solus
1434 538 1475 604 de
1502 555 1592 629 patre
1617 556 1666 603 est
1691 557 1798 623 natus,

200 637 348 709 divinitas
360 668 427 711 non
437 648 626 739 triplicatur,
634 652 721 739 quia,
730 653 756 717 si
767 652 957 756 triplicatur²
966 651 1101 717 deorum
1119 653 1301 717 inducimus
1312 652 1540 742 pluralitatem.
1549 654 1682 718 Nomen
1693 671 1801 720 autem

200 758 336 828 deorum
358 766 392 829 in
419 767 540 858 angelis
565 785 598 835 et
621 773 736 836 sanctis
760 772 945 837 bominibus
970 773 1046 838 ideo
1067 772 1232 861 pluraliter
1249 774 1376 852 dicitur,
1394 772 1484 862 quod
1508 795 1575 838 non
1598 774 1662 837 sint
1685 774 1800 838 merito

200 882 348 969 oequales.
371 886 419 951 De
439 903 530 977 patre
551 904 584 953 et
604 888 670 953 lilio
689 908 723 956 et
746 893 859 982 spiritu
881 908 992 957 sancto
1009 908 1141 981 propter
1160 916 1258 957 unam
1278 907 1311 957 et
1333 890 1486 982 aequalem
1510 890 1712 956 divinitatem
1734 915 1801 957 non

199 1021 320 1064 nomen
339 1002 475 1069 deorum
492 1007 549 1072 sed
566 1007 626 1072 Dei
639 1032 706 1074 esse
724 1010 914 1077 ostenditur.
937 1010 1032 1077 Fides
1053 1009 1138 1102 apud
1155 1013 1285 1077 Graecos
1300 1012 1363 1075 boc
1384 1010 1484 1075 modo
1501 1026 1569 1075 est:
1592 1043 1606 1069 α
1617 1013 1691 1075 Una
1711 1011 1800 1091 usia,

199 1139 237 1183 ac
257 1120 283 1183 si
305 1120 391 1187 dicat
405 1146 470 1188 nna
495 1142 609 1189 natum
630 1145 686 1191 aut
705 1153 770 1193 una
791 1131 945 1214 essentia,
968 1147 1032 1196 tres
1055 1132 1258 1221 hypostases,
1283 1128 1372 1219 qnod
1393 1145 1523 1194 resonat
1544 1131 1578 1193 in
1598 1128 1734 1195 latinum
1749 1128 1801 1196 vel

195 1252 260 1303 tres
283 1263 436 1330 personas
456 1243 587 1311 veltres
608 1250 801 1315 essentias.»
823 1250 950 1316 Audisti
973 1251 1146 1316 trinitatem
1168 1273 1268 1315 unam
1284 1273 1350 1315 esse
1367 1265 1499 1340 propter
1514 1251 1687 1349 majestatis
1702 1273 1796 1315 com-

198 1360 406 1445 munionem,
431 1386 500 1428 non
524 1381 656 1455 propter
679 1371 851 1455 majestatis
871 1370 1142 1460 singularitatem
1172 1371 1262 1458 quod
1286 1371 1373 1434 enim
1397 1368 1557 1458 singulare
1583 1367 1672 1433 nullo
1700 1368 1801 1434 modo

197 1499 369 1545 commune
386 1498 444 1564 est,
463 1499 495 1548 et
510 1485 599 1573 quod
615 1510 787 1555 commune
804 1505 851 1556 est
865 1490 1024 1581 singulare
1049 1514 1116 1555 esse
1141 1514 1208 1556 non
1226 1489 1511 1582 potestMaJcstas
1525 1490 1622 1579 igitur
1637 1490 1798 1574 trinitatis,

198 1597 274 1684 quia
290 1603 471 1667 communis
487 1619 547 1685 est,
566 1607 733 1694 quomodo
748 1608 915 1700 singularis
930 1634 997 1676 esse
1010 1610 1139 1701 potest?

242 1716 372 1783 Audisti
388 1723 486 1787 etiam
508 1726 582 1813 quia
605 1749 725 1792 nomen
742 1728 801 1793 Dei
823 1728 898 1793 ideo
919 1729 961 1795 de
982 1731 1123 1795 trinitate
1139 1729 1340 1820 singulariter
1360 1728 1476 1794 dicitur
1496 1743 1630 1818 propter
1646 1729 1801 1818 aequalem

198 1833 417 1921 divinitatem,
436 1865 494 1925 ne,
519 1844 545 1908 si
565 1844 730 1935 pluraliter
755 1846 926 1930 diceretur,
950 1848 1149 1937 inaequalitas
1173 1846 1348 1912 divinitatis
1366 1846 1607 1937 intelligeretur.
1636 1847 1701 1911 Sed
1722 1847 1805 1913 diri·

197 1955 280 2020 nitas
304 1958 452 2024 trinitatis
474 1979 565 2027 extra
589 1988 622 2041 se
649 1966 804 2055 aequalem
829 1991 896 2032 non
919 1968 1051 2033 invenit.
1076 1969 1115 2032 In
1134 1968 1202 2056 ipsa
1223 1968 1319 2058 igitur
1341 1967 1482 2031 trinitate
1503 1965 1651 2031 divinitas
1673 1967 1802 2057 aequalis

199 2073 398 2142 divinitatem
421 2079 544 2145 invenit
569 2083 743 2173 equalem,
768 2086 860 2176 plura
882 2110 960 2153 vcro
986 2086 1118 2177 aequalia
1144 2108 1195 2151 res
1219 2084 1343 2176 singula
1370 2101 1403 2150 et
1425 2086 1709 2174 unicaquomodo
1733 2108 1801 2152 esse

196 2196 308 2282 possit,
335 2218 402 2263 non
427 2199 536 2267 rideo.
553 2190 599 2267 Ut
625 2206 722 2294 igitur
745 2204 821 2271 fidei
847 2206 1027 2271 christianae
1052 2207 1140 2270 navis
1169 2207 1253 2269 inter
1276 2221 1447 2294 utrumque
1475 2205 1642 2294 scopulum
1670 2229 1801 2271 currens

196 2312 294 2379 illaesa
319 2332 529 2405 pertranseat,
556 2344 759 2414 summopere
779 2325 959 2391 cavendum
985 2349 1026 2391 ne
1053 2326 1097 2390 ad
1125 2324 1315 2389 Sabellianae
1336 2324 1560 2413 singularitatis
1582 2324 1741 2414 lapidem,
1766 2326 1800 2388 in

195 2454 259 2519 qua
274 2450 400 2524 patrem
423 2437 624 2505 incarnatum
644 2458 677 2507 et
693 2467 821 2533 passum
838 2445 931 2511 fateri
945 2469 1072 2511 necesse
1089 2461 1148 2527 est,
1168 2443 1325 2525 offendat,
1344 2466 1448 2532 neque
1464 2446 1593 2509 Arianae
1609 2444 1801 2533 pluralitatis

196 2552 387 2641 periculum,
409 2580 468 2645 per
489 2559 577 2647 prius
598 2577 631 2625 et
651 2565 824 2650 posterius,
851 2587 911 2654 per
933 2567 1035 2650 majus
1054 2580 1088 2628 et
1109 2565 1215 2627 minus
1235 2562 1442 2647 substantiam
1457 2563 1623 2646 variando,
1645 2564 1797 2649 incurrat,

196 2685 292 2759 atque
316 2671 452 2738 deorum
477 2677 693 2764 pluralitatem
715 2684 905 2748 enormitate
925 2683 1085 2747 varietatis
1105 2681 1250 2747 inducat.
1275 2681 1342 2746 Soli
1363 2684 1449 2748 enim
1473 2682 1621 2747 Trinitati
1643 2683 1718 2748 ideo
1739 2684 1800 2748 Dei

194 2789 362 2880 singularis
373 2816 526 2861 numems
541 2797 670 2864 relictus
685 2817 744 2882 est,
760 2817 797 2867 ut
812 2802 846 2866 in
862 2825 901 2867 ea
916 2818 949 2867 et
964 2803 1047 2866 intra
1065 2824 1138 2887 eam
1159 2800 1381 2865 omnimodam
1400 2801 1612 2891 aequalitatem
1629 2800 1797 2892 significet.

195 2907 389 2977 Hominibus
405 2937 481 2978 vero
502 2915 578 2981 ideo
593 2918 759 3008 pluraliter
775 2922 881 2998 datur,
899 2938 935 2987 nt
952 2922 1121 2987 nunidem
1139 2922 1289 2987 meritum
1306 2943 1366 2987 nec
1389 2919 1532 3007 ejusdem
1550 2921 1713 3010 dignitatis
1732 2944 1799 2987 esse

195 3045 400 3117 monstretur,
412 3051 449 3099 ut
462 3058 470 3100 ι
483 3065 497 3093 α
512 3035 582 3128 Ego
598 3037 665 3104 dixi
681 3065 687 3104 :
702 3040 754 3106 Dii
770 3042 855 3125 estis,
873 3074 888 3102 υ
907 3059 941 3108 et
958 3066 967 3108 ι
988 3020 1007 3100 ιι4
1023 3041 1121 3125 Audi,
1140 3040 1250 3123 Israel,
1264 3040 1413 3108 dominns
1429 3042 1513 3106 Deus
1528 3042 1701 3106 tnusDeus
1717 3065 1800 3107 unus

195 3163 254 3212 est.
267 3178 281 3205 ν
294 3150 406 3240 Itaque
423 3175 497 3218 cum
509 3155 551 3221 de
561 3156 677 3223 divinae
693 3160 877 3227 substantiae
892 3164 1013 3229 unitate
1030 3137 1209 3252 discrepare
1217 3161 1396 3242 videamur,
1406 3177 1441 3226 tu
1457 3160 1587 3251 quidem
1597 3159 1637 3226 de
1647 3161 1801 3252 ingenioli

194 3267 243 3331 tui
265 3271 354 3334 tenui
376 3288 495 3339 conatu
518 3280 743 3366 praesumendo
767 3282 972 3348 solitudinem
992 3284 1022 3348 ei
1042 3282 1267 3372 singularitatis
1292 3281 1491 3362 adscribens,
1509 3304 1570 3371 ego
1591 3295 1698 3345 autem
1715 3279 1799 3346 divi·

195 3408 312 3453 narum
336 3392 563 3482 scripturarum
585 3401 750 3466 sententiis
770 3417 910 3467 armatos
931 3401 1147 3467 similitudinis
1167 3419 1201 3467 et
1223 3401 1408 3491 equalitatis
1429 3401 1584 3465 unitatem
1606 3380 1797 3485 desendem,

194 3506 230 3569 in
256 3508 321 3580 hoc
351 3525 461 3577 tamen
485 3518 657 3584 convenire
683 3544 744 3586 nos
759 3523 925 3607 convenit,
951 3539 987 3588 ut
1007 3523 1112 3587 Deum
1134 3522 1190 3612 qni
1215 3545 1297 3586 unns
1327 3521 1430 3586 trinus
1453 3536 1516 3601 est,
1543 3543 1674 3610 quoquo
1696 3520 1798 3587 modo

193 3624 276 3692 illud
294 3627 538 3722 intelligendum
561 3638 616 3719 sit,
635 3642 829 3707 unanimiter
851 3641 1072 3733 deprecemur,
1095 3658 1251 3732 quatenus
1266 3645 1300 3707 in
1322 3641 1417 3707 nobis
1437 3642 1626 3732 ignorantiae
1648 3642 1798 3706 tenebras

193 3742 370 3830 illuminet,
393 3774 448 3817 seu
467 3753 662 3824 infidelitatis
677 3761 836 3827 maculam
852 3762 949 3844 lavet,
967 3763 1146 3851 nostrisque
1161 3763 1321 3827 mentibus
1336 3761 1551 3852 cognitionem
1578 3783 1643 3824 snae
1658 3760 1799 3825 veritatis

192 3861 361 3946 infundat,
378 3884 411 3933 et
426 3893 496 3958 nos,
520 3878 626 3966 sopito
642 3882 857 3947 contentionis
883 3880 1055 3965 desiderio,
1072 3879 1213 3971 idipsum
1234 3881 1371 3945 invicem
1392 3878 1509 3944 sentire
1529 3875 1686 3942 concedat
1707 3877 1796 3944 lesus

192 3981 335 4049 Christus
349 3987 507 4057 Dominus
524 4011 644 4063 noster.
663 4000 780 4067 Amen.

238 4101 304 4168 Sed
320 4105 396 4193 qnia
417 4106 460 4173 ad
481 4109 605 4178 fabulas
628 4133 744 4183 nostrae
760 4118 981 4202 detractionis,
998 4142 1077 4208 quas
1096 4119 1165 4209 ipse
1181 4116 1386 4208 impudenter
1401 4114 1536 4197 finxisti,
1554 4117 1644 4204 quasi
1660 4115 1702 4181 ad
1718 4138 1798 4206 epu·

191 4215 297 4286 larum
323 4221 454 4292 delicias
479 4244 643 4322 tamquam
662 4251 779 4325 potens
800 4235 981 4327 crapulatus
1004 4261 1024 4303 a
1045 4238 1122 4304 vino
1148 4237 1267 4303 diutius
1289 4235 1450 4316 resedisti,
1474 4235 1509 4299 in
1531 4233 1652 4299 merdae
1680 4250 1797 4299 nostrie

194 4332 400 4409 detractionis
414 4345 619 4417 immunditia
634 4355 727 4420 suido
746 4378 837 4421 more
852 4372 1009 4423 saturatus
1028 4380 1079 4440 es,
1096 4379 1156 4422 nos
1172 4379 1301 4446 quoqne
1316 4378 1406 4420 versa
1423 4351 1510 4435 vice,
1532 4377 1598 4418 non
1615 4351 1684 4417 odii
1699 4352 1798 4419 dente

192 4456 376 4530 mordendo
400 4488 461 4532 nec
485 4467 614 4537 ultionis
634 4473 752 4541 baculo
769 4474 932 4558 feriendo,
956 4474 1013 4542 sed
1029 4476 1194 4542 literarum
1210 4491 1338 4540 tuarum
1357 4473 1525 4539 latratibus
1546 4472 1735 4559 arridentes,
1757 4471 1798 4538 de

79 4619 83 4632 .
191 4574 268 4642 vitoe
282 4593 348 4646 tuo
363 4583 507 4653 inaudita
526 4593 668 4661 novitate
682 4595 893 4688 disputemus,
910 4595 1000 4661 etad
1016 4613 1170 4686 quantam
1185 4595 1396 4687 ignominiam
1410 4593 1526 4660 men'to
1541 4610 1606 4659 ture
1621 4590 1799 4658 immundi·

314 4715 338 4754 n
1618 4712 1674 4769 tot
