4559 6100
727 541 984 616 THEOLOGIA
1016 542 1293 617 cuutsttattl.
1739 548 1812 623 425

213 694 362 797 pallium
379 708 416 768 et
430 691 606 769 annulum
617 716 726 766 manu
745 717 809 767 sua
826 693 960 766 lactum
978 689 1149 791 gloriatus
1166 708 1231 765 est.
1249 696 1392 781 Quanta
1402 709 1523 767 autem
1540 697 1670 771 animis
1686 723 1813 771 eorum

214 815 390 894 fortitudo
406 815 536 908 inerat,
558 829 592 887 et
609 828 764 913 quantus
782 813 1001 887 castimonia
1018 836 1133 907 arnor,
1153 836 1272 909 neque
1289 813 1362 886 hoc
1380 816 1492 886 sancti
1509 815 1678 891 doctores
1694 833 1815 893 tacue-

214 952 310 1010 runt.
336 934 441 1008 Unde
455 937 638 1007 Socratem
656 958 770 1032 usque
793 933 838 1008 ad
858 947 1011 1006 mortem
1028 934 1064 1004 in
1083 933 1308 1007 correctione
1325 932 1517 1007 stultorum
1539 961 1582 1009 ac
1602 937 1814 1012 vitiosorum

212 1055 419 1154 perstitisse,
447 1068 483 1128 et
506 1080 573 1155 pro
591 1054 748 1127 veritatis
766 1055 959 1127 assertione
981 1052 1084 1150 quasi
1109 1068 1304 1152 martyrem
1330 1066 1365 1126 et
1388 1068 1526 1127 certum
1545 1055 1592 1130 de
1608 1081 1814 1131 remunera·

213 1175 312 1248 tione
335 1173 560 1268 occubuisse,
585 1190 658 1249 tam
682 1175 794 1248 divini
813 1198 922 1274 quam
948 1175 1132 1247 saculares
1155 1190 1444 1248 commemorant
1460 1176 1617 1250 codices.
1647 1179 1739 1253 Hinc
1762 1195 1815 1253 est

212 1293 302 1368 illud
319 1293 450 1368 Valerii
473 1295 663 1370 Maximi¹z
688 1298 904 1369 «Socratem
925 1295 1203 1385 damnaverunt,
1230 1296 1291 1393 qui
1314 1320 1445 1368 novam
1470 1295 1680 1398 religionem
1703 1299 1816 1372 intro·

212 1414 346 1489 ducere
364 1411 594 1488 videbatur.»
610 1419 698 1504 Quae
712 1440 799 1489 vero
815 1415 892 1488 haec
907 1440 1003 1489 nova
1020 1415 1143 1515 religio
1160 1430 1270 1504 esset,
1287 1415 1333 1488 de
1350 1416 1666 1491 commendatione
1683 1419 1816 1493 scilicet

211 1529 386 1609 virtulum
407 1549 444 1607 et
469 1535 748 1635 reprehensione
773 1536 961 1626 vitiorum,
989 1561 1073 1609 cum
1098 1536 1135 1608 in
1162 1537 1287 1609 ethicis
1308 1537 1381 1609 suis
1408 1562 1528 1610 mores
1547 1538 1738 1612 hominum
1766 1540 1814 1614 ad

210 1653 437 1729 honestatem
455 1656 684 1749 informaret,
704 1660 743 1728 B.
766 1657 982 1753 Augustinus
1002 1657 1040 1728 in
1058 1660 1135 1728 Vlll
1157 1655 1201 1727 de
1220 1659 1370 1729 Ciuitate
1387 1659 1457 1728 Dei
1474 1659 1624 1758 exponit
1642 1658 1810 1733 dicens':

213 1777 391 1849 «Constat
408 1801 492 1849 eum
508 1777 757 1877 imperitorum
774 1776 959 1850 stultitiam
974 1777 1064 1849 scire
1080 1801 1118 1848 se
1136 1775 1272 1875 aliquid
1287 1777 1527 1876 opinantium,
1548 1779 1655 1851 etiam
1673 1780 1710 1851 in
1727 1780 1814 1879 ipsis

211 1893 410 1968 moralibus
425 1897 697 1994 questionibus,
718 1896 841 1998 lepore
861 1896 1015 1970 mirabili
1027 1911 1062 1969 et
1079 1896 1283 1969 acutissima
1302 1894 1504 1970 urbanitate
1522 1900 1685 1995 agitasse.
1709 1898 1814 1972 Unde

209 2027 248 2085 et
260 2016 447 2089 concitatis
463 2017 658 2090 inimicitiis
672 2017 895 2091 calumniosa
907 2016 1159 2089 criminatione
1176 2016 1384 2106 damnatus,
1403 2032 1521 2091 morte
1538 2018 1728 2091 mulctatus
1745 2034 1811 2092 est.

209 2133 284 2207 Sed
304 2160 387 2208 curn
410 2150 536 2236 postea
559 2137 618 2210 illa
637 2138 712 2236 ipsa
734 2162 814 2236 qum
831 2136 975 2236 publice
992 2137 1226 2210 damnaverat
1240 2135 1511 2210 Atheniensium
1529 2138 1654 2211 civitas
1670 2137 1814 2236 publice

208 2253 318 2347 luxit,
345 2257 381 2328 in
406 2256 501 2329 duos
526 2273 752 2331 accusatores
779 2258 856 2355 ejus
881 2282 995 2355 usque
1022 2256 1115 2330 adeo
1141 2256 1268 2356 populi
1297 2258 1543 2354 indignatione
1567 2281 1754 2348 conversa,
1775 2272 1815 2330 ut

210 2399 309 2448 unus
324 2400 451 2448 eorum
467 2402 658 2476 oppressus
674 2378 709 2450 vi
725 2377 966 2451 multitudinis
982 2377 1157 2468 interiret,
1177 2376 1381 2450 exilioalter
1397 2378 1600 2450 voluntario
1611 2392 1719 2476 atque
1732 2402 1815 2476 per·

208 2507 324 2595 petuo
346 2521 492 2595 poenam
515 2497 667 2570 similem
690 2498 870 2572 evaderet.
894 2503 980 2571 Tam
1002 2496 1173 2596 praeclara
1197 2498 1304 2594 igitur
1320 2498 1400 2569 vitae
1420 2499 1617 2597 mortisque
1634 2498 1730 2586 sama
1749 2500 1817 2571 So-

205 2627 328 2687 crates
350 2614 492 2714 reliquit
514 2616 689 2717 plurimos
708 2643 779 2691 snae
803 2617 1042 2717 philosophia
1060 2631 1266 2708 sectatores,
1291 2641 1450 2715 qnorum
1473 2619 1637 2691 certatim
1653 2617 1814 2691 studium

207 2734 280 2807 fuit
296 2734 333 2806 in
350 2738 589 2831 quaestionum
606 2738 798 2811 moralium
816 2737 1076 2837 disceptatione
1093 2738 1240 2828 versari,
1261 2735 1324 2808 ubi
1341 2738 1457 2834 agitur
1472 2737 1520 2810 de
1536 2762 1680 2810 summo
1696 2736 1812 2832 bono,

204 2855 290 2927 sine
308 2880 382 2953 quo
401 2852 477 2928 lieri
491 2855 617 2930 beatus
630 2857 751 2930 nullus
767 2864 917 2957 potest·.
933 2890 951 2924 a
972 2862 1010 2930 ln
1032 2856 1162 2929 eodem
1172 2882 1319 2955 quoque
1336 2856 1444 2930 relert
1455 2857 1646 2957 pradictus
1657 2869 1813 2949 sanctus,

203 2973 312 3073 quod
339 3000 377 3047 se
400 2974 527 3073 legisse
557 2974 686 3051 dixerit
711 2982 751 3050 A.
772 2976 937 3069 Gellius⁸,
956 2978 1028 3051 hoc
1044 2979 1172 3052 Stoicis
1198 2978 1373 3078 placuisse
1390 2976 1437 3051 de
1453 2977 1580 3051 subitis
1599 2978 1712 3051 animi
1730 3002 1813 3077 per·

205 3092 480 3168 turbationibus
509 3121 553 3169 ex
580 3098 711 3170 timore
736 3098 1046 3198 provenientibus,
1074 3099 1173 3196 quod
1198 3123 1282 3171 cum
1307 3124 1347 3171 ex
1376 3097 1594 3171 terribilibus
1619 3097 1725 3169 rebus
1755 3123 1816 3172 ve·

203 3221 327 3312 niant,
357 3245 501 3293 necesse
525 3235 578 3294 est
607 3236 644 3294 ut
670 3224 778 3297 etiam
802 3224 972 3323 sapientis
997 3223 1159 3295 animum
1186 3236 1374 3314 moveant;
1401 3223 1448 3293 ita
1475 3236 1515 3293 ut
1538 3244 1733 3321 parumper
1758 3222 1814 3294 vel

200 3355 381 3441 pavescat
405 3339 461 3412 vel
486 3342 729 3415 contristetur.
755 3348 833 3415 Hoc
849 3356 969 3415 tamen
995 3342 1164 3413 interesse
1185 3355 1332 3413 censent
1349 3341 1442 3412 inter
1463 3341 1625 3413 animum
1645 3339 1815 3440 sapientis

200 3476 243 3534 et
261 3459 377 3554 stulti,
397 3460 497 3558 quod
518 3461 615 3534 stulti
632 3463 775 3535 animus
790 3460 926 3536 eisdem
943 3458 1172 3561 passionibus
1188 3460 1283 3533 cedit
1298 3475 1407 3559 atque
1428 3460 1681 3533 accommodat
1696 3483 1816 3533 assen-

198 3603 295 3653 sum
316 3607 325 3649 :
344 3580 516 3678 sapientis
533 3595 666 3672 autem,
683 3582 848 3679 quamvis
875 3606 938 3655 eos
960 3581 1169 3653 necessitate
1191 3580 1359 3679 patiatur,
1384 3581 1513 3653 retinet
1539 3594 1660 3653 tamen
1688 3578 1736 3652 de
1758 3579 1815 3653 his

197 3723 294 3800 quae
322 3715 492 3800 appetere
519 3700 576 3774 vel
606 3701 726 3799 lugere
753 3700 1014 3775 rationabiliter
1040 3700 1172 3794 debet,
1203 3723 1324 3773 veram
1350 3714 1386 3772 et
1412 3698 1576 3773 stabilem
1602 3701 1816 3773 inconcussa

196 3833 337 3894 mente
350 3821 578 3894 sententiam.
597 3822 688 3910 Quis
703 3806 801 3895 illam
819 3821 989 3920 Diogenis
1006 3820 1247 3894 constantiam
1262 3833 1371 3919 atque
1391 3821 1503 3893 animi
1525 3819 1638 3892 robur
1654 3820 1816 3893 invictis·

193 3943 346 4015 simum
370 3943 523 4014 maxima
549 3942 788 4016 admiratione
811 3967 887 4015 non
909 3943 1074 4041 excipiat,
1103 3941 1165 4039 qui
1193 3955 1308 4014 morte
1329 3942 1449 4040 potius
1473 3939 1589 4013 febres
1609 3939 1813 4031 excludere,

193 4086 324 4159 quam
350 4087 410 4135 eas
435 4062 501 4135 sibi
526 4063 707 4136 dominari
733 4062 890 4160 elegerit,
916 4076 1015 4136 etse
1042 4062 1155 4160 magis
1174 4059 1389 4134 infirmitatis
1415 4061 1609 4151 victorem,
1637 4085 1748 4159 quam
1770 4060 1816 4133 ab

190 4208 241 4257 ca
270 4181 416 4254 victum
443 4182 648 4257 custodire?
666 4183 771 4259 Unde
794 4197 829 4256 et
847 4183 1087 4279 Hieronymus
1112 4182 1150 4253 in
1177 4181 1339 4255 secundo
1357 4158 1492 4253 canna
1507 4181 1740 4252 Iovinianum
1769 4179 1816 4253 de

188 4303 285 4401 ejus
316 4325 476 4401 qnoque,
498 4304 790 4402 magnanimitate
812 4301 955 4401 adjecit,
973 4302 1098 4375 dicens
1114 4301 1190 4374 sive
1207 4326 1249 4374 ex
1269 4326 1332 4375 sua
1349 4301 1424 4374 sive
1445 4326 1487 4373 ex
1504 4301 1620 4398 Satyri
1637 4324 1813 4400 persona,

240 4523 253 4549 ¹
276 4507 506 4597 Hieronymus
521 4507 564 4574 ad
586 4507 800 4576 Heliodorum
821 4509 855 4573 in
877 4508 1050 4599 Epitaphio
1066 4506 1258 4598 Nepotiani⁸
1279 4529 1287 4573 ε
1311 4537 1324 4564 α
1339 4507 1464 4572 Xerxes
1480 4504 1534 4571 ille
1556 4507 1814 4596 potentissimus,

183 4607 252 4697 qui
288 4605 453 4671 subvertit
477 4622 615 4689 montes,
642 4606 744 4672 maria
768 4607 956 4685 constravit,
982 4628 1058 4671 cum
1082 4605 1124 4671 de
1149 4605 1278 4672 sublimi
1302 4604 1377 4671 loco
1399 4602 1669 4670 innumerabilem
1693 4605 1818 4671 videret

182 4704 407 4785 exercitum,
424 4702 546 4773 flevisse
563 4704 692 4786 dicitur,
707 4702 795 4793 quod
805 4718 879 4795 post
889 4719 1020 4770 centum
1037 4725 1139 4770 annos
1155 4703 1261 4769 nullus
1276 4724 1389 4768 eorum
1402 4724 1484 4793 quos
1499 4715 1576 4767 tunc
1591 4701 1745 4768 cernebat
1759 4725 1816 4767 su·

182 4803 400 4896 perfuturus
414 4817 508 4869 esset.
520 4833 533 4859 v

3 4936 4 4977 t

215 5112 223 5138 ⁸
249 5102 353 5156 Valet.
378 5099 441 5152 llas.
463 5098 488 5165 l,
509 5114 565 5164 etp.
585 5113 603 5153 t.
628 5126 655 5138 -·
685 5101 762 5153 ¹le.
781 5101 852 5164 vttt,
870 5115 925 5168 cap.
942 5117 978 5156 m.
999 5125 1032 5143 ι·
1056 5103 1153 5164 ⁸hug..
1172 5101 1203 5152 de
1223 5098 1299 5151 cinit.
1323 5097 1380 5160 Dei,
1399 5099 1442 5149 ltb.
1461 5095 1502 5160 lx,
1525 5112 1579 5162 cap.
1598 5110 1630 5148 tv.
1654 5123 1686 5136 -
1708 5100 1716 5129 ¹
1735 5099 1816 5164 Epist.

173 5198 283 5236 ωτι.

336 5292 362 5329 ιι
1659 5273 1697 5330 tt
