4559 6100
451 512 522 585 260
1055 510 1178 581 PETRI
1202 505 1433 581 ABAELARDI

450 684 528 759 quae
545 659 652 730 etiam
672 655 718 729 de
735 657 942 755 alienigenis
961 659 1071 732 multa
1088 661 1261 759 praecipit,
1282 682 1440 758 quorum
1462 656 1614 730 offensio
1633 659 1724 731 sicut
1744 674 1780 733 et
1800 660 2051 757 proximorum

449 778 595 852 vitanda
616 791 681 849 est.
711 777 781 850 Sed
803 804 886 851 cum
913 778 988 852 duo
1007 780 1210 854 dilectionis
1232 782 1303 852 sint
1322 781 1428 871 rami,
1453 778 1597 851 dilectio
1613 778 1748 851 scilicet
1763 781 1843 870 Dei,
1864 780 1967 877 cujus
1979 786 2052 858 Ve-

451 900 535 972 ritas
565 899 643 997 ipsa
668 898 828 996 primum
857 914 892 972 et
920 901 1119 973 maximum
1147 899 1237 973 dicit
1268 924 1343 971 esse
1370 896 1603 989 mandatum,
1630 912 1668 970 et
1696 897 1839 971 dilectio
1870 903 2048 998 proximi,

452 1017 640 1116 quomodo
662 1042 728 1115 per
746 1017 979 1091 dilectionem
994 1020 1153 1120 proximi
1170 1019 1227 1092 lex
1244 1016 1425 1117 impletur,
1444 1017 1513 1089 nisi
1529 1017 1607 1090 haec
1624 1016 1767 1090 dilectio
1786 1018 1884 1090 illam
1906 1046 2052 1120 quoque

453 1136 726 1235 complectatur,
751 1162 837 1209 cum
862 1163 971 1211 nemo
996 1141 1127 1212 rectius
1153 1138 1258 1210 nobis
1285 1138 1471 1236 proximus
1496 1138 1553 1207 vel
1573 1137 1710 1210 amicus
1730 1138 1776 1209 sit
1802 1139 2052 1236 intelligendus

452 1281 563 1355 quam
589 1257 665 1355 ipse
690 1257 860 1330 conditor
885 1272 1008 1332 noster
1030 1274 1067 1331 et
1090 1257 1318 1357 redemptor,
1346 1281 1464 1354 aquo
1489 1271 1564 1328 tam
1589 1257 1775 1355 nosipsos
1797 1281 1907 1355 quam
1930 1262 2053 1334 omnia

451 1374 550 1448 bona
568 1375 757 1469 habemus,
777 1378 871 1449 sicut
887 1378 964 1478 ipse
981 1378 1174 1477 Apostolus
1189 1390 1452 1450 commemorat
1466 1375 1605 1449 dicens*
1625 1403 1634 1446 ε
1657 1375 1788 1465 «Quid
1804 1389 1925 1450 autem
1940 1377 2053 1453 habes

453 1496 553 1594 quod
570 1521 645 1568 non
663 1498 854 1595 accepisti?
869 1525 887 1566 u
905 1502 960 1571 De
978 1498 1080 1594 cujus
1098 1496 1247 1595 quidem
1265 1496 1359 1569 circa
1375 1495 1633 1569 nosinellabili
1649 1497 1796 1569 caritate
1814 1495 1898 1569 alibi
1914 1496 2022 1570 dicit’
2040 1528 2049 1571 z

456 1648 474 1681 ιι
490 1616 730 1690 Commendat
752 1631 874 1690 autem
895 1642 999 1690 suam
1023 1619 1208 1690 caritatem
1230 1620 1328 1688 Deus
1351 1616 1388 1687 in
1405 1615 1524 1707 nobis,
1550 1615 1725 1712 quoniam
1748 1615 1798 1686 sic
1825 1639 1910 1687 cum
1933 1616 2052 1690 adhuc

453 1749 661 1834 peccatores
678 1761 849 1826 essemus,
869 1736 1031 1809 Christus
1046 1759 1114 1835 pro
1132 1735 1238 1810 nobis
1254 1749 1417 1806 mortuus
1432 1749 1496 1806 est.
1515 1763 1533 1801 u
1553 1739 1642 1806 ltem
1657 1736 1823 1806 rursum⁸
1841 1761 1850 1805 z
1871 1738 2052 1833 «Proprio

455 1855 544 1929 Filio
561 1880 627 1927 suo
641 1880 719 1927 non
733 1858 907 1955 pepercit,
919 1857 983 1929 sed
998 1880 1066 1956 pro
1078 1854 1184 1928 nobis
1197 1853 1367 1926 omnibus
1377 1854 1524 1926 tradidit
1532 1853 1647 1927 illum.
1659 1884 1677 1921 ³>
1692 1858 1735 1924 Et
1745 1878 1811 1953 per
1822 1856 2053 1952 semetipsum

454 1974 562 2044 Filius
575 1975 661 2044 ait‘:
684 1974 887 2070 «Maiorem
903 1977 1087 2048 caritatem
1103 1999 1212 2049 nemo
1228 1973 1339 2046 habet
1352 1985 1392 2046 ut
1407 1969 1565 2046 animam
1580 1997 1696 2065 suam,
1716 1986 1786 2044 etc.
1804 2002 1822 2039 2>
1835 1972 1939 2045 Unde
1954 1973 2053 2048 hunc

454 2093 683 2190 spiritualiter
708 2094 914 2191 proxiuurm
937 2096 973 2165 in
996 2095 1068 2168 hoc
1093 2093 1293 2166 dilectionis
1317 2092 1488 2165 mandato
1510 2092 1683 2188 Origenes
1706 2091 1919 2188 intelligens,
1944 2094 1982 2166 in
1998 2119 2053 2168 se·

455 2211 650 2308 quentibus
666 2212 773 2308 hujus
790 2213 948 2312 epistolae
963 2214 1055 2286 ait⁸:
1077 2215 1146 2285 «Si
1162 2212 1366 2310 diligentius
1381 2213 1543 2309 requiras
1558 2212 1638 2309 quis
1653 2212 1698 2283 sit
1713 2211 1899 2309 proximus
1916 2227 2051 2307 noster,

454 2329 570 2403 disces
592 2333 629 2404 in
655 2333 847 2430 Evangelio
868 2333 971 2405 illum
992 2358 1069 2406 esse
1095 2334 1160 2432 qui
1179 2335 1337 2430 jacentes
1359 2357 1426 2404 nos
1447 2332 1636 2404 inclinatos
1659 2329 1705 2402 ad
1727 2329 1908 2404 stabulum
1933 2331 2056 2405 Eccle-

455 2451 514 2521 siae
531 2450 672 2542 detulit,
691 2466 727 2523 et
743 2452 952 2542 stabulario,
974 2453 1098 2541 Paulo,
1113 2452 1172 2525 vel
1188 2454 1221 2524 ei
1237 2453 1298 2550 qui
1310 2450 1474 2528 Ecclesiae
1489 2465 1629 2550 praeest,
1644 2448 1736 2522 duos
1745 2449 1914 2522 denarios
1925 2453 2054 2525 veteris

456 2589 498 2637 ac
514 2566 600 2636 novi
615 2569 832 2641 Testamenti
852 2568 900 2640 ad
915 2583 1046 2642 nostrae
1061 2593 1155 2640 curae
1172 2567 1349 2640 concessit
1371 2590 1557 2665 expensas.
1577 2570 1682 2636 Hunc
1697 2565 1905 2663 proximum
1924 2565 1953 2637 si
1977 2565 2057 2639 dili·

456 2708 603 2780 gamus,
632 2685 748 2782 legem
778 2686 994 2784 implemus,
1023 2714 1040 2756 u
1062 2686 1145 2759 finis
1167 2687 1265 2759 enim
1289 2686 1376 2782 legis
1393 2684 1584 2757 Christus⁸.
1603 2714 1620 2751 n
1640 2688 1732 2757 Cum
1755 2685 1875 2782 itaque
1897 2685 2055 2781 proximi

457 2828 590 2877 nomen
625 2806 734 2877 etiam
767 2810 908 2898 Deum,
937 2820 973 2878 et
1000 2807 1155 2879 maxime
1184 2791 1303 2905 ipsum
1337 2803 1642 2903 comprehendat,
1677 2827 1795 2900 neque
1827 2802 1924 2873 enim
1951 2801 2056 2875 aliter

458 2921 602 2994 dilectio
625 2925 781 3023 proximi
802 2925 967 3023 impleret
983 2924 1112 3021 legem,
1138 2940 1281 2998 constat
1306 2923 1470 3024 prolecto
1494 2949 1559 3023 per
1582 2924 1697 3022 ipsam
1721 2944 1885 3019 quoque,
1904 2920 1996 2994 sicut
2019 2938 2059 2997 et

457 3068 522 3141 per
538 3041 767 3117 dilectionem
784 3044 865 3136 Dei,
884 3044 1000 3143 legem
1017 3046 1172 3146 impleri,
1188 3047 1273 3144 quia
1288 3046 1351 3146 qui
1364 3051 1442 3119 Deo
1458 3068 1543 3117 vere
1556 3069 1622 3143 per
1639 3042 1868 3116 dilectionem
1883 3040 2054 3132 oobaeret,

457 3162 597 3235 nullum
614 3166 690 3262 ejus
707 3179 925 3264 praeceptum
939 3168 1139 3240 contemnit
1155 3169 1246 3240 sicut
1259 3167 1433 3264 scriptum
1447 3178 1500 3237 est
1511 3191 1521 3236 r
1534 3164 1601 3235 «Si
1616 3163 1698 3259 quis
1712 3163 1827 3259 diligit
1841 3186 1913 3252 me,
1925 3186 2058 3237 sermo-

462 3313 478 3346 «
494 3306 578 3354 nem
603 3308 726 3355 meum
747 3283 915 3357 servabit.
933 3286 1161 3376 »Quomodo
1182 3287 1291 3361 etiam
1306 3310 1393 3358 vera
1408 3296 1526 3383 potest
1541 3305 1618 3354 esse
1638 3280 1801 3372 dilectio,
1826 3305 1907 3379 quae
1930 3283 2058 3365 caritas

458 3401 601 3491 dicitur,
621 3404 691 3479 nisi
708 3404 754 3476 ad
770 3407 969 3479 Dominum
985 3405 1212 3482 reseraturi»
1226 3411 1271 3480 Et
1281 3407 1358 3506 ipse
1370 3403 1587 3501 Augustinus
1603 3401 1650 3475 dc
1661 3399 1824 3472 doctrina
1837 3400 2055 3488 Christiana,

458 3520 551 3595 libro
569 3538 697 3620 quarto
713 3552 721 3595 :
739 3554 756 3594 a
771 3529 963 3602 Caritatem
976 3555 1070 3603 voco
1085 3544 1226 3603 motum
1238 3528 1349 3601 animi
1364 3525 1413 3598 ad
1426 3523 1618 3597 fruendum
1632 3525 1711 3593 Deo
1728 3535 1878 3619 propter
1891 3525 2022 3594 Deum.
2037 3554 2055 3589 s

459 3639 573 3732 ldem,
584 3640 679 3713 libro
690 3641 734 3713 de
747 3646 902 3718 moribus
911 3648 1214 3723 Ecclesiaecontra
1225 3646 1478 3721 Manichaeos⁷z
1494 3674 1513 3711 α
1523 3644 1703 3742 Scriptum
1713 3655 1767 3713 est
1775 3640 1874 3738 quia⁸
1883 3669 1902 3709 α
1910 3657 2060 3740 propter

463 3787 481 3823 α
498 3772 532 3829 te
548 3758 725 3833 afficimur
743 3776 820 3835 tota
837 3764 909 3836 die.
923 3793 941 3833 »
955 3768 1092 3841 Caritas
1106 3791 1183 3839 non
1200 3768 1319 3865 potuit
1335 3764 1467 3865 signari
1482 3762 1682 3862 expressius
1698 3783 1809 3858 quam
1826 3785 1901 3858 quo
1919 3760 2059 3833 dictum

461 3889 515 3947 est
534 3905 551 3945 tt
567 3892 715 3977 propter
738 3895 786 3952 te·
801 3909 820 3950 »
840 3884 1013 3982 Quisquis
1027 3910 1115 3982 ergo
1130 3887 1276 3961 caritate
1293 3892 1370 3973 Deo
1392 3883 1560 3973 cohaeret,
1585 3906 1660 3981 qua
1679 3881 1814 3954 scilicet
1828 3878 1905 3954 sola
1924 3878 2060 3953 ducer-

461 4008 599 4068 nuntur
623 3996 687 4067 filii
709 4000 776 4072 Dei
795 4025 817 4073 a
834 4000 915 4091 filiis
935 4002 1084 4097 diaboli,
1113 4020 1221 4104 atque
1243 4007 1327 4080 ideo
1349 4006 1428 4103 ejus
1444 4004 1571 4100 satagit
1587 4001 1837 4100 obtemperare
1859 4001 2057 4099 praeceptis,

461 4115 611 4214 implere
628 4116 834 4195 studentem
849 4146 891 4194 ea
906 4148 984 4220 quae
1000 4126 1180 4223 pertinent
1195 4126 1242 4199 ad
1260 4127 1397 4209 alienos
1411 4148 1521 4222 quam
1535 4147 1615 4220 quae
1627 4123 1780 4195 attinent
1795 4120 1841 4192 ad
1858 4119 2059 4217 proximos,

461 4248 497 4306 et
521 4235 557 4307 in
582 4238 741 4334 utrisque
766 4241 899 4338 pariter
925 4241 1086 4319 divinam
1115 4247 1216 4342 sequi
1243 4245 1465 4319 voluntatem
1489 4243 1628 4314 nititur.
1655 4239 1751 4313 Nihil
1778 4263 1864 4336 ergo
1891 4237 2000 4310 relert
2020 4253 2063 4311 ut

462 4353 559 4427 salva
573 4360 772 4432 reverentia
788 4375 933 4459 patrum
947 4388 1011 4437 seu
1028 4364 1178 4437 fratrum
1194 4364 1400 4463 loquamur,
1420 4377 1456 4437 et
1466 4362 1580 4458 >louge
1596 4386 1619 4435 a
1635 4359 1858 4458 perfectione
1876 4357 2063 4454 Evangelii

462 4474 578 4569 legem
598 4474 767 4550 absistere
791 4481 976 4576 fateamur,
1004 4508 1224 4584 omnemque
1243 4486 1391 4584 insuper
1414 4497 1488 4555 tam
1504 4481 1745 4580 Apostolicam
1766 4502 1876 4577 quam
1895 4481 2063 4574 Evange-

461 4592 567 4666 licam
594 4598 844 4670 auctoritatem
864 4626 1129 4677 conservemus.
1162 4605 1270 4694 Nihil,
1294 4607 1462 4702 inquam,
1490 4600 1598 4674 resert
1614 4603 1690 4673 sive
1706 4598 1912 4698 proximum
1930 4596 1968 4668 in
1982 4595 2064 4694 lege

463 4737 611 4785 omnem
639 4713 825 4791 hominem
849 4721 1104 4820 intelligamus,
1133 4725 1208 4797 sive
1233 4725 1409 4797 minime:
1437 4719 1661 4812 dummodo,
1689 4733 1731 4790 nt
1755 4717 1893 4791 dictum
1921 4732 1993 4811 est,
2022 4718 2062 4789 in

494 4952 499 4978 ¹
512 4948 523 4997 1
536 4949 665 5012 Corinth„
681 4966 734 5015 cap.
753 4966 787 5013 tv,
799 4968 823 5005 v.
833 4958 857 5004 t.
871 4956 1015 5020 -21tom,
1030 4970 1084 5020 cap.
1092 4971 1117 5020 r,
1129 4971 1154 5008 r.
1168 4961 1192 5008 8.
1202 4982 1230 4993 -
1283 4970 1310 5019 p.
1321 4959 1361 5008 65.
1375 4956 1513 5017 -rnom,
1528 4967 1584 5016 cap.
1596 4967 1627 5016 x,
1638 4968 1662 5005 v.
1678 4960 1715 5007 ll.
1730 4981 1762 4994 -
1777 4955 1853 5018 ’(Ἀι).
1869 4965 1905 5013 Ιῑ»
1917 4950 2025 5013 omme
2040 4947 2062 5009 ¹2

465 5027 566 5095 sstem,
584 5044 640 5093 cap.
653 5045 709 5095 un,
720 5047 745 5083 r.
764 5037 804 5085 ³2.
813 5037 863 5071 -⁴
874 5034 955 5097 lom,
974 5050 1027 5099 cap.
1049 5052 1091 5098 xr,
1104 5051 1126 5089 v.
1150 5040 1187 5090 ta.
1201 5064 1230 5075 -
1284 5039 1332 5090 col.
1344 5041 1400 5091 69².
1413 5039 1462 5076 ·-⁸
1473 5034 1572 5088 Proin.
1585 5048 1661 5097 run,
1677 5050 1702 5086 r.
1715 5040 1756 5092 22.

464 5105 564 5167 ⁵R0m„
574 5123 628 5172 cap.
641 5124 695 5174 rur,
705 5125 728 5163 v.
741 5115 755 5164 8
767 5120 792 5162 et
801 5126 838 5176 sq.
861 5113 954 5168 comm
967 5117 1011 5168 tin.
1026 5116 1068 5179 tx,
1077 5118 1152 5182 opp„
1161 5116 1229 5178 tlll,
