4559 6100
463 481 555 554 ‘876
1084 481 1213 554 PE‘l'lil
1239 481 1475 556 ABAELARDl

482 629 668 729 disputans
683 628 823 702 inducit
836 629 978 704 dicens¹
998 657 1007 703 ε
1024 662 1041 699 e
1057 636 1206 705 Hermas
1217 634 1281 732 qui
1297 633 1405 706 latine
1418 632 1617 704 Mercurius
1632 631 1776 722 dicitur,
1791 630 1929 728 scripsit
1944 625 2077 699 librum

480 750 543 849 qui
566 750 785 846 Logostilcos
811 752 1022 852 appellatur,
1048 753 1084 825 id
1104 770 1158 826 est
1174 754 1335 826 Verbum
1358 754 1575 851 perfectum3
1596 753 1783 828 audiamus
1802 750 1891 848 quid
1908 749 2077 846 loquatur

480 868 526 941 de
544 868 664 942 Verbo
692 869 864 968 perfecto.
890 873 1110 958 «Dominus,
1143 873 1279 969 inquit,
1312 886 1347 944 et
1370 873 1534 945 omnium
1556 872 1668 944 factor
1691 876 1851 944 Deorum
1876 865 2074 943 secundum

483 1017 500 1052 a
519 989 717 1083 Dominum
735 989 829 1060 fecit.
855 993 961 1061 Hunc
977 990 1059 1063 lecit
1077 990 1235 1089 primum
1252 1008 1286 1064 et
1302 991 1419 1063 solum
1438 1006 1475 1064 et
1492 1015 1628 1063 verum.
1656 996 1777 1063 Bonus
1794 1003 1915 1061 autem
1931 989 1964 1060 ei
1980 988 2076 1057 visus

483 1137 501 1172 a
520 1120 573 1179 est
589 1122 623 1179 et
635 1106 860 1207 plenissimus
874 1110 1037 1182 omniurn
1053 1108 1249 1182 bonorum.
1263 1115 1413 1183 laetatus
1421 1124 1489 1200 est,
1502 1125 1538 1182 et
1553 1109 1655 1181 valde
1667 1109 1790 1184 dilexit
1799 1133 1882 1180 curn
1892 1122 2074 1204 tamquam

481 1256 498 1293 a
521 1229 744 1324 unigenitum
769 1253 886 1300 suum.
906 1256 924 1297 u
943 1234 1030 1302 ltem
1048 1230 1119 1301 alio
1135 1228 1217 1301 loeo
1240 1230 1357 1302 dicit:
1382 1259 1400 1295 (ι
1415 1229 1522 1301 Filius
1544 1229 1725 1302 benedicti
1749 1229 1814 1300 Dei
1840 1242 1947 1325 atque
1970 1224 2075 1297 bonoe

481 1375 499 1413 a
520 1347 725 1434 voluntatis,
751 1348 852 1444 cujus
876 1373 1011 1421 nomen
1030 1373 1105 1421 non
1120 1362 1239 1446 potest
1254 1347 1415 1420 humano
1433 1372 1496 1419 ore
1517 1349 1667 1421 narrari.
1685 1376 1704 1415 u
1728 1347 1943 1442 Augustinus
1966 1368 2073 1441 quem

477 1465 596 1565 primo
625 1466 757 1538 iactum
785 1467 887 1559 dixit,
917 1485 1042 1569 postea
1072 1469 1296 1565 unigenitum
1323 1467 1528 1567 appellavit.
1560 1473 1745 1555 Quantum
1778 1465 2003 1565 plenissimus
2029 1465 2074 1536 sit

476 1578 659 1657 lohannes
688 1586 910 1683 Evangelista
933 1588 1067 1661 dicit²t
1095 1617 1113 1654 u
1130 1592 1185 1661 De
1209 1586 1436 1686 plenitudine
1459 1587 1536 1684 ejus
1561 1612 1686 1660 omnes
1711 1587 1958 1686 accepimus.»
1977 1587 2073 1656 Deos

478 1720 611 1797 autem,
638 1705 711 1778 hoc
734 1722 787 1778 est
813 1707 979 1781 animalia
1003 1708 1191 1781 rationalia
1217 1707 1433 1780 immortalia
1458 1707 1664 1807 philosophi
1691 1706 1851 1807 planetas
1877 1729 1942 1777 seu
1965 1705 2071 1777 etiam

476 1825 654 1897 mundum
679 1827 799 1924 ipsum
825 1851 953 1900 vocare
979 1842 1258 1918 consueverunt,
1289 1826 1386 1899 unde
1414 1841 1450 1900 et
1480 1828 1661 1927 Propheta
1687 1828 1800 1901 solem
1823 1841 1859 1903 et
1885 1825 2010 1898 lunam
2035 1839 2071 1896 et

475 1956 593 2015 cetera
619 1944 780 2016 militiam
802 1945 883 2018 eceli
901 1963 1019 2038 vocat,
1043 1971 1182 2019 morem
1209 1946 1393 2043 gentilium
1416 1962 1571 2037 secutus,
1598 1948 1661 2045 qui
1681 1948 1732 2019 eis
1753 1962 1937 2043 tamquam
1955 1958 2072 2016 recto·

477 2060 577 2134 ribus
598 2064 671 2135 suis
693 2078 729 2137 et
750 2067 1016 2164 protectoribus
1035 2068 1107 2138 suis
1134 2065 1383 2139 immolabant.
1411 2071 1550 2138 Horum
1577 2081 1696 2139 autem
1720 2065 1873 2138 deorum
1895 2062 2070 2137 excellen-

474 2183 583 2255 tiores
605 2182 701 2280 juxta
729 2185 913 2258 Platonem
929 2210 1093 2258 summus
1110 2191 1207 2258 Deus
1228 2185 1275 2259 de
1291 2187 1472 2259 creatione
1497 2184 1654 2258 bominis
1679 2184 1840 2258 facienda
1860 2184 2067 2282 alloquitur,

471 2303 575 2401 quasi
596 2305 815 2402 omniaquae
832 2307 871 2378 in
884 2307 1169 2380 terradeorsum
1186 2304 1311 2377 fiunto
1326 2306 1579 2404 superioribus
1591 2331 1655 2405 per
1670 2306 1829 2379 occultas
1843 2305 2067 2402 planetarum

471 2409 681 2496 desiderum
693 2437 837 2497 naturas
851 2426 1155 2499 administrentur.
1172 2430 1225 2498 lta
1236 2426 1334 2498 enim
1346 2425 1451 2497 dicit¹
1466 2452 1474 2495 :
1492 2426 1577 2499 «Dii
1595 2425 1759 2513 deorum,
1773 2449 1932 2523 quorum
1948 2423 2067 2523 opifer

470 2541 566 2613 idem
579 2558 753 2640 paterque
767 2569 848 2641 eg0,
861 2569 971 2644 opera
980 2571 1045 2618 vos
1061 2544 1240 2643 siquidem
1258 2569 1339 2617 mea
1352 2545 1572 2617 dissolubilia
1589 2560 1729 2633 natura,
1746 2569 1804 2616 me
1814 2560 1934 2616 tamen
1944 2546 1992 2617 ita
2004 2568 2070 2616 no·

386 2675 390 2684 “
470 2659 565 2731 lente
588 2660 866 2752 indissolubilia,
891 2678 960 2736 etc.
976 2696 994 2731 ο
1022 2664 1078 2736 Ad
1101 2665 1173 2736 hoc
1189 2679 1225 2735 et
1240 2664 1329 2736 illud
1348 2665 1502 2762 pertinet
1523 2663 1624 2764 quod
1642 2665 1680 2735 in
1703 2678 1833 2736 octavo
1851 2662 1895 2734 de
1922 2666 2070 2735 Ciuitate

473 2780 542 2847 Dei
558 2778 604 2849 de
620 2779 809 2852 Platonicis
826 2782 999 2855 dicitur⁸z
1023 2814 1041 2848 α
1052 2785 1239 2872 Omnium,
1256 2784 1438 2880 inquiunt,
1457 2782 1666 2854 animalium
1678 2784 1715 2854 in
1732 2783 1863 2880 quibus
1880 2796 1932 2853 est
1947 2782 2069 2855 aalma

469 2896 651 2968 rationalis
668 2898 844 2996 tripertita
865 2900 992 2974 divisio
1009 2917 1083 2993 est,
1102 2904 1139 2973 in
1163 2902 1271 2994 deos,
1297 2902 1483 2995 homines,
1502 2901 1695 2974 daemooes.
1726 2907 1884 2974 Deorum
1901 2898 2003 2973 sedes
2028 2902 2065 2973 in

470 3012 574 3107 coelo,
597 3014 788 3090 bominum
806 3022 848 3091 in
872 3034 983 3114 terra,
1006 3024 1143 3095 insere
1164 3020 1383 3095 damonum.
1400 3052 1417 3089 a
1442 3027 1485 3093 Et
1509 3023 1649 3094 Boetius
1670 3045 1777 3121 super
1794 3020 2034 3120 Porphyrium
2054 3048 2068 3093 .-

471 3136 838 3238 «Quandocnmque,
867 3142 998 3241 inquit,
1027 3148 1145 3216 Deum
1170 3142 1409 3242 subponimus
1436 3143 1602 3232 animali,
1630 3144 1830 3217 secundum
1857 3143 2066 3241 opinionem

470 3276 548 3327 eam
566 3255 728 3349 iacimus,
754 3285 832 3358 quae
849 3261 962 3335 solem
981 3263 1170 3361 stellasque
1188 3277 1296 3361 atque
1318 3261 1417 3335 hunc
1433 3277 1549 3335 totum
1571 3261 1750 3334 mundum
1769 3263 1970 3337 animatum
1991 3285 2066 3335 esse

467 3374 668 3469 confirmat,
681 3403 773 3477 quos
783 3380 890 3454 etiam
902 3381 1056 3457 deorum
1066 3385 1216 3457 nomine
1231 3381 1512 3482 appellaverunt.
1531 3410 1549 3450 u
1563 3386 1686 3455 Beatus
1700 3396 1820 3455 autem
1837 3383 2062 3479 augustinus,

468 3496 569 3592 quod
600 3498 731 3571 dicitur
766 3499 812 3572 de
840 3502 916 3574 sole
940 3517 975 3574 et
1001 3504 1127 3576 ceteris
1150 3501 1354 3575 coetesribus
1384 3501 1620 3575 luminaribus
1647 3524 1879 3599 nequaquam
1907 3501 2064 3575 refellere

467 3615 587 3708 audet,
615 3615 678 3687 sed
701 3616 769 3688 sibi
789 3619 966 3692 incertum
988 3646 1063 3694 esse
1082 3622 1283 3721 profitetur,
1312 3624 1441 3693 utrum'
1457 3620 1622 3693 videlicet
1644 3620 1793 3719 quidam
1816 3634 1972 3693 rectores
1993 3619 2064 3716 spi·

468 3734 557 3806 ritus
582 3733 650 3806 illis
676 3736 798 3826 insint,
826 3763 893 3836 per
914 3763 1007 3836 quos
1031 3741 1139 3812 etiam
1157 3740 1394 3831 vivificentur,
1420 3754 1456 3811 et
1477 3741 1578 3837 quod
1595 3738 1758 3813 mirabile
1783 3739 1884 3811 dictu
1906 3737 2060 3827 videtur,

468 3848 554 3923 dicit
578 3852 684 3924 etiam
710 3878 747 3925 se
770 3855 948 3951 ignorare,
976 3872 1096 3929 utrum
1121 3858 1197 3931 baec
1222 3882 1369 3956 quoque
1393 3861 1595 3957 pertineant
1619 3858 1666 3932 ad
1690 3860 1896 3931 societatem
1921 3881 2059 3944 eorum,

466 3993 558 4066 quos
584 3994 651 4043 nos
673 3970 855 4045 christiani
873 3977 1019 4074 angelos
1042 3977 1098 4048 vel
1117 3977 1277 4050 coelestes
1299 3978 1447 4076 spiritns
1463 3979 1637 4071 dicimus,
1667 3978 1765 4051 unde
1790 3979 1827 4050 in
1854 3974 2062 4048 Enclu'ridio

467 4087 515 4160 ita
540 4089 645 4162 dicit·
673 4116 682 4161 ε
711 4095 876 4164 «Utrum
904 4095 1114 4192 Archangeli
1140 4097 1366 4196 appellentur
1383 4099 1549 4191 Virtutes,
1577 4112 1613 4170 et
1636 4098 1725 4195 quid
1752 4098 1844 4170 inter
1868 4121 1908 4168 se
1931 4095 2062 4167 distent

468 4207 591 4300 Sedes,
615 4210 688 4281 sive
705 4213 991 4304 Dominationes,
1012 4216 1087 4288 sive
1105 4218 1340 4316 Principatus,
1358 4219 1433 4291 sive
1452 4223 1657 4308 Potestates,
1673 4219 1796 4291 dicant
1813 4217 1875 4315 qui
1894 4228 2058 4315 possunt,

466 4328 497 4399 si
512 4340 634 4400 umen
651 4345 802 4427 possunt
818 4332 973 4429 probare
991 4333 1090 4430 quod
1111 4328 1249 4408 dicunt.
1271 4340 1346 4432 Ego
1363 4361 1420 4407 me
1441 4339 1507 4409 ista
1524 4338 1688 4434 ignorare
1701 4335 1887 4436 profiteor.
1905 4330 1975 4405 Sed
1988 4355 2061 4407 nec

374 4540 377 4551 ι
465 4443 553 4518 illud
579 4462 718 4519 certum
733 4448 865 4543 habeo,
885 4466 1007 4525 utrum
1031 4454 1078 4527 ad
1101 4455 1267 4528 eamdem
1284 4456 1492 4529 societatem
1508 4456 1711 4555 pertineant
1730 4456 1784 4528 sol
1802 4455 1939 4528 etluna
1961 4464 1997 4524 et
2013 4451 2059 4521 si·

465 4564 571 4659 dera,
597 4569 760 4665 quamvis
784 4574 959 4646 nonnulla
984 4574 1104 4648 lucida
1126 4600 1203 4648 esse
1227 4599 1397 4674 corpora,
1418 4600 1492 4646 non
1511 4601 1594 4648 cum
1620 4600 1727 4649 sensu
1751 4575 1808 4647 vel
1829 4571 2060 4669 intelligentia

465 4685 666 4761 rideantur.
694 4693 746 4762 Ne
761 4692 840 4787 quis
862 4691 954 4766 sorte
978 4696 1087 4767 sacris
1107 4695 1268 4768 eruditus
1293 4693 1418 4767 litteris
1440 4694 1633 4769 abhorreat
1654 4695 1829 4768 Hermetis
1853 4689 2060 4794 philosophi

496 4999 610 5055 'Pota
630 5002 741 5069 otuu
765 5004 882 5070 tmere,
904 5022 959 5073 eo.
978 5024 1013 5062 ιι.
1034 5012 1114 5078 opp„
1137 5022 1156 5064 ι.
1173 5012 1236 5064 vru
1293 5013 1400 5065 casua
1418 5014 1482 5075 oar,
1501 5014 1545 5066 ns,
1558 5011 1621 5073 rur,
1636 5025 1693 5072 aa.
1711 5024 1766 5062 m.
1779 5009 1943 5071 amma
1966 5003 2060 5061 rmor-

492 5079 606 5146 ·’losn.,
623 5097 677 5148 esp.
694 5098 718 5148 r,
737 5100 761 5136 r.
781 5087 818 5138 to
831 5088 923 5139 -21n
940 5091 1043 5142 Timeo.
1062 5118 1091 5130 ·-
1106 5093 1189 5154 ‘aaa
1209 5093 1240 5143 de
1292 5094 1389 5158 rioms,
1403 5109 1458 5159 cap.
1472 5107 1537 5145 arur.
1551 5095 1629 5160 opp,
1641 5101 1661 5144 r.
1673 5092 1715 5143 vt.
