4559 6100
934 539 1164 614 leLDGUS.
1774 537 1847 614 659

253 687 353 762 tendi
378 688 506 787 possit,
527 689 618 760 sicut
642 688 740 761 nulla
766 711 861 761 nova
887 712 1124 763 numerorum
1147 690 1297 763 nomina
1322 690 1563 765 millenarium
1591 689 1782 765 excedunt.
1805 694 1849 762 Et

253 807 352 881 alibi¹
368 835 378 880 ι
393 839 411 874 ιι
423 808 543 880 Sancti
554 821 681 897 estote,
692 808 776 908 quia
788 833 855 906 ego
869 823 1013 885 sanctus
1025 834 1121 901 sum,
1133 811 1312 882 Dominus
1323 814 1420 883 Deus
1435 823 1564 883 vester.
1580 841 1597 879 n
1614 815 1706 885 Item
1714 809 1822 882 inlra’
1837 837 1845 880 ι

255 958 273 997 u
286 925 565 1001 sanctificamini
584 942 620 1000 et
640 928 753 1001 sancti
774 942 906 1020 estote,
931 930 1016 1026 quia
1039 953 1106 1027 ego
1130 954 1212 1002 sum
1231 944 1376 1002 sanctus
1397 929 1574 1002 Dominus
1599 934 1696 1001 Deus
1717 944 1846 1003 vester.

254 1046 440 1120 Custodite
464 1061 639 1145 praecepta
655 1071 735 1119 mea
754 1062 790 1119 et
807 1047 911 1120 facite
929 1071 985 1120 ea.
1005 1052 1081 1145 Ego
1098 1048 1277 1119 Dominus
1294 1048 1358 1143 qui
1374 1047 1559 1121 sanctifico
1575 1073 1654 1119 ros.
1669 1079 1686 1114 u
1706 1052 1750 1119 Et
1767 1062 1851 1145 post

253 1165 390 1264 aliqua·
408 1192 417 1236 ε
440 1195 458 1231 s
472 1166 577 1238 Eritis
592 1168 705 1239 sancti
718 1168 803 1259 mei,
822 1168 908 1266 quia
921 1192 1003 1243 sum
1019 1182 1164 1241 sanctus
1176 1167 1366 1259 Dominus,
1386 1183 1421 1240 ct
1437 1169 1598 1267 separavi
1612 1190 1677 1240 vos
1688 1193 1710 1240 a
1723 1169 1851 1240 ceteris

254 1284 398 1384 populis
413 1297 455 1357 ut
469 1287 592 1358 essetis
613 1287 696 1359 mei.
712 1315 729 1356 u
746 1292 790 1359 Et
805 1288 951 1358 iterum⁸
967 1313 977 1358 ε
999 1317 1017 1354 ι
1032 1292 1107 1383 Ego
1130 1287 1309 1359 Dominus
1326 1288 1388 1384 qui
1404 1286 1589 1360 sanctifico
1608 1310 1674 1359 vos
1689 1301 1725 1359 et
1742 1286 1850 1358 eduxi

254 1405 300 1479 de
317 1422 410 1479 terra
428 1406 568 1506 Egypti,
584 1421 624 1479 ut
640 1432 753 1481 mem
771 1407 875 1480 vobis
892 1409 929 1480 iu
951 1411 1080 1481 Deum.
1099 1436 1117 1476 n
1139 1412 1183 1479 Et
1199 1410 1384 1480 rursum':
1410 1407 1479 1481 «Si
1500 1408 1537 1485 in
1557 1407 1742 1506 preceptis
1761 1408 1851 1481 meis

255 1525 537 1615 ambulaveritis,
556 1551 690 1625 ponam
711 1525 983 1601 tabernaculum
998 1551 1120 1599 meum
1142 1527 1179 1596 'tn
1197 1525 1319 1598 medio
1337 1527 1463 1616 vestri,
1485 1541 1520 1599 et
1535 1552 1610 1599 non
1627 1526 1771 1622 abjiciet
1787 1552 1852 1599 vos

256 1645 376 1718 anima
393 1668 487 1717 mea.
502 1672 520 1713 n
538 1648 582 1717 Et
594 1645 724 1718 alibi⁶2
743 1675 762 1715 u
778 1645 867 1734 Quis
879 1645 958 1740 det,
976 1647 1107 1744 iuquit,
1125 1645 1233 1718 talem
1248 1669 1312 1718 cos
1325 1644 1459 1719 habere
1474 1659 1633 1718 mentem
1650 1661 1689 1719 ut
1703 1648 1853 1723 timeant

256 1779 369 1837 meet
393 1763 598 1837 custodiant
622 1766 789 1839 universa
811 1765 981 1840 mandata
999 1789 1101 1856 meu,
1123 1766 1161 1836 in
1183 1766 1283 1837 omni
1306 1779 1470 1863 tempore
1489 1781 1528 1837 ut
1550 1765 1645 1838 bene
1662 1765 1707 1839 sit
1727 1765 1797 1852 eis,
1817 1780 1852 1837 et

255 1882 336 1955 filiis
351 1908 486 1956 ‘eorum
508 1885 546 1956 in
568 1885 849 1985 sempiternum?
864 1915 882 1954 n
901 1890 982 1958 Evae
1007 1899 1129 1985 aperte
1153 1884 1330 1957 Dominus
1351 1883 1555 1983 profitetur,
1579 1909 1621 1957 ex
1647 1883 1853 1959 obedientia

254 2004 374 2101 legum
391 2004 646 2103 sempiternam
665 2004 1011 2096 remunerationem,
1030 2028 1106 2077 non
1122 2029 1202 2102 qaue
1217 2003 1329 2076 finem
1349 2003 1470 2078 habet.
1488 2007 1628 2102 Moyses
1644 2004 1752 2077 etiam
1771 2018 1856 2102 post

255 2120 373 2215 illam,
402 2148 511 2220 quum
533 2147 643 2221 supra
660 2124 854 2196 meministi
871 2124 1200 2196 remunerationem
1216 2138 1408 2210 terrenam,
1427 2122 1483 2195 bis
1506 2123 1568 2219 qui
1592 2123 1706 2219 legem
1733 2137 1853 2195 custo·

256 2241 374 2331 diunt,
386 2242 561 2339 adjunxit,
581 2243 861 2315 misericordiam
880 2244 931 2317 eis
948 2245 1131 2342 insupera
1148 2248 1226 2318 Deo
1240 2242 1474 2342 implendam,
1490 2256 1653 2339 patenter
1667 2241 1773 2319 aliam
1791 2267 1854 2313 no·

258 2360 313 2432 bis
327 2385 438 2458 quam
455 2375 634 2434 terrenam
646 2363 974 2435 remunerationem
988 2363 1174 2462 pollicens.
1194 2366 1286 2434 Cum
1302 2362 1399 2434 enim
1411 2361 1652 2460 praemiserit':
1673 2388 1690 2425 u
1704 2364 1747 2430 Et
1759 2359 1853 2432 bene

257 2481 302 2551 sit
315 2479 420 2553 vobis
437 2482 575 2553 cunctis
596 2480 724 2553 diebus
744 2483 824 2554 vitae
847 2496 973 2554 vestrae
988 2483 1081 2555 sicut
1095 2496 1150 2554 est
1165 2481 1290 2573 bodie,
1306 2510 1323 2550 u
1335 2482 1453 2553 statim
1469 2480 1641 2553 adnexuit
1656 2506 1665 2551 ε
1680 2510 1697 2546 ι
1711 2480 1854 2577 Eritque

258 2600 372 2671 nostri
387 2601 605 2692 misericors,
622 2602 652 2673 si
671 2601 945 2675 custodierimus
961 2617 996 2674 et
1011 2602 1200 2675 fecerimus
1214 2602 1337 2675 omnia
1354 2614 1530 2700 precepta
1546 2602 1624 2696 eJus
1643 2600 1735 2675 sicut
1752 2625 1855 2672 mau-

258 2718 356 2791 davit
381 2718 500 2812 nobis,
517 2751 535 2787 »
556 2735 592 2793 et
608 2719 826 2819 quibusdam
843 2723 1075 2819 interpositis,
1095 2745 1180 2793 cum
1203 2722 1349 2794 dixisset
1369 2748 1377 2792 ι
1399 2750 1417 2786 r
1429 2724 1477 2793 Te
1494 2718 1599 2816 elegit
1619 2719 1797 2790 Dominus
1815 2735 1855 2792 ut

258 2839 304 2910 sis
325 2839 358 2910 ei
379 2839 536 2939 populus
560 2839 748 2938 peculiaris
773 2840 820 2914 de
840 2843 978 2914 cunctis
1002 2840 1158 2940 populis,
1174 2871 1192 2907 r
1210 2839 1340 2936 adjecit
1357 2839 1549 2912 inlerius⁸z
1574 2868 1590 2904 u
1610 2842 1651 2908 Et
1667 2839 1755 2910 scies
1771 2840 1857 2936 quia

257 2962 435 3032 Dominus
456 2965 553 3032 Deus
569 2975 654 3033 tuus
670 2961 746 3061 ipse
764 2965 861 3035 Deus
884 2963 984 3035 fortis
1005 2976 1041 3035 et
1058 2960 1194 3052 tidelis,
1217 2960 1422 3034 custodiens
1439 2974 1585 3061 pactum
1601 2971 1637 3030 et
1653 2959 1856 3032 misericor-

258 3079 356 3151 diam
372 3078 603 3177 diligentibus
615 3105 653 3153 se
673 3080 779 3153 ethis
795 3083 859 3179 qui
875 3081 1082 3154 custodiunt
1101 3096 1279 3180 praecepta
1294 3081 1371 3176 ejus
1384 3081 1422 3152 in
1441 3078 1539 3150 mille
1555 3079 1814 3174 generationes.
1835 3110 1853 3147 u

259 3201 377 3285 Quam
398 3198 591 3296 perlectam
608 3213 728 3270 autem
751 3200 818 3270 Dei
843 3215 905 3272 aut
925 3201 1081 3299 proximi
1104 3199 1335 3272 dilectionem
1359 3200 1395 3270 in
1420 3197 1551 3294 quibus
1572 3197 1687 3294 legem
1709 3212 1856 3271 natura·

259 3316 342 3389 lem·
363 3317 555 3389 consistere
581 3316 669 3388 dieis
699 3316 754 3388 lex
782 3318 859 3416 ipsa
885 3319 1068 3417 praecipiat
1095 3342 1169 3389 non
1198 3332 1233 3390 te
1266 3319 1380 3389 reor'
1413 3317 1535 3389 latere.
1565 3321 1694 3413 Legem
1722 3317 1856 3415 quippe

259 3439 397 3533 Moyses
412 3437 451 3508 in
468 3436 664 3508 novissimo
681 3460 937 3510 consummans
953 3438 1001 3509 ait
1016 3441 1036 3478 ¹⁰
1058 3464 1068 3510 ε
1093 3466 1112 3507 u
1136 3441 1181 3508 Et
1198 3461 1295 3508 nunc
1312 3435 1433 3524 lsrael,
1457 3435 1545 3533 quid
1566 3435 1737 3512 dominus
1760 3439 1856 3508 Deus

171 3558 175 3562 ’
261 3558 474 3655 tuuspetita
490 3569 539 3644 te,
553 3555 622 3627 nisi
637 3569 676 3634 ut
693 3556 817 3628 timeas
835 3559 952 3628 Deum
968 3571 1085 3646 tuum,
1099 3572 1135 3630 et
1149 3556 1313 3629 ambules
1328 3557 1365 3627 in
1382 3555 1448 3627 viis
1461 3555 1551 3652 ejus,
1566 3570 1600 3628 et
1614 3554 1740 3651 diligas
1755 3578 1853 3647 eum,

259 3690 295 3749 et
313 3677 445 3749 servias
465 3675 624 3747 Domino
646 3678 724 3747 Deo
742 3689 804 3747 tuo
821 3676 954 3749 intuto
971 3675 1161 3750 cordetuo
1179 3677 1269 3750 etin
1289 3690 1363 3748 tota
1378 3675 1498 3747 anima
1512 3689 1587 3766 tua,
1606 3672 1856 3771 custodiasque

260 3797 430 3869 mandata
445 3795 591 3868 Domini
601 3809 642 3867 'et
657 3797 871 3869 cerimonias
884 3796 961 3891 ejus
973 3820 1063 3894 quas
1072 3821 1140 3892 ego
1154 3795 1264 3870 bodie
1278 3795 1460 3894 precipio,
1474 3808 1513 3868 ut
1525 3792 1618 3868 bene
1635 3795 1680 3866 sit
1698 3792 1787 3865 tibi?
1802 3797 1855 3866 En

260 3917 406 3989 Domini
424 3916 490 3988 Dei
509 3916 560 3987 tui
577 3915 728 4006 coelum,
748 3928 783 3986 et
797 3914 930 3989 coelum
946 3915 1050 4009 coeli,
1076 3930 1170 3989 terra
1186 3930 1222 3988 et
1237 3916 1361 3987 omnia
1377 3938 1457 4011 quae
1477 3914 1515 3984 iu
1533 3914 1583 3985 eis
1598 3927 1700 4005 sunt,
1720 3927 1754 3985 et
1772 3937 1858 3985 cum

260 4036 421 4134 patribus
441 4036 512 4109 tuis
532 4034 798 4131 conglutinatus
819 4050 872 4108 est
891 4037 1068 4108 Dominus
1089 4050 1126 4108 et
1148 4036 1281 4108 amavit
1303 4059 1366 4107 eos
1388 4033 1565 4131 elegitque
1587 4055 1711 4105 semen
1729 4057 1856 4106 eorum

260 4171 342 4252 post
352 4181 428 4246 eos,
445 4155 484 4229 id
495 4168 548 4228 est
556 4178 624 4227 vos
637 4153 683 4227 de
697 4158 835 4229 cunctis
849 4154 1005 4254 populis,
1023 4155 1114 4227 sicut
1127 4153 1238 4230 hodie
1254 4152 1525 4252 comprobatur.
1544 4182 1561 4217 u
1576 4157 1757 4225 intantum
1768 4177 1856 4225 uero

260 4273 489 4348 dilectionem
515 4275 601 4364 Dei,
631 4288 671 4345 ut
693 4273 851 4372 perfecta
876 4278 939 4366 sit,
958 4274 1146 4371 diligenter
1166 4273 1222 4350 lex
1245 4273 1413 4372 exprimit
1442 4285 1550 4369 atque
1573 4271 1802 4368 amplificat,
1817 4287 1857 4344 ut

260 4397 377 4464 Deum
395 4393 617 4488 diligendum
638 4417 684 4465 ex
701 4408 779 4466 toto
799 4393 910 4466 corde
932 4408 969 4466 ct
991 4418 1035 4466 ex
1052 4408 1126 4466 tnta
1147 4395 1269 4466 anima
1292 4407 1387 4465 etex
1407 4406 1483 4464 tota
1508 4389 1716 4462 fortitudine
1733 4402 1858 4463 nostra

260 4512 453 4609 praecipiat.
481 4513 688 4584 Proximum
711 4537 797 4586 vero
821 4526 993 4608 tanquam
1022 4538 1090 4588 nos
1115 4512 1262 4610 diligere
1280 4511 1467 4607 jubemur,
1493 4524 1534 4581 ut
1555 4509 1719 4583 videlicet
1753 4534 1856 4584 amor

261 4630 326 4702 Dei
349 4655 459 4728 supra
480 4656 548 4702 nos
571 4632 680 4704 etiam
703 4645 868 4703 extensus
888 4632 986 4703 nulla
1008 4654 1177 4706 mensura
1198 4629 1463 4706 concludatur?
1485 4632 1590 4728 ipsos
1616 4653 1767 4727 quoque
1790 4627 1857 4699 ad·

261 4771 370 4822 venas
392 4750 489 4848 apud
515 4774 583 4823 nos
605 4764 877 4823 commorantes
901 4751 1003 4848 quasi
1031 4752 1296 4848 nosmetipsos
1322 4771 1444 4826 aurare
1469 4749 1712 4848 precipimur,
1738 4747 1858 4819 intun-

293 4979 403 5041 'terim
418 4992 472 5040 cap.
488 4992 542 5040 ιιι,
558 4993 581 5029 r.
593 4983 617 5031 2.
635 5005 665 5016 -
684 4980 786 5042 ’lbtd.‚
807 4994 861 5043 cap.
874 4992 921 5042 xx,
938 4994 960 5030 r.
979 4985 992 5030 't
1008 4989 1034 5031 et
1087 4995 1179 5044 capr,
1193 4995 1216 5031 r.
1232 4978 1410 5042 ts-ttttd,
1429 4991 1484 5040 cap.
1500 4989 1539 5039 ιι,
1553 4989 1577 5025 r.
1594 4977 1638 5039 at,
1653 4979 1693 5028 tu.
1712 5001 1741 5013 -
1757 4976 1855 5041 qiud,

261 5072 316 5121 cap·
329 5073 394 5123 xxu,
410 5074 433 5110 v.
444 5064 483 5113 at.
505 5088 533 5097 -
546 5061 646 5124 ³1bid,
662 5075 716 5124 cap.
729 5075 776 5124 xx,
791 5076 813 5111 ι.
831 5063 870 5114 tu.
882 5086 914 5101 -
929 5064 937 5093 ⁴
950 5060 1030 5124 trid,
1087 5077 1142 5127 rap.
1151 5076 1195 5128 ut,
1211 5077 1234 5113 ι.
1245 5066 1270 5127 θ,
1283 5065 1307 5115 9.
1319 5087 1348 5099 -
1360 5059 1523 5121 ⁰s1eopume
1535 5058 1633 5120 cuthctt
1650 5054 1799 5109 aurnuns
1812 5057 1859 5109 Cu

233 5215 236 5216 ⁷
260 5153 316 5205 cap.
327 5154 365 5205 u,
377 5158 400 5193 r.
410 5147 450 5196 ts.
465 5167 496 5181 -
509 5143 606 5205 aratu,
619 5157 675 5208 cap.
687 5158 757 5206 srvi,
773 5159 796 5193 n
810 5148 848 5197 11.
857 5173 886 5185 -
897 5147 906 5177 ⁶
918 5146 1033 5206 Dentre,
1089 5146 1136 5194 dex
1147 5155 1202 5194 reat
1211 5154 1333 5205 proreor.
1344 5167 1373 5179 -
1382 5143 1397 5174 ¹·
1407 5141 1520 5203 nutu,
1540 5151 1598 5200 cap.
1611 5150 1636 5199 x,
1648 5151 1672 5188 ι.
1686 5140 1724 5192 tt.
