4559 6100
460 532 532 604 290
1062 534 1191 605 PETRI
1216 534 1451 608 ABAELrlllDl
1517 602 1518 606 ,
1574 551 1580 560 ’

460 699 529 756 tur.
549 684 745 771 Quomodo
763 683 854 758 solet
870 683 940 757 dici
961 683 1007 756 de
1023 683 1167 782 aliquo:
1186 686 1303 757 Exirit
1318 699 1358 757 ut
1374 699 1586 778 moreretur,
1609 684 1647 757 id
1668 698 1720 758 est
1734 684 1856 775 exivit,
1875 696 1911 755 et
1929 683 2056 758 mortis

460 819 674 876 consecutus
703 818 754 877 est
780 804 953 877 effectus:
983 804 1032 876 ita
1056 804 1176 876 ethic
1201 804 1332 877 dicitur
1356 832 1366 874 z
1394 804 1551 877 Excitaui
1581 818 1634 895 te,
1651 828 1704 880 ‚ac
1727 829 1792 902 per
1823 802 1895 876 hoc
1930 816 2054 901 postea

461 923 601 995 ostendi
619 926 656 994 iu
671 937 706 995 te
716 924 885 997 virtutem
901 948 1034 1015 meam,
1054 924 1091 996 id
1108 938 1175 1016 est,
1195 925 1233 996 in
1258 924 1313 996 his
1331 949 1410 1021 quae
1427 924 1482 1022 egi
1500 924 1596 997 circa
1612 939 1648 997 te
1664 940 1701 998 et
1718 939 1812 998 tuos.

514 1047 639 1140 «Ergo
666 1044 767 1141 cujus
793 1042 882 1116 vult.
911 1073 928 1109 »
958 1048 1002 1115 Et
1025 1043 1075 1115 ita
1103 1057 1270 1143 apparet,
1298 1044 1414 1149 iuquit
1444 1043 1656 1143 Apostolus,
1684 1068 1729 1117 ex
1748 1066 1905 1143 persona
1931 1040 2054 1120 adhuc

462 1163 691 1261 opponentis,
709 1162 808 1261 quod
825 1165 924 1259 cujus
940 1162 1017 1236 vult
1033 1164 1232 1252 miseretur,
1254 1177 1415 1261 atquem
1435 1163 1513 1235 vult
1533 1162 1692 1255 indurat,
1719 1163 1755 1235 id
1778 1177 1845 1258 est,
1873 1187 1943 1262 pro
1963 1160 2054 1233 vebo

462 1283 537 1377 ejus
552 1297 660 1380 atque
673 1283 821 1355 arbitrio
836 1285 1078 1382 potiusquam
1096 1308 1162 1381 pro
1178 1283 1314 1356 meritis
1329 1283 1402 1355 suis
1426 1283 1593 1358 homines
1620 1282 1676 1356 vel
1696 1282 1879 1356 salvantur
1895 1305 1960 1380 per
1976 1281 2054 1377 ejus

462 1402 755 1492 misericordiam,
777 1401 834 1474 vel
851 1402 1070 1476 damnantur
1087 1427 1153 1501 per
1168 1399 1244 1499 ejus
1260 1405 1297 1476 iu
1309 1403 1466 1502 peccatis
1478 1403 1550 1474 suis
1564 1402 1843 1496 indurationem,
1868 1426 1977 1499 quam
1999 1401 2054 1473 vi·
2082 1479 2084 1482 ,

461 1521 589 1593 delicet
605 1522 883 1595 obdurationem
896 1524 972 1622 ipse
984 1548 1059 1598 uon
1077 1522 1283 1596 miserando
1298 1522 1421 1613 efficit,
1442 1537 1483 1598 ut
1502 1525 1553 1595 sic
1569 1522 1692 1596 divino
1710 1536 1826 1595 totum
1843 1520 1989 1594 arbitrio
2006 1521 2053 1593 dc
2102 1571 2104 1574 -

461 1640 655 1715 salvatione
683 1644 740 1716 rel
763 1643 995 1716 damnatione
1021 1642 1213 1715 homiuum
1232 1643 1463 1716 tribuendum
1479 1627 1556 1716 esse
1572 1641 1747 1716 videatur.
1783 1672 1801 1711 a
1824 1641 1919 1714 Dicis
1934 1641 2053 1739 itaque

338 1751 340 1754 ’
461 1760 562 1852 mibi,
580 1791 597 1830 u
617 1765 733 1861 inquit
745 1762 935 1861 Apostolus
953 1789 995 1836 ex
1011 1764 1156 1862 propria
1174 1790 1341 1862 persona,
1359 1764 1416 1837 vel
1433 1763 1675 1863 quorumlibet
1697 1762 1858 1835 fidelium
1882 1765 1998 1834 Deum
2013 1762 2051 1834 iu

461 1881 629 1953 omnibus
644 1882 883 1973 laudantium,
902 1882 937 1955 id
955 1896 1021 1974 est,
1031 1897 1069 1953 tu
1083 1882 1210 1982 aliquis
1230 1886 1436 1982 quicunque
1448 1885 1496 1958 sis
1511 1882 1770 1955 rationabiliter
1786 1880 1906 1954 dicere
1923 1880 2052 1952 videris

460 2015 494 2071 et
512 2025 711 2100 opponere,
732 2018 770 2074 ut
789 2001 1000 2101 supradictis
1024 2003 1235 2076 testimoniis
1255 2018 1291 2076 et
1315 2003 1526 2096 rationibus,
1546 2000 1584 2075 id
1597 2003 1730 2075 scilicet
1742 2000 1843 2098 quod
1860 2000 2020 2098 sequitur
2039 2027 2047 2068 ε

462 2150 479 2184 «
500 2121 596 2208 Quid
611 2121 742 2195 adbuc
758 2125 921 2220 queritur
941 2152 957 2192 n
979 2127 1094 2215 Deus,
1125 2122 1254 2218 idest,
1276 2124 1373 2197 unde
1397 2139 1519 2223 potest
1535 2124 1631 2221 juste
1655 2121 1919 2221 querimoniam
1940 2118 2049 2192 ullam

459 2238 649 2312 adversum
668 2266 735 2314 uos
755 2265 914 2335 movere,
939 2242 984 2314 de
1002 2242 1147 2314 eliensis
1169 2243 1300 2316 scilieet
1320 2245 1470 2337 nostris,
1496 2244 1581 2339 quia
1606 2241 1724 2314 omnis
1750 2240 1915 2313 videlicet
1945 2238 2050 2338 culpa

458 2359 534 2454 ejus
549 2360 625 2432 sola
644 2362 700 2442 ‚vel
720 2363 873 2434 maxime
888 2361 1029 2434 videtur
1047 2362 1223 2453 accidere,
1248 2389 1345 2452 cum,
1373 2376 1413 2435 ut
1436 2364 1573 2434 dictum
1597 2376 1663 2451 est,
1690 2383 1783 2456 quos
1800 2360 1878 2433 vult
1892 2358 2048 2452 induret,

456 2493 512 2569 et,
544 2495 585 2551 ut
609 2507 708 2554 nuuc
741 2482 882 2574 dicitur,
910 2482 1085 2554 voluntati
1109 2484 1186 2579 ejus
1214 2508 1323 2556 nemo
1346 2488 1456 2581 queat
1472 2483 1647 2555 resistere.
1681 2511 1699 2550 r
1725 2479 1869 2569 Adhuc,
1893 2507 1910 2545 u
1929 2479 1966 2551 id
1982 2492 2047 2569 est,

456 2614 536 2694 post
553 2615 626 2672 tam
645 2603 831 2674 manifesta
846 2602 1050 2673 testimonia
1066 2601 1122 2674 vel
1145 2604 1300 2674 rationes
1330 2605 1368 2675 in
1398 2603 1662 2675 accusationem
1691 2598 1796 2672 illius.
1833 2598 2051 2672 «Voluntati

455 2717 543 2812 ejus,
559 2746 577 2785 u
596 2718 702 2791 idest
718 2720 957 2819 dispositioni,
974 2722 1019 2793 de
1032 2744 1105 2818 qua
1120 2722 1293 2820 scriptum
1307 2738 1359 2795 est
1371 2727 1400 2793 ἐ
1418 2727 1680 2819 «Quaecunque
1696 2718 1811 2791 voluit
1825 2717 1925 2789 fecit..
1935 2747 1953 2784 u
1971 2719 2048 2789 Alio

455 2838 562 2908 etiam
579 2838 692 2909 modo
708 2838 839 2910 dicitur
857 2843 953 2910 Deus
967 2840 1071 2931 velle,
1087 2864 1162 2912 nou
1179 2839 1408 2938 disponendo
1424 2842 1569 2932 scilicet,
1591 2840 1654 2914 sed
1682 2836 1904 2912 consulendo
1925 2835 2046 2929 nobis,

455 2968 494 3026 ut
506 2954 679 3028 iaciamus
692 2980 757 3056 per
769 2982 849 3055 quae
863 2956 1054 3051 salvemur,
1065 2958 1168 3056 juxta
1179 2958 1303 3030 illud’:
1324 2962 1502 3048 «Quoties
1513 2959 1612 3032 volui
1623 2981 1853 3057 congregare,
1869 2971 1938 3028 etc.
1953 2987 1971 3023 s
1986 2960 2050 3029 Et⁸

457 3104 474 3140 «
495 3078 565 3164 Qui
582 3078 658 3149 vult
672 3102 799 3150 omnes
813 3078 930 3151 salvos
947 3077 1036 3171 lieri,
1057 3107 1075 3146 u
1093 3079 1131 3150 id
1145 3094 1199 3151 est
1211 3081 1365 3153 consulit
1382 3097 1423 3154 ut
1439 3082 1582 3170 faciant,
1600 3095 1670 3153 etc.

505 3224 522 3261 u
535 3199 568 3267 Ο
579 3196 692 3269 homo
707 3212 760 3269 tu.
779 3225 795 3264 u
814 3201 891 3270 Hoc
905 3197 986 3270 loco
1003 3199 1192 3298 Apostolus
1215 3201 1446 3299 suprapositis
1460 3199 1739 3297 objectionibus,
1758 3222 1836 3296 quae
1856 3200 1973 3269 Deum
1986 3222 2044 3295 pe·

452 3317 548 3389 uitus
571 3318 608 3388 in
624 3316 768 3416 culpam
788 3316 928 3389 trabere
952 3316 1134 3409 videntur,
1166 3343 1208 3390 ex
1234 3345 1298 3392 sua
1324 3335 1424 3419 parte
1450 3319 1656 3419 respondet,
1675 3342 1808 3416 easque
1831 3314 2048 3389 sufficienter

451 3436 612 3509 dissolvit
625 3462 785 3535 congrua
800 3439 846 3509 de
863 3435 971 3533 figulo
987 3438 1134 3511 inducta
1150 3438 1394 3513 similitudine.
1416 3442 1510 3513 Dicit
1528 3442 1648 3539 itaque
1671 3439 1868 3538 quaestione
1882 3437 2047 3535 quaestio·

397 3556 401 3565 “
451 3581 535 3628 nem
552 3557 750 3630 dissolvens
767 3572 802 3629 et
818 3558 1046 3650 satisfaciens,
1064 3583 1086 3629 o
1103 3558 1231 3651 homo,
1250 3559 1358 3633 idest
1380 3560 1531 3633 carnalis
1555 3575 1591 3632 et
1613 3560 1734 3660 potius
1753 3556 1919 3629 animalis
1938 3579 2046 3653 quam

451 3677 654 3772 spiritualis,
674 3678 735 3773 qui
752 3676 937 3775 hucusque
953 3678 990 3749 iu
1007 3682 1123 3750 Deum
1143 3680 1304 3751 invectus
1317 3704 1367 3767 es,
1387 3680 1489 3776 quasi
1499 3704 1584 3752 eum
1594 3679 1639 3751 de
1649 3679 1837 3776 iniquitate
1845 3675 2044 3772 arguendo,

450 3793 604 3865 sicutibi
621 3795 803 3892 inceptum
823 3809 902 3868 est:
927 3795 1139 3893 «Numquid
1166 3798 1334 3895 iniquitas
1357 3798 1455 3897 apud
1478 3800 1649 3871 neunt»
1672 3812 1708 3871 et
1729 3810 1855 3896 postea
1878 3794 2048 3893 exemplis

451 3914 507 3985 val
517 3913 716 3986 rationibus
725 3930 975 4012 exaggeratum
989 3930 1054 3988 est.
1072 3944 1089 3984 a
1101 3920 1155 3987 Tu
1166 3916 1305 4013 quises,
1322 3918 1513 4013 uinquam,
1534 3948 1552 3987 a
1562 3918 1623 4015 qui
1636 3916 1856 4017 respondeas
1870 3918 1963 4004 Dec,
1977 3943 1994 3979 s
2009 3913 2048 3985 id

386 4096 388 4099 ,
452 4047 505 4104 est
516 4034 579 4131 qui
588 4032 759 4129 justificas
772 4048 821 4126 te,
835 4037 896 4134 qui
912 4041 1028 4108 Deum
1040 4034 1158 4107 modis
1170 4035 1381 4134 supradictis
1390 4060 1549 4131 accusas,
1568 4039 1638 4136 ipsi
1651 4035 1884 4134 respondent
1894 4034 2046 4132 teipsum

451 4151 624 4227 defendas
638 4152 685 4225 ab
702 4156 981 4247 inconvenienti,
1002 4157 1031 4226 si
1048 4170 1082 4227 te
1098 4156 1175 4253 ipse
1198 4155 1331 4229 scilicet
1357 4159 1407 4228 ita
1428 4158 1632 4254 interroget,
1653 4156 1801 4228 diceus:
1826 4151 2044 4250 «Numquid

451 4270 536 4344 dicit
549 4271 771 4369 figmentum,
790 4306 810 4341 ε
828 4275 864 4346 id
882 4289 934 4347 est
946 4275 1039 4371 juste
1055 4288 1173 4373 potest
1187 4278 1364 4373 conqueri
1379 4275 1425 4349 de
1440 4274 1551 4372 figulo
1566 4274 1666 4373 quod
1684 4274 1756 4347 tale
1773 4275 1890 4372 ipsum
1908 4272 2040 4345 iecerit.

454 4422 470 4457 a
484 4394 721 4491 Figtuentum,
734 4425 752 4461 a
766 4393 866 4467 idest
875 4419 937 4466 vas
947 4392 993 4467 dc
1004 4393 1081 4466 luto
1093 4393 1231 4486 fictum,
1240 4394 1278 4466 id
1289 4408 1342 4467 est
1350 4398 1607 4494 compositum.
1619 4396 1767 4490 Fingere
1779 4414 2046 4490 namquecom-

450 4536 585 4611 ponere
601 4513 746 4586 dicitur.
767 4541 785 4582 u
797 4519 849 4585 Au
869 4538 944 4585 nou
961 4512 1071 4586 habet
1085 4528 1311 4612 potestatem,
1327 4543 1344 4582 u
1365 4515 1401 4587 id
1418 4529 1563 4587 estnon
1580 4516 1663 4588 licet
1687 4512 1796 4609 figulo
1812 4514 1893 4585 sine
1913 4509 2046 4606 injuria

449 4632 569 4732 aliqua
585 4658 694 4731 quam
709 4634 786 4705 rasi
801 4631 935 4706 scilicet
947 4632 1087 4724 inserat,
1109 4663 1126 4701 u
1137 4633 1238 4706 aliud
1253 4633 1400 4733 quidam
1419 4660 1480 4709 vas
1497 4636 1612 4707 lacere
1629 4634 1666 4705 in
1682 4632 1876 4722 bonorem,
1890 4660 1908 4697 r
1924 4629 2044 4720 idest,

448 4754 495 4829 ad
504 4753 656 4851 aliquod
673 4751 885 4824 honorabile
900 4752 1072 4845 officium,
1087 4780 1107 4821 u
1118 4752 1215 4826 aliud
1226 4754 1541 4840 incontumeliam,
1559 4753 1693 4827 »idest
1704 4752 1751 4826 ad
1762 4749 1915 4850 aliquod
1924 4749 1995 4823 vile
2007 4763 2048 4821 et

449 4872 634 4970 abjectum
641 4870 1042 4945 ministeriumilbthoc
1054 4886 1121 4967 est,
1137 4877 1217 4945 «Es
1229 4873 1356 4965 eadem
1367 4898 1482 4947 massa
1498 4887 1613 4963 terrae,
1629 4898 1648 4942 u
1663 4871 1705 4946 id
1720 4872 1892 4945 est-etiam
1903 4871 1935 4943 si
1944 4866 2048 4943 nulla

482 5148 488 5176 ¹
499 5146 596 5197 Prulu.
605 5158 740 5211 cumr.
751 5149 777 5200 6.
791 5172 820 5185 -
832 5148 908 5203 'luto
922 5160 976 5211 erp.
989 5160 1044 5211 tut,
1056 5161 1080 5200 t.
1091 5151 1130 5203 ab
1144 5172 1176 5187 -·
1186 5150 1220 5200 Ἰ
1233 5148 1310 5214 diet..
1319 5162 1373 5213 rap.
1386 5161 1420 5214 tt,
1432 5163 1455 5199 r.
1468 5151 1494 5200 t
