4559 6100
405 648 415 667 .
467 589 539 662 288
1069 585 1195 657 PETRI
1224 587 1455 662 lssAEthtot
1514 625 1520 636 ·

467 755 523 811 tus
540 740 678 816 futurus
693 755 782 831 erat,
805 768 822 806 u
835 733 963 809 serviet
975 769 992 804 »
1008 737 1198 836 posteriori
1215 736 1325 830 fratri,
1351 738 1388 809 id
1408 754 1457 810 est
1475 738 1598 811 Jacob.
1625 744 1713 826 Quae
1738 739 1885 837 quidem
1909 743 2059 814 servitus

468 883 542 932 non
561 875 634 932 tarn
652 861 689 930 in
706 858 868 958 personis
881 856 1038 929 duomm
1054 857 1202 928 fratrum
1227 880 1335 953 quam
1359 858 1395 928 in
1414 858 1680 956 posteritatibus
1701 883 1825 931 eorum
1851 860 2059 959 accipienda

468 995 533 1069 est,
553 978 589 1050 id
603 993 668 1072 est,
685 978 723 1049 in
741 978 884 1076 populis
896 976 960 1074 qui
973 999 1016 1047 ex
1037 976 1121 1073 ipsis
1137 975 1307 1047 nascituri
1324 977 1597 1075 promittuntur,
1619 979 1776 1049 Domino
1793 978 1838 1050 ad
1865 977 2059 1052 Rebeccam

468 1098 608 1170 dicente
624 1103 633 1138 ¹
656 1124 664 1167 :
687 1126 706 1165 u
721 1101 807 1168 Duae
824 1110 946 1193 gentes
963 1095 1001 1165 in
1018 1107 1121 1165 utero
1135 1107 1200 1165 tuo
1214 1109 1310 1182 surrt,
1331 1108 1366 1165 et
1384 1094 1459 1166 duo
1476 1096 1601 1193 populi
1620 1120 1663 1168 ex
1682 1112 1803 1169 ventre
1821 1111 1884 1169 tuo
1899 1097 2061 1171 dividen-

469 1233 538 1309 tur,
556 1217 782 1317 populusque
798 1216 974 1314 populum
998 1212 1200 1311 superabit,
1220 1228 1255 1284 et
1269 1214 1386 1310 major
1401 1214 1531 1285 serviet
1549 1215 1694 1287 minori.
1717 1247 1734 1282 r
1754 1218 1789 1286 Si
1805 1218 1904 1292 enim
1916 1217 1962 1288 ad
1980 1243 2060 1316 per·

468 1363 574 1411 sonas
588 1337 736 1410 fratrum
754 1335 933 1433 respicias,
955 1355 1143 1428 nunquam
1162 1336 1255 1404 Esau
1273 1332 1480 1419 deservisse,
1500 1332 1555 1405 vel
1579 1335 1616 1406 in
1639 1334 1760 1433 aliquo
1777 1334 1977 1432 subjectum
1995 1364 2060 1410 ex-

469 1459 577 1531 titisse
601 1455 710 1530 Jacob
735 1455 903 1555 reperies,
927 1453 1001 1523 imo
1029 1452 1139 1547 magis
1159 1452 1271 1525 Jacob
1296 1477 1437 1552 semper
1454 1457 1543 1526 Esau
1559 1456 1712 1527 maxime
1728 1455 1899 1546 timuisse,
1921 1471 1957 1528 et
1974 1459 2006 1528 ei
2023 1483 2061 1529 se

469 1576 662 1674 plurimum
678 1575 894 1647 humiliasse.
915 1576 969 1642 De
985 1569 1127 1670 populis
1139 1585 1258 1643 autem
1275 1572 1423 1670 planum
1439 1589 1492 1646 est
1515 1572 1586 1645 hoc
1611 1576 1737 1673 accipi,
1764 1600 1847 1646 curn
1873 1576 1980 1649 etiarn
2006 1603 2061 1648 se·

468 1698 629 1770 ctmdurn
645 1710 862 1796 pracceptum
880 1693 966 1790 legis
983 1690 1212 1763 interdictum
1228 1693 1272 1763 sit
1287 1691 1450 1764 israelitis
1465 1715 1586 1764 servos
1599 1692 1733 1766 habere
1761 1694 1807 1766 de
1824 1695 1961 1793 populo
1978 1721 2057 1788 suo,

468 1816 531 1887 sed
545 1817 590 1888 de
604 1815 770 1913 gentibus
785 1829 935 1887 tantum.
964 1807 1066 1882 Unde
1081 1811 1116 1881 in
1136 1813 1282 1882 leotrico
1300 1812 1471 1911 scriptum
1486 1826 1559 1903 est,
1577 1837 1657 1912 cap.
1681 1840 1750 1886 xxv
1765 1818 1802 1883 'a
1824 1843 1842 1881 κ
1859 1816 1894 1887 Si
1907 1840 2060 1914 pauper·

470 1950 540 2008 tate
558 1937 766 2035 compulsus
781 1932 981 2037 vendiderit
998 1955 1035 2002 se
1049 1931 1114 2002 tibi
1128 1929 1234 2002 frater·
1248 1946 1343 2023 tuus,
1360 1957 1433 2003 non
1451 1957 1534 2004 eum
1550 1935 1732 2033 opprimes
1755 1934 1921 2005 servitute
1948 1935 2061 2009 famu·

469 2055 608 2143 lorum,
631 2053 694 2126 sed
721 2053 823 2151 quasi
852 2050 1092 2122 mercenarius
1120 2063 1156 2120 et
1180 2050 1332 2122 colonus
1361 2052 1428 2122 erit
1456 2079 1463 2120 :
1496 2052 1680 2149 usquead
1711 2078 1847 2124 annum
1882 2052 2059 2128 Jubileum

469 2173 675 2273 operabitur
691 2171 787 2271 apud
803 2184 849 2261 te,
862 2186 896 2243 et
912 2185 1035 2268 postea
1053 2168 1255 2265 egredietur
1270 2195 1352 2242 cum
1367 2170 1487 2243 liberis
1504 2173 1589 2262 suis,
1601 2186 1636 2243 et
1655 2187 1851 2246 revertetur
1865 2174 1912 2245 ad
1928 2199 2059 2272 cogua-

472 2297 606 2366 tionem
624 2308 658 2364 et
675 2291 935 2391 possessionem
951 2302 1093 2387 patrum
1107 2311 1269 2359 suorum.
1289 2290 1357 2361 Mei
1375 2291 1470 2361 enim
1487 2306 1570 2362 sunt
1586 2292 1691 2363 servi.
1710 2296 1789 2363 Non
1808 2308 1960 2366 veneant
1976 2319 2060 2368 cou-

468 2413 605 2484 ditione
623 2435 832 2499 servomm,
851 2434 926 2479 nou
942 2408 1078 2503 affligas
1093 2433 1176 2479 eum
1193 2432 1257 2507 per
1273 2409 1483 2507 potentiam.
1513 2412 1642 2481 Servus
1666 2424 1701 2481 et
1719 2410 1847 2484 ancilla
1872 2414 1943 2485 sint
1959 2414 2060 2487 vobis

469 2530 746 2621 donationibus,
764 2530 833 2600 bos
847 2527 1023 2600 babebitis
1040 2527 1203 2612 famulos,
1223 2542 1259 2598 et
1271 2527 1487 2602 hereditario
1508 2529 1589 2625 jure
1614 2531 1859 2604 transmittetis
1875 2533 1922 2604 ad
1940 2549 2061 2633 poste·

470 2680 541 2746 ros,
560 2678 602 2729 ac
620 2651 845 2751 possidebitis
861 2651 898 2721 in
918 2664 1101 2721 aeternum.
1125 2677 1143 2714 u
1162 2652 1320 2719 Vocaute
1336 2647 1418 2720 dico
1441 2674 1537 2739 eum,
1562 2651 1688 2722 «sicut
1709 2653 1960 2749 scriptumest,
1978 2686 1996 2720 »
2021 2657 2058 2727 in

469 2772 641 2845 Malachia
657 2772 789 2844 scilicet
804 2768 996 2867 Propheta,
1016 2767 1073 2839 his
1087 2766 1234 2865 quidem
1252 2766 1412 2838 verbis':
1436 2773 1596 2841 «Nonne
1614 2769 1721 2843 frater
1736 2786 1812 2844 erat
1829 2775 1919 2843 Esau
1930 2773 2055 2864 Jacob,

468 2893 553 2964 dicit
566 2893 756 2978 Dominus,
775 2904 810 2961 et
827 2889 934 2964 dilexi
951 2887 1075 2980 Jacob,
1095 2892 1185 2959 Esau
1203 2903 1323 2959 autem
1337 2888 1423 2962 odio
1439 2887 1562 2982 habui,
1581 2917 1600 2957 u
1630 2889 1668 2962 id
1693 2905 1745 2963 est
1767 2891 1865 2964 hunc
1891 2891 2058 2990 eligendo

469 3013 607 3100 vocavi,
627 3008 727 3082 illum
745 3022 865 3081 autern
881 3006 1012 3105 respui.
1028 3009 1082 3078 De
1093 3004 1191 3102 quali
1207 3005 1353 3115 quidem
1372 3007 1546 3081 electione
1563 3001 1726 3108 superius
1742 3009 1839 3083 idem
1853 3010 1940 3084 dicit
1964 3019 2059 3114 lpo-

468 3134 580 3205 stolus
595 3135 619 3220 ⁸,
642 3162 660 3200 u
671 3145 708 3203 et
724 3155 815 3228 quos
828 3128 969 3201 vocavit
985 3126 1052 3198 bos
1069 3139 1105 3198 et
1113 3126 1330 3223 justificavit.
1349 3160 1366 3194 »

520 3285 536 3317 a
560 3251 654 3341 Quid
680 3274 780 3345 ergo.
802 3279 819 3315 >t
843 3252 1050 3344 Congruam
1067 3246 1176 3317 sumit
1205 3248 1393 3347 Apostolus
1422 3273 1463 3321 ex
1493 3251 1655 3347 proxime
1679 3250 1781 3323 dictis
1803 3251 2056 3351 objectionem,

468 3373 570 3468 quasi
588 3371 624 3443 iu
647 3369 911 3443 accusationem
940 3380 975 3438 et
999 3365 1164 3461 injuriam
1185 3368 1264 3457 Ilei,
1291 3368 1355 3465 qui
1374 3382 1567 3465 antequam
1596 3370 1730 3467 aliquid
1755 3375 1847 3444 Esau
1865 3377 2060 3470 promereri

468 3504 599 3590 posset,
619 3515 702 3563 eum
719 3514 793 3561 uon
806 3482 1093 3586 praedestinando
1111 3484 1259 3581 dignum
1277 3486 1363 3558 odio
1380 3512 1446 3560 suo
1459 3486 1644 3583 judicavit,
1671 3505 1707 3561 et
1728 3491 1813 3587 quia
1841 3491 1941 3564 alteri
1962 3493 2058 3567 fratri

468 3612 568 3684 dedit
583 3609 745 3706 gratiam,
765 3606 828 3704 qui
849 3604 1010 3676 similiter
1029 3619 1135 3674 autea
1156 3605 1205 3674 nil
1231 3620 1420 3693 meruerat,
1451 3607 1484 3678 ei
1512 3606 1696 3698 subtraxit,
1727 3634 1798 3706 qua
1823 3610 1856 3681 ei
1882 3611 2059 3685 subtracta

427 3760 429 3766 ¹
469 3742 608 3801 constat
623 3751 707 3799 eum
723 3726 816 3797 bene
836 3748 939 3818 agere
955 3745 1029 3793 uon
1044 3746 1163 3819 posse,
1179 3736 1285 3818 atque
1301 3726 1350 3796 ita
1367 3750 1441 3796 non
1461 3742 1533 3797 tam
1548 3728 1653 3824 culpa
1670 3731 1760 3800 Esau
1782 3729 1944 3803 accidere
1960 3732 2060 3803 vide-

469 3859 526 3915 tur
539 3841 638 3940 quod
653 3841 798 3938 iniquus
812 3839 929 3927 suerit,
949 3860 1059 3934 quam
1073 3837 1183 3934 ipsius
1196 3837 1262 3908 Dei
1276 3838 1339 3934 qui
1349 3839 1381 3909 ei
1396 3841 1558 3936 gratiam,
1572 3864 1643 3938 qua
1660 3841 1752 3915 bene
1768 3847 1908 3941 operari
1922 3861 2056 3944 posset,

469 3959 554 4030 dare
566 3956 732 4029 noluerit.
747 3955 859 4052 Hujus
876 3965 996 4024 autem
1010 3949 1223 4047 objectionis
1237 3952 1387 4049 ipsemet
1397 3957 1586 4054 Apostolus
1599 3958 1832 4056 postmodum
1845 3960 2060 4034 solutionem

468 4078 582 4175 ponit,
597 4075 746 4148 abiait:
763 4104 781 4142 a
794 4072 947 4144 Obomn
964 4084 1001 4142 tu
1016 4070 1162 4166 quises,
1178 4083 1263 4161 ete,
1276 4102 1293 4138 n
1310 4097 1423 4169 usque
1439 4072 1523 4145 illuc
1535 4099 1620 4146 veru
1635 4091 1752 4149 totum
1761 4076 1861 4175 quod
1872 4079 2061 4178 interposi·

468 4212 543 4268 tum
561 4212 626 4287 est,
642 4195 688 4267 de
702 4193 905 4291 objectione
921 4205 986 4262 est.
1002 4189 1247 4262 Continuatio.
1268 4191 1572 4290 Quandoquidem
1589 4196 1702 4269 Jacob
1726 4197 1935 4270 electionem
1956 4224 2061 4275 suam

468 4331 502 4388 et
519 4316 743 4388 vocationem
758 4337 834 4385 nou
849 4311 959 4407 magis
975 4333 1083 4407 quam
1102 4312 1192 4380 Esau
1205 4334 1248 4381 ex
1264 4312 1398 4383 meritis
1415 4313 1501 4403 suis,
1522 4313 1586 4385 sed
1611 4340 1654 4385 ex
1676 4314 1824 4389 arbitrio
1842 4333 1979 4391 tantum
1994 4344 2063 4393 ro·

468 4437 581 4507 cantis
598 4433 766 4526 obtinuit,
786 4456 902 4528 neque
919 4434 1010 4501 Esau
1024 4453 1067 4499 ex
1082 4429 1217 4499 meritis
1233 4443 1337 4501 antea
1364 4432 1436 4502 suis
1456 4432 1553 4504 illam
1576 4435 1707 4528 amisit,
1734 4436 1822 4534 quid
1844 4436 2058 4533 diceremus,

467 4555 554 4651 quid
572 4554 769 4653 poterimus
786 4550 917 4642 dicere,
932 4548 1027 4620 etad
1041 4546 1250 4644 hujusmodi
1266 4546 1506 4646 objectionem
1521 4552 1752 4651 respondere,
1774 4580 1853 4654 quae
1872 4559 1991 4629 statim
2006 4584 2063 4631 se·

467 4675 589 4771 quitur
604 4701 612 4744 :
632 4669 839 4768 «Numquid
850 4668 1016 4765 iniquitas
1031 4666 1193 4764 estapud
1206 4670 1335 4758 Deum,
1353 4697 1369 4734 u
1382 4667 1484 4741 idest
1498 4694 1568 4767 qua
1583 4673 1720 4746 ratione
1736 4677 1931 4772 poterimus
1944 4680 2061 4750 Deum

467 4818 489 4864 a
506 4793 613 4891 culpa
630 4790 835 4881 defendere,
854 4802 962 4884 atque
980 4800 1137 4857 astruere
1153 4785 1253 4883 quod
1271 4810 1344 4858 nou
1360 4788 1404 4857 sit
1420 4814 1501 4860 rens
1518 4790 1725 4887 iniquitatis,
1739 4793 1802 4889 qui
1815 4795 1964 4891 gratiam
1984 4798 2061 4868 sci-

467 4912 548 4984 licet
564 4936 666 4984 suam
683 4906 929 4982 subtrahendo
946 4905 977 4978 ei
996 4905 1058 5002 qui
1076 4903 1241 4977 nondum
1262 4907 1410 4998 meruit,
1432 4933 1514 4979 eum
1537 4910 1734 5008 reprobum
1762 4911 1869 4986 fecit?
1886 4916 1944 4987 Sic
1961 4919 2060 4989 enim

498 5190 503 5218 ¹
519 5189 615 5251 Gerra,
627 5200 681 5250 rap.
703 5200 759 5246 ur,
772 5199 794 5235 r.
809 5187 848 5237 ta.
862 5208 891 5222 -
903 5186 911 5215 ²
922 5181 1007 5241 terit,
1021 5192 1074 5242 cap.
1089 5192 1148 5243 nr,
1162 5194 1183 5231 r.
1196 5182 1235 5234 tt·
1253 5206 1283 5217 -
1295 5182 1305 5215 ³
1315 5180 1427 5245 duret,
1438 5195 1492 5246 cap.
1503 5197 1523 5246 r,
1535 5196 1561 5236 r.
1575 5189 1598 5237 2.
1616 5211 1645 5223 -
1656 5188 1664 5217 ⁴
1676 5187 1759 5243 aon.
1769 5198 1825 5250 cap:
1836 5198 1889 5251 uu,
1898 5198 1924 5237 r.
1939 5190 1979 5239 au.
