4559 6100
668 541 960 616 lNTROllUCTlO
987 545 1045 615 AD
1070 543 1371 615 TEEOLOGlAM.
1764 543 1814 613 65

228 710 262 769 et
276 691 493 767 sublimitate
508 692 722 787 Angelorum
737 719 883 767 exorsus
897 719 1010 792 usque
1026 692 1073 765 ad
1089 693 1265 765 dracones
1294 708 1328 765 et
1352 706 1533 791 serpentes
1554 708 1662 790 atque
1689 719 1816 769 ournes

228 816 390 913 abyssos,
407 811 545 884 divinas
557 813 714 885 extendit
731 815 873 905 laudes,
892 840 976 886 cum
993 813 1135 886 dixerit¹
1152 842 1161 884 z
1180 843 1197 881 n
1218 812 1377 887 Laudato
1402 813 1600 887 Dominum
1626 811 1671 884 de
1698 828 1812 907 terra,

229 934 399 1007 dracones
416 945 452 1002 et
466 955 592 1004 omnes
605 931 735 1029 abyssi.
758 963 773 997 r
793 938 835 1005 Et
853 935 982 1007 iterum
1000 961 1008 1003 :
1030 931 1047 998 ιέ
1065 937 1254 1032 Serpentes
1273 947 1310 1004 et
1327 933 1490 1004 volucres
1505 945 1681 1029 pennatae.
1708 961 1726 999 n
1744 939 1816 1020 Qui

229 1077 292 1125 nec
307 1051 377 1123 alia
392 1046 532 1148 reptilia
547 1053 782 1148 praetermittit
800 1052 940 1125 dicens²
960 1080 968 1123 :
992 1084 1008 1119 ι(
1029 1050 1244 1125 Laudabunt
1261 1050 1362 1123 illum
1379 1051 1453 1123 caeli
1473 1064 1508 1122 et
1525 1065 1640 1142 terra,
1669 1074 1766 1123 mare
1782 1066 1818 1124 et

230 1171 347 1245 omnia
364 1170 504 1269 reptilia
524 1171 561 1240 in
585 1172 648 1263 eis.
670 1199 688 1238 n
715 1172 879 1267 Legimus
904 1175 1011 1245 ctiam
1039 1175 1076 1245 in
1102 1173 1175 1245 vita
1200 1171 1299 1244 Pauli
1318 1173 1483 1244 Hermitae
1513 1195 1535 1243 a
1558 1170 1665 1243 beato
1688 1173 1819 1270 scripta
1933 1158 1940 1177 ⁰

230 1292 465 1386 Hieronymo,
483 1291 648 1385 Satyrum
671 1289 776 1363 heato
799 1293 1004 1391 apparuisse
1021 1293 1196 1380 Antonio,
1220 1293 1284 1388 qui
1306 1290 1501 1364 adventum
1525 1290 1717 1363 Salvatoris
1733 1316 1820 1390 pro-
1853 1386 1859 1397 ἱ

230 1425 377 1501 testans,
399 1410 448 1481 ait
460 1424 584 1481 sancto
600 1410 678 1482 viro
698 1438 706 1480 :
727 1441 743 1477 ιι
764 1412 956 1507 Legatione
973 1412 1101 1510 fungor
1121 1413 1191 1483 mei
1211 1411 1338 1506 gregis,
1356 1434 1546 1509 precamur
1563 1425 1602 1481 ut
1622 1435 1690 1509 pro
1714 1411 1820 1483 nobis

229 1552 458 1601 communem
475 1532 592 1600 Deum
611 1528 833 1627 depreceris,
855 1555 963 1627 quem
986 1533 1023 1602 in
1051 1529 1203 1604 salutern
1226 1528 1352 1601 mundi
1374 1531 1460 1601 olim
1483 1531 1621 1602 venisse
1644 1533 1820 1626 cognovi·

233 1672 329 1733 rnus,
347 1648 435 1721 etin
452 1647 655 1719 universam
680 1663 811 1720 terram
837 1650 923 1723 exiit
942 1674 1053 1723 sonus
1071 1651 1162 1745 ejus.
1182 1678 1199 1751 a
1219 1649 1329 1744 Cujus
1350 1648 1498 1746 quidem
1520 1650 1635 1747 Satyri
1656 1648 1820 1722 videlicet

231 1766 488 1838 consessionem
506 1790 548 1839 ac
565 1767 806 1840 testimouium
830 1768 875 1840 de
896 1768 1036 1842 Christo
1061 1769 1243 1866 longaevus
1265 1770 1381 1841 viator
1404 1768 1601 1871 admirans,
1620 1782 1655 1839 et
1683 1771 1822 1865 gavisus

232 1884 327 1982 quod
343 1885 451 1958 etiam
470 1900 631 1958 monstra
644 1887 825 1959 Christum
843 1887 1096 1986 predicarent,
1116 1902 1152 1960 et
1163 1888 1396 1960 vehementer
1411 1886 1616 1982 indignatus
1632 1912 1739 1985 super
1751 1887 1821 1959 du·

233 2005 307 2076 ritia
322 2019 357 2076 et
375 2005 531 2077 motuve
557 2005 792 2100 Alexandria,
824 2006 956 2080 baculo
980 2008 1098 2080 statim
1126 2006 1279 2078 humum
1303 2006 1522 2105 percutiens,
1550 2004 1694 2078 aiebat:
1718 2038 1735 2072 ι
1764 2011 1823 2077 Vae

156 2192 161 2199 .
234 2122 311 2211 tihi,
340 2122 571 2211 Alexandria,
589 2150 669 2222 quae
695 2151 763 2225 pro
795 2130 873 2199 Deo
899 2140 1067 2225 portenta
1088 2127 1280 2198 veneraris.
1310 2123 1406 2212 Quid
1435 2149 1532 2196 nunc
1559 2125 1689 2196 dicturi
1717 2127 1825 2197 estis?

235 2244 351 2315 Bestiae
367 2242 565 2339 loquuntur
577 2243 770 2319 Christum.
794 2277 812 2314 n
832 2252 884 2321 Ac
900 2249 929 2318 si
948 2261 1068 2346 aperte
1086 2246 1216 2319 clamet
1232 2246 1382 2318 dicens:
1407 2273 1423 2309 a
1441 2247 1611 2316 Conteret
1634 2244 1825 2343 impuden-

235 2362 320 2433 tiam
334 2375 486 2434 vestram
503 2363 628 2435 saltem
643 2366 822 2438 confessio
840 2381 1099 2438 monstrorum.
1123 2395 1142 2432 a
1161 2369 1249 2452 Quae
1272 2362 1417 2461 quidem
1438 2362 1615 2434 confessio
1634 2376 1734 2434 tauto
1752 2363 1826 2433 lor·

236 2493 326 2552 usae
341 2479 487 2576 gloriam
503 2482 700 2555 mirabilius
717 2499 825 2583 atque
842 2487 1042 2584 potentiam
1061 2484 1127 2555 Dei
1145 2483 1336 2583 praedicat,
1355 2496 1492 2578 quanto
1509 2482 1635 2577 majori
1653 2482 1825 2554 miraculo

235 2611 284 2668 est
299 2597 486 2689 habenda,
506 2616 541 2674 et
558 2616 658 2674 tauto
675 2605 795 2675 verior
809 2604 885 2700 ejus
905 2604 1053 2675 assertio
1065 2602 1231 2692 videtur,
1254 2613 1392 2699 quanto
1409 2624 1430 2671 a
1447 2598 1611 2671 doctrina
1631 2599 1823 2672 hominum

235 2717 403 2788 remotior
433 2732 503 2807 est,
538 2735 573 2792 et
597 2735 671 2793 tota
703 2723 919 2818 suggestioni
947 2723 1061 2794 sancti
1085 2721 1236 2820 Spiritus
1265 2717 1488 2818 imputanda.
1522 2716 1626 2790 Unde
1652 2734 1687 2790 et
1711 2719 1822 2792 verba

236 2835 343 2906 lsinae
356 2834 511 2927 Balaam,
524 2852 560 2910 et
570 2863 677 2911 voces
694 2840 730 2911 in
749 2864 830 2912 aere
844 2840 956 2931 factae,
974 2841 1065 2912 sicut
1078 2839 1124 2912 de
1135 2837 1315 2937 baptizato
1332 2835 1388 2908 vel
1402 2835 1651 2934 transfigurato
1664 2840 1823 2910 Domino

236 2952 395 3050 legimus,
414 2980 499 3027 cum
516 2956 653 3056 aliquid
667 2958 868 3032 astantibus
883 2960 1209 3051 aununtiaverunt,
1238 2970 1338 3028 tanto
1363 2955 1498 3027 facilius
1520 2955 1569 3027 ad
1591 2954 1700 3028 fidem
1720 2957 1823 3028 audi·

235 3088 325 3147 tores
339 3076 638 3169 commovebant,
665 3095 800 3177 quanto
822 3077 1056 3174 mirabiliores
1073 3077 1243 3152 omnibus
1260 3074 1493 3175 apparebant.
1517 3074 1625 3162 Quod
1639 3074 1685 3147 de
1703 3073 1820 3173 philo-

237 3193 353 3291 sophis
367 3220 517 3300 quoque
536 3213 570 3269 et
587 3197 801 3296 quibusdam
822 3198 1011 3295 gentilibus
1027 3198 1255 3295 quanttuuvis
1272 3192 1494 3282 infidelibus,
1512 3218 1575 3265 seu
1592 3209 1722 3266 nostrae
1738 3193 1823 3267 lidei

239 3310 403 3405 inimicis,
434 3316 623 3390 manifesta
649 3317 800 3392 docetur
827 3320 978 3392 ratione.
1000 3322 1083 3405 Quo
1101 3318 1198 3388 euim
1223 3314 1305 3386 fidei
1330 3327 1461 3384 nostrae
1485 3312 1596 3408 magis
1618 3328 1735 3385 essent
1762 3316 1827 3386 ad·

238 3430 340 3523 versi,
361 3433 482 3505 miuus
494 3434 531 3505 iu
549 3434 654 3508 laude
671 3437 747 3534 ejus
764 3437 1010 3510 invenirentur
1030 3435 1200 3533 suspecti,
1220 3447 1257 3503 et
1273 3427 1496 3530 probabilius
1520 3429 1558 3499 in
1583 3428 1687 3500 laude
1707 3431 1825 3527 cujus·

239 3546 319 3620 libet
334 3565 389 3622 est
405 3554 650 3629 testimonium
665 3556 816 3645 inimici,
833 3580 942 3653 quarn
959 3555 1083 3643 amici,
1103 3553 1195 3648 sicut
1210 3576 1231 3623 e
1247 3573 1420 3624 converso
1433 3548 1470 3618 in
1483 3547 1645 3619 crimine.
1668 3549 1771 3620 Unde
1791 3566 1826 3621 et

238 3691 316 3739 cum
331 3670 478 3770 losephi
494 3673 606 3746 tudaei
625 3676 870 3748 testimonium
888 3675 933 3748 de
947 3675 1089 3748 Christo
1106 3671 1163 3744 vel
1189 3669 1235 3742 de
1258 3669 1394 3740 Sanctis
1418 3667 1495 3763 ejus
1520 3666 1688 3762 legimus,
1714 3665 1825 3765 pluri·

239 3812 334 3861 mum
349 3790 395 3863 ad
412 3790 521 3865 fidem
535 3794 572 3865 in
591 3819 635 3867 eo
649 3821 941 3890 commovemur,
967 3810 1003 3868 et
1021 3817 1104 3867 cum
1131 3790 1298 3863 audimus
1317 3785 1504 3858 Philonem
1530 3785 1692 3857 ludaeum
1716 3788 1826 3861 vitam

239 3908 496 3983 monachorum
512 3917 652 4014 AEgypti
667 3917 838 4016 probasse
860 3931 967 4013 atque
982 3910 1270 3995 commendasse,
1289 3904 1371 4007 plus
1387 3904 1493 3986 nobis
1508 3905 1691 3999 satisfacit,
1716 3931 1826 4003 quam

235 4026 265 4096 si
279 4028 359 4123 quis
376 4045 539 4104 nostrum
556 4057 636 4106 eam
653 4036 933 4110 commendaret.
955 4040 1005 4105 Er
1022 4057 1096 4132 quo
1112 4031 1255 4127 utrique
1272 4027 1366 4098 inter
1381 4023 1532 4096 illustres
1545 4026 1677 4096 virosa
1694 4029 1731 4094 B.
1748 4028 1828 4097 Hie·

233 4169 388 4245 ronymo
403 4156 653 4226 connumerari
669 4171 702 4228 et
721 4156 848 4229 ascribi
865 4167 1083 4228 meruerunt.

283 4266 381 4354 Quid
396 4271 503 4343 etiam
518 4273 627 4370 magis
645 4276 885 4349 necessarium
897 4274 942 4347 ad
960 4259 1207 4345 defensionem
1225 4267 1310 4339 fidei
1324 4279 1465 4356 nostrae,
1480 4287 1590 4361 quam
1609 4277 1648 4335 nt
1660 4261 1830 4336 adversus

222 4387 399 4458 omnium
431 4388 631 4464 infidelium
657 4394 964 4494 importunitatem
991 4418 1034 4464 ex
1056 4392 1142 4492 ipsis
1157 4387 1355 4462 habeamus
1374 4407 1437 4482 per
1453 4381 1553 4479 quod
1570 4383 1668 4480 ipsos
1685 4382 1830 4492 refella-

219 4504 340 4576 mus?
367 4521 407 4578 ut
423 4509 452 4581 si
470 4534 538 4582 nos
553 4511 732 4611 impetunt
749 4512 974 4614 philosophi,
996 4535 1062 4613 per
1079 4511 1176 4609 ipsos
1194 4505 1457 4579 convincantur
1472 4500 1639 4573 doctores
1653 4504 1707 4572 sui
1724 4518 1830 4600 atque

213 4621 459 4724 philosophi,
477 4630 559 4703 etsi
576 4656 643 4705 nos
661 4634 839 4733 impetunt
856 4634 1031 4724 haeretici,
1051 4628 1248 4729 aliquibus³
1264 4647 1371 4697 sacrae
1385 4621 1522 4720 paginae
1540 4622 1750 4693 testimoniis
1772 4646 1830 4693 re·

210 4741 414 4838 sellantur,
442 4763 550 4846 atque
572 4751 621 4822 ita
640 4751 1010 4852 juntadpostolunr‘,
1042 4780 1059 4820 a
1077 4773 1187 4822 omne
1209 4771 1250 4819 os
1271 4742 1496 4832 obstruatur,
1523 4753 1560 4811 et
1582 4737 1746 4811 subditus
1771 4737 1832 4810 liat

205 4863 354 4935 omnis
379 4867 538 4940 muudus
560 4874 686 4942 Deo.»
716 4872 805 4962 Quis
825 4874 932 4945 etiam
959 4871 1146 4943 haereticos
1169 4861 1277 4964 longe
1299 4860 1494 4935 deteriores
1516 4883 1593 4930 esse
1616 4857 1779 4954 gentibus
1798 4873 1833 4929 et

244 5134 251 5159 ·
274 5126 376 5177 eum.
395 5141 495 5193 mor,
507 5147 529 5182 v.
552 5137 576 5192 r,
591 5135 629 5186 ιο.
640 5160 667 5172 -
682 5132 788 5188 ’rrum
805 5150 890 5197 nvn,
902 5151 924 5186 v.
939 5140 978 5188 as.
990 5163 1017 5172 -
1035 5132 1166 5185 ³sreeoa.
1179 5128 1241 5179 vm.
1254 5129 1272 5177 a
1287 5124 1377 5202 ruins
1392 5121 1464 5172 nnn.
1476 5146 1506 5156 -
1519 5123 1527 5151 ⁴
1539 5119 1619 5181 nom,
1632 5132 1687 5181 cap.
1704 5131 1742 5182 ¹¹¹,
1759 5134 1782 5168 v·
1796 5125 1832 5172 w·

357 5238 380 5275 ιι
1694 5213 1712 5267 9
