4559 6100
672 583 968 658 rutaooucrto
993 586 1055 659 ln
1078 587 1383 663 Tfluotosratt.
1774 597 1821 665 95

226 749 277 809 est
307 734 386 808 alin
413 746 499 805 sunt
519 730 677 805 divisiva
700 756 892 831 mserum,
919 730 996 807 aliae
1022 735 1259 809 constitutivae
1286 736 1510 834 specierum3
1541 739 1729 835 quomodo
1758 742 1822 818 has

226 854 273 929 ab
297 852 368 927 illis
389 851 477 925 alias
499 850 608 944 dixit,
638 876 723 925 oum
749 854 868 925 omnis
893 852 1045 928 divisiva
1076 854 1125 928 sit
1155 855 1404 948 constitutiva,
1433 870 1471 929 et
1492 860 1729 948 econtrario,
1755 863 1822 935 nisi

225 972 425 1049 noandum
452 971 710 1070 proprietatem
740 971 926 1045 dividendi
960 987 997 1046 et
1027 974 1271 1076 constituendi
1300 997 1380 1071 quar
1411 974 1560 1049 diversae
1585 990 1681 1050 sunt.
1716 978 1821 1053 atiud

225 1095 361 1193 quippe
381 1090 489 1187 exigit
518 1112 560 1163 ex
583 1114 629 1163 eo
655 1090 755 1189 quod
778 1106 830 1165 est
856 1091 1024 1185 divisiva,
1047 1107 1083 1166 et
1108 1093 1209 1168 aliud
1228 1096 1276 1167 'ex
1306 1092 1475 1191 eoquod
1498 1107 1554 1169 est
1576 1097 1820 1191 constitutiva,

225 1213 308 1287 lieet
329 1209 449 1285 modis
463 1209 637 1284 omnibus
653 1210 780 1285 eadem
802 1212 1016 1286 annumero
1038 1212 1191 1287 divium
1206 1228 1243 1288 et
1257 1214 1489 1288 eonduutiva
1507 1213 1719 1289 differentia.
1740 1218 1823 1293 Tale

226 1332 403 1430 igiturest
418 1328 540 1403 dioere
559 1330 670 1405 aliam
680 1318 762 1405 'esse
787 1329 1026 1405 differentiam
1044 1331 1245 1424 divisivam,
1265 1347 1301 1407 et
1318 1332 1423 1407 aliam
1439 1333 1722 1427 constitutivam,
1739 1361 1783 1411 ao
1793 1340 1822 1411 si

223 1451 388 1526 dieamus
412 1451 558 1525 alterim
587 1451 816 1551 proprietatis
839 1475 915 1525 esse
940 1452 1143 1544 divisivam,
1169 1453 1313 1527 alterius
1335 1455 1624 1546 constitutivam,
1648 1455 1732 1531 lloet
1753 1482 1823 1554 pe-

224 1572 322 1645 nitus
339 1595 384 1643 ea
406 1571 455 1643 sit
473 1569 624 1644 divisiva
641 1596 723 1670 quae
738 1573 985 1663 conauutiva,
1011 1587 1049 1646 et
1077 1597 1098 1646 e
1120 1597 1311 1649 eonverso.
1342 1577 1420 1647 llos
1447 1587 1568 1649 autem
1586 1573 1698 1647 modo
1720 1574 1822 1649 facile

224 1693 263 1763 in
279 1689 426 1790 ungulis
440 1689 551 1765 rebus
566 1692 738 1791 resignari
754 1708 885 1791 potest,
904 1707 942 1767 et
960 1717 1071 1769 unam
1095 1718 1252 1771 numero
1266 1710 1375 1792 atque
1390 1682 1627 1769 essentialiter
1642 1720 1718 1771 rem
1733 1720 1820 1795 per-

223 1834 384 1902 manere,
405 1825 441 1883 et
461 1812 531 1910 ipsi
549 1812 671 1911 plures
692 1813 808 1887 inesse
828 1814 1081 1913 proprietates,
1108 1813 1308 1889 omnum
1338 1814 1566 1912 quasaliqua
1582 1816 1821 1889 diversamur

223 1928 451 2024 delinitione,
468 1954 548 2003 non
569 1954 738 2022 numero,
757 1946 794 2006 et
809 1932 944 2007 eaedem
971 1957 1030 2008 res
1044 1932 1187 2009 diversa
1210 1935 1246 2007 in
1271 1957 1380 2009 sensu
1404 1932 1581 2009 voeabula
1605 1935 1819 2013 sortiuntur.

224 2050 457 2148 Verbigmtia
473 2078 483 2122 e
501 2050 561 2123 bic
576 2051 690 2127 homo
706 2068 746 2127 et
761 2052 961 2127 substantia
984 2067 1039 2128 est
1061 2068 1098 2129 et
1116 2077 1263 2152 corpus,
1291 2066 1327 2127 et
1353 2054 1552 2137 animatum
1580 2068 1616 2128 et
1635 2053 1818 2145 sensibile,

221 2170 323 2266 quod
337 2185 393 2243 est
407 2169 496 2243 alias
509 2172 698 2262 rationale,
718 2189 755 2246 et
768 2172 921 2247 morule
937 2173 1041 2272 quod
1055 2187 1112 2247 est
1125 2172 1252 2251 homo.
1276 2178 1320 2246 lit
1337 2173 1493 2252 fortassis
1509 2173 1613 2247 albus
1633 2187 1668 2246 et
1684 2174 1822 2272 crispus

223 2304 260 2360 et
277 2288 354 2362 aliis
379 2289 624 2364 accidentibus
647 2292 830 2390 subjectus
853 2316 934 2392 quoe
949 2293 1088 2392 recipit,
1109 2306 1149 2367 et
1172 2316 1257 2365 caim
1274 2293 1353 2393 ipso
1381 2293 1476 2366 idern
1502 2294 1548 2365 sit
1575 2317 1742 2383 numero,
1765 2295 1820 2367 vel

224 2410 456 2482 essentialiter
465 2411 677 2506 substantia,
696 2413 942 2513 quodeorpus
956 2415 1012 2487 vel
1030 2415 1245 2503 auimatum,
1258 2426 1329 2485 eto.
1350 2412 1590 2485 Nihilominus
1606 2427 1726 2487 umen
1745 2414 1819 2487 baa:

224 2527 429 2602 abinvicem
444 2531 722 2631 proprietatibus
733 2534 811 2605 suis
829 2532 972 2607 diversa
985 2546 1084 2626 sunt,
1099 2531 1300 2607 seoundum
1315 2556 1406 2629 quas
1421 2531 1556 2605 scilieet
1577 2532 1656 2631 ipsa
1671 2532 1820 2606 diversis

222 2648 448 2747 terminanda
463 2652 509 2722 sit
522 2650 819 2743 definitionibus,
845 2651 943 2725 aiud
966 2654 1102 2752 quippe
1122 2651 1329 2725 nahstantiae
1351 2665 1404 2723 est
1429 2651 1632 2750 proprium,
1661 2666 1697 2723 et
1722 2650 1820 2725 aliud

221 2768 401 2866 eorporis3
421 2770 512 2842 alius
527 2785 738 2844 ceterorum
753 2784 791 2844 et
808 2770 898 2845 alius
914 2770 1119 2881 substantiae
1139 2785 1251 2844 status
1267 2767 1413 2861 dieitur,
1432 2770 1523 2845 alius
1535 2771 1713 2869 corporis,
1732 2769 1821 2843 alius

222 2900 446 2960 enterorum.
462 2888 514 2962 td
529 2891 629 2964 huno
643 2892 752 2988 igitur
765 2893 917 2965 modum
934 2916 1019 2967 eum
1035 2893 1072 2964 in
1087 2889 1238 2988 singulis
1256 2890 1379 2978 rebus,
1396 2915 1469 2965 una
1485 2904 1720 2989 permanente
1733 2888 1820 2963 suh-

222 3007 362 3099 strntia,
381 3010 522 3107 possint
539 3011 816 3087 innumerabilia
832 3012 1017 3112 meiguod,
1037 3010 1238 3088 seeundum
1254 3012 1490 3116 proprietates
1505 3034 1585 3086 suas
1601 3009 1648 3084 ab
1663 3011 1819 3084 invicem

223 3125 374 3219 direma,
391 3130 483 3227 quid
497 3132 631 3205 mirum
647 3133 677 3205 si
694 3157 767 3206 una
782 3147 1016 3232 permanente
1032 3133 1154 3208 diviua
1170 3133 1337 3224 essentia,
1354 3131 1502 3206 diverse
1518 3156 1599 3228 quae
1617 3132 1654 3204 in
1669 3130 1733 3202 illo
1749 3132 1819 3202 sint

223 3249 483 3346 pmprietates,
509 3251 710 3326 seeundum
727 3278 818 3351 quas
833 3253 1006 3352 distingui
1020 3267 1092 3326 tres
1104 3276 1268 3351 persona
1281 3253 1437 3349 queant?
1456 3239 1557 3324 Sicut
1575 3252 1672 3323 anun
1689 3250 1728 3322 in
1746 3275 1819 3322 uuo

223 3365 370 3442 bomine
384 3369 448 3468 qui
461 3371 570 3444 simul
583 3371 783 3448 substantia
791 3387 844 3445 est
856 3387 893 3445 et
908 3396 1052 3471 eorpus,
1072 3372 1129 3444 rel
1145 3386 1271 3446 (astera
1285 3371 1425 3469 singula
1439 3395 1521 3467 qum
1536 3368 1704 3468 prmdieta
1720 3384 1817 3461 sunt,

222 3499 257 3558 et
271 3486 431 3564 fortassis
445 3506 623 3589 qaraotum
644 3492 693 3565 ad
715 3492 875 3566 disemos
900 3506 1004 3590 pater
1027 3506 1063 3564 et
1090 3489 1197 3582 filim,
1216 3492 1283 3566 alia
1302 3504 1355 3566 rat
1382 3489 1582 3589 proprietas
1595 3486 1816 3577 substantiae,

222 3603 289 3677 alia
303 3609 480 3708 eorporis,
500 3624 535 3684 et
550 3627 776 3706 easterorum,
794 3626 831 3685 et
843 3612 913 3684 alia
931 3623 987 3685 est
1001 3610 1115 3711 patria
1133 3624 1168 3683 et
1192 3608 1255 3684 lilli
1275 3636 1284 3679 τ
1304 3610 1353 3688 ita
1364 3623 1401 3684 et
1417 3609 1457 3684 iu
1477 3612 1570 3695 Deo,
1587 3607 1672 3682 lieet
1690 3606 1818 3680 eadem

221 3728 371 3801 emenda
386 3730 434 3802 sit
452 3735 555 3804 Pater
569 3747 607 3804 et
623 3733 733 3805 iilius
747 3746 784 3806 et
795 3732 951 3832 Samium
961 3744 1118 3824 moon,
1135 3730 1207 3806 alia
1221 3744 1342 3806 tamen
1358 3743 1416 3806 est
1422 3728 1623 3828 proprietas
1639 3727 1753 3800 Patris
1763 3752 1818 3799 se·

222 3844 384 3921 eundum
400 3848 501 3946 quod
516 3851 651 3924 soilioet
666 3866 826 3950 generat,
844 3849 915 3926 alia
930 3850 1009 3924 Filii
1020 3849 1222 3926 seeundum
1243 3848 1344 3948 quod
1358 3862 1564 3947 generum,
1585 3846 1655 3922 alia
1667 3847 1818 3946 Spiritus

221 3968 333 4039 saneti
347 3967 555 4042 seurodnm
573 3970 673 4068 quod
696 3971 872 4071 procedit.
888 3969 1151 4071 Quasquidem
1165 3970 1403 4072 proprietates
1420 3968 1561 4068 plenius
1580 3990 1815 4065 exponemus.

220 4086 257 4158 si
271 4087 353 4185 quis
370 4088 463 4161 sorta
477 4088 516 4162 id
532 4090 634 4189 quod
651 4090 698 4165 de
713 4115 836 4165 rernm
852 4089 1110 4166 identitatersl
1128 4091 1393 4190 proprietatum
1416 4087 1620 4162 dverdute
1638 4099 1816 4158 monstra·

220 4229 313 4300 mm,
330 4209 503 4282 nonsatis
519 4210 565 4284 ad
582 4235 661 4284 rem
676 4233 786 4309 quam
802 4211 1059 4311 proposuimus
1067 4209 1248 4311 pertinere
1263 4208 1373 4299 dicat,
1389 4207 1460 4282 nisi
1475 4207 1581 4282 etiam
1591 4206 1629 4277 in
1639 4203 1819 4303 aliquibus

219 4323 329 4399 rebus
353 4352 425 4404 una
446 4344 682 4428 permanente
702 4331 857 4405 emona
875 4388 886 4426 ,
903 4330 1025 4430 mares
1039 4353 1192 4429 qraoquo
1206 4329 1320 4403 modo
1340 4352 1513 4428 personas
1528 4327 1643 4404 inesse
1663 4325 1819 4399 demon·

215 4460 387 4535 suemus,
411 4464 582 4546 agnosmt
596 4449 734 4524 nullam
758 4475 803 4523 err
826 4466 905 4524 torn
920 4449 1209 4541 similimdinun,
1226 4449 1349 4523 seder
1367 4459 1469 4548 parte
1489 4445 1648 4544 aliquam
1671 4444 1833 4537 induci,

215 4567 384 4666 alioquin
402 4568 569 4642 identitas
587 4571 708 4671 potius
724 4595 834 4671 quam
849 4569 1048 4645 similitudo
1061 4569 1255 4644 diseretor.
1277 4574 1329 4644 llt
1342 4582 1464 4646 tamen
1482 4581 1518 4644 et
1539 4568 1577 4640 in
1591 4566 1665 4654 hoc
1683 4564 1817 4640 samsa-

212 4711 302 4761 oene
329 4688 523 4785 valmmtu,
541 4690 666 4765 dimna
681 4691 789 4765 nobis
809 4691 1030 4790 exipsorum
1048 4688 1185 4766 artibus
1201 4690 1318 4788 gratia
1331 4688 1502 4789 providit.
1523 4693 1613 4764 Nam
1634 4701 1672 4760 et
1688 4689 1818 4759 Gram-

207 4809 343 4882 matioi
357 4834 443 4882 cum
458 4824 531 4886 tres
547 4808 769 4910 distinguam
785 4810 1317 4912 pemonss,pritmmridelioet
1331 4835 1412 4909 quae
1426 4808 1600 4908 loquitur,
1618 4804 1816 4880 secundam

204 4925 267 5001 ad
277 4951 391 5026 quam
406 4930 579 5028 loqrritur,
598 4933 741 5006 tertiam
757 4932 805 5006 de
817 4956 892 5033 qua
909 4948 1081 5031 tanquam
1096 4931 1144 5008 ab
1163 4934 1325 5031 unisque
1342 4930 1484 5006 ditem
1500 4927 1713 5026 loquuntur,
1722 4985 1723 4988 ,
1733 4945 1815 5022 per·

204 5071 407 5140 sonarum,
421 5050 523 5148 juxta
539 5075 662 5126 earum
679 5055 937 5153 proprietates,
965 5051 1205 5125 diversitatem
1232 5051 1448 5147 intelligunt,
1477 5061 1527 5119 ut·
1544 5046 1661 5119 eidem
1686 5042 1737 5115 rei
1764 5042 1814 5114 sic

203 5182 291 5240 tres
306 5168 392 5242 istas
415 5194 587 5269 personas
610 5172 725 5246 inesse
742 5172 930 5268 fateantur,
951 5186 990 5244 ut
1007 5170 1104 5244 idem
1133 5171 1247 5246 homo
1265 5186 1301 5243 et
1318 5170 1436 5269 prima
1453 5169 1499 5272 sit
1515 5188 1670 5268 persona
1685 5187 1812 5237 secun·
