4559 6100
689 651 985 727 lNTRODUCTIO
1008 655 1070 729 AD
1094 656 1398 731 Tflnotoctttt.
1534 595 1542 607 ἢ
1773 660 1844 733 133

250 807 370 877 Potest
384 804 534 903 quippe,
552 825 637 875 eum
652 801 736 876 dico
754 830 763 874 :
782 806 880 875 Deus
902 803 967 876 scit
990 804 1103 878 modo
1119 805 1158 879 id
1179 807 1312 881 sactum
1337 830 1431 899 esse,
1454 803 1559 877 modo
1579 804 1687 898 illud,
1705 823 1780 882 tam
1796 812 1843 883 ad

246 926 314 995 scit
326 922 497 1023 quemad
511 924 651 1023 sacuam
663 949 738 997 esse
753 921 890 996 referri.
903 927 952 997 Ac
963 924 993 996 si
1008 924 1174 1000 videlicet
1185 927 1236 999 ita
1246 925 1405 1000 dicatur:
1421 924 1534 998 modo
1548 926 1615 998 scit
1627 926 1699 1000 hoc
1709 928 1842 1003 sactum

249 1067 346 1137 esse,
366 1044 404 1117 id
421 1057 476 1117 est
490 1041 603 1116 modo
616 1041 728 1117 habet
741 1040 836 1115 hanc
857 1044 1042 1118 scientiam
1068 1046 1170 1144 quod
1194 1044 1268 1120 hoc
1294 1045 1428 1119 sactum
1451 1059 1524 1139 est,
1543 1045 1600 1118 vel
1615 1047 1681 1119 scit
1694 1047 1794 1144 quod
1808 1049 1846 1121 id

251 1162 362 1236 modo
380 1163 603 1257 factumest,
623 1162 822 1262 quaelonge
835 1163 974 1238 diversa
987 1182 1084 1239 sunt.
1102 1168 1162 1241 Sic
1178 1182 1214 1240 et
1236 1191 1321 1240 cum
1336 1166 1488 1239 dicimus
1499 1164 1546 1238 de
1562 1171 1643 1259 eo¹,
1663 1168 1763 1265 quod
1780 1171 1847 1242 scit

251 1282 376 1377 modo,
392 1284 479 1381 quia
493 1284 560 1357 scit
574 1282 665 1356 illud
681 1282 793 1357 modo
811 1281 889 1356 fieri
905 1285 1006 1382 quod
1022 1311 1098 1360 non
1119 1288 1185 1360 soit
1201 1300 1328 1386 postea
1343 1284 1440 1375 fieri,
1461 1286 1490 1358 si
1513 1301 1587 1359 tam
1613 1286 1716 1359 modo
1737 1313 1846 1386 quam

245 1419 372 1500 postea
387 1402 435 1476 ad
458 1403 758 1492 scitreserantur,
779 1402 907 1476 falsum
927 1419 994 1478 est.
1011 1410 1064 1478 Ex
1079 1431 1125 1479 ec
1141 1406 1304 1506 profecto
1321 1405 1596 1480 concedendum
1617 1422 1725 1498 esset,
1746 1409 1847 1507 quod

250 1522 339 1597 ittud
348 1548 497 1624 quoque
507 1522 728 1621 quandoque
742 1524 807 1613 scit
816 1581 826 1619 ,
839 1523 1059 1623 quandoque
1076 1527 1185 1599 etiam
1197 1551 1271 1599 non
1285 1527 1364 1599 scit.
1383 1527 1421 1599 Si
1435 1550 1523 1599 vero
1536 1525 1583 1598 ad
1591 1528 1683 1621 fieri
1697 1543 1848 1626 utraque

249 1645 532 1742 conjungantur,
546 1669 671 1718 verum
683 1660 737 1718 est
751 1644 850 1743 quod
867 1645 1021 1719 diciturz
1041 1671 1109 1720 uec
1123 1647 1210 1720 inde
1224 1646 1460 1720 annuendum
1475 1660 1528 1719 est
1544 1646 1644 1744 quod
1660 1647 1758 1720 aliud
1771 1673 1846 1720 uuo

251 1776 413 1865 tempore
437 1765 527 1838 sciat
547 1764 647 1862 quod
676 1765 748 1839 aiio
775 1764 922 1837 nesciat.
943 1763 1075 1859 idest,
1094 1790 1179 1839 cum
1205 1765 1413 1863 hujusmodi
1435 1764 1615 1839 adverbiis
1636 1765 1713 1839 haec
1737 1767 1849 1841 verba

248 1882 398 1976 faciunt,
411 1883 485 1957 vult
494 1897 530 1958 et
534 1899 673 1982 potest,
688 1882 946 1957 similiter-cum
956 1886 1178 1959 cissensum¹
1189 1886 1376 1959 variantia.
1390 1886 1428 1956 Si
1441 1885 1539 1958 euim
1551 1885 1711 1959 dicatur:
1728 1901 1847 1985 potest

249 2006 347 2076 Deus
366 2003 405 2077 id
431 2003 543 2077 modo
564 2004 697 2099 iacere,
717 2020 754 2077 et
768 2004 816 2078 ad
832 2003 1008 2100 verbum,
1027 2023 1168 2105 potest,
1187 2005 1358 2105 adverlq'a
1380 2003 1601 2099 referantur,
1621 2005 1848 2080 falsissimum

250 2138 302 2197 est
323 2152 332 2195 ε
352 2125 439 2224 quia
450 2125 526 2222 jam
541 2149 617 2196 uno
631 2139 794 2224 tempore
807 2124 1003 2223 quamdam
1018 2126 1130 2200 habet
1144 2127 1357 2227 potentiam,
1375 2149 1484 2223 quam
1503 2125 1574 2197 aiio
1590 2149 1666 2197 non
1683 2125 1845 2200 haberet.

249 2244 286 2315 Si
300 2268 388 2317 vero
404 2243 451 2316 ad
466 2248 587 2344 faeere
602 2259 754 2342 utraque
765 2245 1050 2343 conjungantur,
1069 2247 1296 2320 verissimum
1311 2261 1377 2320 est.
1397 2250 1441 2317 Et
1454 2246 1546 2318 sicut
1560 2269 1636 2318 non
1649 2245 1847 2319 ostendun-

250 2379 308 2437 tur
322 2364 473 2438 diversae
485 2365 640 2438 scientiae
651 2390 736 2438 cum
752 2365 883 2439 dicitur
903 2364 950 2439 de
965 2366 1062 2465 ipso,
1082 2368 1168 2464 quia
1183 2366 1286 2441 scivit
1301 2365 1390 2439 olim
1405 2365 1670 2438 incarnandum
1686 2390 1784 2456 esse,
1799 2367 1850 2438 ita

250 2501 286 2558 et
306 2509 392 2559 cum
407 2486 563 2567 dicitur:
584 2485 671 2558 olim
688 2487 807 2585 potuit
822 2487 1019 2580 incarnari,
1038 2501 1073 2561 et
1088 2487 1202 2561 modo
1220 2501 1340 2589 potest
1357 2487 1562 2559 incarnatus
1577 2508 1671 2575 esse,
1689 2484 1849 2584 possibi-

250 2606 329 2679 litas
343 2605 558 2680 ostenditur.
580 2611 660 2679 Non
681 2608 777 2679 enim
796 2631 881 2679 cum
898 2608 1029 2679 dicitur
1047 2633 1112 2707 per
1128 2608 1391 2680 successionem
1410 2606 1603 2705 temporis,
1621 2609 1719 2678 Deus
1735 2607 1852 2678 incar·

249 2741 377 2820 natur,
396 2742 433 2800 et
448 2730 545 2799 Deus
565 2727 772 2800 incarnatus
795 2742 868 2820 est,
888 2725 1029 2800 diversa
1044 2751 1123 2825 quse
1139 2727 1263 2800 iecerit
1278 2725 1520 2819 ostendimus,
1544 2725 1609 2797 sed
1624 2749 1693 2824 pro
1715 2723 1846 2798 ecdem

249 2846 350 2949 quod
369 2847 479 2919 semel
497 2846 639 2940 fecerit,
659 2847 726 2920 ista
746 2847 928 2920 dicuntur.
948 2846 1007 2919 Sic
1033 2861 1069 2918 et
1092 2871 1177 2919 cum
1201 2845 1333 2919 dicitur
1347 2847 1472 2943 prius,
1492 2845 1577 2943 quia
1603 2843 1773 2942 possibile
1796 2860 1851 2918 est

248 2971 369 3040 Deum
391 2965 592 3060 incarnari,
615 2979 651 3038 et
670 2965 895 3065 postnwdum
922 2964 1090 3059 dicimus,
1112 2967 1199 3066 quia
1217 2962 1388 3065 possibile
1410 2979 1464 3037 est
1485 2964 1603 3064 ipsum
1625 2964 1851 3037 incarnatum

248 3113 344 3179 esse3
363 3111 432 3159 nec
449 3086 633 3160 diversum
658 3086 791 3160 sactum
807 3112 875 3161 nec
895 3087 1037 3161 diversa
1060 3087 1277 3187 possibilitas
1293 3101 1529 3180 monstratur,
1552 3084 1616 3159 sed
1633 3110 1701 3183 pro
1720 3086 1850 3160 eodem

248 3207 350 3308 quod
366 3208 466 3307 prius
481 3223 558 3280 erat
574 3206 755 3303 futurum,
768 3223 804 3281 et
819 3207 933 3280 modo
945 3222 999 3280 est
1014 3208 1252 3307 praeteritum,
1265 3223 1459 3306 utrumque
1470 3229 1555 3279 vere
1564 3205 1707 3278 dicitur.
1724 3207 1850 3305 Liquet

249 3333 371 3428 itaque
386 3333 524 3419 Deum,
544 3329 635 3402 sicut
649 3352 717 3402 nec
733 3330 881 3403 scientia
892 3329 948 3403 vel
962 3328 1150 3403 voluntate
1165 3331 1313 3421 mutari,
1334 3329 1382 3401 ita
1399 3352 1466 3400 nec
1480 3328 1587 3399 etiam
1598 3325 1847 3425 possibilitate.

249 3451 363 3523 Deus'
378 3448 500 3546 itaque
518 3448 620 3545 quod
637 3448 749 3522 semel
764 3450 845 3539 scit,
858 3473 1001 3549 semper
1019 3452 1100 3543 scit,
1117 3461 1153 3522 et
1168 3450 1268 3548 quod
1284 3447 1396 3520 semel
1412 3445 1502 3539 vult,
1522 3469 1666 3544 semper
1680 3444 1780 3517 vult:
1801 3446 1850 3518 ita

247 3586 286 3643 et
301 3595 411 3668 quam
431 3567 541 3642 semel
556 3567 668 3642 hahet
682 3570 881 3667 potentiam
897 3592 1086 3668 nunquam
1100 3567 1264 3668 deponit.
1283 3568 1471 3665 Denique,
1490 3566 1520 3638 si
1536 3589 1637 3639 more
1658 3564 1851 3637 hominum

247 3691 413 3763 dicamus
435 3713 519 3762 eum
536 3687 635 3762 aliud
650 3712 757 3789 posse
769 3713 844 3762 uno
861 3702 1024 3789 tempore
1044 3689 1146 3787 quod
1162 3687 1232 3762 alic
1251 3713 1326 3761 non
1341 3686 1473 3786 possit,
1493 3699 1642 3785 propter
1656 3684 1727 3756 hcc
1743 3683 1849 3756 vide-

246 3812 332 3884 licet
350 3808 469 3882 solum
487 3807 588 3907 quod
611 3808 644 3881 ei
660 3809 831 3882 convenit
854 3834 928 3881 uuo
953 3824 1119 3908 tempore
1135 3807 1174 3881 id
1196 3806 1312 3882 facere
1330 3804 1431 3906 quod
1455 3829 1532 3877 non
1558 3804 1729 3878 convenit
1753 3804 1846 3897 alio;

248 3929 350 4004 nulla
374 3929 452 4027 ejus
471 3929 509 4001 iu
534 3927 608 4000 hoc
630 3929 841 4028 impotentia
861 3928 918 4001 vel
937 3929 1106 4028 potentiae
1129 3927 1323 4001 diminutio
1346 3943 1398 4001 est
1428 3924 1678 4024 intelligenda,
1700 3924 1852 3997 eumad

247 4051 449 4152 potentiam
464 4047 654 4147 cujuslibet
669 4049 818 4123 minime
830 4049 1007 4150 pertineat
1020 4048 1121 4147 quod
1135 4048 1169 4121 ei
1180 4048 1383 4121 nullatenus
1397 4046 1587 4139 convenit,
1601 4060 1642 4117 ut
1657 4043 1744 4117 inde
1755 4069 1853 4117 com·

246 4170 415 4246 mendari
431 4171 566 4269 possit,
585 4171 661 4242 imo
678 4195 699 4243 e
717 4171 923 4262 contrario,
943 4171 1019 4268 ejus
1032 4168 1222 4267 derogaret
1238 4167 1414 4267 dignitati.

294 4294 391 4362 Cum
417 4303 538 4362 autem
563 4288 610 4362 ad
633 4290 835 4388 potentiam
855 4313 919 4361 seu
948 4286 1153 4361 firmitatem
1180 4287 1311 4361 divinae
1337 4300 1472 4360 naturae
1503 4285 1580 4384 ipsa
1609 4283 1685 4381 ejus
1709 4283 1851 4357 incom-

244 4406 471 4483 mutabilitas
488 4409 684 4508 pertineat,
711 4408 757 4482 de
775 4409 852 4509 ipsa
870 4431 968 4481 nunc
990 4406 1096 4481 nobis
1111 4406 1362 4481 disserendum
1378 4406 1552 4496 occurrit,
1571 4403 1750 4504 praecipue
1767 4427 1852 4475 cum

244 4557 288 4606 ex
305 4526 529 4629 quibusdam
546 4554 626 4627 quae
639 4530 717 4628 ipse
733 4541 925 4630 operatur,
944 4528 1037 4600 sicut
1052 4542 1089 4601 et
1105 4552 1174 4600 uos
1196 4527 1283 4626 ipsi,
1302 4526 1433 4598 variari
1448 4523 1632 4598 videatur:
1653 4548 1738 4596 cum
1750 4522 1851 4595 vide·

244 4651 333 4724 licet
349 4648 472 4747 aliqua
490 4647 602 4721 modo
626 4646 750 4743 faciat,
769 4646 881 4720 modo
904 4645 951 4721 ab
968 4646 1103 4720 eisdem
1121 4645 1310 4746 completis
1329 4645 1501 4742 quiescat.
1522 4641 1626 4716 Unde
1650 4657 1685 4715 et
1706 4641 1752 4715 de
1770 4644 1849 4742 ipso

244 4770 423 4870 seriptum
443 4784 513 4863 est,
538 4768 640 4869 quod
664 4767 853 4868 completis
874 4766 1045 4867 operibus
1066 4767 1159 4860 suis,
1177 4790 1256 4863 quae
1277 4789 1338 4838 ses
1358 4761 1486 4836 diebus
1511 4776 1680 4862 operatus
1697 4775 1767 4854 est,
1793 4784 1849 4832 se·

243 4892 365 4990 ptimo
379 4889 555 4988 requievit
565 4892 588 4979 ⁸,
605 4888 678 4963 hoc
693 4902 746 4962 est
760 4887 808 4961 ab
824 4887 1011 4988 operando
1026 4886 1188 4960 cessavit.
1202 4886 1302 4957 Sicut
1315 4908 1401 4980 ergo
1420 4903 1488 4956 nos
1504 4881 1670 4956 iaciendo
1689 4878 1799 4970 aliud,
1814 4892 1850 4950 et

278 5207 283 5233 ¹
296 5201 344 5253 δῖε
355 5200 418 5253 cod
431 5197 494 5252 Vtut.
506 5199 544 5250 De
555 5212 583 5250 ec
597 5199 686 5250 dsunt
697 5198 771 5249 tub.
782 5223 814 5235 -
823 5199 833 5227 ²
842 5197 915 5249 Ant.
928 5197 1028 5249 Succes-
1081 5194 1142 5247 cod.
1154 5192 1215 5245 Vtet.
1225 5201 1252 5243 et
1262 5194 1322 5244 edtt.
1330 5192 1402 5245 amb.
1411 5203 1512 5254 parrum
1518 5191 1624 5253 spattum
1632 5200 1734 5240 neuun
1742 5189 1853 5241 rettctum

238 5281 654 5344 m.-³1unosutegeuoum
670 5292 724 5332 esse
734 5280 844 5340 vtdetur3
860 5279 899 5329 trtc
910 5284 991 5329 nmen
1003 5279 1028 5328 tn
1082 5283 1128 5326 est.
1143 5300 1171 5313 -
1185 5277 1193 5305 ⁴
1205 5274 1302 5337 Getes,
1312 5283 1366 5356 cap.
1379 5283 1407 5334 u,
1419 5284 1443 5320 r.
1457 5274 1481 5322 2.
