4559 6100
448 414 454 423 ⁸
483 462 555 535 sro
1085 458 1475 533 enarrantium

483 604 578 685 circa
603 609 790 685 dominam
812 624 994 707 occupatae
1017 607 1250 708 pedissequae.
1269 607 1365 696 Quid
1392 609 1489 681 enim
1511 606 1559 680 ad
1574 607 1734 683 studium
1759 612 1999 708 grammaticae
2021 613 2086 685 vel

484 731 689 819 dialectice,
709 729 766 802 vel
783 743 983 802 ceterarum
1000 729 1130 801 artium
1145 728 1192 800 de
1205 752 1290 799 vera
1304 727 1462 800 bominis
1476 727 1696 801 beatitudine
1713 730 1945 826 vestiganda?
1958 736 2086 830 longe
2120 756 2143 771 ⁴

483 875 614 923 omnes
643 848 790 922 inlerius
816 847 863 921 ab
889 848 957 920 hac
982 848 1177 920 eminentia
1199 847 1320 943 jacent
1347 870 1415 919 nec
1438 846 1485 919 ad
1520 861 1660 920 tanturn
1694 873 1732 921 se
1764 849 1936 923 adtollere
1961 850 2089 923 valent

485 970 676 1065 fastigium.
703 968 773 1040 Sed
797 967 960 1065 quaedam
982 991 1113 1064 genera
1130 965 1353 1059 locutionum
1371 964 1519 1039 tradunt
1535 966 1590 1037 vel
1612 991 1732 1040 rerum
1756 968 1894 1066 aliquas
1915 986 2089 1043 exercent

487 1104 646 1174 naturas,
673 1088 775 1184 quasi
798 1086 974 1184 quosdam
997 1086 1129 1183 gradus
1154 1085 1201 1157 ad
1222 1085 1317 1175 hauc
1338 1084 1587 1157 celsitudinem
1610 1103 1797 1184 parantes,
1825 1114 1909 1161 cum
1933 1089 1979 1162 de
2004 1091 2089 1188 ipsa

488 1207 595 1280 nobis
611 1206 874 1298 disserendum,
888 1220 924 1277 et
933 1229 997 1304 per
1012 1205 1149 1300 aliquas
1164 1229 1286 1277 rerum
1302 1219 1446 1277 naturas
1462 1204 1499 1274 iu
1518 1205 1722 1304 exemplum
1738 1207 1795 1279 vel
1811 1208 2087 1281 similitudinem

487 1320 590 1416 quasi
622 1319 727 1391 luerit
760 1317 1006 1406 alicrendum3
1036 1331 1076 1388 ut
1102 1341 1167 1415 per
1201 1316 1278 1388 illas
1305 1316 1406 1414 quasi
1432 1314 1593 1411 quodam
1620 1316 1916 1416 pedissequarum
1946 1319 2085 1399 ducatu

489 1440 732 1536 pertingamus
754 1437 801 1508 ad
815 1436 1016 1527 dominam,
1035 1436 1072 1506 iu
1095 1435 1165 1507 illis
1190 1435 1338 1532 quidem
1363 1434 1620 1533 progressionis
1648 1451 1776 1509 nostre
1802 1440 1990 1511 transitum
2016 1439 2088 1512 ba·

487 1558 633 1650 bentes,
659 1558 697 1629 in
718 1556 786 1629 hac
809 1557 970 1652 requiem
986 1570 1022 1628 et
1043 1569 1173 1627 nostra
1197 1554 1411 1649 fatigationis
1432 1552 1542 1625 finem
1565 1552 1698 1653 adepti.

436 1712 439 1723 ·
538 1682 747 1750 Caarsrran.
769 1675 920 1748 Gaudeo
940 1689 974 1747 tc
990 1675 1097 1771 hujus
1114 1673 1353 1773 philosophiae
1370 1672 1614 1746 excellentiam
1633 1688 1706 1747 tam
1727 1676 1916 1774 diligenter
1930 1680 2089 1775 attigisse

489 1813 526 1869 et
543 1821 564 1870 a
581 1797 706 1869 ceteris
723 1795 936 1882 distinxisse,
955 1819 997 1866 ex
1017 1818 1091 1890 quo
1109 1808 1145 1865 te
1162 1794 1198 1864 iu
1216 1793 1293 1889 ejus
1309 1792 1430 1866 studio
1445 1793 1600 1865 maxime
1617 1811 1833 1893 occupatum
1849 1798 2021 1896 intelligo.

542 1919 684 1987 Primos.
712 1918 819 1986 Recte
841 1915 990 2011 inquam
1018 1926 1248 2010 occupatum.
1274 1916 1355 1984 llaec
1380 1913 1516 2012 quippe
1537 1912 1611 1984 sola
1630 1927 1685 1985 est
1705 1917 1877 1989 naturalis
1898 1917 2091 2018 disciplina

492 2058 573 2131 quae
606 2035 792 2133 praeceptis
819 2030 1017 2105 moralibus
1042 2045 1143 2104 tanto
1168 2031 1322 2130 amplius
1350 2030 1577 2130 philosophis
1601 2036 1786 2129 congruit,
1815 2040 2091 2136 quantomagis

492 2179 555 2225 eos
573 2153 650 2249 lege
669 2155 721 2226 uti
744 2167 781 2225 et
797 2151 996 2225 rationibus
1012 2166 1153 2224 constat
1169 2150 1362 2240 inhaerere,
1380 2154 1474 2225 sicut
1490 2150 1550 2224 ille
1567 2151 1637 2224 vir¹
1655 2153 1784 2226 doctor
1800 2156 1977 2229 meminit.
1997 2162 2088 2230 llam

492 2288 529 2346 et
547 2303 565 2340 a
580 2272 733 2360 ludat»
750 2273 885 2370 inquit·
898 2302 916 2339 ι(
929 2271 1030 2368 signa
1046 2284 1172 2369 petunt
1188 2286 1224 2343 et
1236 2273 1350 2344 Graeci
1366 2272 1579 2370 sapientiam
1596 2289 1772 2369 quaerunt.
1789 2303 1807 2342 »
1824 2276 1937 2349 Judaei
1954 2278 2090 2377 quippe

495 2408 649 2482 tautum,
669 2392 770 2487 quod
784 2390 955 2464 animales
968 2405 1051 2463 sunt
1066 2404 1100 2461 et
1113 2392 1308 2479 sensuales,
1324 2391 1422 2464 nulla
1438 2390 1568 2463 imbuti
1582 2391 1826 2491 philosophia,
1844 2418 1916 2492 qua
1933 2399 2088 2469 rationes

494 2511 671 2585 discutere
687 2526 835 2609 queant,
854 2511 938 2584 solis
961 2511 1179 2582 exteriorum
1196 2533 1347 2608 operum
1366 2510 1548 2583 miraculis
1566 2526 1760 2585 moventur
1776 2514 1823 2586 ad
1841 2514 1965 2607 fidem,
1988 2518 2089 2614 quasi

494 2630 570 2704 baec
596 2631 713 2704 lacere
737 2630 847 2703 solius
873 2630 938 2702 Dei
960 2631 1006 2701 sit
1028 2642 1065 2701 et
1089 2629 1188 2701 nulla
1215 2630 1253 2700 in
1280 2629 1331 2701 eis
1356 2629 1562 2702 demonum
1585 2630 1703 2704 illusio
1729 2630 1809 2705 lieri
1833 2636 1960 2732 possit.
1980 2637 2089 2725 Quod

495 2738 605 2849 quam
628 2752 673 2824 sit
698 2751 846 2823 stultum
871 2752 1029 2850 recipere
1054 2764 1089 2823 et
1110 2750 1202 2846 Magi
1223 2749 1261 2819 in
1284 2752 1423 2849 Egypto
1447 2749 1663 2843 docuerunt,
1687 2767 1722 2826 et
1738 2778 1805 2825 vos
1819 2754 1981 2829 Christus
2001 2782 2090 2855 prm·

495 2873 601 2971 cipue
624 2872 810 2964 instruxit,
837 2869 968 2969 quide
995 2867 1359 2968 pseudophilosophis
1384 2870 1583 2943 antichristi
1609 2897 1847 2969 praemonens,
1877 2899 1939 2948 eos
1963 2877 1999 2947 iu
2024 2900 2089 2949 se-

496 2991 667 3066 ductione
689 2990 879 3064 bominum
900 3005 998 3065 tanta
1023 2990 1164 3091 operari
1187 2988 1356 3063 miracula
1379 3003 1540 3084 testatur,
1567 3005 1607 3064 ut
1631 2993 1668 3064 in
1686 3021 1707 3060 a
1721 3018 1895 3087 errorem,
1911 3024 1929 3065 »
1947 2997 2086 3094 inquit,

500 3112 721 3199 «ducantur,
741 3112 771 3183 si
788 3110 864 3183 lieri
879 3123 1015 3209 potest,
1033 3111 1148 3182 etiam
1158 3108 1273 3181 electi.
1291 3137 1308 3177 u
1329 3111 1439 3198 Quasi
1455 3134 1541 3207 ergo
1563 3110 1638 3184 haec
1654 3113 1754 3209 signa
1770 3139 1929 3212 quaerere
1944 3115 2090 3191 stultitia

497 3233 561 3324 sit,
585 3231 804 3304 econtrario
831 3256 895 3329 per
917 3230 1128 3326 adjunctum
1153 3228 1342 3327 pradictus
1370 3231 1534 3302 meminit
1558 3232 1744 3330 apostolus
1775 3258 1859 3306 cum
1884 3236 2034 3334 adjecit,
2056 3253 2091 3310 et

501 3352 645 3424 «Graeci
666 3349 876 3449 sapientiam
899 3362 1077 3444 quaerunt,
1093 3377 1111 3413 a
1129 3346 1201 3419 boc
1220 3361 1274 3419 est
1289 3349 1446 3421 rationes
1466 3373 1488 3423 a
1508 3350 1802 3447 predicatoribus
1822 3356 1989 3453 exigunt,
2013 3382 2090 3455 que

499 3486 583 3544 suut
599 3484 696 3542 certa
714 3469 895 3567 sapientiae
909 3468 1157 3539 instrumenta.
1179 3468 1283 3539 Unde
1298 3468 1450 3540 maxime
1466 3483 1596 3562 vestra,
1617 3470 1656 3542 id
1675 3487 1728 3545 est
1743 3472 1951 3565 christiana,
1969 3477 2092 3575 pmdi·

498 3591 594 3663 catio
618 3587 908 3677 commendatur,
927 3586 1026 3684 quod
1043 3611 1106 3659 eos
1123 3587 1170 3658 ad
1186 3585 1297 3659 tidem
1318 3602 1528 3660 convertere
1549 3591 1686 3687 potuit,
1705 3594 1768 3690 qui
1788 3594 1989 3669 rationibus
2012 3598 2091 3696 plu·

498 3711 632 3781 rimum
657 3708 866 3781 nitebantur
888 3720 924 3780 et
947 3705 1193 3796 abundabant,
1219 3707 1384 3779 omnium
1407 3707 1573 3780 videlicet
1594 3710 1794 3785 liberalium
1811 3714 1944 3787 ardum
1969 3717 2093 3792 studiis

499 3827 641 3918 imbuti,
660 3826 859 3900 rationibus
874 3827 1014 3899 armati.
1032 3830 1196 3914 Quorum
1212 3825 1360 3923 quidem
1380 3826 1449 3925 ipsi
1466 3850 1542 3899 non
1561 3830 1679 3902 solum
1697 3832 1945 3929 inquisitores,
1963 3860 2088 3909 verum

502 3947 610 4020 etiam
633 3946 837 4018 inventores
857 3946 1079 4035 exstiterunt,
1097 3961 1189 4020 etex
1204 3969 1329 4017 eorum
1346 3944 1503 4019 lontibus
1520 3948 1557 4019 in
1571 3950 1779 4025 universum
1794 3954 1970 4026 mundum
1984 3956 2091 4030 rivuli

501 4079 751 4140 manaverunt.
772 4069 823 4136 Ex
838 4088 912 4162 quo
932 4065 1109 4161 praecipue
1127 4079 1164 4137 et
1179 4088 1276 4136 nunc
1293 4064 1338 4136 de
1357 4080 1475 4138 vestra
1491 4067 1711 4144 confidimus
1726 4070 1931 4172 disciplina,
1958 4089 2000 4146 ut
2015 4100 2091 4174 quo

498 4189 574 4285 jam
591 4182 745 4283 amplius
758 4183 909 4255 solidata
925 4182 1119 4269 convaluit,
1138 4184 1175 4255 in
1192 4184 1364 4256 conflictu
1381 4184 1576 4283 plurimum
1592 4192 1717 4287 possit.

552 4308 754 4378 emerim.
782 4305 897 4374 lmmo
919 4291 1001 4400 post
1022 4314 1207 4378 tantorum
1228 4304 1501 4376 conversionem
1521 4305 1824 4407 pbilosophorum
1848 4336 1917 4385 nec
1940 4313 2005 4385 tibi
2028 4337 2094 4389 nec

500 4425 652 4521 posteris
673 4422 719 4495 de
741 4421 813 4496 lide
831 4434 954 4495 nostra
974 4420 1155 4517 ambigere
1172 4419 1269 4514 licet,
1292 4447 1358 4495 uec
1372 4423 1445 4519 jam
1467 4424 1529 4497 tali
1550 4428 1723 4501 conflictu
1739 4453 1832 4528 opus
1847 4455 1926 4505 esse
1942 4433 2092 4528 ridetur,

501 4566 586 4615 cum
609 4543 647 4612 in
665 4539 884 4614 secularibus
907 4539 1104 4640 disciplinis
1124 4565 1251 4613 eorum
1273 4543 1396 4615 omnia
1413 4543 1565 4617 credatis
1586 4547 1791 4622 auctoritati
1812 4564 1850 4621 ct
1870 4576 1948 4625 non
1971 4578 2094 4627 eorum

502 4661 672 4760 exemplis
701 4657 748 4732 ad
782 4658 893 4731 tidem
918 4661 1162 4752 moneamini,
1189 4660 1347 4736 dicentes
1373 4686 1457 4736 cum
1483 4664 1679 4763 propbeta⁸
1707 4694 1716 4738 r
1748 4672 1905 4766 «Neque
1933 4674 2094 4747 meliores

502 4806 641 4873 sumus,
664 4801 775 4878 quam
800 4792 919 4878 patres
943 4781 1070 4852 nostri.
1094 4810 1112 4846 n

537 5055 594 5107 ¹Stc
605 5056 756 5109 Rbelnnrld.
770 5058 854 5108 Vester
863 5069 909 5120 pro
922 5056 1099 5120 ctrlessendum
1111 5071 1165 5109 esse
1177 5059 1329 5121 conltctmus.
1338 5087 1367 5099 -
1379 5063 1388 5093 ²
1402 5062 1461 5115 cor.
1474 5062 1494 5127 l,
1504 5076 1558 5127 cap.
1572 5076 1593 5128 r,
1609 5078 1632 5115 r.
1644 5068 1685 5118 ta.
1696 5068 1745 5105 -⁸
1756 5065 1858 5131 laton,
1869 5081 1926 5133 cap.
1935 5080 2011 5131 ηπ,
2025 5081 2049 5118 r.
2057 5071 2093 5124 tt.
