4559 6100
453 478 526 551 222
1043 469 1172 545 PETRI
1197 469 1433 545 tumtum

452 629 574 718 nister,
604 609 660 697 vel
683 635 724 695 ut
739 619 791 694 illi
810 617 1012 720 appellant,
1035 622 1214 721 propheta
1237 621 1356 696 omnis
1377 622 1610 696 circumcisus
1630 636 1696 696 est.
1726 622 1875 693 Litteras
1901 642 2048 718 quoque

451 743 688 824 sacerdotales
723 753 886 814 veterum
912 741 1164 840 AEgyptiorum
1196 768 1306 817 nemo
1342 742 1501 817 discebat
1534 744 1603 817 nisi
1639 740 1885 817 circumcisus.
1920 740 2048 812 Omnis

450 881 566 958 vates,
596 863 714 936 omnis
744 858 845 952 coeli,
873 873 914 933 ut
937 874 1087 960 putant,
1110 862 1312 962 infernique
1340 878 1474 962 mystes
1497 878 1534 937 et
1563 864 1729 937 conscius
1754 860 1854 962 apud
1881 885 1946 934 eos
1972 883 2048 933 esse

451 1011 526 1061 uon
550 983 722 1073 creditur,
741 982 811 1054 nisi
836 981 1069 1055 circumcisus
1084 981 1204 1056 bresit.
1225 987 1304 1056 Hoc
1327 1008 1413 1082 ergo
1430 982 1528 1083 apud
1546 1007 1613 1062 nos
1630 997 1734 1084 turpe
1746 981 1928 1080 judicatis,
1947 979 2048 1079 quod

451 1105 548 1208 apud
561 1129 627 1179 vos
642 1104 691 1177 ita
707 1102 902 1177 honestum
914 1100 1069 1176 habetur
1082 1115 1119 1175 et
1134 1127 1320 1203 magnum,
1335 1119 1376 1177 ut
1389 1102 1589 1178 coelestium
1602 1103 1900 1200 infernorumque
1911 1115 2048 1176 secreta

450 1222 595 1295 nonnisi
612 1244 678 1320 per
692 1217 945 1318 huJuscemodi
960 1217 1115 1317 insignia
1136 1219 1317 1294 enuntiari
1332 1217 1440 1293 nohis
1459 1243 1566 1319 posse
1583 1217 1749 1292 credatis.
1770 1217 1876 1291 Unde
1891 1218 1921 1289 si
1938 1217 2048 1318 repli-

448 1343 534 1415 cetis
558 1340 726 1414 historias
744 1354 898 1431 vestras,
917 1338 1106 1412 invenietis
1129 1364 1206 1413 non
1224 1340 1343 1414 solum
1359 1341 1609 1441 AEgyptiorum
1638 1339 1842 1414 sacerdotes
1862 1362 1947 1412 usos
1967 1362 2046 1414 esse

448 1462 732 1552 circumcisione,
759 1458 824 1532 sed
845 1459 954 1533 etiam
980 1458 1127 1553 Arabas,
1160 1474 1195 1533 et
1212 1459 1412 1560 AEthiopns,
1432 1475 1469 1533 et
1488 1460 1687 1553 Phoenices,
1712 1460 1873 1557 aliosque
1888 1482 2045 1557 quorum

447 1583 567 1656 studia
589 1606 672 1679 erga
690 1578 901 1678 hujusmodi
926 1580 1198 1679 superstitiones
1213 1580 1370 1654 nobilius
1385 1581 1544 1678 viguere.
1563 1584 1646 1653 Haec
1662 1579 1760 1654 dicta
1774 1592 1858 1653 suut
1874 1576 2048 1653 adversus

447 1704 618 1777 Gentiles.
643 1707 747 1774 Nunc
765 1699 813 1773 ad
830 1725 892 1774 eos
909 1724 1030 1774 sermo
1047 1699 1234 1798 dirigatur,
1253 1702 1317 1800 qui
1332 1701 1476 1774 Christo
1493 1700 1643 1799 quidem
1658 1700 1824 1790 credunt,
1841 1697 1906 1771 sed
1929 1698 2046 1796 legem

446 1848 522 1897 non
552 1822 731 1922 recipiunt
756 1832 793 1894 et
818 1820 1029 1920 Prophetas.
1059 1821 1240 1920 Scriptum
1267 1821 1380 1893 estin
1403 1820 1568 1919 Epistola
1597 1821 1691 1893 Petri
1702 1824 1726 1912 ¹,
1752 1820 1838 1920 quia
1867 1816 2046 1916 redempti

445 1967 570 2017 sumus
595 1942 755 2042 pretioso
779 1940 955 2038 sanguine
973 1940 1175 2037 Unigeniti,
1194 1938 1241 2013 ab
1269 1938 1392 2039 aliquo
1413 1941 1490 2014 sine
1510 1939 1626 2014 dubio
1649 1940 1762 2040 empti
1781 1938 1886 2037 cujus
1903 1961 2045 2011 eramus

445 2065 550 2157 servi,
569 2063 681 2160 quiet
697 2060 856 2160 pretium
871 2061 1061 2161 proposuit
1077 2058 1180 2158 quod
1193 2060 1320 2152 voluit,
1338 2073 1379 2133 ut
1394 2059 1589 2133 dimitteret
1599 2058 1700 2159 quod
1717 2058 1874 2132 tenebat.
1887 2057 2044 2132 Tenebat

444 2197 565 2257 autem
581 2207 651 2255 uos
668 2179 849 2269 diabolus,
872 2179 931 2252 cui
947 2179 1108 2252 distracti
1126 2179 1309 2254 fireramus
1323 2179 1479 2279 peccatis
1496 2179 1642 2252 nostris.
1665 2178 1834 2278 Poposcit
1850 2201 1936 2276 ergo
1959 2202 2044 2277 pre·

441 2304 534 2376 tium
558 2314 724 2375 nostrum
751 2298 963 2396 sanguinem
981 2297 1124 2370 Christi.
1146 2298 1251 2372 Unde
1275 2297 1395 2372 donec
1416 2303 1498 2372 Jesu
1523 2297 1682 2388 daretur,
1710 2298 1953 2372 necessarium
1977 2298 2045 2372 fuit

442 2446 505 2495 eos
522 2422 586 2520 qui
602 2418 882 2492 instituebantur
903 2418 942 2491 in
961 2419 1052 2517 lege,
1071 2443 1370 2519 unumquemque
1386 2444 1455 2519 pro
1473 2418 1575 2493 seed
1594 2418 1833 2492 imitationem
1849 2418 2044 2518 quamdam

442 2543 569 2615 futurae
585 2539 858 2639 redemptionis,
875 2538 1089 2636 sanguinem
1104 2563 1209 2610 suum
1229 2538 1328 2612 dare.
1349 2543 1391 2610 Et
1407 2553 1600 2639 propterea
1615 2563 1699 2633 nos,
1716 2562 1784 2638 pro
1799 2537 1932 2635 quibus
1947 2564 2044 2614 com·

440 2661 579 2760 pletum
603 2674 657 2734 est
674 2659 831 2759 pretium
847 2657 1032 2755 sanguinis
1050 2657 1203 2753 Christi,
1221 2683 1298 2731 non
1312 2683 1458 2732 neceam
1474 2658 1651 2732 hahemus
1665 2683 1734 2759 pro
1750 2657 1858 2731 nobis
1872 2660 2041 2758 pretium,
2110 2685 2114 2692 ·

440 2780 539 2853 idest
550 2778 762 2874 sanguinem
772 2776 1053 2849 circumcisionis
1071 2776 1213 2850 offerre.
1226 2775 1547 2878 Siergoculpabile
1558 2777 1809 2877 videturquod
1816 2782 1912 2851 Deus
1923 2779 2045 2853 inferri

437 2897 540 2996 jubet
556 2895 751 2970 infantibus
769 2895 930 2989 vulnera,
949 2894 1022 2969 hoc
1040 2897 1149 2969 etiam
1166 2897 1204 2969 in
1221 2897 1365 2971 Christo
1382 2885 1518 2972 factum
1534 2898 1737 2998 culpabitis,
1756 2899 1819 2997 qui
1834 2911 1871 2970 et
1889 2898 2043 2994 circum·

440 3020 535 3093 cisus
550 3033 617 3113 est,
629 3033 666 3092 et
681 3041 766 3090 cum
782 3017 898 3090 crucis
913 3040 1021 3118 poeua
1038 3017 1252 3115 sanguinem
1268 3017 1409 3093 effudit.
1429 3016 1540 3109 Quod
1558 3042 1643 3093 vero
1657 3016 1940 3093 circumcisionis
1955 3015 2043 3091 hor·

439 3164 523 3213 rore
533 3137 687 3212 difficilis
703 3137 751 3210 ad
773 3137 984 3235 religionem
995 3135 1139 3211 videtur
1153 3160 1333 3231 accessus,
1346 3138 1526 3213 difficilior
1539 3137 1655 3212 multo
1668 3138 1851 3213 videbitur
1863 3138 2043 3234 ingressus

439 3258 486 3334 ad
509 3257 760 3358 Evangelium5
781 3256 844 3331 ubi
860 3281 936 3330 non
953 3273 1094 3357 partem
1116 3257 1282 3355 exiguam
1300 3261 1478 3360 corporis,
1494 3259 1558 3333 sed
1574 3262 1691 3360 ipsam
1705 3260 1868 3359 quisquis
1883 3260 2043 3335 animam

438 3403 575 3481 ponere
588 3379 750 3477 jubetur.
768 3375 840 3450 Sed
858 3390 895 3450 et
911 3377 1077 3478 exempla
1095 3380 1293 3476 Martyrum
1310 3379 1511 3453 secuudum
1527 3404 1592 3454 vos
1608 3379 1858 3479 prohibebunt
1874 3379 2040 3453 homines

439 3500 609 3574 accedere
633 3498 681 3572 ad
700 3496 826 3572 fidem.
851 3501 905 3569 An
927 3522 972 3570 eo
994 3498 1108 3597 magis
1131 3497 1291 3572 creditur
1307 3498 1413 3574 firma
1435 3500 1574 3599 religio,
1599 3499 1700 3598 quod
1716 3499 1808 3573 nihil
1825 3500 2038 3593 remissum,

438 3619 530 3694 nihil
550 3619 743 3692 delicatum
764 3616 954 3716 pollicetur
974 3632 1038 3689 aut
1060 3617 1197 3690 molle?
1219 3617 1330 3706 Quod
1352 3620 1382 3691 si
1408 3634 1445 3693 et
1466 3620 1558 3693 nihil
1579 3621 1795 3694 sacramenti
1816 3619 2041 3694 circumcisio

440 3750 590 3831 teneret,
607 3733 695 3836 quid
713 3748 805 3808 emet
817 3732 977 3825 absurdi,
994 3735 1026 3806 si
1037 3734 1083 3807 ad
1100 3734 1369 3810 distinctionem
1382 3753 1591 3813 caeterarum
1607 3739 1783 3837 gentium,
1802 3739 1959 3840 populus
1975 3740 2039 3838 qui

441 3856 509 3932 sub
532 3856 611 3955 lege
633 3855 698 3928 Dei
714 3852 972 3944 instruebatur,
991 3856 1181 3954 proprium
1208 3857 1357 3954 aliquod
1377 3874 1531 3958 gestaret
1545 3860 1707 3959 insigne?
1728 3864 1773 3933 Et
1794 3860 1825 3933 si
1841 3859 2041 3933 necessaria

440 3979 515 4052 visa
532 3990 585 4050 est
601 3974 712 4075 partis
724 3972 874 4072 alicujus
887 3975 1100 4073 amputatio,
1117 3973 1208 4072 quid
1225 3991 1298 4050 tarn
1312 3980 1533 4053 conveniens
1546 3979 1613 4056 fuit
1627 4004 1738 4080 quam
1754 4004 1837 4054 eam
1857 3980 2038 4072 minuere,

440 4121 520 4196 quae
532 4095 721 4171 videbatur
737 4091 906 4182 obscena,
927 4108 963 4167 et
982 4092 1043 4169 illa
1061 4095 1200 4169 auferre
1222 4122 1382 4197 quorum
1400 4098 1593 4174 diminutio
1606 4100 1698 4173 nihil
1718 4097 1765 4175 ad
1781 4098 1941 4175 officium
1958 4123 2041 4173 eor·

439 4219 538 4319 poris
555 4215 769 4316 impediret?
786 4212 895 4303 Quod
910 4221 1006 4287 vero'
1019 4212 1160 4317 dicunt,
1187 4218 1274 4313 quia
1291 4217 1320 4291 si
1336 4221 1536 4297 necessaria
1553 4246 1629 4294 non
1646 4237 1723 4295 erat
1737 4244 1821 4322 pars
1843 4221 1903 4293 illa
1923 4243 2041 4292 mem·

438 4339 509 4432 bri,
535 4364 556 4414 a
580 4351 742 4412 creatore
767 4334 845 4409 lieri
870 4360 946 4408 non
972 4333 1099 4409 debuit
1119 4363 1128 4407 z
1149 4338 1179 4409 si
1204 4339 1403 4412 necessaria
1429 4339 1522 4414 facta
1548 4356 1615 4435 est,
1633 4367 1710 4416 non
1733 4341 1858 4416 debuit
1878 4339 2036 4414 auferri:

439 4463 700 4557 interrogemus
716 4471 753 4530 et
768 4480 850 4549 nos,
869 4455 899 4528 si
914 4455 1151 4529 necessariam
1165 4455 1287 4531 dicant
1298 4455 1456 4532 liliorum
1471 4464 1776 4560 procreationem.
1795 4461 2040 4535 Necessariam

440 4581 517 4653 siue
530 4577 644 4650 dubio
660 4573 945 4675 respondebunt.
971 4579 1085 4649 Erunt
1106 4598 1194 4675 ergo
1211 4576 1423 4677 culpabiles,
1447 4581 1511 4679 qui
1526 4582 1758 4657 continentiae
1774 4596 1812 4657 et
1827 4579 2041 4680 virginitatis

439 4699 591 4774 obtentu
617 4694 826 4769 necessariis
852 4709 990 4768 nature
1011 4694 1139 4770 officiis
1163 4721 1239 4770 non
1259 4697 1475 4774 ministrant.
1503 4705 1546 4773 ln
1563 4726 1707 4777 summa
1730 4725 1818 4777 vero
1843 4699 2040 4775 dicendum

333 4915 334 4918 Ἴ
438 4835 513 4916 est,
539 4818 641 4921 quod
662 4817 755 4891 sicut
783 4816 991 4890 necesntae
1007 4833 1110 4893 erant
1137 4820 1259 4894 multae
1287 4820 1426 4915 hostiae,
1458 4837 1653 4922 antequam
1680 4848 1754 4898 una
1780 4823 1900 4899 hostia
1925 4846 2041 4922 agnus

472 5097 591 5161 ¹1Petr.,
608 5111 663 5163 cap.
676 5110 699 5157 t,
720 5109 742 5147 r.
758 5097 799 5149 ts.
