4559 6100
443 516 517 586 tw
1044 516 1173 588 PE'l'lll
1200 514 1436 588 inlautum

440 660 511 733 boc
530 677 569 735 ut
587 664 715 736 Deitati
733 666 823 763 ejus,
841 690 916 741 uon
934 667 1034 739 carni
1050 665 1262 739 ascribatur.
1283 666 1320 736 Si
1336 666 1434 737 euim
1452 662 1534 764 plus
1552 664 1716 735 minusve
1731 661 1831 735 aliud
1847 664 2038 751 invenitur,

440 797 591 881 excepto
607 781 679 856 hoc
694 783 795 882 quod
811 786 935 884 genuit
950 789 1054 858 Pater
1068 784 1217 874 Filium,
1236 799 1272 858 et
1287 800 1438 884 excepto
1454 783 1555 881 quod
1572 782 1681 855 Filius
1699 807 1774 854 non
1790 807 1832 854 ex
1849 785 2041 882 semetipso

441 914 546 973 natus
556 917 622 994 eat,
632 902 697 975 sed
708 903 754 976 de
764 909 881 997 Patre,
891 919 954 979 aut
968 903 1133 978 invidens
1151 920 1213 976 aut
1227 904 1408 1003 impotens
1421 907 1540 995 Pater,
1552 903 1700 1001 iusuper
1714 903 1822 974 etiam
1836 904 2042 1002 temporalis

440 1022 761 1118 agnoscitur.»llac
770 1027 890 1124 itaque
898 1024 1360 1123 rationequacouvineitur‚
1370 1021 2043 1121 quodDeusPatertambonumgenue·

442 1155 497 1214 rat
505 1140 618 1215 tilium
630 1159 808 1242 quantum
816 1147 948 1245 potuit,
957 1144 1217 1218 cumvidelioet
1226 1144 1329 1216 aliter
1340 1166 1425 1215 reus
1436 1155 1529 1215 esset
1540 1140 1696 1232 invidiae,
1706 1141 1907 1215 clarumest
1920 1145 2043 1216 omnia

442 1285 521 1359 φη
538 1262 636 1353 facit,
654 1279 832 1364 quantum
847 1280 967 1367 potest
977 1265 1118 1363 egregia
1133 1264 1265 1357 facere,
1279 1288 1347 1335 nee
1363 1260 1477 1335 ullum
1490 1261 1742 1352 commodum,
1761 1261 1862 1359 quod
1878 1262 2042 1335 conferre

440 1383 566 1481 possit,
577 1382 788 1458 subtrahere
797 1384 901 1459 velle.
912 1383 1007 1456 Nihil
1020 1385 1157 1484 quippe
1165 1399 1218 1457 est
1228 1382 1329 1481 quod
1338 1397 1401 1456 aut
1411 1381 1518 1454 saciat
1526 1395 1588 1454 aut
1604 1380 1773 1471 dimittat,
1784 1382 1852 1453 nisi
1862 1381 1998 1481 optima
2007 1398 2042 1454 et

441 1500 646 1575 rationabili
661 1527 783 1594 causa,
792 1503 875 1576 lieet
883 1502 944 1576 illa
953 1501 1062 1576 uobis
1073 1502 1216 1577 occulta
1227 1504 1286 1576 sit.
1297 1501 1402 1575 Unde
1416 1516 1452 1574 et
1467 1500 1557 1574 illud
1567 1514 1620 1573 est
1633 1500 1858 1573 Platonicum
1871 1529 1880 1570 ε
1894 1530 1912 1569 u
1925 1505 2042 1574 Omne

442 1620 541 1717 quod
558 1622 728 1718 gignitur,
745 1647 792 1695 ex
808 1623 928 1720 aliqua
942 1647 1050 1696 eausa
1067 1623 1266 1696 necessaria
1282 1622 1459 1720 gignitur;
1479 1619 1532 1692 nil
1546 1621 1645 1693 enim
1658 1619 1698 1692 fit
1711 1619 1813 1718 eujus
1830 1634 1951 1694 ortum
1968 1647 2042 1693 non

442 1738 597 1836 legitima
623 1766 732 1815 causa
754 1759 790 1816 et
814 1747 907 1817 ratio
927 1742 1117 1843 praecedat.
1131 1775 1149 1810 n
1169 1744 1261 1815 Hine
1286 1756 1323 1815 et
1339 1739 1429 1814 illud
1452 1754 1507 1813 est
1533 1740 1732 1836 Augustini,
1756 1763 1841 1813 cum
1861 1742 1982 1812 omnia
2005 1743 2042 1811 in

443 1858 582 1933 mundo
599 1860 678 1934 fieri
694 1861 749 1934 vel
765 1860 910 1958 disponi
927 1861 1051 1934 divina
1068 1860 1297 1961 providentia
1312 1861 1563 1950 convinceret,
1580 1873 1616 1931 et
1631 1857 1721 1931 nihil
1739 1884 1843 1950 casu,
1861 1858 1951 1932 nibil
1969 1859 2043 1932 lor·

443 1979 533 2050 tuitu
550 1982 710 2075 evenire,
729 1982 792 2055 sed
817 1982 941 2054 omnia
966 2006 1009 2055 ex
1034 1980 1161 2053 divino
1178 1983 1371 2081 provenire
1394 1979 1561 2053 consilio.
1581 1979 1637 2051 tit
1652 1979 1788 2079 quippe
1804 1980 1855 2052 sie
1871 1978 2042 2078 praedicto

445 2102 686 2191 Quoesuunum
699 2100 805 2194 libro,
818 2127 898 2201 cap.
910 2126 992 2174 uvi
1007 2128 1046 2171 :u
1062 2099 1249 2198 Quidquid
1261 2126 1346 2174 casu
1358 2098 1412 2192 fit,
1429 2115 1563 2172 temere
1576 2096 1628 2170 fir.
1643 2096 1826 2195 Quidquid
1838 2112 1972 2171 temere
1985 2097 2040 2190 lit,

442 2244 517 2291 non
536 2219 576 2291 fit
593 2219 834 2323 providentia.
851 2222 888 2292 Si
905 2245 992 2317 ergo
1008 2244 1093 2293 casu
1106 2221 1224 2321 aliqua
1239 2222 1332 2293 liunt
1344 2222 1381 2294 in
1396 2218 1554 2309 mundo,
1570 2243 1645 2290 non
1659 2216 1883 2317 providentia
1898 2218 2043 2290 uuiver-

443 2362 503 2411 sus
515 2338 675 2412 mundus
685 2340 986 2412 administratur¹.
999 2370 1017 2407 »
1030 2343 1121 2412 Item
1133 2367 1142 2410 ι
1153 2369 1171 2408 u
1184 2339 1276 2414 lllud
1292 2340 1433 2412 bouum
1448 2340 1551 2437 cujus
1564 2339 1839 2439 participatione
1852 2335 2042 2411 suutboua

442 2472 581 2546 cetera,
601 2484 675 2530 non
704 2484 769 2559 per
789 2458 906 2553 aliud,
929 2458 994 2532 sed
1018 2483 1083 2559 per
1108 2460 1343 2559 semetipsum
1366 2457 1507 2531 bouum
1531 2473 1598 2549 est,
1627 2458 1727 2557 quod
1751 2457 1911 2530 divinam
1935 2458 2042 2531 etiam

442 2577 707 2677 providentiam
724 2603 909 2654 vocamus.
930 2578 1024 2651 Nihil
1037 2579 1145 2675 igitur
1163 2604 1249 2653 oesu
1265 2578 1305 2650 fit
1321 2580 1358 2651 in
1375 2577 1528 2651 mundo.
1545 2608 1562 2644 ι
1577 2578 1617 2651 ln
1627 2591 1769 2651 tantum
1782 2591 1901 2650 autem
1912 2577 1948 2648 iu
1962 2601 2041 2648 om·

441 2696 549 2768 nibus
564 2721 644 2795 quae
659 2701 756 2770 Deus
772 2698 872 2788 lacit,
887 2696 990 2796 quod
1005 2697 1146 2770 bontuu
1161 2711 1213 2770 est
1230 2697 1399 2791 attendit,
1414 2711 1454 2769 ut
1469 2699 1550 2797 ipso
1567 2697 1656 2770 boni
1671 2698 1787 2797 pretio
1800 2698 1920 2797 potius
1933 2719 2041 2794 quam

443 2816 636 2888 voluntatis
651 2840 723 2888 suae
737 2816 856 2909 libito,
872 2816 920 2889 ad
935 2816 1076 2915 singula
1091 2816 1256 2890 iacienda
1271 2816 1438 2897 inclinari
1458 2816 1610 2891 dicatur.
1634 2819 1727 2890 ilinc
1745 2832 1798 2890 est
1811 2815 1900 2891 illud
1915 2816 2041 2888 Hiero·

443 2936 543 3033 nymi
558 2961 666 3033 super
683 2937 873 3009 Damelem
890 2938 927 3009 in
951 2937 1174 3037 expositione
1188 2938 1336 3011 visionis
1349 2939 1473 3030 tertiae,
1491 2938 1555 3011 ubi
1575 2938 1622 3012 de
1639 2941 1716 3010 Deo
1730 2938 1782 3010 sio
1800 2935 2042 3009 Nabuchodo-

443 3080 555 3129 nosor
569 3055 729 3155 loquitur
744 3086 753 3128 :
768 3062 901 3131 «Juxta
915 3058 1139 3131 voluntatem
1158 3060 1255 3132 enim
1269 3083 1373 3133 suam
1389 3059 1485 3150 iecit,
1504 3074 1580 3132 tam
1598 3060 1634 3131 in
1647 3058 1740 3132 ooelo
1755 3081 1865 3157 quam
1883 3058 1919 3129 iu
1934 3071 2038 3150 terra,

442 3191 478 3248 et
494 3200 570 3249 nou
586 3189 639 3249 est
657 3177 719 3275 qui
734 3179 872 3252 resistat
885 3179 1008 3252 manui
1020 3179 1109 3276 ejus,
1122 3194 1159 3253 et
1170 3178 1286 3254 dicat:
1298 3183 1418 3268 Quare
1434 3180 1590 3253 iecisti'?
1603 3209 1620 3246 n
1634 3184 1676 3251 Et
1690 3178 1775 3267 hoc,
1787 3179 1904 3276 inquit
1919 3180 2043 3250 Hiero·

444 3320 587 3394 nymus,
606 3295 779 3395 loquitur,
800 3299 902 3396 quasi
917 3298 1031 3378 bomo
1048 3300 1180 3373 saeculi.
1198 3303 1278 3373 Non
1299 3302 1398 3372 euim
1415 3299 1516 3396 quod
1530 3299 1621 3394 vult,
1638 3299 1727 3372 boc'
1741 3299 1842 3391 lacit,
1862 3297 1926 3371 sed
1942 3297 2041 3397 quod

441 3416 580 3490 bonum
597 3431 670 3508 est,
689 3417 761 3491 hoc
778 3420 856 3492 vult
872 3424 981 3494 Deus.
1011 3419 1351 3494 Nabuchodonosor
1367 3421 1418 3493 sic
1441 3421 1583 3494 locutus
1601 3435 1666 3505 est,
1686 3434 1726 3492 ut
1739 3418 1827 3492 dum
1844 3420 2043 3520 potentiam

441 3538 509 3609 Dei
530 3537 716 3636 praedicat,
740 3540 915 3635 justitiam
932 3540 1008 3637 ejus
1023 3540 1188 3613 videatur
1205 3564 1374 3638 arguere,
1399 3539 1500 3638 quod
1515 3540 1696 3613 immerito
1716 3563 1842 3640 poenas
1864 3540 2042 3612 sustinue-

443 3656 527 3746 rie»
539 3655 623 3729 Tale
632 3680 718 3753 ergo
730 3673 783 3730 est
792 3659 894 3758 quod
906 3659 956 3731 ait
965 3661 1226 3757 Hieronymus:
1239 3687 1258 3727 u
1271 3662 1350 3731 Non
1361 3660 1458 3732 euim
1468 3658 1570 3758 quod
1581 3659 1671 3754 vult,
1684 3658 1756 3760 hoc
1765 3656 2042 3754 lacit,sedquod

443 3772 582 3845 bonum
597 3788 668 3868 est,
684 3805 702 3841 r
717 3775 789 3848 boc
805 3778 883 3850 vult
897 3782 1007 3870 Deus,
1027 3777 1116 3850 ac'si
1129 3776 1282 3850 diceret:
1295 3782 1375 3851 Non
1389 3780 1453 3869 ita,
1473 3793 1513 3851 ut
1527 3780 1676 3852 aestimat
1691 3776 2040 3864 Nabuchodonosor,

443 3907 613 3992 operatur
637 3898 751 3984 Deus,
772 3921 875 3969 more
892 3895 1059 3970 videlicet
1080 3921 1209 3969 eorum
1234 3899 1297 3995 qui
1322 3899 1358 3971 iu
1387 3898 1444 3971 his
1470 3924 1550 3997 quae
1576 3899 1727 3990 faciunt,
1744 3922 1820 3970 non
1846 3911 1919 3970 tam
1942 3896 2041 3994 quod

442 4011 580 4085 bonum
596 4028 659 4100 est,
666 4015 877 4110 attendunt,
892 4041 1002 4115 quam
1018 4031 1060 4089 ut
1077 4041 1151 4090 suae
1167 4017 1385 4092 satisfaciant
1401 4018 1600 4111 voluntati,
1619 4019 1878 4118 qualiscunque
1893 4018 1969 4117 ipsa
1981 4016 2039 4089 sit.

443 4138 497 4226 De
513 4134 680 4232 qualibus
697 4137 940 4235 scriptumest
959 4165 967 4210 ε
987 4167 1006 4207 u
1021 4137 1079 4210 Sic
1097 4137 1195 4244 volo,
1214 4139 1265 4212 sic
1275 4139 1402 4237 juben,
1421 4141 1465 4213 sit
1481 4163 1548 4239 pro
1563 4141 1703 4214 ratione
1718 4139 1916 4213 voluntas&
1938 4135 2042 4209 »Sed

443 4255 557 4352 magis
570 4254 661 4328 velle
678 4254 854 4330 dicendus
869 4271 923 4329 est
938 4257 1078 4354 singula
1098 4272 1139 4330 ut
1154 4257 1255 4353 fiant,
1275 4261 1359 4356 quia
1375 4258 1516 4333 bonum
1533 4284 1610 4360 esse
1627 4274 1666 4332 ut
1683 4259 1827 4347 fierent,
1846 4257 1945 4330 vidit.
1964 4260 2041 4327 lloc

444 4387 562 4446 autem
581 4374 693 4448 modo
711 4378 957 4475 unusquisque
971 4377 1194 4451 voluntatem
1212 4404 1314 4452 suam
1330 4381 1432 4478 sequi
1449 4378 1674 4480 prohibetur.
1695 4384 1738 4451 Et
1752 4377 1912 4450 Christus
1933 4374 2041 4447 etiam

441 4493 517 4592 ipse
534 4518 610 4566 nou
626 4494 694 4568 sibi
710 4497 886 4595 placuisse
903 4497 1046 4593 dicitur,
1063 4500 1150 4596 quia
1165 4499 1255 4584 nihil
1268 4499 1341 4572 hoo
1355 4498 1427 4572 fine
1441 4499 1498 4572 vel
1516 4500 1716 4573 intentione
1731 4520 1835 4593 agere
1851 4492 2039 4582 debemus,

361 4687 367 4698 ,
442 4614 527 4710 quia
543 4612 779 4708 iduolumus,
792 4617 849 4690 vel
865 4619 950 4715 quia
967 4618 1073 4690 nobis
1088 4618 1125 4689 in
1138 4616 1211 4691 hoo
1223 4618 1419 4718 placemus,
1434 4619 1471 4692 id
1483 4632 1550 4712 est,
1567 4618 1650 4716 quia
1666 4618 1704 4689 in
1717 4615 1791 4688 hoc
1806 4614 2041 4703 delectamur,

442 4732 505 4828 sed
532 4734 652 4834 potius
668 4735 766 4831 quia¹
779 4735 816 4807 id
841 4761 862 4809 a
889 4736 995 4810 nobis
1014 4736 1089 4810 lieri
1117 4737 1256 4811 bonum
1280 4762 1357 4812 esse
1382 4763 1583 4812 censemus.
1605 4742 1705 4810 Patet
1726 4736 1849 4833 itaque
1866 4733 2043 4833 quidquid

441 5047 594 5180 ‘J'voeumaest
612 5050 653 5099 2⁴.
670 5047 837 5180 Opp032ttll,
853 5050 1436 5116 colb-'Dmtantuna-⁸12&
1455 5059 1512 5119 legit
1533 5047 2043 5112 Amboetltttzouudeultmsocit·-

475 5139 493 5176 u
570 5133 733 5190 μιγητ.
795 5167 801 5177 .
877 5181 883 5190 ,
