4559 6100
732 543 988 620 rnaonouu
1013 539 1287 619 canutum.
1737 525 1801 616 a'st

213 690 336 786 habet,
355 707 395 765 ut
411 690 577 765 videlicet
591 707 627 766 et
639 691 825 768 individua
838 696 883 767 sit
895 696 932 767 in
945 720 1010 770 sua
1021 694 1219 768 substantia
1232 708 1268 766 et
1282 691 1431 766 dividua
1446 691 1647 766 secundum
1660 691 1801 766 ellectu.

215 812 323 902 Quod
339 827 460 885 autem
473 812 610 885 dictum
626 827 679 885 est
697 813 840 905 locavit,
861 840 1020 916 congrue
1038 814 1176 888 dictum
1197 828 1249 886 est
1263 813 1364 910 juxta
1383 811 1632 912 metaphoram
1651 813 1805 887 locutio·

215 931 283 1023 nis,
307 952 379 1026 qua
394 928 532 1001 dictum
552 944 604 1002 est
624 928 784 1002 medium
806 931 906 1028 quasi
924 932 1018 1003 inter
1033 930 1153 1029 aliqua
1168 928 1681 1006 circumstantiacollocatnm.
1702 934 1808 1002 Post-

216 1072 324 1146 quam
349 1062 469 1122 autem
491 1048 688 1147 designavit
715 1050 905 1123 mixturam
927 1052 1069 1142 animae,
1096 1075 1139 1122 ex
1161 1047 1350 1121 individuo
1368 1073 1410 1120 ac
1426 1048 1589 1141 dividuo,
1614 1050 1740 1124 transit
1764 1049 1811 1123 ad

217 1170 408 1245 mixturam
435 1194 478 1244 ex
507 1170 637 1242 eodem
664 1184 700 1243 et
729 1170 884 1259 divers0,
911 1171 1034 1244 dicens
1061 1169 1227 1244 eamdem
1255 1170 1435 1263 animam,
1465 1169 1596 1243 eodem
1623 1170 1736 1248 modu
1767 1196 1809 1244 ex

217 1288 346 1363 eodem
366 1304 402 1362 et
421 1288 564 1363 diverso
587 1291 793 1385 consistere,
818 1291 911 1363 sicut
930 1316 971 1364 ex
989 1290 1177 1363 individuo
1197 1290 1359 1362 consistit
1377 1302 1484 1388 atque
1504 1290 1668 1370 dividuo.
1685 1292 1807 1388 Cujus,

218 1410 347 1508 inquit,
372 1410 584 1510 persidem,
610 1434 692 1510 pars
707 1412 887 1485 diversum
904 1426 1064 1503 vocetur,
1092 1436 1176 1484 cum
1199 1409 1363 1484 videlicet
1382 1411 1534 1509 Spiritus
1557 1412 1633 1510 ipse
1655 1426 1691 1484 et
1716 1411 1812 1486 idem

216 1529 260 1602 sit
288 1531 326 1602 in
354 1529 553 1604 substantia
579 1555 664 1603 cum
686 1537 763 1605 Deo
788 1546 824 1604 et
851 1536 942 1630 Noy,
969 1531 1007 1603 id
1032 1546 1085 1604 est
1110 1557 1194 1604 cum
1222 1535 1323 1603 Patre
1348 1543 1384 1603 et
1404 1530 1506 1621 Filio,
1530 1545 1565 1604 et
1592 1529 1754 1605 diversus
1775 1533 1811 1605 in

217 1652 434 1749 proprietate
450 1675 624 1752 personae.
653 1655 846 1724 Possumus
867 1653 975 1724 etiam
991 1651 1174 1744 eumdem,
1196 1651 1268 1724 hoc
1284 1666 1338 1723 est
1353 1649 1686 1724 incommutabilem
1703 1654 1740 1724 in
1758 1678 1810 1745 se,

217 1795 301 1842 eum
328 1771 446 1845 dicere
472 1788 507 1845 et
533 1771 716 1846 diversum
740 1772 1017 1871 quodammodo
1036 1796 1100 1872 per
1119 1772 1245 1846 ellecta
1267 1797 1358 1862 esse,
1382 1796 1467 1844 cum
1492 1797 1567 1845 non
1593 1773 1711 1846 solum
1737 1774 1813 1873 ipse

216 1914 259 1963 ea
280 1916 360 1989 quae
382 1893 521 1966 diversa
543 1908 628 1965 suut
651 1893 783 1984 fecerit,
805 1892 1004 1966 secundum
1019 1892 1120 1991 quod
1140 1894 1303 1993 superius
1323 1892 1460 1965 dictum
1481 1906 1547 1983 est,
1568 1917 1610 1964 ex
1627 1893 1814 1968 individua

217 2025 382 2085 constare
408 2011 628 2104 substantia,
659 2038 784 2086 verum
811 2015 920 2086 etiam
946 2038 989 2087 ea
1022 2039 1086 2112 per
1111 2028 1318 2112 temporum
1340 2014 1603 2085 successionem
1628 2028 1745 2087 mutat
1772 2038 1814 2087 ac
1911 2073 1914 2078 ,

219 2130 352 2203 variat:
377 2146 485 2230 prout
507 2145 755 2232 opportunum
771 2158 848 2206 esse
860 2134 1010 2230 judicat,
1028 2134 1130 2231 juxta
1140 2133 1230 2206 illud
1247 2134 1379 2206 Boe-tii:
1403 2133 1645 2231 «Stabilisque
1664 2159 1815 2208 manens

217 2248 279 2322 dat
295 2266 425 2324 cuncta
443 2254 617 2325 moveri.»
633 2257 677 2323 Et
690 2254 765 2351 jam
781 2253 929 2349 quidem
946 2255 1109 2353 superius
1120 2252 1450 2328 iucommutabilem
1468 2277 1544 2325 esse
1560 2255 1811 2349 assignaverat,

218 2393 303 2439 cum
317 2371 380 2461 ait,
402 2396 648 2471 «semperque
664 2373 810 2445 instato
827 2398 893 2445 suo
911 2388 1160 2472 perseverante
1174 2372 1385 2464 substantia,
1403 2400 1420 2440 u
1443 2371 1507 2444 sed
1520 2371 1621 2470 quod
1637 2372 1815 2447 variabilis

218 2514 282 2587 per
304 2490 497 2564 effectuum
514 2518 664 2565 suorum
685 2494 922 2567 mutationem
944 2510 1050 2587 esset,
1076 2494 1243 2567 nondum
1260 2491 1461 2585 addiderat,
1485 2492 1583 2589 quod
1600 2518 1699 2565 nunc
1716 2493 1811 2567 lacit.

219 2613 313 2680 Bene
342 2610 463 2708 itaque
489 2612 576 2684 dicit
602 2614 760 2685 animam
787 2615 900 2712 ipsam
928 2612 1113 2710 quoddam
1139 2612 1299 2687 medium
1326 2637 1420 2708 esse,
1450 2612 1488 2685 id
1515 2627 1568 2685 est
1593 2614 1743 2686 mixtum
1772 2639 1815 2687 er

220 2729 405 2802 individua
433 2732 470 2802 in
496 2756 535 2804 se
561 2731 759 2806 substantia
788 2748 824 2805 et
849 2733 998 2806 dividua
1023 2758 1088 2832 per
1115 2734 1409 2831 conjunctionem
1438 2757 1672 2832 corpoream,
1690 2733 1739 2806 vid
1763 2750 1817 2807 est

219 2852 512 2947 conjunctionem
533 2852 644 2950 ipsius
659 2852 706 2927 ad
723 2877 892 2954 corpora,
908 2853 1058 2951 quando
1075 2853 1210 2926 scilicet
1226 2855 1305 2953 ipsa
1322 2853 1367 2926 ad
1382 2877 1437 2925 res
1453 2852 1630 2952 quaslibet
1645 2853 1817 2927 creandas

220 2968 276 3041 vel
299 2971 473 3071 regendas
495 2986 601 3072 atque
625 2972 870 3074 disponendas
892 3000 930 3047 se
946 2975 1116 3075 applicat,
1139 2976 1231 3048 sicut
1249 2972 1415 3073 quaelibet
1438 2975 1559 3046 anima
1581 2974 1726 3072 corpori
1750 2998 1816 3046 suo

219 3115 282 3164 sua
300 3093 507 3190 impertiens
526 3091 716 3184 beneficia,
735 3096 793 3167 cui
815 3096 923 3167 etiam
944 3094 1186 3194 Philosophus
1206 3109 1319 3168 totam
1335 3095 1409 3166 vim
1433 3109 1469 3166 et
1485 3091 1718 3166 concordiam
1736 3119 1818 3191 pro·

218 3213 458 3308 portionalem
486 3196 724 3287 numerorum
752 3212 896 3301 tribuit,
929 3228 970 3285 ut
1002 3215 1040 3286 in
1067 3215 1197 3286 divinae
1231 3215 1350 3309 gratiae
1376 3212 1537 3285 bonitate
1568 3213 1817 3285 universarum

218 3355 339 3404 rerum
353 3332 586 3406 concordiam
607 3334 803 3407 consistere
823 3334 964 3406 doceat.
991 3334 1118 3405 Omnis
1141 3334 1278 3432 quippe
1301 3332 1394 3405 ordo
1415 3346 1550 3404 natura
1576 3345 1612 3403 et
1638 3332 1817 3405 concinna

217 3449 403 3549 dispositio
430 3477 664 3526 numerorum
690 3453 986 3553 proportionibus
1011 3453 1203 3549 vestigatur
1230 3467 1337 3550 atque
1353 3453 1563 3548 assignatur,
1591 3465 1626 3523 et
1652 3451 1816 3525 omnium

220 3570 518 3671 perfectissimum
531 3574 714 3672 exemplar
730 3574 891 3646 numeris
904 3575 1059 3646 occurrit
1076 3571 1177 3672 quod
1193 3571 1300 3645 rebus
1318 3572 1484 3668 congruit
1502 3572 1694 3659 universis,
1715 3571 1815 3669 quod

218 3689 367 3788 quidem
387 3718 450 3765 eos
473 3718 549 3765 non
567 3694 653 3767 latet
673 3696 736 3792 qui
763 3693 1002 3794 philosophiae
1024 3695 1203 3769 rimantur
1224 3717 1366 3766 arcana.
1389 3694 1482 3765 Hinc
1507 3706 1559 3764 est
1583 3692 1689 3764 etiam
1715 3694 1816 3790 qnod

219 3810 455 3902 arithmetica,
481 3839 560 3911 quae
580 3828 654 3887 tota
677 3815 773 3886 circa
797 3818 1051 3914 proportiones
1066 3800 1310 3911 'numerorum
1336 3814 1514 3902 consistit,
1543 3826 1656 3885 mater
1680 3825 1715 3883 et
1741 3837 1817 3886 ma·

220 3931 326 4025 gistra
356 3946 557 4006 ceterarum
586 3935 718 4006 artium
749 3934 893 4025 dicitur,
928 3935 1029 4033 quud
1060 3934 1227 4007 videlicet
1259 3959 1303 4006 ex
1335 3933 1549 4006 discretione
1583 3955 1816 4004 numerorum

219 4063 418 4124 ceterarum
448 4077 568 4126 rerum
595 4054 779 4152 vestigatio
805 4054 1040 4154 doctrinaque
1070 4052 1238 4154 pendeat.
1268 4053 1378 4150 Cujus
1404 4053 1512 4125 etiam
1537 4066 1578 4124 ut
1600 4051 1817 4125 ineffabilem

219 4173 460 4271 exprimerent
493 4171 722 4271 benignitatis
757 4173 1012 4266 dulcedinem,
1043 4189 1157 4247 totam
1182 4176 1215 4246 ei
1245 4175 1462 4247 musicarum
1497 4174 1816 4245 consonantiarum

218 4292 403 4365 ascribunt
428 4291 670 4388 harmoniam,
698 4310 827 4392 quaet
855 4296 974 4395 ipsum
996 4295 1130 4392 jugiter
1155 4319 1325 4368 resonare
1348 4292 1629 4382 firmamentum,
1657 4305 1694 4363 et
1709 4316 1815 4389 supe·

219 4412 332 4485 riores
349 4414 475 4485 mundi
494 4430 612 4512 partes
634 4417 766 4514 repleri
787 4416 1035 4514 perhibentur.
1065 4415 1160 4487 Nihil
1182 4416 1316 4514 quippe
1339 4413 1507 4511 estquod
1524 4414 1573 4485 ita
1590 4411 1757 4501 oblectet,
1782 4425 1818 4483 et

220 4532 331 4605 nimia
354 4533 527 4606 suavitate
543 4535 599 4606 sui
615 4534 746 4608 alliciat
766 4537 928 4627 animos,
956 4536 1049 4608 sicut
1066 4534 1234 4608 melodia.
1263 4533 1358 4606 Nihil
1375 4549 1429 4605 est
1446 4533 1495 4605 ita
1513 4557 1671 4633 pronum
1690 4530 1738 4604 ad
1755 4554 1817 4603 eos

220 4654 496 4753 componendos
521 4656 577 4728 vel
605 4657 890 4729 commovendos
916 4655 973 4729 vel
1001 4655 1204 4756 pacandos,
1236 4671 1276 4727 ut
1295 4656 1396 4752 juxta
1424 4653 1514 4727 illud
1539 4654 1648 4752 primi
1674 4650 1817 4750 capituli

221 4775 400 4847 Boetianae
426 4775 572 4846 musicae
608 4776 740 4848 scirent
764 4776 992 4875 philosophi,
1024 4776 1132 4873 quod·
1160 4790 1291 4848 nostrae
1318 4789 1392 4847 tota
1420 4775 1549 4847 anirnae
1583 4772 1817 4871 corporisque

222 4918 399 4994 compago
425 4894 563 4967 musica
579 4897 808 4995 coaptatione
825 4896 1018 4993 conjuncta
1040 4897 1085 4970 sit
1105 4923 1113 4966 ε
1135 4895 1227 4969 adeo
1243 4895 1345 4994 quod
1362 4909 1402 4967 ut
1417 4892 1621 4967 iracundias
1642 4890 1817 4963 insanias-

222 5038 292 5111 que
317 5013 474 5088 melodia
496 5011 648 5106 sedaret,
669 5029 705 5088 et
720 5015 1008 5112 gravissimarum
1027 5013 1277 5089 infirmitatum
1293 5014 1437 5089 dolores
1457 5013 1581 5109 curari
1591 5009 1818 5084 animadver-

222 5144 463 5235 terent'atque‘
477 5133 683 5209 efficerent:
704 5134 805 5232 quod
823 5135 887 5232 qui
904 5135 1060 5231 ignorat,
1086 5159 1154 5209 nec
1170 5134 1291 5209 adhuc
1306 5134 1552 5235 experimento
1567 5130 1706 5225 didicit,
1725 5130 1817 5228 legat
