4559 6100
910 513 1143 587 utluouus.
1754 521 1826 594 697

237 662 406 733 intumuit
427 675 462 732 et
487 662 621 757 majora
638 683 747 757 quatu
763 661 876 757 possit
896 686 1039 759 sperare
1061 664 1274 762 praesumsit,
1295 678 1335 735 ut
1351 664 1526 756 videlicet,
1546 669 1629 764 quia
1644 693 1682 741 se
1700 673 1824 743 ceteris

236 779 419 878 praelatum
438 781 552 868 norit,
571 804 607 850 se
627 777 702 850 lieri
718 779 889 876 aequalcm
910 783 986 854 Deo
1002 783 1184 854 aestimarit
1200 797 1235 855 et
1254 797 1290 854 ut
1311 784 1386 882 ipse
1406 782 1580 873 videlicet,
1605 787 1695 859 sicut
1713 793 1820 880 Deus,

236 923 386 994 regnum
403 899 593 970 obtineret.

287 1024 424 1091 Pinnos.
446 1016 537 1091 lllud
554 1042 700 1115 quoquc
714 1017 865 1091 obsecro
881 1018 1042 1111 definias,
1065 1035 1186 1094 utrum
1201 1020 1273 1092 hoc
1290 1020 1447 1092 hominis
1462 1046 1644 1094 summum
1662 1024 1819 1119 bonum,
1838 1003 1841 1012 .

236 1136 331 1209 illam
353 1137 435 1209 dico
451 1136 616 1209 videlicet
636 1161 813 1208 summam
835 1139 901 1209 Dei
919 1138 1147 1212 dilectionem
1170 1162 1280 1236 quam
1301 1164 1344 1210 ex
1363 1139 1499 1212 visione
1522 1142 1587 1211 Dei
1609 1141 1722 1216 bomo
1742 1170 1821 1243 per-

234 1257 332 1353 cipit,
359 1254 525 1327 accideus
548 1255 703 1327 bominis
716 1256 868 1328 dicenda
883 1257 940 1348 sit,
961 1274 995 1329 et
1011 1260 1141 1329 iterum
1156 1257 1323 1330 accidens
1338 1256 1408 1329 dici
1428 1261 1620 1332 conveniat
1641 1287 1820 1335 summum

233 1371 385 1464 bonum,
406 1390 577 1472 tanquam
593 1375 710 1472 ipsuin
726 1375 929 1447 substantiae
944 1378 987 1447 sit
1008 1376 1281 1475 preferendum.

283 1496 485 1565 Cnmsrnu.
512 1497 603 1565 Cum
625 1493 819 1566 accidentia
840 1495 963 1591 eisque
984 1493 1161 1592 subjectas
1183 1495 1398 1568 substantias
1415 1519 1458 1568 ac
1473 1497 1690 1594 propheticae
1710 1502 1821 1574 verba

233 1612 404 1685 doctrinae
426 1615 656 1705 converteris,
684 1627 720 1684 et
744 1637 787 1687 ea
804 1628 956 1707 tautum,
982 1640 1062 1711 quaa
1081 1616 1160 1686 ritae
1178 1630 1338 1706 terrenas,
1359 1639 1432 1685 uon
1456 1614 1607 1688 coelestis
1627 1632 1721 1708 suut,
1747 1645 1821 1692 me·

233 1734 320 1823 tirio,
348 1734 423 1806 lraec
449 1733 583 1831 quippe
600 1731 788 1830 disciplina
810 1733 985 1806 saecularis
1006 1749 1040 1806 et
1058 1749 1205 1807 terreuae
1222 1734 1285 1806 -lris
1311 1748 1451 1806 tantum
1474 1734 1701 1808 documentis
1725 1763 1820 1811 con-

232 1866 330 1922 tenta
357 1853 498 1936 exstitit,
528 1877 606 1948 qua
630 1849 676 1922 ad
692 1853 873 1950 praesentis
891 1853 968 1924 vitae
993 1865 1123 1924 statum
1145 1852 1417 1925 accommodata
1443 1868 1539 1945 sunt,
1566 1878 1633 1926 uec
1658 1854 1705 1927 ad
1727 1856 1820 1929 illius

233 1970 358 2041 futurae
389 1973 468 2042 vitae
494 1969 719 2067 qualitatem,
750 1972 883 2067 inqua
917 1994 984 2042 uec
1012 1970 1121 2043 rerba
1150 1971 1216 2043 ista
1241 1997 1307 2043 nec
1332 1970 1403 2043 ulla
1435 1970 1625 2043 hominum
1653 1973 1818 2047 doctrina

231 2089 362 2159 artium
385 2114 529 2161 suarum
555 2087 694 2186 regulas
709 2088 989 2186 applicaverunt,
1012 2113 1094 2160 curu
1118 2115 1240 2161 rerum
1262 2091 1561 2187 investigaverunt
1579 2105 1735 2181 naturas,
1757 2094 1818 2166 sed

231 2206 321 2276 sicut
341 2209 512 2304 scriptum
527 2221 579 2278 est
599 2233 607 2276 :
631 2237 648 2272 ιι
664 2207 734 2294 Qui
756 2205 802 2278 de
820 2221 912 2277 terra
931 2222 983 2277 est
1005 2206 1051 2278 de
1075 2222 1167 2279 terra
1184 2207 1398 2306 loquitur¹.n
1419 2209 1457 2279 Si
1477 2233 1561 2307 crgo
1578 2209 1623 2282 ad
1644 2210 1731 2283 illud
1750 2238 1821 2284 coe-

232 2323 326 2394 lestis
339 2324 416 2397 vitae
431 2324 606 2419 fastigium
628 2323 868 2396 conscendere
887 2325 1009 2396 niteris
1025 2348 1103 2421 quae
1118 2350 1266 2398 omnem
1288 2343 1463 2398 terrenam
1480 2327 1586 2422 louge
1601 2330 1820 2402 transcendit

232 2441 478 2540 disciplinam,
511 2467 557 2514 nc
586 2442 780 2540 plurimum
813 2443 975 2515 innitaris
1002 2458 1150 2516 terrenae
1186 2444 1382 2543 prophetiae
1411 2445 1560 2541 regulis,
1596 2446 1726 2543 quibus
1752 2473 1819 2521 nec

230 2559 350 2633 adbuc
373 2560 418 2633 ad
439 2560 585 2660 plenum
600 2560 859 2659 comprehendi
884 2586 925 2633 ac
943 2560 1084 2633 definiri
1107 2577 1245 2634 terrena
1262 2578 1474 2661 potuerunt,
1494 2563 1630 2637 nedum
1649 2566 1816 2641 coelestia.

232 2684 360 2752 Utrum
380 2696 498 2753 autem
521 2680 664 2752 dilectio
686 2680 745 2753 illa
762 2705 841 2777 quae
856 2681 893 2751 in
913 2680 1045 2751 caelesti
1062 2681 1152 2772 rita,
1172 2680 1337 2753 habenda
1356 2681 1502 2773 dicitur,
1524 2682 1688 2755 accidens
1711 2686 1818 2757 sitan

230 2797 487 2897 qualiscunque
505 2800 668 2896 qualitas,
694 2798 783 2870 nihil
809 2797 969 2872 utilitatis
995 2798 1098 2870 allert
1120 2797 1282 2891 definire,
1309 2825 1388 2898 quae
1411 2799 1479 2871 nisi
1496 2802 1741 2898 experimento
1764 2806 1818 2875 sui

229 2943 312 2991 vere
337 2921 506 3015 cognosci
529 2946 603 2992 uon
628 2934 762 3017 potest,
787 2944 871 2990 cum
888 2943 1034 2991 omnem
1059 2933 1206 2991 terrenae
1227 2919 1382 2990 scientiae
1404 2942 1549 2990 sensum
1567 2919 1676 3018 louge
1700 2936 1819 2995 traus-

228 3038 369 3111 cendat.
390 3039 485 3127 Quid
511 3055 631 3112 autem
654 3037 700 3112 ad
719 3038 975 3111 beatitudinem
1000 3037 1123 3129 relert,
1144 3054 1264 3111 utrum
1289 3062 1368 3110 eam
1388 3037 1567 3130 accidens,
1588 3063 1634 3111 an
1653 3039 1818 3114 substan·

232 3159 337 3250 tiam,
362 3158 436 3229 sive
453 3173 620 3229 neutrum
640 3182 716 3229 esse
734 3180 931 3255 ponamus,
950 3180 1033 3228 cum
1050 3156 1223 3254 quicquid
1244 3157 1405 3229 dicamus
1422 3156 1477 3228 vel
1494 3156 1722 3246 arbitremur,
1741 3162 1819 3257 ipsa

229 3276 311 3347 ideo
329 3300 403 3346 uon
420 3275 642 3346 muteturvcl
656 3274 913 3347 beatitudinem
930 3289 1089 3346 nostram
1107 3274 1269 3346 minuat?
1288 3281 1350 3364 Ac,
1371 3276 1400 3346 si
1417 3300 1496 3372 quae
1511 3274 1557 3347 de
1574 3277 1818 3350 accidentibus

229 3410 263 3465 et
281 3391 573 3465 substantialibus
595 3393 720 3466 formis
744 3393 950 3491 philosophi
965 3394 1072 3464 vestri
1090 3393 1276 3485 dixerunt,
1296 3392 1483 3490 diligenter
1509 3393 1731 3485 consideres,
1752 3421 1818 3468 nec

229 3512 496 3585 substantialem
520 3512 615 3584 illam
640 3511 744 3584 nobis
767 3510 916 3603 videbis,
939 3536 1019 3608 quae
1036 3535 1111 3583 non
1135 3511 1226 3584 inest
1249 3509 1430 3598 omnibus,
1454 3535 1521 3582 nec
1544 3511 1814 3605 accidentalem,

229 3646 522 3733 qumpostquam
547 3630 704 3717 alluerit,
722 3630 846 3702 abesse
870 3653 944 3701 uon
961 3643 1091 3727 potest.
1111 3628 1214 3701 Unde
1237 3628 1401 3701 accidens
1423 3630 1530 3701 etiam
1553 3644 1670 3701 vestra
1694 3630 1817 3729 opiuio

230 3751 415 3842 describit,
441 3751 541 3846 quod
565 3748 688 3821 adesse
711 3763 827 3847 potest
843 3760 884 3820 et
903 3746 1038 3820 abesse.
1058 3746 1166 3835 Quod
1187 3748 1295 3820 etiam
1318 3746 1485 3845 impedit,
1507 3749 1536 3818 si
1558 3747 1654 3819 illam
1673 3772 1818 3845 quoque

229 3848 461 3942 dilectionem
487 3865 538 3938 ibi
564 3867 738 3957 suturam,
766 3867 857 3938 sicut
882 3882 920 3938 et
943 3880 1174 3965 praeseutem,
1203 3890 1312 3964 quam
1342 3865 1517 3938 habemus
1546 3865 1625 3954 hic,
1653 3866 1818 3939 accidens

229 3986 493 4060 concedamus?
516 3987 688 4073 Quamvis
715 3987 811 4057 enim
838 4000 960 4056 nostra
984 3982 1181 4058 substantia
1208 3984 1370 4082 quolibet
1394 3983 1660 4056 accidentiam
1690 3986 1817 4057 melior

229 4124 428 4195 censeatur,
458 4119 520 4177 aut
540 4103 703 4200 dignior,
733 4127 914 4176 summum
938 4118 1057 4175 tamen
1089 4102 1246 4175 hominis
1277 4102 1416 4174 bonum
1450 4101 1487 4172 id
1514 4125 1589 4173 nou
1619 4103 1816 4197 incongrue

229 4225 423 4298 dicendum
453 4223 604 4313 videtur,
632 4223 734 4321 quod
759 4225 876 4322 ipsum
901 4222 1086 4294 hominem
1114 4222 1385 4320 participatione
1409 4221 1463 4292 sui
1490 4222 1668 4319 optimum
1699 4221 1816 4294 reddit

228 4357 336 4440 atque
364 4343 634 4437 dignissimum,
662 4356 789 4440 atquc,
816 4355 855 4414 ut
878 4341 994 4413 verius
1012 4365 1054 4412 ac
1078 4338 1301 4437 probabilius
1324 4338 1527 4461 loqpamur,
1553 4340 1672 4435 ipsum
1698 4342 1814 4412 Deum

228 4463 290 4559 qui
315 4461 413 4532 solus
431 4461 576 4556 proprie
591 4473 625 4531 et
642 4459 807 4532 absolute
826 4483 1006 4530 summum
1023 4458 1161 4529 bonum
1175 4457 1319 4548 dicitur,
1338 4480 1518 4527 summum
1534 4456 1639 4526 etiam
1658 4454 1814 4527 hominis

230 4582 368 4651 bouum
398 4601 475 4649 esse
502 4576 771 4648 constituamus.
802 4577 911 4671 Cujus
936 4575 1101 4647 videlicet
1127 4575 1203 4662 illa,
1232 4596 1341 4669 quam
1369 4572 1538 4662 diximus,
1570 4572 1717 4643 visionis
1743 4597 1814 4643 sua

230 4697 518 4798 participatione,
547 4696 609 4791 qui
625 4692 798 4785 -lruimur,
823 4692 998 4765 allicimur
1025 4716 1106 4765 rere
1128 4692 1234 4765 beati.
1259 4696 1308 4761 Ex
1331 4716 1406 4788 quo
1428 4694 1506 4788 ipso
1530 4690 1680 4789 quippe,
1705 4714 1813 4786 quem

228 4821 265 4891 in
292 4820 371 4917 ipso
400 4815 563 4888 ridemus
582 4812 629 4884 ad
652 4837 719 4884 nos
739 4812 815 4907 ejus
839 4811 896 4883 illa
920 4834 1057 4883 summa
1076 4811 1220 4883 dilectio
1242 4825 1379 4899 manat,
1404 4809 1558 4905 ideoque
1579 4809 1706 4880 rectius
1722 4809 1808 4905 ipse,

258 5089 356 5152 ttom,
370 5103 424 5152 cap.
434 5102 472 5153 ru,
487 5103 510 5139 r.
521 5092 559 5143 at.

393 5201 418 5237 11
