4559 6100
501 455 571 525 700
1103 453 1233 524 PETlll
1258 455 1492 528 ABAEtaunt
1536 503 1542 514 ·

501 628 574 675 uon
601 604 778 697 ignorant.
807 603 972 700 Alioquin
1000 602 1167 701 paradiso
1192 604 1348 677 fruentes
1373 619 1550 677 tormenta
1575 604 1704 676 inferni
1723 629 1798 675 iton
1823 606 2091 703 conspicerent,

503 738 604 793 uteo
621 722 774 821 amplius
794 727 909 794 Deum
934 722 1094 818 diligant,
1120 746 1194 819 quo
1214 747 1279 821 per
1300 723 1377 819 ejus
1398 725 1546 819 gratiam
1573 723 1732 820 graviora
1756 748 1794 795 se
1817 724 1967 794 evasisse
1990 723 2093 794 vide·

501 842 584 911 rint.
604 845 723 929 Quem
745 841 889 938 quidem
913 838 1117 939 paradisum
1139 839 1187 910 in¹
1201 842 1276 939 ipsa
1298 842 1435 914 visione
1458 843 1524 914 Dei
1548 841 1681 939 ubique
1698 842 1891 913 consistere
1913 841 2093 912 Dominus

501 964 601 1032 lesus
617 975 780 1059 patenter
796 962 972 1049 insinuat,
995 960 1082 1032 dum
1102 960 1181 1059 ipso
1202 961 1261 1032 die
1280 985 1353 1057 qno
1376 960 1451 1056 ejus
1469 961 1588 1034 anima
1607 962 1643 1032 in
1660 986 1768 1033 came
1786 986 1888 1060 passa
1905 959 2091 1032 descendit

502 1079 546 1150 ad
566 1078 710 1171 inferos,
730 1097 770 1151 ut
786 1080 870 1152 inde
887 1104 970 1151 suos
987 1077 1165 1168 liberaret,
1184 1079 1313 1152 latroni
1330 1105 1412 1152 enm
1430 1081 1607 1168 confesso,
1627 1082 1692 1151 ait'
1714 1108 1722 1150 ε
1745 1109 1763 1146 u
1777 1086 1885 1151 Amen
1909 1077 1989 1149 dico
2007 1078 2087 1167 tibi,

501 1197 611 1269 hodie
632 1223 771 1270 mecum
799 1199 869 1271 eris
885 1198 921 1269 in
940 1198 1117 1296 paradiso.
1135 1225 1153 1264 u
1174 1202 1201 1267 Α
1223 1222 1297 1293 quo
1320 1197 1466 1294 quidem
1484 1198 1648 1295 paradiso
1673 1222 1719 1269 ne
1742 1213 1828 1269 tunc
1844 1198 1951 1270 etiam
1969 1198 2090 1269 anima

502 1316 631 1387 Christi
652 1331 815 1389 extranea
831 1318 978 1406 exstitit,
994 1341 1091 1402 cum,
1111 1330 1150 1387 ut
1165 1316 1299 1388 dictum
1318 1330 1382 1409 est,
1410 1317 1456 1388 ad
1476 1316 1607 1388 iuseros
1624 1315 1819 1388 descendit.
1842 1319 1946 1387 Juxta
1970 1316 2090 1412 itaque

501 1436 596 1509 lianc
613 1436 722 1508 fidem
743 1452 902 1510 nostram
920 1450 955 1509 et
972 1439 1148 1508 rationem
1170 1436 1407 1527 manifestam,
1431 1460 1648 1533 quocunque
1663 1435 1745 1508 loco
1762 1435 1876 1508 tidelis
1891 1435 1937 1506 sit
1951 1437 2087 1522 anima,

502 1558 586 1653 quia
610 1556 744 1652 ubique
766 1571 988 1653 praesentem,
1013 1569 1052 1626 ut
1069 1554 1204 1626 dictum
1225 1570 1292 1640 est,
1315 1555 1446 1653 reperit
1465 1559 1600 1643 Deum,
1618 1568 1655 1626 et
1670 1555 1843 1651 qnoniam
1859 1553 1959 1632 nullo
1976 1553 2091 1652 impe·

502 1677 598 1747 ditur
616 1676 816 1767 obstaculo,
843 1675 976 1772 ubique
1001 1676 1037 1745 in
1060 1697 1124 1745 sua
1147 1698 1247 1769 aeque
1267 1689 1467 1772 perseverat
1488 1672 1709 1746 beatitudine
1728 1697 1837 1771 quam
1859 1672 2022 1743 videlieet
2043 1698 2088 1744 ex

501 1796 637 1865 visione
660 1796 725 1866 Dei
751 1793 855 1866 nobis
882 1820 947 1893 per
963 1819 1046 1865 emn
1067 1793 1202 1882 inlusa,
1228 1816 1303 1864 non
1324 1817 1366 1864 ex
1390 1794 1520 1864 nostris
1542 1792 1677 1864 viribus
1699 1790 1941 1891 apprehensa,
1968 1815 2092 1862 conse·

502 1914 658 2009 quimur.
685 1914 826 2012 Quippe
849 1938 915 1985 nec
937 1914 983 1984 ad
1005 1910 1201 2010 corporalis
1223 1912 1307 1983 solis
1330 1911 1671 2010 apprehendendam
1693 1911 1890 1983 claritatem
1914 1935 2089 1983 conscen-

503 2033 639 2119 dimus,
664 2033 726 2103 sed
746 2033 821 2129 ipsa
843 2056 881 2104 se
898 2030 1003 2103 uobis
1022 2031 1196 2120 inlimdit,
1216 2045 1256 2101 ut
1276 2055 1317 2102 ea
1339 2031 1510 2102 fruamur.
1535 2034 1587 2102 lta
1610 2044 1647 2101 et
1671 2052 1738 2101 nos
1762 2043 1834 2101 tam
1860 2034 1949 2118 Deo,
1977 2052 2089 2126 quam

503 2154 578 2250 ipse
602 2151 707 2223 nobis
732 2154 1014 2250 appropinquat,
1042 2167 1223 2248 tamqnam
1250 2150 1403 2249 desuper
1420 2150 1617 2223 claritatem
1642 2174 1743 2222 suam
1768 2149 1874 2221 nobis
1899 2164 1934 2221 et
1957 2152 2091 2221 amoris

502 2272 555 2341 sui
576 2272 732 2343 calorem
750 2270 954 2361 infundens,
974 2270 1020 2341 ad
1044 2295 1152 2370 quem
1176 2270 1281 2341 etiam
1303 2294 1482 2367 nusquam
1499 2269 1656 2341 localiter
1679 2270 1948 2361 consistentem,
1968 2270 2089 2366 siquo

502 2389 614 2462 modo
636 2391 878 2489 propinquare
898 2389 1065 2480 dicimur,
1092 2413 1166 2460 non
1192 2387 1227 2459 id
1254 2388 1359 2474 locis,
1385 2388 1447 2461 sed
1471 2389 1605 2459 meritis
1625 2387 1701 2459 lieri
1726 2401 1779 2460 est
1802 2385 2085 2483 intelligendum,

502 2508 666 2580 videlicet
688 2521 861 2604 quantum
882 2509 1068 2580 similiores
1092 2510 1128 2579 in
1152 2507 1250 2578 bono
1267 2506 1441 2579 efficimur
1464 2506 1517 2578 vel
1543 2509 1619 2604 ejus
1640 2506 1794 2606 amplius
1811 2507 1985 2579 voluntati
2000 2531 2089 2577 cun·

502 2625 711 2712 cordamus,
730 2626 781 2696 sic
802 2650 821 2696 e
843 2627 1022 2697 contrario
1041 2624 1086 2696 ab
1105 2649 1149 2696 eo
1169 2624 1335 2696 recedere
1354 2624 1574 2720 intelligendi
1598 2650 1735 2697 sumus.
1754 2625 1862 2713 Quod
1879 2625 2090 2698 venerabilis

502 2744 631 2814 doctor
659 2744 874 2839 Augustinus
900 2759 935 2815 et
965 2743 1210 2815 doctrinarum
1239 2768 1385 2841 quoqne
1415 2760 1612 2818 vestrarum
1639 2746 1870 2845 peritissimus
1902 2744 2090 2841 diligenter

502 2862 683 2956 aperiens:
706 2866 828 2949 «Deo,
847 2862 983 2959 inquit,
1003 2863 1064 2958 qni
1084 2862 1219 2958 ubique
1240 2876 1309 2951 est,
1337 2886 1410 2935 non
1429 2861 1518 2935 locis
1541 2865 1604 2935 sed
1628 2863 1788 2936 moribus
1809 2878 1871 2937 ant
1891 2865 2087 2961 propinqui

502 2994 562 3052 aut
574 2981 702 3053 remoti
719 3004 854 3053 sumus.
871 3008 888 3046 r
909 2981 1012 3055 Unde
1029 3006 1110 3053 cum
1127 2994 1207 3080 post
1222 2983 1518 3055 resurrectionem
1535 2997 1639 3057 tantae
1655 2983 1827 3057 facilitatis
1839 3006 1987 3082 corpora
2001 3006 2086 3056 sau·

502 3115 641 3172 ctorum
669 3101 786 3172 lutura
812 3101 902 3190 sint,
928 3117 968 3172 ut
995 3100 1201 3198 ubicunque
1228 3101 1338 3173 velint
1362 3103 1501 3195 animae,
1530 3105 1608 3202 ipsa
1632 3104 1748 3175 statim
1774 3128 1851 3175 esse
1875 3102 2084 3193 credantur,

502 3219 620 3292 nullus
647 3234 766 3291 tamen
793 3244 919 3291 eorum
942 3244 1100 3292 recessus
1116 3221 1290 3293 visionem
1317 3223 1382 3294 Dei
1408 3222 1613 3320 praepediet,
1632 3246 1706 3319 qun
1730 3223 1848 3294 minus
1872 3223 1999 3294 animae
2017 3224 2089 3294 sint

502 3336 626 3429 beatae,
642 3363 708 3410 nec
722 3337 793 3411 ulla
809 3337 881 3410 loci
897 3338 1047 3435 qualitas
1063 3339 1213 3436 poenalis
1229 3364 1305 3412 esse
1323 3341 1379 3412 his
1395 3343 1537 3439 poterit,
1557 3341 1593 3412 in
1609 3341 1739 3439 quibus
1757 3340 1846 3411 nihil
1863 3339 2085 3438 puniendum

502 3457 580 3545 erit,
600 3459 692 3531 sicut
709 3480 776 3529 nec
793 3471 875 3529 ante
891 3471 1077 3555 peccatum
1095 3458 1219 3556 primis
1236 3458 1442 3531 hominibus
1460 3458 1657 3556 quidquam
1676 3460 1793 3558 potuit
1809 3481 1885 3531 esse
1901 3461 2082 3532 nocivum.

502 3575 607 3647 Unde
624 3590 759 3648 etcum
780 3578 891 3650 sancti
910 3576 1026 3674 angeli
1043 3577 1088 3648 ad
1105 3602 1173 3649 nos
1190 3578 1284 3649 missi
1297 3578 1393 3674 jussa
1407 3581 1473 3651 Dei
1496 3593 1753 3676 exsequuntur,
1772 3603 2001 3678 nequaquam
2016 3581 2084 3652 luci

502 3696 617 3791 aliqua
637 3695 805 3792 qualitate
827 3696 884 3767 vel
904 3696 1092 3769 intervallo
1113 3697 1190 3793 ejns
1206 3697 1357 3785 visione,
1379 3722 1449 3795 qua
1474 3698 1570 3771 beati
1592 3713 1689 3789 sunt,
1715 3699 1900 3797 privantur
1924 3724 1987 3772 seu
2006 3701 2085 3771 ina·

503 3811 662 3882 niuntur.
683 3817 754 3884 Nec
776 3813 957 3887 daemones
983 3815 1018 3886 in
1037 3839 1118 3887 aere
1143 3830 1427 3908 commorantes,
1457 3817 1553 3889 unde
1575 3812 1791 3889 et'volueres
1806 3817 1886 3889 coeli
1902 3816 2081 3906 dicuntur,

502 3930 665 4025 quamvis
691 3931 867 4026 positione
894 3932 964 4003 luci
990 3933 1190 4030 superiores
1216 3933 1321 4006 nobis
1347 3958 1422 4006 esse
1450 3935 1650 4025 videantur,
1680 3958 1754 4006 non
1781 3936 1863 4007 ideo
1892 3950 2010 4008 tamen
2038 3936 2083 4007 ad

503 4052 631 4133 Deum,
648 4048 710 4143 qui
725 4051 879 4147 propriae
897 4050 1068 4146 dignitate
1084 4066 1219 4124 nature
1234 4053 1372 4124 cunctis
1391 4055 1553 4152 superior
1569 4069 1621 4125 est
1638 4056 1792 4141 naturis,
1809 4054 1962 4152 amplius
1976 4079 2083 4152 quam

503 4190 570 4237 nos
586 4168 876 4264 appropinquare
901 4169 1044 4240 dicendi
1069 4185 1163 4242 sunt.
1184 4169 1287 4242 Unde
1307 4173 1413 4243 Satan
1437 4173 1585 4244 veniens
1605 4174 1698 4245 inter
1723 4172 1815 4244 filios
1840 4176 1919 4265 Dei,
1939 4189 1975 4246 et
1989 4188 2085 4247 stans

501 4287 538 4355 in
564 4299 759 4383 conspectu
783 4287 942 4380 Domini,
962 4301 996 4358 et
1021 4303 1148 4360 mutuo
1164 4289 1329 4385 loquens,
1347 4290 1437 4360 sicut
1460 4290 1496 4360 in
1521 4290 1615 4362 libro
1639 4289 1705 4361 lob
1730 4292 1974 4389 conscriptum
1999 4298 2081 4379 est¹,

502 4428 728 4501 nequaquam
747 4405 818 4477 hoc
833 4405 989 4479 adventu
1003 4433 1069 4479 suo
1084 4408 1358 4480 asuarelaxatur
1372 4409 1524 4497 miseria,
1546 4424 1584 4481 ut
1594 4409 1731 4482 beatior
1747 4408 1819 4482 fiat.
1836 4411 1907 4497 Qui
1917 4411 2020 4482 etiam
2037 4410 2085 4483 de

502 4522 598 4594 coelis
621 4524 745 4594 ceteris
758 4524 863 4596 altior
887 4525 1109 4612 corruendo,
1131 4540 1294 4625 patenter
1309 4527 1465 4599 ostendit
1481 4527 1568 4599 nihil
1583 4528 1629 4600 ad
1644 4526 1904 4600 beatitudinem
1921 4531 2083 4602 conferre

502 4641 572 4713 loci
588 4640 809 4736 dignitatem.
830 4648 908 4714 Non
928 4646 1025 4716 enim
1047 4646 1132 4741 qnia
1154 4648 1247 4717 inter
1272 4645 1363 4718 filios
1380 4647 1463 4735 Dei,
1483 4647 1553 4718 lruc
1575 4661 1628 4719 est
1643 4647 1736 4719 inter
1756 4663 1897 4721 sanctos
1917 4648 2080 4745 angelos,

502 4761 647 4832 veniens
663 4760 700 4828 in
718 4776 911 4858 conspectu
930 4763 995 4833 Dei
1019 4764 1146 4853 astitit,
1175 4765 1211 4834 in
1230 4765 1306 4859 ejus
1331 4780 1561 4863 conspectum
1577 4766 1753 4838 Dominus
1770 4766 1880 4856 venit,
1911 4781 1948 4838 ut
1973 4767 2018 4838 ab
2037 4791 2081 4838 eo

529 5037 535 5064 ¹
546 5035 615 5095 Luc,
625 5047 680 5097 cap.
691 5046 759 5093 xxm,
770 5048 793 5086 v.
807 5036 846 5086 ta.
859 5060 890 5073 ·—
902 5036 911 5064 ²
922 5033 992 5097 lota,
1005 5048 1059 5097 cap.
1072 5048 1095 5093 r,
1108 5038 1152 5085 rt
1168 5044 1193 5085 et
1203 5050 1240 5099 sq.
