4559 6100
483 537 553 609 tto
1082 534 1210 604 PETRI
1236 532 1470 606 xttAEtxttttt

482 688 708 788 dispensator
729 689 825 757 Deus
840 709 905 783 per
919 707 962 756 ea
986 709 1064 781 quae
1086 698 1159 756 tam
1184 682 1391 755 mirabiliter
1420 696 1456 754 et
1480 681 1562 753 facit
1586 695 1622 753 et
1644 681 1801 774 ordinat,
1827 706 1871 754 ex
1896 685 1982 784 ipsis
2002 689 2073 758 suis

481 820 636 907 quantus
666 804 711 877 sit
742 801 911 902 operibus
939 801 1126 894 indicaret,
1158 804 1242 900 quia
1269 817 1303 874 et
1325 826 1389 899 per
1420 799 1625 898 qualitatem
1656 824 1809 899 operum
1838 826 1918 899 quae
1950 803 2071 877 videu-

481 941 561 1018 tur,
593 922 750 997 absentis
782 919 925 994 artificis
957 918 1169 993 industriam
1205 920 1453 1018 dijudicamus.
1496 923 1574 990 Hoc
1608 916 1755 1015 quidem
1793 919 1904 993 modo
1933 923 2070 1022 etipse

483 1043 649 1146 perhibet
660 1039 863 1142 Apostolus,
888 1044 1004 1113 Deum
1024 1040 1078 1112 sui
1092 1041 1256 1111 notitiam
1281 1039 1445 1139 reprobis
1461 1062 1607 1137 quoque
1626 1038 1832 1131 contulisse,
1852 1040 1952 1137 juxta
1970 1044 2067 1138 quod

479 1165 526 1239 ad
542 1168 723 1237 Romanos
732 1159 902 1250 scribens,
915 1158 1192 1231 inexcusabilem
1206 1183 1352 1231 omnem
1364 1158 1551 1230 homiuem
1567 1181 1642 1229 esse
1660 1158 1855 1251 convincit,
1874 1174 1909 1232 et
1925 1159 1972 1233 de
1984 1186 2069 1234 con·

397 1290 402 1299 “
481 1299 618 1385 temptu
635 1283 691 1357 sui
708 1280 906 1354 conditoris
922 1305 998 1353 esse
1012 1279 1250 1378 arguendum,
1269 1304 1352 1352 cum
1366 1279 1443 1376 ejus
1459 1278 1623 1351 notitiam
1636 1276 1695 1350 lex
1715 1279 1790 1377 ipsa
1807 1281 1974 1354 naturalis
1990 1308 2069 1380 quae

478 1407 516 1478 in
531 1404 670 1478 ratione
685 1400 860 1489 consistit,
879 1399 988 1471 etiam
1006 1399 1082 1471 sine
1098 1400 1232 1499 scripto
1245 1424 1287 1470 ex
1304 1400 1380 1497 ipsa
1401 1423 1553 1496 operum
1571 1398 1647 1495 ejus
1664 1396 1885 1472 exhibitione
1900 1401 2066 1474 omnibus

471 1523 632 1597 afferret.
652 1521 710 1593 Ait
727 1520 862 1618 quippe
880 1520 958 1591 sic':
979 1551 996 1586 α
1010 1519 1199 1592 Revelatur
1212 1520 1264 1590 ira
1272 1519 1338 1590 Dei
1352 1518 1398 1590 de
1411 1515 1502 1589 coelo
1516 1542 1624 1616 super
1637 1541 1785 1589 omnem
1801 1518 2021 1617 impietatem
2032 1537 2066 1594 et

476 1642 684 1740 injustitiam
703 1638 895 1711 hominum
914 1663 1040 1710 eorum
1058 1639 1121 1736 qui
1136 1638 1321 1710 veritatem
1335 1636 1401 1709 Dei
1413 1636 1449 1708 in
1473 1636 1645 1733 injustitia
1658 1636 1831 1717 detinent.
1850 1639 1945 1726 Quia
1968 1641 2065 1738 quod

476 1778 605 1835 uotum
621 1775 676 1835 est
689 1761 768 1848 Dei,
793 1758 1020 1831 manifestum
1037 1759 1143 1830 estin
1161 1757 1239 1830 illis.
1262 1760 1358 1829 Deus
1373 1758 1471 1829 enim
1487 1754 1555 1827 illis
1566 1755 1745 1827 revelavit.
1762 1756 1955 1831 invisibilia
1969 1760 2065 1831 enim

475 1881 586 1981 ipsius
600 1904 621 1953 a
637 1894 800 1952 creatura
822 1877 962 1970 muudi,
981 1903 1104 1976 perca
1120 1901 1200 1973 quae
1217 1875 1307 1949 sacta
1331 1891 1428 1968 sunt,
1444 1873 1621 1948 intellecta
1637 1876 1918 1975 conspiciuntur,
1935 1881 2063 1977 sempi-

474 2015 576 2075 terna
593 2024 740 2099 quoque
753 1998 829 2096 ejus
845 1999 956 2072 virtus
972 2013 1009 2071 et
1021 1998 1203 2087 divinitas3
1223 1999 1272 2070 ita
1287 2011 1327 2068 nt
1343 1997 1413 2069 sint
1429 1995 1700 2088 inexcusabiles,
1713 1999 1810 2094 quia,
1829 2022 1913 2070 cum
1928 2022 2063 2095 cogno·

474 2122 605 2193 vissent
628 2123 759 2211 Deum,
778 2142 854 2189 non
872 2118 963 2190 sicut
985 2120 1104 2190 Deum
1125 2115 1435 2214 glorificaverunt,
1463 2130 1526 2188 aut
1549 2117 1892 2214 gratiasegerunt.»
1923 2121 1966 2188 Et
1982 2135 2063 2217 post

472 2238 605 2337 aliqua¹
625 2266 633 2308 ε
656 2242 840 2336 «Propter
856 2236 955 2332 quod
972 2236 1220 2309 inexcusabilis
1235 2262 1286 2330 ea,
1307 2234 1470 2322 ohomo,
1490 2239 1607 2307 omnis
1624 2236 1687 2334 qui
1700 2235 1852 2332 judicas,
1869 2264 1888 2304 u
1906 2235 1979 2309 hoc
1998 2254 2061 2330 est,

470 2358 532 2456 qui
550 2358 699 2433 untionis
717 2358 825 2429 uteris
837 2354 974 2453 judicio
992 2357 1028 2427 in
1046 2355 1155 2431 bonis
1172 2371 1207 2429 et
1224 2356 1325 2427 malis
1342 2353 1598 2444 discernendis,
1618 2368 1724 2452 atque
1741 2356 1777 2426 in
1793 2357 1879 2454 ipsis
1896 2360 2063 2430 creatoris

469 2491 505 2550 et
528 2491 771 2565 creaturarum
798 2474 1028 2548 discutiendis
1057 2476 1206 2549 naturis.
1238 2475 1340 2548 Unde
1369 2490 1405 2548 et
1433 2474 1604 2547 Salomon
1634 2475 1830 2547 nonnullos
1855 2475 1982 2549 mundi
2008 2501 2062 2548 sa·

470 2597 608 2694 pientes
632 2622 670 2668 se
700 2595 931 2667 vehementer
957 2594 1126 2667 admirari
1150 2595 1336 2687 insinuat⁸,
1368 2593 1556 2692 quomodo
1581 2593 1715 2667 scilicet
1732 2593 1908 2667 mundum
1924 2596 2062 2668 ratione

468 2716 742 2811 vestigaverunt,
764 2728 1000 2811 naturamque
1016 2715 1127 2812 ipsius
1143 2739 1208 2813 per
1223 2712 1379 2810 singulas
1391 2715 1501 2813 ipsius
1513 2728 1630 2812 partes
1647 2713 1818 2787 disserere
1833 2715 2058 2808 eonatisunt,

468 2832 633 2904 noudum
655 2845 853 2905 creatorem
869 2833 980 2932 ipsius
1004 2833 1339 2927 animadvertentes,
1358 2859 1467 2932 quem
1492 2835 1627 2907 facilius
1648 2836 1786 2908 ratione
1798 2834 1981 2933 percipere
1994 2858 2061 2931 po·

467 2966 598 3026 terant.
626 2984 642 3018 ιι
662 2952 699 3025 Si
720 2952 830 3043 enim,
857 2953 986 3050 inquit,
1005 2954 1145 3025 ratione
1171 2967 1309 3025 tantum
1333 2969 1528 3052 potuerunt
1545 2955 1646 3047 scire,
1669 2969 1707 3026 ut
1733 2967 1878 3053 possent
1889 2953 2060 3026 aestimare

466 3074 640 3165 seculum,
660 3074 849 3173 quomodo
865 3075 976 3173 ipsius
991 3073 1119 3147 mundi
1136 3077 1255 3146 Deum
1268 3088 1303 3146 et
1321 3090 1520 3148 creatorem
1537 3101 1611 3147 non
1632 3075 1767 3148 facilius
1784 3076 2022 3147 invenerunt?
2040 3106 2056 3142 υ

465 3196 542 3265 Hoc
559 3209 594 3265 et
611 3192 671 3265 ille
690 3192 866 3266 maximus
884 3195 1094 3266 Latinorum
1116 3192 1420 3293 Philosophorum
1437 3195 1570 3267 Tullius
1588 3195 1776 3292 diligenter
1791 3195 1956 3287 intuitus,
1975 3220 2058 3267 curn

464 3337 538 3384 non
564 3311 681 3385 solum
707 3315 843 3412 optime
868 3314 1019 3404 tactum,
1039 3315 1276 3387 verumetiam
1298 3316 1434 3416 optime
1455 3316 1598 3416 disponi
1622 3315 1799 3387 mnndum
1822 3316 2055 3414 conspiceret,

463 3432 688 3530 providentia
705 3433 741 3505 id
762 3434 882 3533 potius
898 3436 969 3532 agi,
987 3460 1096 3533 quam
1123 3434 1272 3507 fortuitu
1301 3434 1534 3530 confirmans,
1567 3450 1640 3508 tam
1657 3460 1758 3507 suam
1782 3436 1818 3506 in
1840 3435 1925 3528 hoc,
1946 3460 2054 3533 quam

463 3568 674 3625 caeterorum
718 3554 895 3625 rationem
935 3556 1101 3652 exposuit
1140 3553 1456 3653 Philosophorum.
1509 3556 1611 3629 Unde
1649 3571 1702 3628 est
1734 3554 1823 3628 illud
1863 3557 1899 3626 in
1938 3556 2058 3653 primo

464 3670 691 3744 Retborz'coe‘:
710 3703 726 3737 ιι
747 3673 892 3763 Melius,
922 3673 1056 3770 inquit,
1086 3689 1301 3746 accurantur
1317 3698 1360 3747 ea
1375 3702 1455 3774 quae
1472 3676 1622 3749 consilio
1641 3690 1813 3774 geruntur
1838 3698 1946 3772 quam
1977 3699 2057 3771 quae

462 3790 538 3860 siue
556 3790 709 3863 consilio
726 3790 1032 3863 administrantur.
1052 3794 1192 3863 Domus
1207 3818 1250 3865 ea
1265 3819 1344 3891 qum
1360 3796 1499 3868 ratione
1510 3797 1655 3892 geritur,
1675 3794 1843 3867 omnibus
1857 3808 1911 3865 est
1928 3793 2057 3865 instru-

461 3907 552 3977 ctior
581 3907 701 4001 rebus,
722 3925 758 3982 et
775 3910 980 4010 apparatior
997 3934 1107 4008 quam
1124 3936 1167 3983 ea
1184 3937 1262 4009 quae
1279 3928 1411 3987 temere
1428 3929 1464 3987 et
1481 3914 1581 3986 nullo
1604 3914 1755 3987 consilio
1771 3911 2054 3985 administratur.

462 4028 643 4099 Exercitus
660 4029 690 4101 is
712 4030 771 4100 cui
788 4043 842 4102 est
861 4031 1070 4129 prepositus
1086 4032 1226 4130 sapiens
1243 4046 1279 4104 et
1299 4033 1449 4108 callidus
1467 4035 1674 4132 imperator,
1701 4030 1872 4104 omnibus
1895 4029 2057 4130 partibus

460 4145 688 4219 commodius
713 4149 858 4246 regitur,
884 4175 994 4248 quam
1011 4152 1041 4223 is
1059 4152 1123 4249 qui
1140 4153 1338 4226 temeritate
1354 4155 1410 4225 vel
1434 4153 1579 4225 stultitia
1596 4153 1745 4250 alicujus
1771 4150 2052 4224 administratur.

461 4261 595 4336 Eadem
612 4268 743 4363 navigii
760 4268 850 4341 ratio
862 4282 927 4341 est.
952 4300 969 4336 »
987 4273 1065 4342 Hoc
1080 4271 1202 4368 itaque
1217 4272 1404 4371 proposito
1425 4287 1459 4345 et
1476 4271 1667 4344 collatione
1680 4268 1952 4342 similitudinum
1968 4292 2059 4340 con·

459 4383 644 4455 venientes
667 4399 844 4481 astructo,
875 4390 1158 4487 assumptionem
1183 4393 1303 4464 statim
1329 4415 1525 4487 aggregans
1552 4389 1772 4488 syllogismi:
1800 4419 1818 4454 α
1834 4386 1889 4462 Nil
1909 4399 2052 4473 autem,

457 4502 585 4599 iuquit,
605 4507 769 4577 omnium
793 4532 913 4579 rerum
929 4509 1056 4582 melius
1072 4535 1183 4609 quam
1200 4511 1318 4582 omnis
1335 4510 1494 4582 muudus
1527 4499 1808 4610 administratur.
1830 4512 1919 4581 Nam
1942 4521 1978 4578 et
1999 4508 2063 4578 si·-

457 4643 625 4716 gnomm,
643 4625 772 4721 inquit,
801 4640 898 4698 ortus
924 4644 960 4700 ct
984 4629 1104 4702 obitus
1127 4627 1316 4702 definitum
1339 4630 1532 4727 quemdam
1556 4629 1722 4703 ordinem
1743 4643 1904 4719 servant,
1929 4641 1966 4698 et
1987 4650 2065 4698 an·

352 4833 358 4842 ·
455 4746 948 4818 nuae‘commutationesuon
961 4746 1073 4819 modo
1088 4746 1245 4844 quadam
1257 4773 1300 4821 ex
1310 4750 1516 4822 necessitate
1526 4773 1668 4849 semper
1677 4748 1807 4823 eodem
1820 4746 1933 4820 modo
1944 4745 2065 4841 liunt,

2262 4603 2266 4633 l

381 5107 387 5124 .
486 5050 585 5115 'hortm
601 5068 655 5117 cap.
668 5069 688 5117 r,
698 5068 722 5105 r.
741 5060 778 5108 ta.
793 5082 822 5094 -
835 5059 844 5088 ¹
856 5058 938 5118 lton..
950 5023 1006 5123 cars.
1021 5074 1047 5123 rr,
1060 5074 1083 5112 r.
1100 5067 1121 5113 t.
1135 5088 1164 5101 -·
1175 5065 1269 5129 Ἔαρ..
1283 5078 1337 5129 cap.
1353 5078 1405 5128 xm,
1417 5080 1439 5116 v.
1453 5072 1476 5120 t.
1492 5094 1522 5106 -
1532 5070 1542 5102 ⁴
1552 5068 1661 5131 tavent..
1674 5069 1717 5119 tto.
1732 5065 1751 5126 l,
1774 5080 1826 5129 cap.
1843 5076 1927 5117 xxxiv.
1940 5087 1973 5102 -
1987 5066 1996 5095 ⁸
2014 5063 2080 5120 sae

453 5126 514 5180 (lod.
536 5129 600 5184 Vtct.
617 5134 723 5187 aarum
742 5137 806 5188 mdc
821 5138 880 5199 tesstt
895 5140 967 5191 turb.
2136 5157 2141 5164 '
