4559 6100
891 540 1124 618 annosus,
1735 540 1808 615 673

209 717 334 767 verum
354 695 479 793 utique
493 708 546 767 est
561 708 669 792 atquc
685 691 877 791 liquidum.
900 691 973 769 Sed
993 692 1064 767 hoc
1080 694 1132 767 eis
1150 693 1280 768 accidit
1296 693 1523 784 hominibus,
1543 696 1607 792 qui
1624 693 1807 771 rationalis

208 815 336 913 peritia
351 814 587 915 philosophiae
608 830 644 887 et
667 827 962 911 argumentorum
980 828 1105 887 carent
1126 813 1365 905 discretione,
1384 813 1508 911 quales
1529 839 1576 889 sc·
1587 814 1701 891 ludaei
1717 839 1808 912 prc-

209 933 356 1007 litentur
376 959 465 1027 esse,
486 935 548 1033 qui
564 960 632 1033 pro
649 934 870 1032 argumentis
883 935 988 1031 signa
1002 935 1211 1032 requirunt,
1228 949 1265 1008 et
1281 935 1490 1032 quicunque
1511 959 1617 1007 suum
1642 936 1680 1007 in
1703 934 1809 1007 dictis

208 1054 353 1127 alterius
367 1055 571 1153 presidium
593 1069 759 1155 ponunt;
781 1070 954 1153 tanquam
974 1054 1021 1127 do
1040 1055 1254 1129 auctoritate
1268 1055 1326 1131 vel
1346 1054 1483 1153 scripto
1496 1053 1655 1127 absentis
1670 1054 1809 1129 facilius

205 1173 400 1270 judicetur,
419 1199 531 1273 quam
545 1174 593 1248 de
607 1177 748 1250 ratione
763 1175 820 1248 uel
835 1174 1014 1248 sententia
1030 1174 1226 1273 praesentis,
1242 1187 1279 1248 et
1294 1198 1419 1249 sensus
1437 1174 1531 1249 illius
1547 1172 1677 1251 melius
1696 1194 1810 1270 quam

209 1293 308 1367 istius
331 1294 445 1392 possit
471 1294 618 1391 inquiri.
644 1300 742 1369 Dum
763 1318 864 1389 vero,
892 1307 1068 1392 quantum
1092 1292 1272 1382 valemus,
1303 1293 1351 1366 de
1375 1309 1501 1367 nostra
1524 1292 1669 1369 solliciti
1695 1293 1810 1367 salute

151 1447 155 1453 ⁴
208 1415 326 1487 Deum
349 1414 585 1513 inquirimus,
612 1415 835 1513 ejusutique
856 1413 1002 1513 supplet
1017 1414 1129 1510 gratia
1148 1413 1249 1510 quod
1274 1428 1398 1487 nostra
1424 1436 1499 1487 non
1521 1411 1652 1486 sufficit
1675 1434 1806 1509 opera,

209 1544 246 1603 et
259 1531 422 1606 volentes
445 1534 590 1632 adjuvat
608 1550 648 1607 ut
666 1535 824 1634 possint,
848 1535 912 1631 qui
933 1534 1006 1606 hoc
1027 1533 1147 1632 ipsum
1168 1533 1277 1606 etiam
1299 1533 1449 1631 inspirat
1473 1548 1514 1606 ut
1529 1531 1653 1606 velint.
1680 1537 1724 1604 Et
1746 1533 1810 1629 qui

209 1676 302 1751 saepe
321 1654 454 1727 invitos
474 1655 601 1747 trahit,
632 1653 794 1728 volentes
820 1678 896 1728 non
920 1655 1052 1752 rejicit,
1075 1669 1112 1727 et
1136 1655 1263 1727 nitenti
1291 1653 1442 1752 porrigit
1468 1652 1676 1744 deuterum,
1706 1653 1809 1748 cujus

209 1794 359 1868 arguere
374 1788 586 1873 non‘potest
607 1774 873 1873 negligentiam.
892 1778 947 1847 De
963 1798 1037 1872 quo
1054 1799 1120 1846 vos
1144 1775 1222 1873 ipsa
1243 1798 1355 1871 quam
1376 1772 1493 1847 dicitis
1510 1773 1639 1845 veritas
1663 1796 1810 1849 securos

210 1890 370 1964 Christus
393 1891 568 1987 efficiens,
594 1918 755 1990 oengrua
777 1893 1012 1967 similitudine
1029 1894 1211 1991 praemissa
1231 1893 1467 1967 subintulit¹:
1489 1892 1637 1965 «Petite
1659 1906 1696 1965 et
1711 1893 1810 1965 aoci·

209 2012 325 2108 pictis,
344 2013 490 2110 querite
505 2028 541 2085 et
555 2014 757 2102 invenietis,
773 2013 911 2112 pulsate
925 2014 1152 2113 etaperietur
1162 2013 1280 2086 vobis.
1295 2044 1313 2080 s
1329 2013 1455 2085 Omnis
1465 2014 1561 2089 enim
1572 2013 1636 2109 qui
1652 2013 1741 2111 petit
1755 2034 1811 2084 ac·

208 2130 307 2230 cipit,
331 2145 365 2204 et
379 2130 482 2230 [qui]
498 2133 625 2230 quaerit
637 2133 786 2225 invenit,
804 2146 841 2206 et
858 2158 895 2231 p.
915 2157 949 2205 a.
975 2138 1064 2221 Quae
1083 2133 1233 2231 quidem
1255 2133 1404 2204 memini
1420 2132 1661 2230 praecedentia
1680 2129 1807 2218 uerba,
1902 2112 1906 2125 ¹

208 2251 423 2345 Augustinus
435 2276 618 2350 exponens
629 2252 788 2350 quodam
798 2277 865 2326 suo
875 2250 1336 2327 tractatudetliisericordic
1345 2252 1483 2349 inquit:
1498 2251 1641 2325 «Petite
1651 2251 1806 2340 orando,

209 2370 357 2467 quaerite
375 2371 611 2470 disputando,
633 2371 774 2473 pulsate
794 2372 996 2472 operando.
1018 2403 1037 2444 i
1059 2373 1163 2448 Unde
1180 2388 1215 2446 et
1229 2387 1342 2446 artem
1362 2371 1570 2470 disputandi
1587 2371 1750 2446 secundo
1766 2371 1810 2445 de

211 2487 346 2561 Ordine
360 2488 453 2570 libro
470 2492 597 2564 ceteris
615 2492 805 2591 praelerens
818 2493 1032 2592 disciplinis,
1053 2509 1090 2568 et
1107 2508 1280 2590 tanquam
1293 2493 1372 2590 ipsa
1386 2493 1465 2565 sola
1482 2492 1570 2565 scint
1583 2490 1641 2564 vel
1659 2493 1811 2566 scientes

210 2607 335 2703 faciat,
360 2634 440 2683 eam
456 2613 717 2686 commendans
732 2613 811 2685 ait:
838 2643 857 2683 u
878 2613 1111 2713 Disciplinam
1132 2612 1426 2711 disciplinarum,
1452 2636 1563 2710 quam
1585 2610 1810 2686 dialecticam

210 2745 353 2804 vocant.
385 2736 468 2804 Haec
492 2731 598 2804 docet
622 2720 771 2824 docere,
803 2733 879 2806 haec
902 2733 1009 2806 docet
1031 2733 1183 2806 disoere·
1218 2739 1258 2805 ln
1280 2733 1350 2805 hac
1373 2755 1412 2805 se
1441 2733 1520 2830 ipsa
1542 2732 1633 2805 ratio
1657 2732 1809 2805 demon-

210 2863 318 2942 strat3
344 2851 433 2949 quid
454 2852 517 2942 sit,
544 2851 634 2951 quid
656 2852 764 2940 velit,
789 2853 857 2927 scit
879 2852 969 2927 sola.
991 2854 1221 2952 Scientesque
1248 2852 1363 2925 iacere
1384 2875 1462 2925 non
1483 2851 1603 2924 solum
1627 2852 1722 2939 vult,
1746 2854 1810 2927 sed

210 2970 624 3070 etiampotest.»1dem
645 2974 684 3045 in
706 2971 799 3046 libro
820 2974 981 3047 secundo
1001 2973 1045 3045 de
1068 2974 1280 3047 Christiana
1303 2973 1479 3044 Doctriua
1502 2996 1584 3045 earn
1609 2971 1810 3047 admodum

210 3112 317 3162 sacrm
337 3089 484 3164 lectioni
506 3094 742 3165 necessariam
764 3094 957 3167 ostendens
984 3121 993 3165 ι
1023 3122 1041 3163 u
1064 3097 1233 3185 Restant,
1255 3121 1272 3159 s
1300 3092 1434 3190 inquit,
1461 3116 1533 3165 sea
1556 3117 1637 3189 quae
1660 3117 1737 3166 non
1762 3093 1810 3167 ad

211 3208 373 3308 corporis
391 3235 516 3285 sensus
533 3211 596 3283 sed
613 3211 661 3284 ad
678 3213 856 3285 rationem
875 3215 1068 3311 pertinent,
1088 3213 1152 3285 ubi
1168 3211 1395 3311 disciplinam
1411 3227 1541 3310 regunt
1557 3211 1811 3311 disputationis

212 3342 248 3402 et
272 3331 426 3402 numeri.
450 3330 521 3404 Sed
539 3329 790 3429 disputationis
812 3313 1000 3432 disciplina
1019 3332 1067 3405 ad
1089 3333 1214 3426 omnia
1237 3356 1368 3429 genera
1392 3332 1648 3428 questionum,
1673 3333 1810 3429 quaein

211 3450 321 3522 sacris
344 3448 454 3522 literis
476 3465 561 3523 sunt
582 3451 826 3551 penetranda,
844 3450 1044 3551 plurimum
1063 3452 1171 3525 valet.
1195 3454 1329 3525 Tamen
1351 3451 1403 3525 ibi
1428 3451 1591 3526 cavenda
1616 3468 1671 3527 est
1695 3451 1809 3534 libido

211 3568 353 3666 rixandi
366 3583 403 3642 ct
416 3569 562 3669 puerilis
578 3570 744 3668 quaedam
759 3572 952 3645 ostentatio
969 3571 1173 3672 decipiendi
1188 3572 1446 3646 adversarium.
1464 3575 1558 3646 Sunt
1568 3573 1667 3644 enim
1680 3571 1807 3665 mults,

209 3700 292 3774 quae
312 3676 538 3775 appellantur
560 3677 797 3776 sophismata,
823 3678 917 3758 salse
938 3678 1189 3752 conclusiones
1209 3679 1390 3752 rationum
1411 3692 1448 3752 et
1469 3678 1682 3778 plerumque
1704 3702 1808 3751 veras

211 3796 411 3889 imitantes,
436 3811 568 3871 utnon
584 3797 703 3871 solum
720 3797 843 3872 tardos
861 3799 1050 3873 sedetiam
1070 3801 1275 3895 ingeniosos
1299 3799 1417 3872 minus
1433 3812 1592 3898 attentos
1615 3798 1807 3898 decipiant.

212 3917 321 4005 Quod
339 3940 452 4014 genus
470 3918 711 4016 captiosarum
729 3918 1003 3992 conclusionum
1013 3922 1205 4019 scriptura,
1224 3933 1401 4017 quantum
1418 3919 1597 4012 existimo,
1616 3918 1812 3992 detestatur

213 4034 274 4109 illo
293 4036 375 4109 loco
392 4035 456 4108 ubi
473 4035 611 4110 dictum
627 4042 699 4111 est·
721 4065 730 4109 ε
752 4070 770 4107 α
783 4040 854 4128 Qui
870 4038 1063 4138 sophistice
1079 4038 1255 4136 loquitur,
1277 4037 1421 4112 odibilis
1435 4053 1501 4111 est.
1517 4070 1535 4106 s

261 4158 465 4230 Cumanus.
487 4161 600 4231 Nemo
618 4172 717 4231 certe
731 4173 911 4250 nostr‘am,
930 4159 995 4256 qui
1014 4159 1188 4232 discretus
1209 4173 1275 4252 est,
1302 4156 1503 4231 rationibus
1520 4156 1632 4230 iidem
1647 4158 1813 4256 vestigari

212 4298 255 4348 ac
280 4275 409 4349 discuti
435 4290 549 4368 vetat,
577 4303 645 4351 nec
668 4278 929 4353 rationabiliter
952 4279 1008 4352 liis
1031 4304 1110 4377 quae
1136 4278 1250 4352 dubia
1276 4278 1427 4372 luerint,
1460 4280 1711 4377 acquiescitur,
1743 4279 1812 4352 nisi

213 4418 279 4468 cur
295 4396 596 4496 acquiescendum
615 4399 754 4471 ratione
770 4399 964 4499 praemissa.
981 4402 1070 4488 Quae
1091 4398 1272 4491 videlicet,
1292 4424 1377 4471 cum
1400 4399 1453 4472 rei
1472 4398 1592 4471 dubiae
1607 4397 1718 4471 iidem
1733 4398 1811 4471 cffi-

213 4514 275 4604 cit,
292 4514 455 4612 profecto
470 4515 508 4588 id
523 4515 659 4615 quoda
673 4517 779 4590 vobis
793 4533 1048 4615 argumentum
1062 4496 1195 4590 dicitur
1210 4519 1289 4617 ipsa
1305 4517 1359 4589 fit.
1379 4519 1417 4590 lu
1437 4519 1538 4590 omni
1554 4518 1689 4618 quippe
1704 4517 1812 4593 disci·

212 4631 312 4732 plina
336 4647 408 4706 tarn
425 4633 623 4735 descripto
642 4661 753 4735 quam
778 4637 823 4710 de
845 4638 1020 4711 sententia
1036 4662 1074 4709 se
1092 4637 1221 4735 ingerit
1242 4636 1502 4726 controversia,
1526 4638 1624 4710 etin
1648 4637 1813 4737 quolibet

213 4751 466 4851 disputationis
483 4755 655 4829 conflictu
672 4755 809 4828 firmior
827 4757 976 4830 rationis
991 4758 1120 4831 veritas
1136 4755 1291 4850 reddita,
1310 4782 1423 4856 quam
1442 4758 1637 4831 auctoritas
1653 4771 1811 4832 ostensa.

214 4875 337 4971 Neque
360 4874 459 4947 enim
478 4874 525 4948 ad
549 4873 660 4948 iidem
682 4875 912 4951 astruendam
935 4876 1064 4971 refert,
1083 4877 1176 4976 quid
1198 4877 1244 4951 sit
1267 4877 1306 4950 in
1328 4878 1380 4951 rei
1398 4877 1559 4971 veritate,
1583 4876 1648 4951 sed
1664 4875 1754 4974 quid
1775 4878 1813 4951 in

252 5147 435 5214 ualuas.
448 5161 506 5215 uu,
519 5146 755 5216 r.t.—¹1cclu.,
769 5161 893 5216 capam,
906 5156 964 5205 ul.

335 5260 359 5299 ιι
1655 5241 1695 5301 88
