4559 6100
617 531 913 611 ttt'rttoutttrtto
939 539 1000 613 to
1025 534 1331 610 tuuotootrrt.
1725 539 1773 614 39
1844 639 1850 651 .

174 680 420 781 inseparabilis
444 704 567 754 comes
583 706 795 783 corporum,
820 710 886 786 per
912 687 1041 760 eadem
1062 708 1218 784 corpora
1243 709 1283 758 se
1310 684 1476 761 scindere
1498 700 1664 787 putatur,
1689 691 1774 787 quia

173 801 324 901 Spiritus
337 816 484 875 sanctus
496 815 532 876 et
545 802 755 900 hujusmodi
765 818 831 892 est,
844 806 908 905 qui
924 831 966 881 ex
980 830 1047 880 suo
1063 817 1155 878 statu
1171 829 1280 902 quem
1293 805 1382 879 inse
1396 805 1490 906 ipso,
1503 831 1578 879 non
1591 806 1627 879 in
1640 806 1773 882 ellectis

172 920 247 993 suis
261 919 396 1014 habet,
414 921 567 993 omnino
590 921 739 1021 simplex
758 939 959 1024 essentque
981 920 1307 1015 incommutabilis,
1326 939 1362 996 ct
1385 923 1660 1023 quodammodo
1680 926 1772 999 mul·

174 1039 282 1141 tiplex
303 1063 382 1114 esse
405 1040 607 1113 secundum
633 1040 760 1116 ellectu
788 1058 959 1142 putatur,
977 1043 1079 1144 quod
1108 1056 1163 1115 est
1185 1042 1340 1143 seipsum
1361 1043 1399 1115 in
1420 1067 1574 1144 corpora
1590 1043 1770 1136 scindere,

174 1160 374 1234 secuudum
398 1159 502 1259 quod
525 1161 604 1260 ipsa
624 1159 789 1236 videlicet
811 1165 933 1239 anima
957 1161 1203 1263 inseparabilis
1228 1186 1351 1235 comes
1376 1176 1430 1237 est
1453 1187 1671 1263 corporum,
1689 1188 1773 1237 cum

174 1279 266 1354 lunc
287 1278 426 1353 scilicet
452 1277 722 1380 multiplicitatis
738 1281 929 1358 scissuram
948 1283 1050 1356 nullo
1073 1279 1186 1355 modo
1210 1296 1387 1381 quantum
1404 1280 1452 1355 ad
1469 1282 1623 1381 seipsam
1638 1280 1775 1359 habere

174 1401 300 1500 possit,
319 1398 407 1493 sed,
427 1412 469 1474 ut
490 1398 629 1472 dictum
645 1413 720 1492 est,
739 1417 917 1499 quantum
934 1403 981 1476 ad
995 1401 1134 1492 effecta,
1161 1396 1313 1474 suorum
1333 1400 1500 1475 videlicet
1522 1400 1775 1478 distributione

122 1502 126 1511 ’
174 1519 377 1609 donorum,
396 1543 480 1592 cum
496 1518 602 1595 aliam
628 1520 684 1593 isti
711 1521 879 1617 gratiam,
898 1522 1006 1596 aliam
1031 1521 1081 1594 illi
1098 1520 1251 1615 tribuat,
1278 1536 1314 1594 et
1333 1547 1371 1594 se
1397 1522 1517 1622 ipsum
1533 1523 1681 1621 singulis
1697 1548 1774 1596 non

174 1638 354 1738 equaliter
368 1639 424 1713 vel
444 1638 574 1712 eodem
591 1639 703 1714 modo
721 1641 904 1716 conterat:
926 1657 967 1716 ut
984 1641 1070 1714 hinc
1086 1665 1234 1739 quoque
1245 1641 1357 1714 alium
1374 1643 1541 1740 spiritum
1557 1643 1645 1734 iste,
1662 1643 1775 1717 alium

173 1758 231 1835 ille
253 1758 385 1833 babere
401 1759 554 1832 dicatur.
578 1761 724 1857 Egregie
746 1786 892 1861 quoque
906 1762 1025 1862 putari
1042 1760 1179 1835 dictum
1200 1775 1306 1834 estet
1326 1786 1401 1834 non
1424 1787 1523 1856 esse,
1546 1763 1630 1861 qula
1645 1764 1675 1835 si
1690 1788 1774 1837 vere

174 1903 214 1952 ac
226 1881 373 1978 proprie
388 1880 603 1977 loquamur,
622 1903 698 1952 non
715 1895 769 1952 est
785 1880 862 1953 baec
883 1879 1125 1980 multiplicitas
1146 1880 1311 1979 spiritus,
1333 1879 1397 1954 sed
1413 1880 1624 1954 effectorum
1643 1882 1770 1982 ipsius,

173 2023 256 2071 cum
273 2024 357 2073 eum
369 1998 537 2071 videlicet
552 1997 590 2069 in
602 1999 674 2072 hoc
690 2023 766 2072 uno
783 2000 1004 2100 muliplicem
1019 2001 1201 2092 dicamus,
1220 2000 1307 2098 quia
1323 2000 1534 2100 multiplicia
1550 2001 1656 2093 lacit,
1671 2002 1773 2101 quod

173 2135 224 2192 est
236 2119 364 2192 ellecta
381 2124 459 2218 ejus
474 2117 587 2214 magis
601 2143 677 2192 esse
693 2119 835 2194 diversa
850 2144 960 2218 quatu
971 2121 1105 2220 ipsum.
1124 2124 1216 2192 Cum
1233 2120 1354 2218 itaque
1368 2120 1405 2192 in
1421 2121 1496 2219 ipsa
1508 2121 1630 2194 anima
1645 2120 1773 2194 mundi

173 2237 357 2311 individua
382 2251 419 2312 et
444 2235 615 2328 dividua,
640 2237 738 2326 sive,
768 2252 809 2311 ut
831 2238 971 2311 dictum
996 2253 1067 2333 est,
1095 2236 1223 2312 eadem
1245 2252 1282 2311 et
1307 2236 1447 2312 diversa
1468 2252 1663 2312 concurrat
1683 2239 1774 2314 sub·

171 2359 322 2450 mantia,
346 2355 485 2430 addidit
507 2354 564 2428 his
589 2354 734 2431 duobus
750 2358 786 2429 in
811 2359 890 2458 ipsa
909 2359 1031 2431 anima
1051 2357 1351 2432 concurrentibus
1376 2357 1560 2455 quandam
1580 2358 1774 2432 mixturam

121 2530 136 2569 ,-
171 2475 267 2551 effici
288 2501 332 2550 ex
354 2475 542 2550 individuo
557 2488 594 2549 et
611 2475 776 2569 dividuo,
792 2475 927 2550 scilicet
941 2477 1017 2550 sive
1036 2501 1080 2550 ex
1096 2477 1227 2549 eodem
1245 2491 1280 2547 et
1297 2475 1453 2566 diverso,
1472 2475 1544 2548 hoc
1559 2490 1614 2548 est
1633 2477 1772 2550 incom-

172 2596 335 2671 mutabili
350 2611 387 2670 et
401 2595 578 2669 mutabili.
598 2601 637 2667 ln
654 2618 727 2695 qua
740 2593 908 2694 quidem,
928 2609 967 2668 ut
987 2596 1039 2668 ita
1054 2595 1174 2669 dicam
1186 2572 1368 2685 ,'mixtura
1384 2595 1537 2694 Spiritus
1558 2596 1673 2669 sancti
1686 2620 1771 2695 pro-

172 2717 301 2815 prietas
316 2716 568 2815 distinguitur,
586 2731 622 2790 ct
638 2716 774 2814 integre
788 2715 932 2789 videtur
945 2739 1112 2814 expressa
1128 2728 1203 2788 tam
1223 2715 1260 2787 iu
1285 2714 1416 2814 seipso
1431 2737 1543 2811 quam
1560 2715 1597 2787 in
1615 2715 1769 2811 effectis,

173 2851 211 2907 ut
224 2835 363 2910 dictum
376 2851 451 2925 est,
466 2837 552 2909 suis.
568 2835 664 2908 Dicit
680 2834 804 2934 itaque
812 2890 824 2924 ,
839 2836 926 2933 quia
936 2838 1034 2908 Deus
1049 2833 1121 2907 hoc
1137 2835 1282 2907 tertium
1300 2833 1505 2906 substantiae
1517 2857 1646 2932 genus,
1662 2835 1711 2908 ita
1730 2850 1770 2908 ut

171 2954 305 3029 dictum
320 2970 391 3046 est,
410 2957 585 3047 mixtum,
606 2955 740 3028 locavit
764 2953 926 3028 medium
942 2954 1036 3027 iuter
1054 2968 1245 3054 utramque
1266 2951 1526 3050 substantiam,
1550 2953 1772 3028 individuam

172 3074 302 3150 scilicet
326 3091 437 3176 atque
460 3074 666 3169 dividuam,
694 3076 781 3174 qnia
802 3099 889 3148 cum
910 3075 955 3147 sit
982 3075 1060 3173 ipse
1084 3074 1230 3173 spiritus
1254 3099 1299 3147 ex
1321 3078 1417 3164 Deo,
1439 3089 1611 3173 tanquam
1628 3073 1773 3175 abipso

173 3195 394 3293 procedens,
414 3210 608 3294 unumque
631 3219 759 3268 eorum
786 3193 833 3267 ab
861 3195 941 3293 ipso
968 3191 1079 3267 habet
1103 3194 1161 3289 agi
1184 3216 1303 3291 aquo
1330 3217 1407 3266 esse
1424 3192 1547 3267 habet.
1571 3197 1615 3267 Et
1631 3194 1705 3268 hoc
1719 3211 1773 3269 est

173 3314 311 3405 dicere,
330 3315 436 3414 quod
451 3319 549 3388 Deus
566 3313 700 3388 locavit
728 3313 798 3388 boc
821 3314 940 3412 ipsum
968 3313 1097 3386 animae
1126 3337 1239 3411 genus
1262 3313 1356 3386 inter
1377 3327 1528 3411 utraque
1551 3336 1660 3410 supra
1676 3313 1771 3388 dicta

173 3436 271 3532 quasi
290 3433 451 3509 medinm
464 3434 611 3526 horum,
630 3432 703 3507 hoc
716 3447 769 3506 est
785 3432 938 3506 mixtum
955 3456 998 3504 cr
1014 3432 1065 3505 eis
1081 3457 1092 3503 z
1107 3432 1194 3503 acsi
1213 3429 1364 3520 diceret,
1383 3429 1486 3528 quod
1497 3429 1545 3503 ab
1557 3430 1637 3531 ipso
1655 3435 1734 3505 Deo
1750 3458 1772 3506 a

172 3577 245 3651 qno
258 3569 331 3642 est,
356 3556 434 3655 ipsa
452 3555 574 3629 anima
596 3569 671 3627 tam
687 3552 760 3625 hoc
782 3576 893 3652 quam
908 3549 998 3624 illud
1013 3547 1141 3637 habet,
1169 3563 1210 3621 ut
1226 3547 1392 3622 videlicet
1409 3562 1446 3622 et
1460 3546 1648 3622 individua
1664 3551 1710 3624 sit
1731 3568 1773 3625 nt

172 3672 370 3749 substantia
386 3699 465 3767 sua,
483 3689 519 3750 et
529 3674 676 3750 dividua
694 3672 893 3748 secondum
910 3672 1050 3745 ellecta.
1071 3668 1180 3758 Quod
1197 3681 1319 3743 antem
1337 3668 1473 3742 dictum
1491 3682 1545 3742 est
1565 3699 1585 3736 α
1600 3668 1731 3742 locavit
1750 3700 1769 3739 s

171 3816 331 3891 congrue
348 3793 486 3869 dictum
502 3808 556 3868 est
566 3795 668 3892 juxta
684 3791 934 3893 metaphoram
950 3790 1145 3866 locutionis
1165 3814 1238 3887 qua
1257 3788 1395 3862 dictum
1416 3803 1470 3862 est
1492 3788 1654 3863 medium
1669 3792 1771 3888 quasi

169 3911 264 3986 inter
278 3914 401 4013 aliqua
417 3914 684 3988 circumstantia
698 3912 954 3988 collocandum
962 3917 984 3982 ¹.
1002 3916 1198 4009 Postquam
1222 3923 1344 3982 autem
1369 3908 1560 4007 assignavit
1579 3907 1770 3982 mixturam

169 4033 300 4106 animae
314 4058 358 4106 ex
370 4031 557 4107 individuo
571 4047 608 4106 et
618 4031 789 4126 dividuo,
802 4033 929 4106 transit
943 4031 991 4104 ad
1006 4031 1200 4102 mixturam
1217 4052 1260 4101 ex
1278 4026 1409 4101 eodem
1420 4041 1458 4100 et
1471 4027 1633 4120 diverso,
1647 4026 1771 4101 dicens

167 4153 330 4225 animam
345 4152 511 4227 eamdem
524 4150 655 4234 eodem
669 4151 782 4226 modo
792 4152 975 4226 exeodem
986 4164 1023 4223 et
1033 4148 1176 4222 diverso
1189 4148 1402 4241 consistere3
1420 4147 1514 4220 sicut
1526 4170 1570 4219 ex
1582 4145 1770 4221 individuo

165 4284 205 4342 et
218 4269 375 4344 dividuo
387 4271 561 4345 consistit
582 4270 706 4369 Cujus,
725 4271 857 4370 inquit,
877 4295 959 4370 pars
974 4267 1088 4358 idem,
1098 4291 1182 4367 pars
1193 4265 1376 4339 diversum
1395 4278 1557 4354 vocetur,
1572 4289 1656 4338 cnm
1673 4264 1772 4340 vide·

164 4389 255 4464 ticet
269 4390 417 4489 spiritus
431 4389 491 4462 itte
506 4403 543 4463 et
564 4390 662 4465 idem
678 4389 723 4463 sit
738 4389 776 4462 in
791 4387 990 4463 substantia
1006 4411 1092 4460 cum
1108 4388 1188 4459 Deo
1203 4400 1240 4459 et
1257 4388 1406 4483 ttoym·,
1430 4383 1468 4457 id
1490 4398 1545 4457 est
1566 4388 1771 4459 compatre

164 4522 203 4581 et
221 4509 338 4602 Filio,
367 4524 404 4583 et
426 4507 590 4584 diversus
615 4509 655 4583 in
683 4510 903 4609 proprietate
919 4529 1104 4609 personae.
1127 4509 1323 4580 Possumus
1350 4518 1387 4578 et
1412 4501 1596 4596 eumdem,
1625 4502 1699 4576 hoc
1721 4517 1775 4576 est

163 4627 503 4703 incommutabilem
530 4652 616 4703 eum
649 4629 686 4701 in
714 4653 753 4702 se
785 4627 928 4721 dicere,
959 4640 997 4701 et
1033 4624 1215 4700 diversum
1249 4621 1526 4725 quodammodo
1551 4647 1618 4723 per
1642 4621 1769 4696 effecta

159 4773 268 4840 eme,
284 4773 372 4823 cnm
390 4772 465 4822 non
490 4747 609 4821 solnm
633 4748 710 4850 ipse
726 4771 806 4847 quae
828 4746 969 4821 diversa
983 4759 1093 4839 sunt,
1111 4745 1254 4832 lecerit,
1274 4743 1476 4818 secundum
1490 4740 1594 4843 quod
1609 4742 1775 4843 supoeius

159 4866 310 4941 dicttrm
335 4880 390 4941 est
415 4892 459 4941 ex
493 4866 643 4944 dividua
678 4881 845 4944 constare
878 4864 1100 4943 substantia.
1135 4864 1369 4939 verumetiam
1401 4886 1444 4937 ea
1473 4888 1537 4962 per
1566 4876 1778 4962 temporum

193 5099 1012 5203 ·c·uuecottoaue.-·sacocuemaam'
