4559 6100
632 536 927 632 turnonucrto
954 563 1014 634 an
1039 562 1344 636 rnnotocuu.
1738 570 1786 640 aa

193 710 382 782 deservire.
412 716 454 779 at
473 732 545 779 non
563 707 685 781 deerat
709 725 745 780 et
758 707 847 781 illud
865 709 964 804 quod
982 710 1018 781 in
1038 710 1286 781 Ecclesiastico
1304 711 1476 808 scriptum
1491 715 1589 781 est⁸r
1608 744 1625 778 α
1640 716 1787 813 Sapien-

195 832 279 901 tiam
298 828 462 900 omnium
479 827 709 924 antiquorum
725 829 886 926 exquiret
902 829 1056 928 sapiens,
1071 844 1107 900 et
1123 829 1159 899 in
1171 829 1361 926 Prophetis
1375 826 1527 901 vacabit.
1542 833 1789 905 Narrationem

196 950 356 1020 virorum
386 947 657 1019 nominatorum
680 946 928 1037 conservabit,
961 962 996 1019 et
1019 948 1190 1020 versutias
1208 947 1464 1046 parabolarum
1483 947 1589 1019 simul
1611 949 1785 1022 introibit.

199 1066 346 1139 Occulta
362 1066 639 1165 proverbiorum
656 1066 834 1163 exquiret,
854 1081 889 1138 et
906 1068 941 1137 in
957 1066 1177 1141 absconditis
1193 1065 1447 1165 parabolarum
1471 1067 1751 1142 conversabitur.
1769 1104 1785 1136 »

199 1191 297 1257 turta
314 1186 415 1282 quod
432 1201 469 1258 et
484 1186 655 1257 Salomon
673 1187 766 1283 ipse,
791 1185 918 1277 beato,
938 1201 1102 1285 utsupra
1119 1187 1368 1274 meminimus,
1390 1200 1538 1258 testante
1552 1187 1785 1284 Hieronymo,

200 1307 328 1404 inipso
350 1306 469 1377 statim
484 1304 755 1376 Proverbiorum
770 1305 919 1378 exordio
944 1322 1165 1399 commonet,
1190 1320 1229 1376 ut
1248 1305 1485 1402 intelligamus
1503 1330 1686 1378 sermones
1703 1334 1787 1408 pru·
1880 1394 1884 1399 Ι

199 1425 342 1514 dentiae,
362 1418 607 1521 versutiasque
621 1422 889 1521 parabolarum,
913 1441 948 1497 et
969 1423 1164 1497 obscurum
1180 1448 1402 1514 sermonem,
1423 1424 1519 1497 dicta
1535 1424 1734 1525 sapientum
1754 1444 1787 1499 et

199 1545 393 1642 enigmata.
424 1548 512 1631 Quae
527 1545 685 1643 proprie,
710 1558 749 1615 ut
774 1544 824 1616 ait
838 1545 1090 1641 Hieronymus,
1115 1545 1383 1617 dialecticorum
1401 1558 1483 1615 sunt
1501 1559 1535 1615 et
1551 1544 1788 1644 pbilosopho-
1894 1612 1896 1617 ,

200 1688 297 1752 rum,
322 1663 469 1734 undeet
486 1687 507 1734 a
523 1664 652 1734 sanctis
674 1662 907 1761 postmodum
926 1663 1107 1752 Patribus,
1129 1689 1204 1735 non
1223 1665 1420 1760 incongrue
1437 1662 1637 1735 liberalium
1658 1667 1788 1737 artium

200 1781 312 1855 studia
337 1798 521 1880 tamquam
544 1806 651 1855 sacrae
674 1784 812 1880 paginae
833 1781 1032 1855 admodum
1051 1783 1247 1855 necessaria
1260 1782 1455 1881 plurimum
1473 1782 1785 1873 commendantur,

201 1927 279 1974 cum
296 1903 448 1974 omnino
467 1900 790 2000 poeticafigmenta
805 1900 1013 1974 Christianis
1029 1902 1307 1990 interdicantur,
1327 1925 1401 1972 non
1419 1900 1537 1973 solnm
1557 1903 1788 1999 quialallaci·

202 2036 267 2094 tate
292 2023 422 2095 referta
446 2037 542 2113 sunt,
567 2036 604 2094 et
630 2046 671 2093 os
696 2020 797 2119 quod
820 2022 992 2094 mentitur
1013 2022 1146 2095 oceidit
1161 2023 1336 2115 animum,
1365 2046 1490 2093 verum
1508 2024 1717 2120 etiam-quia
1735 2027 1789 2095 in·

201 2144 321 2215 anium
336 2143 537 2216 fabularum
561 2141 838 2239 cogitationibus
859 2141 906 2214 ad
924 2141 1098 2214 desideria
1121 2140 1385 2240 turpitudinum
1403 2166 1482 2238 quae
1507 2140 1689 2238 linguntur
1705 2145 1788 2216 alli-

200 2263 298 2333 ciunt
320 2263 489 2354 animam,
513 2276 622 2357 atque
646 2286 788 2333 asacre
804 2262 968 2334 lectionis
983 2262 1102 2333 studio
1119 2285 1187 2332 nos
1203 2259 1398 2332 abducunt.
1423 2264 1478 2331 Dc
1495 2261 1652 2357 utrisque
1668 2278 1788 2335 autem

203 2381 242 2450 iu
269 2398 438 2480 promptu
461 2396 544 2454 sunt
566 2396 773 2453 sanctorum
800 2381 1001 2452 testimonia
1022 2379 1139 2452 nobis.
1159 2380 1325 2474 Synodus
1343 2380 1491 2476 Eugenii
1507 2404 1607 2478 papae
1627 2396 1789 2479 ternpore

202 2499 372 2573 Ludovici
393 2530 403 2571 ε
424 2531 441 2569 a
460 2507 512 2574 Dc
532 2500 766 2597 quibusdam,
785 2500 918 2597 inquit,
933 2500 1039 2591 locis,
1059 2498 1105 2570 ad
1123 2524 1190 2570 nos
1208 2497 1358 2570 refertur
1376 2523 1451 2569 non
1470 2499 1655 2593 magistros
1673 2526 1788 2597 neque

201 2642 321 2691 curam
346 2622 496 2693 inveniri
516 2646 583 2720 pro
603 2620 723 2693 studio
747 2620 942 2691 literarum.
975 2618 1112 2691 Idcirco
1137 2618 1312 2690 universis
1341 2618 1518 2716 episcopis
1550 2618 1788 2718 subjectisque

202 2736 362 2834 plebibus
377 2754 413 2812 et
425 2741 502 2812 aliis
518 2740 620 2832 locis,
639 2737 824 2837 inquibus
842 2738 1032 2809 necessitas
1053 2737 1261 2827 occurrerit,
1284 2738 1435 2807 omnino
1452 2760 1539 2807 cura
1557 2752 1591 2807 et
1607 2736 1789 2834 diligentia

201 2856 426 2946 adhibeatur,
456 2876 494 2932 ut
510 2861 664 2957 Magistri
685 2872 721 2930 et
737 2862 912 2929 Doctores
928 2857 1208 2945 constituantur,
1236 2857 1298 2953 qui
1318 2855 1434 2928 studia
1457 2855 1639 2928 literarum
1656 2857 1786 2932 libera-

202 2976 358 3076 liumque
377 2980 506 3053 artium
523 2978 717 3070 habentes,
745 2977 914 3076 dogmata
934 2975 1108 3065 doceant,
1127 2976 1211 3072 quia
1236 2976 1272 3045 in
1293 2974 1349 3047 his
1368 2976 1521 3046 maxime
1535 2974 1655 3047 divina
1670 2983 1789 3051 mani-

200 3095 371 3170 testantur
385 3115 491 3197 atque
505 3099 730 3172 declarantur
744 3096 922 3169 mandata.
931 3124 948 3162 a
960 3100 1019 3167 De.
1024 3095 1173 3194 poeticis
1185 3110 1305 3167 autem
1317 3094 1504 3191 tigmentis,
1520 3121 1613 3193 quos
1626 3101 1790 3171 nonnulli

199 3214 308 3289 libros
340 3221 588 3293 Grammaticae
618 3242 747 3291 vocare
781 3230 1066 3306 consueverunt,
1101 3240 1146 3300 eo
1176 3214 1274 3312 quod
1302 3214 1441 3312 parvuli
1472 3219 1517 3285 ad
1551 3215 1789 3290 eruditionem

197 3341 436 3431 grammaticae
452 3339 615 3411 lectionis
626 3363 687 3410 eos
704 3338 818 3434 legere
835 3334 929 3406 soliti
946 3335 1027 3420 sint,
1046 3333 1129 3404 talia
1144 3348 1353 3405 sanctorum
1366 3335 1483 3404 sanxit
1493 3334 1697 3405 auctoritas.
1714 3340 1791 3407 Hie·

194 3481 373 3553 ronymus
390 3457 438 3530 ad
449 3464 660 3531 Damascum
674 3463 812 3555 Papam
825 3455 870 3528 de
886 3453 961 3524 filio
977 3451 1129 3550 prodigo
1138 3457 1169 3521 ¹:
1182 3482 1199 3520 a
1215 3457 1425 3522 Daemonum
1446 3449 1549 3522 cibus
1566 3466 1619 3524 est
1631 3459 1789 3529 carmina

198 3579 406 3664 Poetarum,
423 3579 644 3651 Secularium
656 3576 815 3666 scientia,
829 3573 1104 3645 Rhetoricorum
1114 3595 1248 3669 pompa
1259 3569 1467 3643 verborum.
1484 3601 1500 3635 »
1522 3575 1564 3641 Et
1575 3586 1656 3668 post
1672 3571 1789 3668 aliqua

12 3687 17 3862 y
189 3709 384 3794 tamquam
401 3697 516 3770 *Exodi
530 3697 617 3770 illud
634 3695 682 3769 ad
699 3710 854 3767 mentem
872 3694 1088 3764 recurreret⁸
1102 3716 1110 3760 :
1125 3721 1141 3756 tt
1158 3695 1226 3762 Per
1242 3713 1374 3761 nomen
1391 3703 1619 3761 externorum
1638 3691 1789 3764 deorum

188 3839 273 3885 non
284 3814 464 3912 jurabitis,
477 3842 594 3913 neque
611 3816 825 3888 audieturex
842 3837 905 3884 ore
916 3825 1047 3883 vestro.
1060 3842 1076 3872 »
1096 3839 1113 3877 a
1127 3808 1237 3900 Absit,
1257 3811 1387 3904 inquit,
1408 3823 1444 3879 ut
1462 3808 1507 3880 de
1525 3834 1588 3881 ore
1601 3809 1790 3883 Christiani

182 3950 304 4006 sonet
314 3937 451 4033 Jupiter
460 3937 702 4035 omnipotens,
715 3951 749 4006 et
761 3960 819 4007 me
833 3932 1015 4022 Hercules,
1028 3953 1087 4001 me
1097 3933 1235 4021 Castor,
1253 3943 1291 4002 et
1302 3945 1428 4000 catera
1444 3933 1558 4027 magis
1570 3933 1790 4025 omnpoten-

180 4058 245 4123 te'a
259 4080 371 4152 quom
381 4059 542 4126 numina.
562 4063 604 4127 At
621 4055 837 4127 nuncetiam
850 4049 1053 4124 sacerdotes
1068 4051 1148 4141 Dei,
1168 4050 1306 4120 omissis
1322 4048 1521 4143 Evangeliis
1536 4062 1570 4119 et
1590 4047 1788 4147 Prophetis,

177 4173 366 4246 ridemus
378 4175 572 4247 comoedias
585 4176 716 4271 legere,
735 4172 907 4252 amatoria
925 4168 1174 4240 bucolicorum
1190 4191 1357 4238 versuum
1375 4164 1482 4237 verba
1494 4180 1649 4257 cantare,
1669 4181 1791 4240 unere

172 4291 406 4389 Virgilium3
425 4309 461 4365 et
481 4294 518 4365 id
535 4294 634 4392 qnod
650 4296 687 4364 in
704 4293 825 4391 pueris
840 4287 1055 4362 necessitatis
1074 4301 1145 4374 est,
1163 4287 1298 4356 crimen
1315 4285 1352 4357 in
1370 4309 1407 4357 se
1425 4285 1541 4357 lacere
1559 4287 1789 4359 voluntatis.»

168 4413 298 4484 ldem
315 4438 424 4510 super
434 4412 631 4509 Epistolam
649 4411 700 4482 nd
707 4411 917 4508 Ephesios⁸z
934 4437 952 4475 o
968 4405 1136 4491 Educate,
1157 4406 1206 4476 ait
1217 4405 1418 4502 Apostolus,
1440 4402 1533 4476 filios
1549 4405 1587 4475 in
1603 4404 1790 4503 disciplina

164 4546 207 4603 et
228 4533 474 4602 correctione
488 4533 598 4604 Dei.»
614 4537 746 4627 Legunt
764 4526 928 4628 Episcopi
945 4541 1052 4623 atque
1066 4522 1279 4620 Presbyteri,
1295 4524 1357 4619 qui
1369 4522 1462 4594 filios
1476 4548 1561 4595 suos
1575 4524 1792 4597 secularibus

157 4650 306 4723 literis
331 4650 521 4739 erudiunt,
546 4666 581 4723 et
598 4651 732 4723 iaciunt
747 4646 943 4721 comoedias
963 4645 1102 4741 legere,
1122 4660 1157 4715 et
1173 4667 1338 4715 amorum
1361 4643 1477 4741 turpia
1500 4644 1631 4742 scripta
1648 4660 1790 4715 cantare

152 4771 214 4843 de
255 4770 517 4842 ecclesiasticis
537 4795 683 4869 quoqne
699 4769 900 4869 sumptibus
925 4765 1100 4856 eruditos,
1120 4778 1153 4835 et
1175 4761 1276 4860 quod
1297 4763 1332 4832 in
1350 4762 1544 4835 corbanam
1563 4787 1630 4861 pro
1645 4778 1790 4861 peccato

190 5076 197 5099 ⁴
212 5066 538 5126 natumnatum.
553 5070 561 5115 t
576 5074 647 5126 etsq.
662 5059 880 5128 -¹opp.,t.ltt,
897 5076 921 5124 p.
941 5065 963 5120 t,
976 5063 1021 5111 cot.
1039 5053 1321 5116 1⁵3.-⁸ssroo.,cap.
1337 5067 1414 5112 xxm,
1425 5068 1446 5102 v.
1463 5053 1736 5115 ta.-⁴ttpt1n.‚cap.
1757 5069 1794 5112 vt,

141 5167 160 5198 v
203 5155 239 5210 a,
264 5146 363 5208 opp..
387 5153 404 5192 t.
428 5143 507 5207 ΜΡ.
531 5146 685 5208 nectabo.
