4559 6100
692 487 737 562 lN
761 489 1008 566 artsrouan
1032 490 1094 566 tn
1118 488 1344 563 ROMANOS.
1743 491 1813 563 465

220 637 283 713 tilii
296 638 357 710 irae
373 637 539 727 dicimur,
556 639 672 712 renati
687 639 867 738 baptismo
881 665 947 740 per
960 640 1193 739 adoptionem
1209 664 1286 712 esse
1302 641 1494 739 incipimus
1510 641 1608 739 quod
1625 665 1699 713 non
1717 644 1816 741 prius

219 782 373 832 mamus.
395 758 458 830 llle
486 759 605 856 itaque
625 757 705 831 licet
722 783 787 858 per
800 761 948 858 gratiam
960 760 1160 833 secundum
1181 758 1442 831 humanitatem
1458 758 1551 832 iilius
1567 759 1719 852 dicatur,
1740 786 1814 833 non

221 892 340 950 tamen
356 901 421 974 per
430 875 665 976 adoptionem
682 878 754 950 hoc
767 880 916 978 accepit,
930 881 992 977 qui
1002 879 1076 951 hoc
1088 904 1132 952 ex
1143 903 1217 977 quo
1234 876 1312 969 fuit,
1327 877 1467 950 habuit.
1484 877 1588 952 Unde
1599 878 1753 950 Hilarius
1770 879 1816 952 de

224 998 411 1087 Trinitate,
424 995 486 1068 lib.
501 998 566 1068 Xll
579 1023 619 1067 :c
638 1000 682 1068 Et
700 1021 767 1070 nos
778 997 926 1095 quidem
942 999 1019 1070 Filii
1030 999 1109 1089 Dei,
1127 998 1192 1071 sed
1205 995 1456 1097 perfecturam
1474 996 1556 1089 fitii;
1574 998 1707 1070 fuimus
1719 999 1815 1070 enirn

220 1104 415 1214 aliquando
431 1115 494 1189 lilii
508 1115 714 1208 iracundiae,
726 1116 788 1189 sed
803 1116 880 1189 Filii
888 1118 955 1190 Dei
971 1142 1036 1216 per
1052 1117 1286 1216 adoptionem
1299 1115 1429 1208 effecti,
1446 1131 1482 1189 et
1497 1116 1569 1189 dici
1580 1117 1617 1189 id
1637 1141 1817 1190 meremur

219 1235 469 1333 potiusquam
488 1234 684 1308 nascimur.
706 1240 750 1308 Et
764 1237 846 1334 quia
862 1261 972 1308 omne
986 1237 1087 1334 quod
1104 1235 1156 1324 fit,
1173 1250 1365 1333 antequam
1384 1235 1532 1309 batnon
1546 1236 1625 1330 suit,
1647 1262 1715 1309 nos
1730 1262 1815 1310 cum

219 1352 283 1425 filii
300 1377 377 1426 non
395 1354 596 1457 fuissemus,
611 1355 708 1430 adid
725 1355 825 1453 quod
840 1380 962 1428 sumus
977 1354 1168 1428 efficimur.
1190 1359 1280 1427 Ante
1295 1353 1393 1429 enim
1412 1353 1476 1426 lilii
1488 1380 1563 1428 non
1580 1379 1736 1442 eramus,
1753 1356 1814 1428 scd

218 1448 415 1572 postquam
425 1477 638 1566 meruimus,
656 1474 728 1547 hoe
743 1499 880 1548 sumus.
896 1478 1026 1547 Sumus
1041 1490 1164 1547 autern
1176 1499 1251 1546 non
1262 1474 1350 1565 nati,
1366 1473 1429 1547 sed
1447 1473 1545 1564 facti3
1560 1498 1678 1572 neque
1711 1499 1816 1571 gene·

218 1595 301 1686 rati,
318 1593 383 1666 sed
397 1595 575 1692 acquisiti.
593 1595 786 1694 acquisivit
811 1595 909 1668 enirn
930 1593 999 1668 sibi
1015 1597 1111 1668 Deus
1133 1594 1323 1694 populum,
1346 1608 1382 1666 et
1402 1618 1468 1693 per
1492 1593 1564 1666 hoe
1587 1595 1720 1690 genuit.
1745 1598 1816 1667 Ge·

219 1714 347 1787 unisse
362 1729 483 1788 autem
507 1718 706 1791 Dominum
734 1714 827 1788 filios
851 1740 1040 1814 nunquam
1056 1740 1139 1789 cum
1159 1714 1385 1814 proprietatis
1409 1713 1666 1812 significatione
1683 1740 1816 1813 cogno·

218 1834 365 1908 scimus.
379 1864 398 1906 u

272 1983 291 2022 u
302 1957 372 2028 Per
380 1981 488 2055 quem
505 1960 707 2058 accepimus
719 1960 869 2058 gratiam
886 1975 923 2033 et
938 1960 1191 2060 apostolatum.
1207 1959 1496 2034 »Commendata
1507 1957 1635 2031 Christi
1645 1983 1812 2056 persona,

218 2073 378 2151 adnectit
402 2077 758 2151 commendationem
783 2104 868 2173 suae,
894 2080 969 2152 sive
996 2078 1105 2153 officii
1130 2082 1199 2175 sui,
1220 2107 1303 2154 cum
1325 2106 1363 2154 se
1385 2105 1407 2153 a
1431 2095 1533 2153 tanto
1554 2093 1701 2153 auctore
1725 2080 1816 2151 mitti

218 2193 385 2291 perhibet
401 2197 448 2271 ad
466 2197 748 2297 praedicandum,
769 2213 809 2270 ut
825 2199 951 2271 saltem
968 2221 1010 2271 ex
1026 2200 1235 2272 auctoritate
1258 2201 1430 2273 mittentia
1448 2184 1579 2296 suscipi
1597 2198 1673 2294 ejus
1690 2197 1816 2295 praedi-

218 2313 317 2385 catio
326 2313 464 2388 debeat.
479 2345 496 2385 a
507 2318 666 2390 Gratiam
677 2333 713 2390 et
725 2317 980 2417 apostolatum,
991 2346 1009 2386 u
1021 2317 1092 2390 hoc
1105 2334 1171 2411 est,
1184 2317 1399 2417 praedicandi
1412 2316 1586 2409 officium,
1604 2318 1723 2414 gratis,
1738 2341 1814 2387 non

216 2454 262 2502 ex
279 2434 416 2507 meritis
431 2436 517 2526 suis,
533 2436 568 2509 ei
584 2435 755 2509 collatum
768 2442 779 2529 ;'
796 2436 853 2509 vel
869 2437 989 2535 primo
1019 2438 1168 2534 gratiam
1187 2437 1224 2509 in
1241 2436 1478 2509 conversione
1497 2435 1610 2532 ipsius
1634 2448 1669 2507 et
1692 2436 1815 2506 remis·

215 2551 320 2625 sione
338 2569 581 2653 peccatorum,
602 2580 664 2628 seu
679 2555 917 2628 collocatione
934 2555 1121 2644 virtutum,
1148 2556 1204 2627 vel
1220 2554 1479 2627 miraculorum
1495 2567 1558 2625 aut
1573 2552 1815 2650 quorumlibet

214 2670 415 2766 donorum,
429 2687 466 2746 et
481 2687 604 2773 postea
622 2672 876 2773 apostolatum,
891 2673 981 2746 dum
995 2673 1041 2746 ad
1058 2673 1328 2773 praedicandum
1351 2674 1479 2746 missus
1495 2686 1561 2745 est.
1583 2676 1732 2745 Possent
1749 2676 1817 2745 Ro·

215 2792 317 2862 mani
332 2791 506 2890 Apostolo
523 2792 665 2868 dicere:
679 2797 723 2866 Et
738 2795 769 2866 si
785 2793 831 2866 ad
847 2793 1089 2894 apostolatum
1098 2807 1248 2866 vocatus
1258 2818 1308 2884 es,
1324 2817 1399 2865 non
1415 2806 1535 2865 tamen
1550 2815 1659 2890 super
1673 2805 1813 2888 gentes;

215 2906 272 2980 rel
290 2934 399 3008 super
409 2925 533 3009 gentes
544 2912 696 3011 aliquas,
717 2937 792 2986 nou
815 2927 935 2985 tamen
954 2935 1062 3012 super
1086 2936 1167 2985 nos.
1192 2912 1277 2985 ldeo
1299 2911 1432 3004 subdit,
1455 2939 1474 2979 «
1489 2912 1527 2983 iu
1545 2910 1717 2983 omnibus
1733 2936 1818 3006 gen·

213 3027 359 3101 tibus.»
372 3034 452 3104 Hoc
467 3044 533 3125 est,
549 3046 591 3106 ut
606 3032 776 3106 omnibus
791 3032 1013 3132 ubicumque
1025 3032 1233 3133 praedicaret
1246 3030 1429 3129 gentilium
1447 3030 1665 3103 nationibus.
1685 3034 1817 3104 Gentes

211 3150 290 3222 sive
306 3152 471 3224 nationes
487 3152 671 3241 dicuntur,
683 3155 785 3251 quasi
800 3153 889 3227 tales
905 3154 1029 3252 quales
1044 3153 1169 3251 genitae
1186 3153 1242 3225 vel
1257 3166 1360 3238 natae,
1380 3151 1450 3224 hoc
1466 3165 1520 3224 est
1537 3153 1613 3223 sine
1629 3151 1816 3251 disciplina

209 3264 321 3364 legis,
345 3272 446 3368 quasi
463 3272 618 3371 pecudes
635 3272 806 3345 viventes.
836 3273 967 3370 Pagani
992 3286 1112 3346 autem
1127 3295 1149 3343 a
1164 3294 1258 3369 pago
1282 3269 1367 3343 dicti
1388 3284 1485 3359 sunt,
1501 3270 1540 3341 id
1553 3284 1618 3360 est,
1642 3269 1815 3342 nullaseu

208 3411 434 3488 quacunque
447 3393 637 3465 mansione
649 3406 747 3465 extra
764 3392 957 3482 civitatem,
974 3406 1015 3464 ut
1030 3392 1102 3463 sint
1117 3391 1262 3490 pagani,
1276 3390 1377 3488 quasi
1390 3390 1509 3461 rustici
1522 3403 1559 3461 et
1575 3413 1649 3462 non
1669 3389 1812 3474 urbani,

203 3507 279 3603 qui
302 3509 470 3582 nondum
487 3510 626 3608 legibus
648 3512 800 3584 civitatis
826 3511 872 3583 ad
899 3526 995 3583 recte
1007 3524 1068 3583 aut
1081 3510 1233 3582 honeste
1248 3508 1445 3582 vivendum
1465 3509 1628 3581 instructi
1639 3519 1739 3580 ‘sunt
1756 3513 1816 3580 Est
1895 3538 1900 3541 ·

201 3627 352 3727 quippe
371 3629 496 3704 civitas
518 3646 717 3704 conventus
741 3631 946 3721 homiuum,
973 3654 1078 3729 aequo
1096 3630 1179 3729 jure
1200 3631 1412 3702 viventium.
1440 3629 1513 3716 Qui
1540 3652 1625 3726 ergo
1643 3629 1817 3700 aciritate

198 3746 281 3817 Dei
302 3748 449 3845 penitus
469 3748 576 3822 alieni
598 3764 713 3844 eraut,
738 3750 845 3823 nullis
865 3749 984 3822 adhuc
1009 3750 1139 3822 divinis
1161 3749 1301 3846 legibus
1325 3748 1501 3840 instructi,
1529 3749 1657 3819 merito
1687 3751 1817 3847 pagani

192 3879 316 3937 erant
337 3868 520 3966 appellati,
545 3869 609 3966 qui
628 3893 728 3941 nunc
754 3893 793 3942 se
816 3872 1013 3943 Saracenos
1035 3869 1149 3965 magis
1180 3894 1289 3967 quam
1322 3872 1502 3966 agarenos
1526 3868 1657 3939 vocari·
1674 3867 1814 3956 volunt,

189 3983 316 4081 quasi
334 3987 457 4059 asara
473 3986 587 4059 libem
602 3989 714 4085 magis
737 4013 847 4084 quam
872 3987 918 4061 ab
945 3991 1035 4085 Agar
1058 3987 1187 4061 ancilla
1211 3988 1412 4086 nuncupari
1436 4011 1474 4058 se
1495 3975 1698 4084 gloriantes.
1730 4018 1748 4054 a
1766 3988 1816 4058 td

185 4103 462 4177 obediendum
488 4104 586 4179 fidei.
610 4137 628 4173 r
652 4111 730 4180 Hoc
753 4122 819 4200 est,
851 4106 899 4180 ad
921 4132 964 4179 ea
988 4127 1099 4206 opera
1123 4105 1308 4206 implenda
1332 4131 1411 4204 quae
1428 4121 1511 4178 ante
1534 4104 1725 4178 crediderit
1750 4109 1816 4178 im·

182 4222 363 4321 plenda.
378 4225 500 4297 Primo
511 4226 648 4326 quippe
663 4227 746 4298 sciri
763 4240 908 4326 oportet
923 4244 1010 4324 quar*
1021 4227 1186 4300 facienda
1202 4242 1285 4299 sunt
1300 4249 1410 4323 quam
1425 4249 1535 4325 opere
1548 4225 1808 4322 compleantur.

180 4373 207 4412 α
232 4347 323 4415 Pro
333 4345 486 4418 nomine
499 4345 589 4442 ejus.
603 4374 623 4415 u
642 4345 683 4418 ld
704 4361 757 4418 est
777 4347 843 4418 Dei
860 4346 934 4418 sive
950 4346 1095 4440 Christi,
1114 4361 1156 4418 ut
1172 4344 1338 4419 videlicet
1354 4347 1431 4444 ipse
1446 4360 1697 4443 cognoscatur,
1713 4361 1748 4418 et
1763 4346 1814 4417 sic

171 4478 369 4554 ametur,
386 4463 587 4537 secundum
601 4464 701 4563 quod
717 4466 793 4565 ipse
804 4465 965 4538 Christus
981 4466 1027 4540 de
1040 4491 1078 4539 se
1095 4482 1131 4539 et
1149 4471 1252 4539 Patre
1269 4464 1441 4563 loquitur,
1457 4493 1476 4533 u
1493 4478 1533 4537 ut
1544 4479 1765 4562 cognoscant
1780 4478 1815 4536 te

168 4584 333 4655 sotum
348 4596 387 4654 et
401 4607 511 4679 quern
529 4583 653 4656 misisti
672 4587 792 4656 Jesum
809 4583 1006 4657 Christum.
1028 4615 1045 4653 n
1062 4584 1238 4673 Quaelibet
1253 4608 1309 4657 res
1326 4584 1475 4657 nomine
1492 4608 1559 4656 suo
1575 4583 1765 4681 significari
1780 4596 1815 4656 et

164 4702 386 4801 cognosci
409 4701 534 4792 habet,
558 4701 713 4801 ideoque
731 4728 865 4776 nomen
893 4703 954 4780 hic
983 4729 1051 4806 pro
1074 4707 1202 4779 notitia
1219 4705 1379 4805 ponitur.
1399 4706 1576 4802 Cognosci
1593 4719 1715 4778 autem
1732 4727 1815 4775 vere

162 4838 356 4898 mutum
375 4820 516 4895 honum
532 4847 607 4895 non
622 4838 755 4924 potest,
773 4805 843 4897 nisi
853 4838 890 4897 et
900 4826 1020 4898 statim
1039 4827 1219 4925 diligatur.
1237 4858 1267 4893 -α
1282 4831 1323 4898 ln
1340 4825 1471 4924 quibus
1494 4827 1577 4898 estis
1591 4840 1627 4897 et
1643 4848 1718 4895 vos.
1735 4853 1752 4887 a
1773 4823 1813 4893 ld

160 4960 253 5038 est,
274 4944 330 5015 in
345 4965 505 5040 quarum⁴
516 4943 676 5040 gentium
691 4946 881 5018 vocatione
892 4960 929 5017 et
941 4971 1006 5019 vos
1017 4948 1168 5019 Romani
1177 4948 1253 5044 jam
1270 4947 1366 5019 estis.
1382 4974 1399 5015 u
1412 4945 1536 5017 Vocati
1549 4946 1631 5017 Jesu
1644 4941 1813 5014 Christi.»

158 5069 270 5137 Hoc
295 5076 381 5150 at,
399 5086 443 5134 ex
457 5062 615 5158 glorioso
629 5062 706 5161 ejus
721 5065 871 5138 nornine
883 5063 1075 5139 Christiani
1092 5064 1273 5164 appellati.
