4559 6100
436 546 508 616 tta
1034 544 1161 616 ratu!
1189 544 1424 629 ABAELARDI

436 717 570 767 nomen
601 691 890 765 accommodare.
915 692 1024 781 Quod
1050 707 1089 765 et
1111 694 1269 767 fortassis
1292 693 1339 767 ad
1363 693 1551 791 sequentia
1575 694 1764 793 praenotari
1794 697 2032 768 necessarium

436 815 519 905 fuit,
538 813 601 885 ubi
621 812 804 903 videlicet,
820 812 921 910 juxta
942 812 1040 885 illam
1064 828 1237 904 veterem,
1257 829 1297 886 ut
1312 814 1362 886 ait
1378 813 1619 913 philosophia,
1648 814 1843 911 querelam,
1867 814 2036 889 videntur

438 934 561 1007 omnia
583 931 785 1005 secundum
813 932 943 1005 divinae
969 932 1204 1033 providentia
1222 926 1620 1008 incommutabilitatem
1642 959 1686 1006 es
1712 936 1921 1008 necessitate
1946 959 2035 1008 con·

437 1055 586 1151 tingere.

487 1179 542 1245 De
570 1197 646 1273 quo
675 1189 712 1246 et
738 1174 968 1247 nuncnobis
993 1187 1155 1273 superest
1176 1173 1367 1261 disserere,
1397 1198 1482 1247 cum
1510 1173 1582 1247 hoc
1614 1175 1769 1248 maxime
1800 1173 1847 1247 ad
1875 1174 2036 1247 divinam

443 1308 582 1367 constet
598 1294 809 1393 sapientiam
825 1295 1015 1392 pertinere.
1038 1298 1121 1366 llaec
1132 1294 1267 1393 quippe
1283 1292 1539 1394 prospiciendo
1557 1293 1694 1382 futura,
1719 1293 1945 1393 providentia
1973 1294 2035 1367 di·

445 1416 538 1487 citur
551 1416 625 1487 sive
639 1415 872 1514 praescientia.
901 1419 1022 1514 ipsum
1040 1415 1137 1487 enim
1152 1415 1219 1486 Dei
1236 1414 1442 1514 prospicere
1459 1415 1648 1514 providere
1673 1429 1745 1508 est,
1776 1415 1850 1487 sive
1873 1418 2037 1514 praescire

440 1536 579 1623 futura,
608 1535 680 1607 hoc
700 1549 769 1627 est,
789 1536 913 1608 omnia
928 1558 1007 1632 quae
1024 1534 1143 1607 futura
1158 1549 1241 1607 sunt
1256 1555 1476 1632 cognoscere
1491 1549 1686 1634 antequam
1705 1533 1810 1627 liant,
1829 1534 1928 1607 etita
1940 1547 1980 1605 ut
1993 1532 2038 1606 de

443 1653 677 1753 praesentibus
693 1654 752 1726 vel
770 1655 976 1754 praeteritis,
997 1655 1043 1728 de
1055 1654 1112 1727 bis
1130 1679 1276 1753 quoqne
1300 1655 1421 1756 ipsum
1430 1656 1505 1752 jam
1522 1671 1660 1728 certum
1677 1656 1846 1747 existere,
1864 1656 1956 1727 sicut
1969 1654 2041 1726 du·

441 1776 530 1848 dum
558 1776 722 1875 superius
744 1775 884 1848 ratione
908 1773 1069 1849 adbibita
1097 1773 1404 1848 confirmavimus.
1423 1773 1493 1847 Sed
1516 1776 1545 1846 si
1564 1775 1751 1870 diligenter
1775 1776 1871 1872 ipsos
1892 1798 2038 1872 quoque

445 1896 684 1996 philosophos
700 1895 939 1990 revolvamus,
959 1896 1136 1996 praecipue
1164 1918 1250 1969 vero
1274 1896 1518 1989 Aristotelem,
1543 1894 1636 1968 adeo
1652 1897 1688 1966 in
1708 1893 1910 1967 rationibus
1932 1919 2039 1990 argu·

447 2030 650 2088 mentorum
685 2017 901 2109 discretum,
919 2030 960 2088 ut
975 2016 1060 2088 inde
1084 2016 1419 2116 Peripateticorum,
1450 2014 1485 2088 id
1510 2031 1563 2087 est
1580 2015 1849 2087 dialecticorum
1872 2015 2039 2115 princeps

444 2135 515 2209 dici
541 2151 759 2228 mereretur,
789 2137 1014 2209 inveniemus
1042 2135 1139 2235 apud
1165 2160 1252 2227 eos,
1277 2135 1428 2234 qualiter
1458 2133 1855 2234 pseudo-philosophos
1882 2134 2039 2207 refellere

444 2259 643 2357 possimus,
664 2272 841 2329 eteorum
857 2280 932 2327 non
950 2256 1128 2349 rationes,
1148 2257 1212 2329 sed
1230 2257 1448 2356 sophismata
1464 2255 1677 2348 dissolvere,
1703 2253 1836 2353 quibus
1859 2254 1905 2327 de
1921 2257 2041 2355 provi·

443 2377 565 2449 dentis
578 2378 645 2449 Dei
660 2375 753 2448 adeo
772 2375 988 2474 simplicium
1004 2374 1111 2448 fidem
1124 2374 1335 2474 perturbare
1351 2375 1480 2469 solent,
1500 2392 1630 2449 utnon
1649 2375 1770 2447 solum
1788 2373 1900 2465 bona,
1918 2400 2044 2448 verum

444 2500 552 2570 etiam
584 2495 680 2568 mala
708 2497 907 2568 necessario
932 2496 1124 2595 provenire
1151 2510 1330 2590 astruant,
1345 2520 1414 2569 nec
1429 2495 1639 2569 ullatenusa
1656 2494 1761 2568 nobis
1774 2509 1919 2596 peecata
1939 2520 2045 2595 posse

366 2703 371 2716 Ι
447 2618 566 2706 vitari,
585 2617 649 2688 sed
667 2616 868 2688 necessario
887 2639 1183 2713 unumquemque
1209 2613 1308 2713 quod
1335 2615 1526 2713 deliquerit
1541 2602 1779 2704 committere,
1803 2640 1888 2687 cum
1917 2630 1952 2688 et
1974 2615 2045 2687 hoc

447 2734 613 2808 videlicet
630 2739 742 2807 aDeo
759 2749 900 2807 constet
917 2736 1101 2834 provisum
1121 2759 1217 2828 esse,
1236 2736 1337 2832 cujus
1354 2735 1619 2833 providentiam
1640 2749 1781 2808 constat
1801 2735 1901 2807 nullo
1932 2735 2043 2808 modo

447 2854 520 2927 falli
544 2878 663 2954 posse.
695 2857 834 2925 Horum
861 2853 969 2951 igitur
993 2854 1227 2926 musciculam
1253 2855 1538 2953 disrumpentes,
1564 2855 1671 2928 telam
1697 2855 1795 2927 illam
1820 2854 2045 2927 fortissimam

450 2976 698 3075 inspiciamus,
714 2997 825 3073 quam
842 2975 879 3045 in
895 2975 1014 3074 primo
1035 2978 1333 3071 Perynrmenias¹
1350 2975 1551 3050 Aristoteles
1566 2976 1718 3066 orditur,
1740 2989 1779 3046 ut
1798 2998 1877 3048 eam
1903 2990 2048 3072 contra-

453 3097 620 3168 dictionis
632 3098 891 3196 proprietatem
906 3095 1129 3187 corroboret,
1143 3097 1251 3169 etiam
1264 3097 1299 3169 in
1314 3097 1623 3198 propositionibus
1638 3096 1684 3169 de
1702 3096 1839 3185 future,
1860 3121 1969 3195 quarn
1987 3121 2047 3193 ge·

448 3216 617 3289 neraliter
628 3216 675 3289 de
693 3214 862 3288 omnibus
879 3219 1116 3316 praemiserat,
1132 3217 1257 3290 dicens
1275 3217 1439 3311 videlicet
1455 3218 1556 3316 quod
1572 3218 1737 3290 omnium
1765 3215 2048 3290 affirmationum

452 3353 487 3408 et
514 3338 746 3435 negationum
769 3338 917 3410 alteram
940 3361 1016 3410 esse
1040 3363 1163 3411 veram
1179 3339 1406 3430 accessesit,
1430 3339 1522 3411 sicut
1546 3352 1581 3411 et
1605 3339 1753 3411 alteram
1781 3337 1919 3410 falsam.
1940 3335 2048 3410 Verbi

453 3435 582 3552 gratia,
599 3458 727 3530 navale
742 3456 877 3530 bellum
894 3472 947 3530 est
961 3483 1040 3532 cras
1056 3458 1236 3548 futurum,
1251 3474 1286 3531 et
1309 3484 1385 3533 non
1407 3473 1460 3532 est
1484 3458 1644 3531 futurum
1667 3482 1748 3532 cras
1769 3486 1778 3529 ε
1800 3457 1990 3530 affirmatio
2016 3470 2051 3528 et

455 3578 598 3674 negatio
616 3591 700 3648 sunt
714 3576 927 3649 dividentes.
947 3578 1051 3649 Unde
1067 3593 1104 3650 et
1119 3578 1269 3652 alteram
1290 3604 1414 3651 earum
1440 3604 1517 3651 esse
1537 3602 1673 3672 veram,
1699 3594 1735 3650 et
1756 3578 1904 3650 alteram
1926 3600 2049 3649 earum

454 3720 576 3768 rursus
592 3720 738 3768 necesse
751 3709 804 3767 est
818 3721 897 3768 esse
909 3695 1045 3788 falsam,
1058 3722 1143 3768 cum
1157 3696 1324 3771 videlicet
1340 3723 1408 3771 nec
1425 3698 1538 3771 ambae
1554 3699 1661 3772 simul
1678 3722 1756 3772 esse
1768 3721 1872 3788 verae,
1889 3720 1957 3767 nec
1973 3720 2050 3766 am-

453 3817 508 3887 bae
525 3830 657 3913 queant
677 3814 784 3886 simul
800 3839 877 3888 esse
895 3814 1001 3909 falsae,
1020 3841 1087 3889 nec
1104 3815 1178 3889 utta
1199 3817 1243 3889 sit
1259 3819 1471 3918 propositi0,
1490 3843 1601 3918 quam
1619 3844 1695 3892 non
1714 3843 1837 3890 veram
1851 3816 1909 3889 vel
1926 3814 2051 3887 falsam

454 3937 654 4008 accessesit
669 3960 760 4008 esse.
781 3936 885 4008 Unde
897 3936 993 4009 banc
1004 3939 1061 4010 vel
1081 3935 1179 4009 illam
1196 3963 1340 4012 necesse
1356 3954 1409 4011 est
1426 3963 1502 4012 esse
1514 3964 1638 4013 veram
1653 3970 1661 4010 :
1681 3940 1755 4012 lroc
1773 3955 1825 4014 est
1838 3962 1983 4011 necesse
1999 3951 2052 4008 est

452 4081 529 4129 esso
544 4056 680 4129 bellum
698 4057 766 4129 tale
782 4082 861 4129 cras
877 4056 952 4130 fieri
971 4058 1027 4130 vel
1042 4083 1118 4131 nou
1133 4057 1240 4132 fieri'.
1256 4063 1345 4148 Quae
1358 4062 1506 4159 quidem
1521 4061 1632 4135 verba
1649 4060 1810 4135 diversos
1832 4085 1957 4134 seusus
1979 4058 2052 4129 ha-

453 4176 572 4248 bentia
592 4176 793 4250 Aristoteles
814 4176 1002 4276 diligenter
1028 4178 1266 4252 determinare
1287 4205 1354 4253 nos
1379 4180 1531 4276 docens,
1553 4198 1592 4254 ut
1608 4180 1773 4254 videlicet
1794 4178 2050 4281 supradictam

453 4297 748 4369 contradictionis
760 4298 1015 4396 proprietatem
1028 4324 1241 4373 conservare
1251 4297 1386 4398 ubique
1398 4324 1441 4374 ac
1452 4299 1645 4374 defendere
1658 4302 1855 4401 possimus,
1867 4298 2053 4396 diligenter

453 4416 599 4488 tandem
617 4417 663 4489 de
681 4416 934 4516 praedicatione
957 4420 1149 4493 necessarii
1166 4434 1238 4493 tam
1252 4421 1405 4520 simplici
1418 4437 1453 4494 et
1469 4421 1632 4495 absoluta
1653 4445 1763 4519 quam
1794 4419 2050 4502 determinata,

453 4559 521 4607 nos
538 4536 694 4608 instruit.
719 4538 814 4609 Dicit
836 4538 959 4637 itaque
974 4540 1059 4636 quia
1076 4564 1222 4613 necesse
1239 4554 1291 4612 est
1308 4539 1434 4613 navale
1455 4537 1591 4612 bellum
1610 4565 1689 4613 cras
1715 4563 1793 4612 esse
1817 4538 1979 4609 futurum
1997 4533 2053 4606 vel

452 4680 529 4726 non
542 4680 617 4728 esse
632 4655 804 4729 futurum.
824 4662 905 4729 Non
923 4672 1044 4729 tamen
1062 4659 1146 4730 ideo
1162 4659 1219 4731 vel
1233 4660 1358 4732 navale
1375 4660 1511 4732 bellum
1530 4683 1608 4732 eras
1633 4684 1708 4732 esse
1728 4657 1890 4731 futurum
1910 4679 2056 4728 necesse

452 4789 523 4869 est,
543 4775 600 4847 vel
619 4801 693 4847 non
709 4800 787 4849 cras
804 4801 880 4848 esse
904 4800 1062 4851 necesse.
1085 4780 1169 4860 Haec
1185 4780 1320 4879 quippe
1342 4780 1542 4880 propositio
1563 4808 1571 4849 ε
1593 4783 1743 4858 Necesse
1762 4793 1815 4850 est
1833 4774 1958 4849 navale
1978 4773 2057 4846 bel·

453 4894 529 4966 lum
547 4919 626 4968 cras
648 4895 807 4969 futurum
828 4922 926 4988 esse,
947 4898 1002 4970 vel
1020 4921 1094 4970 non
1118 4923 1195 4971 esse
1219 4922 1297 4971 cras
1320 4899 1499 4992 futurum,
1525 4898 1618 4973 duos
1641 4897 1749 4971 habet
1772 4921 1915 4986 sensus3
1940 4916 2057 4966 unum

489 5169 546 5220 'Sic
565 5168 625 5221 eorl.
641 5168 714 5228 flet„
726 5171 786 5234 Περὶ
802 5168 943 5235 Ἐρμηνιίας
956 5171 1026 5221 ΑωΙ).
1042 5198 1068 5209 -
1082 5172 1091 5201 ²
1105 5169 1147 5220 Vel
1160 5183 1211 5221 ttutt
1225 5170 1284 5234 fieri
1294 5173 1382 5238 desunt
1393 5172 1418 5222 ln
1430 5173 1481 5223 edtt
1494 5174 1566 5224 Amb.
