4559 6100
458 545 530 618 298
1059 551 1186 624 PETRI
1212 551 1447 626 ABAELARDl
1513 573 1516 576 ·
1583 574 1587 580 ’
1697 537 1702 549 ’

459 694 574 788 fideli,
596 695 811 794 «Christus,
832 729 848 765 a
870 699 906 771 id
928 715 980 774 est
1003 698 1093 772 fides
1114 701 1261 787 Christi,
1288 731 1306 767 α
1331 700 1379 774 ad
1396 699 1621 798 justitiam‚‘»
1641 698 1678 772 id
1700 714 1754 771 θεῖ
1773 697 1820 771 ad
1838 698 1909 772 hoc
1931 715 1969 772 ut
1991 726 2053 800 per

458 839 538 888 cam
557 815 787 912 justificetur,
814 817 870 891 vel
898 818 979 893 finis
1007 820 1112 916 legis,
1142 820 1180 894 id
1206 835 1260 892 est
1283 819 1449 916 legalium
1474 841 1640 919 operum.
1668 819 1739 907 Qui
1764 823 1903 891 autem¹
1927 819 1965 891 in
1988 820 2054 893 illis

459 934 627 1034 operibus
643 961 744 1036 spem
758 936 880 1011 salutis
897 940 1132 1032 constituunt,
1152 939 1311 1014 Christus
1327 940 1378 1012 eis
1395 964 1470 1011 non
1485 937 1657 1039 proderit.
1676 936 1781 1010 Unde
1795 954 1831 1009 et
1843 938 1895 1009 ad
1907 938 2054 1011 Galatas

460 1053 589 1126 dicit²z
614 1083 632 1123 n
652 1056 690 1126 si
705 1057 1023 1150 circumcidamini,
1042 1056 1205 1131 Christus
1219 1057 1323 1131 vobis
1339 1057 1429 1130 nihil
1446 1057 1619 1156 proderit.
1640 1084 1659 1126 u
1678 1061 1722 1130 Et
1741 1058 2053 1157 persemetipsum

459 1172 620 1247 Christus
636 1175 769 1248 dicit³z
793 1207 809 1242 κ
830 1182 951 1275 Usque
968 1178 1013 1250 ad
1033 1184 1209 1250 ioannem
1225 1178 1279 1250 lex
1299 1192 1334 1249 et
1353 1176 1555 1275 Propheta,
1573 1205 1591 1245 u

512 1297 683 1391 «Moyses
699 1297 842 1370 enim.»
860 1297 1025 1370 Ostendit
1044 1298 1155 1397 ipsius
1167 1297 1380 1394 legislatoris
1393 1297 1526 1394 Moysis
1543 1298 1756 1371 testimoniis
1767 1297 1954 1395 exjustitia
1966 1296 2053 1394 legis

460 1413 619 1511 impleta,
639 1400 865 1515 inoperibus
884 1416 1017 1490 scilicet
1035 1418 1102 1491 illis
1118 1417 1337 1507 carnalibus,
1355 1418 1538 1490 nemiuem
1561 1419 1703 1517 assequi
1726 1418 1836 1489 vitam
1858 1427 2049 1506 aeternam,

462 1555 527 1604 uec
543 1532 648 1606 fuisse
664 1536 893 1634 promissam,
911 1538 975 1611 sed
994 1538 1115 1637 potius
1130 1562 1174 1608 ex
1188 1536 1259 1609 fide
1276 1536 1419 1610 Christi.
1432 1566 1450 1606 u
1469 1538 1647 1611 Justitiam
1663 1562 1742 1635 quae
1755 1561 1799 1609 ex
1815 1535 1892 1631 lege
1907 1549 1972 1624 θεῖ,
1990 1537 2052 1632 qui

462 1651 581 1726 iecerit
603 1653 738 1748 homo,
755 1687 771 1724 n
791 1657 829 1730 id
854 1671 908 1731 est
928 1658 1056 1756 legalia
1080 1682 1192 1758 opera
1216 1657 1435 1757 impleverit,
1460 1659 1613 1732 «viret»
1630 1683 1738 1757 super
1760 1671 1891 1730 terram
1908 1655 2050 1745 scilicet,

464 1803 481 1841 u
496 1773 533 1844 in
563 1797 619 1861 ea,
632 1806 649 1840 a
680 1775 718 1847 id
742 1791 796 1849 est
819 1791 967 1877 propter
991 1778 1101 1878 ipsius
1126 1777 1214 1875 legis
1240 1777 1506 1850 observantiam
1532 1779 1610 1849 vitae
1634 1777 1741 1874 hujus
1763 1774 1869 1858 bonis
1893 1775 2051 1864 fruetur,

463 1917 537 1965 non
559 1907 711 1968 aeternae.
735 1925 752 1964 α
766 1899 854 1984 Quae
876 1912 998 1971 autem
1015 1923 1058 1970 ex
1078 1897 1150 1970 fide
1166 1912 1234 1991 est,
1252 1928 1269 1964 r
1290 1895 1327 1969 id
1345 1910 1398 1969 est
1414 1898 1587 1995 quoniam
1612 1895 1700 1970 iidcs
1724 1895 1769 1969 dc
1785 1919 1859 1965 non
1876 1916 2055 1991 apparen-

462 2010 557 2084 tibus
573 2029 639 2107 est,
657 2016 768 2088 vitam
784 2015 883 2090 illam
901 2033 1071 2092 aeternam
1093 2042 1174 2116 quae
1192 2018 1229 2090 in
1247 2016 1389 2089 Christo
1408 2016 1619 2090 abscondita
1636 2030 1708 2107 est,
1729 2015 1847 2115 potius
1863 2013 2050 2112 promittit,

461 2155 570 2227 quam
597 2151 826 2235 praesentem3
855 2149 891 2208 θῖ
915 2136 1106 2212 invisibilia
1123 2138 1265 2236 potius,
1296 2159 1404 2232 quam
1433 2134 1584 2208 visibilia
1605 2134 1717 2207 bona.
1733 2129 1791 2205 'Et
1815 2132 1891 2205 baec
1917 2146 1969 2203 est
1995 2131 2054 2204 illa

456 2252 590 2346 justitia
616 2276 695 2349 quac
717 2279 760 2326 ex
782 2253 855 2327 fide
877 2270 930 2329 est
952 2255 1102 2349 Christi,
1123 2256 1161 2328 id
1183 2272 1235 2328 cst
1253 2257 1328 2353 ipsa
1345 2254 1434 2328 fides
1459 2256 1496 2326 in
1514 2253 1695 2328 Christum
1718 2252 1842 2326 habita
1865 2276 1931 2323 nos
1943 2251 2054 2348 justi-

461 2367 584 2444 ficans.
614 2373 672 2444 Sic
693 2373 853 2472 loquitur
877 2374 1031 2468 ibidem,
1050 2374 1184 2448 scilicet
1207 2376 1244 2446 in
1267 2377 1554 2467 Deuteronomio,
1582 2398 1647 2473 per
1670 2375 1789 2472 ipsum
1811 2376 1970 2469 Moysem
1994 2372 2054 2468 qui

461 2513 525 2592 per
548 2515 628 2564 eam
654 2514 737 2566 vere
757 2493 875 2590 justus
893 2508 990 2589 erat,
1010 2520 1078 2568 nos
1103 2493 1354 2587 corroborans,
1381 2507 1422 2566 ut
1446 2495 1483 2566 in
1505 2492 1612 2566 nullis
1627 2491 1837 2566 deficiamus
1852 2490 1908 2564 vel
1930 2490 2054 2589 despe-

462 2634 581 2684 remus
605 2608 773 2702 adversis
802 2618 881 2688 Hoc
908 2629 974 2708 θεῖ,
1003 2615 1078 2713 ipse
1096 2640 1141 2688 er
1165 2614 1224 2687 illa
1238 2615 1374 2711 justitia
1394 2637 1502 2712 quam
1524 2614 1601 2711 jam
1626 2612 1797 2705 habebat,
1825 2613 1916 2695 sicut
1940 2609 2049 2683 dicit:

466 2733 549 2802 «Ne
566 2729 697 2804 dixeris
716 2734 754 2804 in
772 2733 884 2806 corde
900 2749 1011 2824 tu0,›r
1034 2732 1070 2806 id
1089 2749 1143 2805 est
1165 2758 1210 2806 ne
1232 2734 1378 2829 cogites,
1402 2746 1442 2805 tu
1458 2732 1572 2806 homo
1593 2734 1817 2831 quicunque,
1839 2730 1894 2802 vel
1917 2744 1970 2820 tu,
1989 2752 2055 2828 po·

462 2849 545 2947 pulc
567 2850 693 2924 Israel:
716 2853 836 2941 «Quis
848 2852 1016 2926 ascendet
1037 2855 1071 2925 iu
1095 2851 1249 2926 coelum?
1264 2880 1282 2921 n
1301 2851 1337 2924 id
1356 2866 1408 2925 est
1431 2876 1477 2925 ne
1494 2850 1661 2951 desperes
1678 2849 1723 2923 de
1743 2850 1814 2922 vita
1830 2848 1890 2921 illa
1907 2846 2052 2935 coelesti,

463 2969 500 3042 in
523 2995 594 3071 qua
612 2968 700 3046 fides
716 2971 847 3048 Christi
862 2973 1036 3067 consistit,
1059 2961 1097 3045 et
1113 2973 1215 3071 cujus
1231 2996 1299 3044 nos
1316 2973 1555 3072 promissione
1573 2973 1726 3045 maxime
1742 2970 1902 3043 Christus
1924 2966 2053 3059 allicit,

463 3092 564 3188 quasi
596 3091 643 3166 ad
668 3094 785 3171 vitam,
803 3094 901 3169 illam
925 3093 1169 3168 conscendere
1198 3094 1357 3166 humana
1382 3094 1530 3165 minime
1556 3094 1668 3192 possit
1692 3105 1842 3179 natura,
1869 3088 1956 3186 quia
1983 3087 2055 3159 hoc

463 3227 579 3315 esset,¹
593 3213 709 3312 inquit
728 3215 939 3314 Apostolus,
958 3239 1000 3287 cx
1021 3239 1086 3288 sua
1108 3228 1209 3314 parte
1232 3214 1413 3287 Christum
1433 3215 1551 3312 ipsum
1575 3213 1621 3287 ab
1638 3212 1699 3285 illu
1714 3212 1787 3284 vita
1809 3208 2001 3300 deducere,
2020 3207 2057 3277 id

464 3346 518 3403 est
531 3332 677 3406 credere
691 3359 758 3407 nec
769 3334 888 3434 ipsum
904 3333 987 3407 illuc
1004 3335 1218 3426 ascendisse,
1238 3334 1450 3407 inhumana
1466 3357 1576 3432 quam
1592 3333 1782 3430 assumpsit
1798 3343 1937 3402 natura.
1957 3355 1976 3396 a
1991 3331 2058 3401 Aut

464 3453 543 3553 quis
561 3453 756 3529 descendet
779 3455 818 3529 iu
842 3455 1034 3554 abyssum?
1055 3484 1073 3526 n
1096 3454 1134 3528 id
1152 3469 1206 3530 est
1223 3454 1402 3554 usquead
1418 3455 1536 3554 ipsum
1554 3455 1662 3527 etiam
1682 3453 1884 3539 infernum,
1904 3463 1944 3520 ut
1969 3471 2058 3544 quos

463 3571 630 3647 videlicet
648 3598 721 3647 non
741 3573 905 3649 liberavit
925 3575 972 3649 ad
995 3574 1148 3648 coelestia
1164 3599 1287 3648 secum
1309 3574 1502 3674 perducat,
1526 3574 1611 3671 quia
1636 3573 1708 3646 hoc
1731 3586 1822 3645 esset
1842 3601 1859 3636 u
1878 3567 2058 3641 Christum

466 3694 655 3769 amortuis
677 3718 867 3783 revocare,
896 3726 912 3762 a
940 3694 1012 3768 hoc
1034 3710 1087 3767 θεῖ
1105 3694 1294 3766 credendo
1317 3694 1489 3768 reducere
1511 3694 1692 3769 Christum
1713 3693 1787 3765 sive
1808 3688 1988 3764 retrahere
2012 3685 2058 3758 ab

466 3810 527 3883 iilo
543 3810 731 3904 descensu,
747 3838 822 3911 quo
837 3812 960 3887 fideles
977 3838 1062 3885 suos
1078 3827 1242 3885 mortuos
1257 3812 1303 3884 ab
1323 3813 1463 3886 interno
1476 3813 1639 3886 liberavit
1655 3826 1690 3884 ct
1706 3834 1827 3884 secum
1843 3808 1889 3883 ad
1902 3804 2059 3879 coelestia

467 3930 657 4005 transtulit.
679 3963 696 3999 u
711 3932 783 4009 Sed
799 3931 889 4030 quid
913 3932 1063 4007 dicunt?
1077 3960 1094 3999 n
1113 3930 1155 4019 ld
1180 3945 1251 4023 est,
1273 3932 1391 4030 inquit
1407 3933 1612 4033 Apostolus,
1630 3929 1775 4004 attende
1797 3926 1898 4026 quod
1922 3923 2057 3998 ibidem
2075 3964 2080 3971 ·

469 4047 698 4149 subjunctum
716 4066 769 4129 est
784 4052 832 4125 ab
846 4053 925 4151 ipso
943 4054 1078 4148 Moyse,
1096 4050 1168 4125 hoc
1184 4051 1349 4125 videlicet
1365 4080 1374 4123 ι
1395 4084 1412 4121 θ
1426 4058 1542 4152 Prope
1558 4067 1612 4125 θεῖ
1627 4049 1793 4136 verbum,
1812 4061 1899 4139 etc,
1917 4077 1934 4112 n
1953 4045 1992 4117 id
2008 4059 2060 4117 θεῖ

466 4170 568 4271 iacile
584 4186 638 4245 θεῖ
652 4185 687 4244 ῖθ
704 4173 741 4249 iu
758 4172 898 4247 Christo
920 4173 993 4244 hoc
1011 4170 1171 4272 profiteri
1191 4172 1412 4271 completum
1427 4172 1485 4246 vel
1501 4170 1666 4264 credere,
1694 4170 1740 4243 de
1757 4192 1903 4243 assensu
1927 4165 2061 4243 scilicet

466 4289 623 4367 hominis
647 4292 695 4367 ad
720 4292 887 4385 coelestia,
908 4307 944 4365 et
967 4291 1139 4369 descensu
1162 4293 1322 4366 hominis
1337 4293 1384 4365 ad
1401 4294 1553 4368 inferna.
1580 4292 1666 4365 ldeo
1693 4288 1795 4363 facile
1818 4287 1901 4386 quia
1928 4284 2060 4356 rationi

466 4434 540 4485 nou
567 4427 620 4486 est
643 4411 852 4505 adversum,
873 4412 939 4489 sed
960 4413 1114 4491 maxime
1138 4437 1340 4509 congruum
1364 4411 1494 4486 divinae
1519 4410 1729 4499 clementiae,
1756 4408 1827 4481 hoc
1849 4418 1913 4513 est,
1941 4403 2061 4500 inquit

467 4531 672 4630 Apostolus,
686 4532 867 4612 «verbum
881 4530 1004 4627 fidet»
1022 4533 1129 4613 idest
1143 4531 1294 4607 verbum
1308 4531 1354 4606 dc
1370 4558 1414 4605 eo
1429 4531 1529 4629 quod
1546 4528 1637 4603 fides
1651 4527 1774 4617 babet,
1786 4539 1821 4601 θῖ
1836 4523 1882 4597 de
1896 4548 1943 4596 θο
1958 4521 2060 4621 quod

466 4648 642 4747 creditum
670 4651 794 4727 fideles
826 4652 920 4727 heir.
953 4652 1064 4742 Quod
1094 4651 1247 4727 verbum
1279 4651 1413 4727 scilicet
1443 4675 1511 4724 nos
1541 4647 1701 4749 Apostoli
1732 4644 1927 4747 pradicare
1963 4643 2061 4715 missi

465 4794 602 4847 sumtu.
622 4774 666 4844 Et
684 4773 827 4863 merito,
843 4772 928 4870 quia
944 4772 982 4844 in
999 4771 1105 4868 hujus
1123 4771 1227 4849 verbi
1241 4772 1466 4849 confessione
1481 4785 1517 4844 et
1533 4756 1605 4843 tue
1621 4768 1716 4845 salus
1737 4755 2057 4847 nuanaconsistit.

499 5080 505 5110 ¹
519 5078 559 5130 Stc
570 5082 639 5131 locus
654 5082 820 5132 restttucndus
834 5093 888 5132 etse
904 5081 1009 5133 ridetur.
1025 5079 1096 5132 Amb.
1114 5081 1176 5141 Qua
1188 5080 1313 5145 caudium
1331 5094 1377 5145 pro
1389 5080 1545 5142 ocientem.
1557 5106 1587 5116 -
1599 5080 1608 5111 ²
1620 5077 1716 5141 Calcat,
1733 5091 1787 5141 cap.
1802 5089 1826 5139 r,
1844 5089 1868 5125 r.
1880 5079 1905 5126 ῖ.
1923 5099 1950 5110 -
1963 5073 1972 5105 ³
1985 5071 2057 5136 Luc,

470 5169 525 5221 cap.
537 5172 586 5222 ιη,
598 5174 622 5210 r.
637 5163 675 5214 lu.
