4559 6100
419 558 438 570 ·
475 519 549 592 att
1079 520 1208 592 PETRI
1234 519 1470 592 ABAELdell

522 666 628 738 Unde
642 689 717 737 non
738 666 888 738 minima
914 665 991 737 fieri
1012 668 1161 764 quaestio
1190 668 1293 758 solet,
1321 691 1433 764 quare
1456 665 1621 740 videlicet
1648 690 1755 765 poena
1777 666 1854 741 haec
1869 684 2069 745 reservatur

473 785 534 858 nbi
557 801 744 886 peccatum
767 785 867 884 quod
888 786 965 882 ejus
986 802 1178 875 causaest,
1203 785 1457 860 condonatur:
1490 801 1528 858 ut
1552 789 1616 884 qni
1639 785 1803 860 videlicet
1826 788 1864 860 in
1887 787 2068 887 baptismo

473 904 615 1001 plenam
631 920 862 1003 peccatorum
876 905 1121 978 remissionem
1137 906 1353 1004 percipiunt,
1372 906 1491 977 statim
1512 903 1610 976 illam
1630 903 1755 976 saltem
1776 930 1885 1002 quam
1905 909 1941 979 in
1963 933 2067 1006 para·

472 1021 551 1095 diso
575 1039 659 1097 ante
693 1039 879 1122 peccatum
909 1022 1105 1115 habebant,
1132 1025 1435 1097 immortalitatem
1461 1020 1700 1122 recuperent?
1717 1023 1767 1095 td
1784 1049 1893 1122 quam
1916 1026 2066 1124 quidem

471 1144 705 1237 questionem
717 1141 875 1214 Isidorus
888 1141 931 1212 dc
943 1168 1083 1214 eumaeo
1096 1142 1187 1215 bono
1199 1142 1421 1241 respondens
1434 1141 1497 1215 lib.
1511 1146 1540 1228 1,
1552 1166 1634 1240 cap.
1652 1167 1746 1230 xxrrr,
1761 1145 1832 1215 ait:
1848 1173 1866 1213 r
1880 1146 1916 1218 Si
1928 1169 1948 1216 a
1959 1170 2065 1243 prena

471 1263 635 1359 praesenti
646 1261 814 1335 homines
829 1262 1068 1335 liberarentur
1079 1288 1143 1361 per
1156 1262 1389 1362 baptismum,
1404 1265 1521 1361 ipsum
1536 1275 1703 1360 putarent
1713 1263 1880 1361 baptismi
1894 1266 2062 1362 pretium,

472 1404 546 1452 non
562 1381 650 1453 illud
668 1396 855 1454 aeternum.
880 1387 970 1479 Ergo
987 1382 1106 1454 soluto
1121 1397 1220 1453 reatu
1236 1382 1386 1480 peccati,
1403 1396 1524 1454 manet
1541 1396 1660 1454 tamen
1678 1381 1841 1478 quaedam
1860 1383 2065 1482 temporalis

456 1505 460 1512 “
471 1524 591 1597 poena,
611 1516 650 1573 ut
668 1501 727 1573 illa
741 1503 933 1575 ferventius
948 1503 1018 1574 vita
1037 1502 1251 1599 requiratur,
1271 1526 1350 1599 quae
1364 1502 1466 1574 crita
1488 1503 1604 1600 poenis
1624 1500 1794 1573 omnibus
1819 1503 1947 1575 aliena.
1975 1505 2064 1592 Quis
2134 1559 2139 1576 2

471 1622 603 1693 etenim
620 1622 754 1693 nesciat
770 1646 898 1694 omnes
914 1622 987 1693 lere
1002 1621 1170 1693 homines
1187 1620 1270 1719 plus
1286 1621 1521 1718 temporalem
1546 1623 1656 1692 vitam
1676 1645 1786 1718 quam
1804 1637 1974 1695 aeternam
2001 1646 2064 1721 ap·

470 1753 603 1836 petere,
622 1765 790 1839 cumpro
806 1765 848 1813 ea
862 1764 974 1837 quarn
987 1741 1141 1811 retinere
1154 1764 1229 1811 non
1247 1754 1399 1836 possunt
1412 1741 1526 1813 multo
1541 1721 1695 1838 amplius
1717 1765 1827 1837 quam
1843 1766 1910 1839 pro
1933 1756 2065 1814 aeterne

470 1858 645 1949 laborent,
666 1875 702 1932 et
718 1859 800 1957 plus
816 1859 979 1959 corporis
993 1884 1103 1958 quam
1125 1860 1253 1931 animae
1278 1874 1430 1934 mortem
1454 1884 1597 1959 pavere,
1619 1874 1656 1931 et
1678 1862 1790 1957 magis
1813 1860 1994 1934 sollicitari
2017 1862 2064 1934 de

468 1980 652 2076 pinsentis
664 1980 743 2051 vitae
756 1981 924 2051 aerumnis
939 2004 1048 2077 quam
1065 1979 1217 2050 suturae?
1240 1979 1278 2049 Si
1295 1977 1401 2075 hujus
1427 1981 1547 2077 itaque
1566 1979 1730 2052 animalis
1758 1981 1838 2052 vitre
1862 1980 2064 2054 felicitatem

469 2123 507 2170 se
528 2098 686 2172 detinere
702 2098 991 2188 considerarent,
1012 2097 1166 2196 amplius
1184 2097 1230 2168 ad
1248 2097 1412 2170 Ecclesiae
1428 2113 1649 2173 sacramenta
1666 2114 1814 2197 propter
1829 2101 1933 2172 istam
1954 2124 2064 2198 qrmm

468 2234 616 2316 propter
628 2234 796 2292 aeternarn
811 2244 849 2291 se
865 2233 1125 2318 praepamrerrt;
1147 2232 1182 2290 et
1202 2216 1310 2314 hujus
1326 2218 1568 2316 qualicunque
1582 2217 1763 2313 refrigerio
1777 2220 1951 2310 contenti,
1970 2218 2063 2291 illius

467 2336 724 2433 perlectionem
746 2338 867 2435 gloriae
893 2338 949 2410 vel
972 2338 1123 2410 omnino
1150 2348 1436 2428 contemnerent,
1458 2338 1515 2410 vel
1537 2337 1656 2409 minus
1676 2352 1886 2435 appeterent
1906 2364 1915 2409 ε
1932 2339 1970 2410 in
1992 2337 2062 2409 hoc

469 2455 546 2552 ipso
564 2457 691 2555 iniqui,
705 2458 805 2556 quod
821 2482 965 2529 summo
981 2455 1082 2531 bono
1096 2456 1245 2528 inferius
1263 2470 1537 2554 anteponerent.
1553 2487 1571 2523 ι

518 2605 535 2639 ι
551 2576 659 2662 Quod
685 2579 715 2649 si
739 2577 896 2675 spiritus.
914 2607 932 2644 a
953 2578 1033 2648 Diri
1058 2576 1143 2673 quia
1165 2592 1485 2673 corpus-nostrum
1511 2591 1694 2648 mortuum
1721 2590 1793 2665 est,
1813 2575 1850 2647 id
1878 2590 1931 2648 est
1956 2578 2061 2648 morti

470 2694 656 2791 temporali
680 2694 881 2791 subjectum
905 2709 1080 2782 remanet,
1108 2695 1217 2765 etiam
1243 2707 1325 2791 post
1349 2695 1598 2770 remissionem
1624 2709 1852 2793 peccatorum
1880 2693 2067 2766 omnium..

468 2810 538 2882 Sed
554 2811 601 2883 ab
617 2813 685 2885 bac
704 2815 812 2886 etiam
838 2812 1054 2884 mortalitate
1069 2814 1188 2909 ipsum
1207 2811 1415 2884 liberabitur
1433 2814 1470 2884 in
1487 2816 1768 2905 resurreetione,
1787 2828 1914 2884 utnon
1940 2812 2059 2886 solum

468 2930 639 3023 animam,
660 2956 785 3004 verum
806 2932 913 3005 etiam
934 2955 1066 3031 corpus
1091 2930 1211 3005 divina
1234 2930 1406 3026 glorificet
1426 2933 1551 3028 gratia.
1571 2938 1615 3004 Et
1635 2933 1707 3006 boc
1728 2930 1897 3029 estquod
1912 2931 1975 3022 ait,
1996 2933 2059 3002 «si

467 3048 612 3148 spiritus
636 3052 759 3148 ejus,u
781 3052 819 3124 id
842 3065 897 3123 est
920 3052 1051 3141 Patris,
1078 3075 1152 3147 quo
1174 3050 1340 3124 videlicet
1366 3056 1467 3124 Patre
1489 3053 1610 3125 divina
1632 3052 1830 3151 specialiter
1856 3050 2059 3146 designatur

467 3171 638 3267 potentia.
669 3173 830 3267 «Ejus»
859 3171 1021 3268 inquam,
1054 3171 1171 3268 «qui»
1199 3195 1264 3269 per
1288 3171 1472 3269 propriam
1495 3175 1694 3270 potentiam
1721 3171 1933 3245 «suscitavit
1944 3198 1961 3237 u
1983 3170 2057 3265 jam

466 3303 574 3386 caput
587 3305 751 3363 nostrum
768 3290 994 3379 «amortuis,
1011 3286 1113 3361 idest
1129 3293 1262 3362 lesum.
1277 3289 1494 3381 silebimus,
1514 3302 1554 3361 ut
1569 3289 1785 3382 dictumest,
1803 3289 1839 3360 in
1854 3286 1972 3375 nobis,
1982 3289 2056 3386 ipse

467 3404 562 3478 idem
579 3410 673 3506 equi
687 3410 999 3483 suscitavitlesum
1011 3437 1029 3477 a
1047 3433 1121 3481 non
1139 3408 1186 3481 ab
1203 3407 1423 3502 infirmitate,
1437 3408 1501 3481 sed
1513 3432 1534 3480 a
1546 3423 1676 3496 morte,
1687 3421 1757 3480 cte.
1770 3407 1856 3479 ldeo
1872 3407 2056 3483 resuscita·

467 3526 601 3599 tionem
616 3529 746 3601 Christi
760 3532 901 3628 repetit,
920 3543 960 3600 ut
974 3554 1017 3601 ea
1028 3530 1156 3629 saepius
1165 3543 1363 3601 memorata
1376 3528 1574 3600 securiores
1589 3553 1657 3599 nos
1673 3526 1812 3598 reddat.
1836 3524 2057 3598 «Vivificahit

465 3645 571 3716 etiam
588 3663 711 3720 nostra
732 3648 897 3720 mortalia
915 3671 1082 3744 corpora,
1098 3675 1116 3714 a
1135 3662 1175 3718 nt
1194 3646 1359 3719 eamdem
1383 3647 1654 3720 resurrectionis
1669 3645 1820 3743 gloriam
1836 3646 1874 3716 in
1890 3646 2005 3743 capite
2021 3657 2056 3716 et

467 3763 628 3836 mernbra
644 3767 879 3864 participent3
898 3762 1091 3837 vivificabit
1109 3788 1184 3835 non
1203 3763 1404 3861 quomodo
1420 3788 1575 3863 corpora
1592 3765 1845 3864 reproborum,
1859 3789 1937 3862 quae
1947 3762 2056 3861 passi-

466 3878 552 3952 bilia
565 3899 682 3970 erunt,
701 3899 737 3956 et
753 3885 926 3957 cruciatui
939 3898 1039 3982 apta3
1056 3884 1119 3955 sed
1138 3897 1284 3982 propter
1301 3884 1592 3958 «inhabitantem
1608 3886 1787 3984 spiritum,
1800 3913 1818 3953 u
1835 3884 1871 3957 id
1887 3896 2057 3981 estprom

466 3997 618 4073 debetur
640 4005 845 4076 reverentiae
861 4003 1005 4101 spiritus
1023 4002 1171 4095 Christi,
1191 4004 1254 4100 qui
1277 4004 1313 4075 in
1331 4004 1545 4101 corporibus
1562 4004 1630 4077 illis
1647 4006 1750 4101 quasi
1776 4005 1813 4074 in
1831 4002 1967 4100 templo
1982 4002 2055 4097 jam

466 4116 604 4194 habitat
619 4138 655 4195 et
671 4123 832 4220 quiescit,
848 4122 924 4218 jam
941 4146 1004 4221 per
1022 4122 1098 4219 ejus
1115 4123 1266 4220 gratiam
1281 4124 1452 4221 repressis
1468 4123 1626 4197 motibus
1644 4122 1857 4197 carnalibus.

514 4246 594 4314 Non
612 4268 720 4342 parra
739 4257 791 4315 est
810 4243 972 4340 questio,
991 4268 1075 4315 cum
1095 4242 1218 4317 divina
1232 4241 1430 4318 substantia
1446 4243 1642 4319 humanam
1659 4243 1728 4317 sibi
1744 4244 1781 4314 in
1800 4267 1911 4314 uuam
1928 4240 2057 4313 Christi

465 4386 655 4461 personam
678 4363 919 4460 conjunxerit,
947 4377 983 4435 et
1008 4363 1135 4435 eadem
1161 4363 1206 4434 sit
1230 4363 1374 4460 penitus
1402 4365 1516 4436 Patris
1544 4377 1581 4435 et
1607 4363 1682 4435 Filii
1707 4378 1743 4435 et
1768 4363 1920 4460 Spiritus
1945 4361 2057 4433 sancti

463 4481 659 4555 substantia
675 4483 881 4573 individua,
906 4507 971 4555 cur
988 4483 1096 4555 Filius
1113 4483 1234 4580 potius
1252 4507 1362 4579 quam
1380 4487 1483 4557 Pater
1506 4496 1568 4555 aut
1584 4483 1735 4581 Spiritus
1752 4496 1896 4554 sanctus
1918 4479 2057 4551 dicatur

464 4603 668 4675 incarnatus
691 4629 699 4673 z
722 4602 774 4675 vel
798 4628 883 4675 cum
908 4602 979 4673 sint
1006 4627 1116 4700 opera
1133 4602 1311 4683 Trinitatis
1336 4601 1498 4693 indivisa,
1526 4601 1692 4674 videlieet
1719 4615 1759 4673 ut
1779 4599 1958 4699 quidquid
1985 4618 2082 4691 una·
2179 4646 2184 4657 ι

343 4758 344 4761 “
465 4746 699 4820 personarum
719 4722 802 4794 lacit
817 4737 853 4794 et
869 4735 1003 4793 caetera
1019 4721 1163 4813 saciant,
1180 4721 1370 4817 quomodo
1385 4719 1478 4795 filius
1492 4744 1639 4794 carnem
1653 4721 1885 4818 assumpsisse
1901 4717 2054 4807 dicatur,

461 4858 497 4915 et
512 4867 589 4916 non
608 4847 710 4916 Pater
726 4855 788 4914 aut
811 4840 985 4939 Spiritus?
1009 4839 1079 4913 Sed
1102 4840 1174 4914 hoc
1197 4866 1242 4917 ex
1257 4840 1497 4940 atropologia¹
1516 4854 1639 4917 nostra
1663 4853 1818 4938 petatur.
1840 4842 1966 4934 «Ergo
1990 4836 2056 4909 fra-

493 5126 498 5152 ¹
511 5120 601 5174 Forsan
613 5123 741 5184 tannem
754 5116 966 5184 anthropoloaio,
977 5125 1005 5169 ut
1015 5118 1115 5182 coajtctt
1126 5118 1280 5171 amborum
1295 5115 1370 5180 Qun
1380 5119 1413 5173 stt
1423 5119 1489 5169 tstud
1501 5116 1619 5169 thalardt
1631 5128 1695 5180 opas
1706 5114 1778 5178 plane
1789 5127 1836 5166 nos
1846 5112 1917 5177 furti.
