4559 6100
496 532 545 603 66
1102 532 1227 606 PETlll
1253 534 1482 608 ABAELARDI

497 680 712 778 quibusdam
731 680 956 780 philosophis
970 682 1135 777 ignoret?
1165 688 1268 756 turta
1287 708 1442 780 namque
1459 682 1553 754 Petri
1570 678 1728 778 Apostoli
1743 676 1989 765 assertionem,
2012 702 2079 775 me·

497 801 564 872 lius
585 814 676 873 esset
697 800 754 871 his
776 825 851 871 uon
874 826 980 873 nosse
1003 802 1161 874 veritatis
1181 804 1297 896 viam,
1327 827 1437 901 quam
1457 815 1539 901 post
1558 800 1715 896 agnitam
1731 810 1827 868 retro
1844 795 1926 865 ire¹.
1953 796 1989 865 Si
2004 819 2080 893 ergo

497 935 644 1018 propter
665 918 910 992 infidelitatem
935 920 1140 1017 gentilium,
1169 921 1207 992 hi
1231 922 1292 1019 qui
1318 920 1498 1020 aliquibus
1520 943 1647 992 eorum
1669 915 1882 988 testimoniis
1907 912 1964 985 vel
1988 913 2081 986 dictis

498 1052 659 1130 utuntur,
680 1039 855 1135 arguendi
876 1053 959 1111 sunt
980 1066 989 1109 z
1013 1040 1127 1111 multo
1148 1041 1302 1140 amplius
1318 1042 1369 1113 illi
1391 1041 1453 1138 qui
1470 1039 1635 1135 Origenis
1649 1050 1704 1108 tot
1721 1050 1756 1106 et
1773 1034 1880 1106 tantis
1896 1032 2081 1105 haeresibus

496 1158 620 1229 irretiti
637 1159 876 1256 expositiones
887 1172 993 1256 atque
1006 1160 1200 1232 sententias
1219 1173 1290 1232 tarn
1304 1160 1464 1232 studiose
1477 1157 1524 1230 ad
1535 1172 1696 1229 nostram
1714 1152 1970 1226 transtulerunt
1982 1166 2081 1248 atque

496 1276 1010 1367 induxeruntaedifroationem,
1025 1302 1109 1349 cum
1123 1303 1166 1350 ex
1181 1277 1388 1351 infidelitate
1405 1276 1681 1349 damnabiliores
1697 1270 1880 1359 omnibus,
1898 1285 1941 1353 ut¹
1951 1269 2081 1341 dictum

496 1410 560 1484 est,
583 1412 724 1470 constet
743 1422 819 1469 esse
837 1398 1033 1469 haereticos.
1061 1397 1171 1494 Cujus
1196 1397 1342 1496 quidem
1360 1398 1566 1468 innumeras
1593 1417 1636 1467 ac
1659 1391 1918 1491 supramodum
1948 1388 2081 1460 abomi-

495 1515 632 1588 nandas
657 1515 806 1589 haereses
830 1517 970 1589 silentio
992 1515 1153 1615 deperire
1179 1541 1253 1590 non
1279 1517 1539 1603 sustinuerunt,
1562 1514 1664 1612 quasi
1682 1527 1717 1585 et
1732 1513 1770 1583 in
1784 1510 1841 1581 his
1859 1508 2083 1581 retractandis

494 1631 651 1730 aliquam
674 1636 908 1736 praeviderent
931 1637 1138 1728 utilitatem,
1166 1660 1209 1708 ac
1232 1638 1261 1709 si
1287 1634 1333 1709 ab
1355 1637 1406 1707 eis
1423 1634 1614 1731 designatis
1635 1647 1742 1729 atque
1767 1630 1945 1702 damnatis
1971 1627 2082 1699 caeteri

495 1752 562 1825 sibi
573 1753 708 1826 acilius
718 1757 962 1854 providerent,
975 1772 1038 1829 aut
1053 1755 1186 1854 quibus
1196 1780 1256 1829 eas
1273 1754 1475 1828 rationibus
1489 1753 1737 1839 dissolverent,
1751 1750 1781 1822 si
1797 1749 1877 1846 quis
1888 1748 1926 1818 in
1940 1748 1990 1818 eis
2008 1745 2081 1817 illos

493 1869 713 1968 illaquearet,
736 1874 974 1948 addiscerent.
1000 1874 1105 1947 Unde
1128 1890 1164 1947 et
1192 1880 1230 1947 B.
1263 1876 1504 1972 Hieronymus
1527 1870 1715 1974 epistolam
1737 1868 1784 1942 ad
1806 1868 1965 1940 Avitum¹
1986 1870 2082 1937 Pres-

493 1988 659 2086 byterum
683 1992 821 2081 direxit,
847 2009 887 2066 ut
907 1995 1072 2067 haeretica
1093 1994 1154 2067 illa
1179 2020 1259 2093 quae
1281 1997 1317 2066 in
1338 1993 1434 2066 libris
1450 1991 1667 2066 Periarchon
1688 1990 1860 2085 Origenes
1876 1988 2083 2058 innumera'

492 2125 677 2205 posuerat,
707 2137 749 2184 ex
770 2128 871 2211 parte
892 2114 1145 2187 manifestaret.
1175 2116 1264 2202 Quis
1284 2116 1392 2187 etiam
1408 2137 1468 2186 me
1484 2111 1696 2184 testimoniis
1714 2106 2014 2206 philosophorum
2031 2105 2081 2173 in-

492 2227 608 2300 ductis
633 2232 769 2303 ratione
791 2247 932 2329 arguat,
960 2235 1030 2305 nisi
1057 2249 1093 2306 et
1114 2235 1151 2307 in
1178 2233 1322 2334 culpam
1349 2258 1491 2305 mecum
1511 2245 1653 2304 sanctos
1679 2227 1848 2299 doctores
1864 2226 1900 2295 iu
1918 2224 1990 2295 hoc
2006 2226 2081 2321 ipso

374 2436 378 2440 .
492 2345 634 2418 trahat?
661 2353 749 2436 Quae
769 2353 866 2422 enim
886 2354 1049 2450 superius
1075 2378 1118 2425 ex
1144 2352 1369 2452 philosophis
1389 2351 1516 2448 collegi
1543 2348 1761 2434 testimonia,
1787 2369 1862 2417 non
1889 2368 1932 2415 ex
1959 2367 2082 2416 eorum

491 2467 630 2564 seriptis
642 2492 799 2566 quornm
815 2494 930 2569 pauca
943 2473 1043 2561 novi,
1058 2474 1133 2543 imo
1149 2496 1193 2543 ex
1210 2470 1310 2545 libris
1326 2487 1532 2544 sanctorum
1549 2484 1693 2569 patrum
1706 2465 1844 2562 collegi.
1858 2462 2041 2559 Numquid
2050 2477 2082 2534 et

490 2586 703 2682 Apostolum
718 2612 865 2684 arguere
882 2605 1123 2689 praesumeret,
1138 2591 1216 2688 qui,
1234 2606 1275 2663 ut
1287 2593 1337 2664 ait
1352 2596 1390 2663 B.
1405 2591 1620 2688 Augustinus
1633 2589 1669 2660 in
1681 2610 1744 2658 vur
1755 2583 1799 2655 de
1817 2585 1965 2654 Ciuitate
1982 2584 2080 2669 θεῖ’,

491 2702 770 2778 Atheniensibus
777 2707 943 2805 loquens,
956 2734 1041 2780 cum
1057 2733 1134 2781 rem
1149 2734 1313 2806 magnam
1330 2710 1377 2782 de
1386 2714 1464 2782 Deo
1480 2709 1636 2796 dixisset,
1649 2720 1685 2778 et
1700 2728 1779 2802 quae
1795 2701 1952 2800 apaucis
1964 2714 2083 2798 posset

490 2822 654 2918 intelligi,
668 2824 770 2922 quod
787 2855 804 2894 ιι
816 2827 852 2897 in
871 2827 932 2900 illo
946 2857 964 2896 ιι
980 2828 1113 2901 seilicet
1129 2858 1145 2897 ιι
1160 2829 1326 2919 vivimus,
1346 2853 1548 2916 movemur,
1560 2841 1596 2898 et
1612 2849 1749 2913 sumus,
1764 2850 1782 2889 ιι
1800 2821 1941 2917 adjecit,
1964 2850 1981 2885 α
1994 2820 2084 2889 sicut

490 2940 976 3043 etbenequidampoetarum
987 2961 1185 3019 vestrorum
1195 2947 1389 3040 dixerunt⁸,
1401 2978 1420 3016 n
1431 2940 2082 3047 philosophorumvidelioetipsorum,

490 3086 646 3158 quorum
660 3064 789 3138 studiis
804 3063 957 3163 gloriosa
974 3067 1034 3140 illa
1046 3069 1170 3140 civitas
1184 3072 1375 3152 exstiterat,
1387 3066 1630 3140 testimonium
1646 3065 1692 3136 ad
1707 3063 1973 3162 persuasionem
1982 3057 2085 3130 indu·

489 3204 597 3275 oens,
621 3183 667 3255 de
684 3183 834 3281 quibus,
863 3200 901 3258 ut
924 3186 960 3257 in
986 3187 1207 3286 eodem-ipse
1224 3189 1439 3284 Augustinus
1456 3186 1642 3285 praemisit,
1666 3182 1713 3255 ad
1728 3186 1910 3253 Romanos
1927 3178 2085 3250 scribens

488 3301 561 3392 ait,
588 3303 675 3399 quia
695 3330 711 3370 r
735 3302 836 3400 quod
851 3318 979 3375 notum
996 3320 1052 3378 est
1067 3308 1133 3379 Dei
1151 3308 1378 3381 manifestum
1401 3320 1454 3378 est
1472 3307 1508 3377 iu
1528 3305 1609 3376 illis.
1628 3306 1725 3373 Deus
1741 3302 1839 3374 enim
1862 3297 1929 3370 illis
1952 3298 2086 3368 revela·

488 3422 555 3513 vit,
576 3435 644 3493 etc.
657 3426 695 3488 *ι
716 3424 769 3494 Ex
789 3422 922 3520 quibus
946 3439 1069 3523 aperte
1088 3427 1279 3524 Apostolus
1303 3428 1410 3499 docet
1436 3427 1488 3497 eis
1512 3446 1658 3521 quoque
1682 3421 1890 3518 mysterium
1907 3418 2086 3489 Trinitatis

488 3539 595 3613 lrrisse
618 3541 828 3615 revelatum.
859 3542 928 3614 Sed
953 3544 1028 3615 haec
1052 3546 1221 3641 quidem⁷
1242 3545 1352 3619 verba
1368 3545 1531 3644 Apostoli
1549 3541 1654 3615 nobis
1671 3542 1707 3613 in
1724 3538 1958 3637 sequentibus
1974 3561 2086 3634 expo

488 3659 610 3730 nenda
625 3674 832 3731 occurrunt.
861 3665 964 3732 ttunc
982 3675 1101 3735 eutem
1117 3662 1288 3735 adversus
1303 3679 1378 3736 tam
1393 3663 1642 3735 haereticorum
1658 3683 1767 3756 quam
1783 3654 2085 3755 philosophorum

488 3776 728 3872 objectiones,
756 3777 919 3875 pluribus
941 3779 1077 3853 deiide
1097 3796 1227 3853 sanctae
1241 3783 1419 3855 'trinitatis
1440 3781 1599 3855 collectis
1615 3796 1723 3877 atque
1738 3775 1906 3875 expositis
1924 3773 2087 3844 testimo-

487 3896 573 3987 niis,
592 3903 757 3994 'superest
774 3897 927 3993 aperire,
947 3898 1077 3995 quibus
1093 3899 1294 3971 rationibus
1310 3901 1454 3974 delendi
1474 3901 1586 4000 possit
1601 3898 1701 3997 quod
1718 3892 1927 3969 testimoniis
1944 3889 2088 3962 contir-

487 4028 623 4087 matum
646 4028 711 4088 est.
736 4016 864 4088 Omnis
885 4019 1019 4117 quippe
1039 4022 1298 4109 controversia,
1330 4022 1424 4092 utin
1443 4020 1638 4092 Rhetorice
1659 4018 1731 4090 suis
1749 4013 1883 4086 Tullius
1905 4012 2084 4100 meminit,

487 4135 599 4204 autin
622 4136 773 4233 scripto,
798 4150 861 4207 aut
877 4139 1015 4210 ratione
1034 4154 1212 4230 versatur,
1234 4155 1270 4213 et
1292 4139 1398 4216 beato
1415 4154 1603 4214 attestante
1622 4137 1835 4233 Augustino,
1860 4133 1897 4203 in
1914 4127 2090 4202 omnibus

485 4255 733 4327 auctoritatem
748 4255 914 4328 bumanae
936 4261 1108 4357 anteponi
1131 4261 1262 4332 rationi
1283 4262 1473 4354 eonvenit3
1498 4259 1652 4331 maxime
1669 4270 1788 4329 autem
1807 4255 1843 4323 in
1859 4250 1917 4321 bis
1934 4273 2014 4346 quae
2037 4247 2090 4318 ad

486 4374 602 4442 Deum
620 4375 811 4471 pertinent,
832 4377 939 4452 tutius
954 4379 1164 4453 auctoritate
1181 4403 1291 4476 quam
1307 4380 1468 4452 humano
1482 4379 1631 4451 nitimur
1643 4374 1794 4472 judicie.
1821 4371 1912 4441 Hinc
1927 4381 1979 4440 est
1993 4363 2091 4436 illud

436 4497 439 4506 '
486 4489 587 4586 quod
608 4494 669 4584 ait,
688 4517 767 4592 cap.
785 4519 809 4565 r.
828 4493 891 4567 lib.
911 4496 955 4568 de
971 4497 1130 4570 Moribus
1146 4498 1315 4571 Ecclesia
1329 4516 1455 4572 eontra
1473 4496 1726 4569 Manicheam:
1745 4522 1762 4558 ιι
1778 4496 1918 4562 Naturae
1934 4483 2091 4582 quidem

486 4609 577 4681 ordo
595 4611 643 4681 ita
661 4636 699 4683 se
715 4610 836 4697 habet,
851 4629 902 4709 ut,
920 4639 1004 4688 cum
1022 4616 1118 4689 aliud
1130 4617 1295 4706 dicimus,
1313 4621 1489 4692 rationem
1505 4613 1682 4717 praecedat
1697 4610 1910 4695 auctoritas;
1926 4628 2011 4676 nam
2027 4603 2092 4673 in-

485 4727 588 4800 lirma
604 4730 692 4802 ratio
707 4730 820 4803 videri
834 4748 964 4831 potest,
987 4759 1066 4831 quae
1082 4761 1166 4809 cum
1184 4735 1323 4810 reddita
1339 4739 1457 4829 luerit,
1474 4736 1724 4810 auctoritatem
1740 4743 1878 4828 postea,
1898 4745 2092 4824 perquam

516 4954 556 5005 111
568 4954 646 5018 Patr„
668 4971 722 5021 cap.
742 4963 1048 5021 11,v.21.-²stecoe.
1066 4961 1129 5012 vm.
1147 4966 1253 5014 Arctum
1308 4969 1355 5003 -·
1367 4968 1448 5028 Rom,
1469 4978 1523 5026 cap.
1543 4976 1561 5022 1,
1580 4975 1602 5011 r.
1628 4963 1666 5012 19.
1678 4987 1706 4996 -
1720 4963 1728 4990 ⁷
1744 4959 1785 5008 Sto
1808 4955 1869 5006 God.
1886 4950 1948 5001 t'tct.
1969 4949 2020 4997 Sed
2041 4948 2096 4998 bic

484 5035 554 5085 Anb.
576 5038 625 5073 -³
643 5038 681 5087 Sic
704 5037 764 5087 Cod.
788 5038 851 5089 t'tet
873 5038 982 5091 'inimo
1005 5043 1205 5107 duab—‘Cap
1226 5060 1252 5096 x.
1306 5048 1423 5111 quaednm
1441 5045 1517 5095 verbo
1533 5042 1604 5092 Amb.
1619 5039 1732 5090 -⁸le.
1755 5038 1781 5100 l,
1800 5050 1853 5099 cap.
1872 5048 1891 5095 ι,
1914 5033 1990 5094 ow,
2007 5038 2024 5077 t.
2040 5026 2097 5086 ΙΙΙ,

485 5114 560 5177 opp..
572 5124 588 5164 t
603 5116 663 5174 vtl,
675 5120 721 5168 col.
739 5121 790 5170 198.
803 5124 848 5155 ,s
859 5122 911 5171 Act.
928 5123 1023 5188 qurt„
1033 5137 1086 5187 cap.
1099 5137 1164 5184 xrn,
1176 5139 1199 5173 r.
1213 5130 1251 5177 111.
1307 5127 1354 5175 col.
1364 5127 1419 5176 688.
2001 5133 2005 5140 ·
