4559 6100
692 596 733 667 tu
760 593 1003 665 aristotili
1028 594 1088 666 An
1113 594 1341 668 ROMANOS.
1555 633 1566 646 ι
1738 591 1812 680 343

224 751 257 822 ei
275 749 321 821 de
339 770 405 819 sno
419 744 555 817 semine
571 745 757 844 posteritas
772 768 836 843 per
853 766 962 841 quam
979 756 1195 815 restauretur
1212 742 1357 816 uberius
1373 743 1409 814 in
1429 742 1529 840 prole
1545 742 1643 840 quod
1660 740 1811 841 deperiit
1908 764 1918 783 ·

225 869 260 939 in
278 865 420 957 arbore,
439 863 522 962 quia
540 863 660 961 plures
678 860 800 934 lideles
815 862 976 933 orientur
988 853 1098 958 quam
1111 875 1214 933 antea
1225 860 1374 933 delesse
1390 862 1588 933 extiterant.
1608 888 1626 928 u
1639 865 1684 932 Et
1698 860 1771 958 qni.
1791 890 1808 926 a

226 992 273 1057 Ac
298 986 328 1057 si
347 983 481 1057 diceret
501 1009 512 1054 r
532 986 576 1053 Et
592 980 650 1053 ille
672 981 739 1053 erit
755 981 821 1053 ista
836 979 949 1073 radix,
971 1009 989 1048 u
1000 980 1060 1075 qui
1081 995 1253 1077 exurget»
1273 979 1549 1053 conscendendo
1567 978 1809 1071 vehementer,

222 1105 342 1177 donec
373 1105 451 1199 ejus
488 1125 618 1200 corpus
645 1099 745 1199 quod
769 1116 823 1173 est
857 1100 1013 1172 Ecclesia
1039 1098 1172 1198 ubique
1206 1099 1383 1188 dilatetur,
1419 1101 1520 1196 cujus
1549 1099 1712 1196 regimini
1735 1100 1811 1197 ipse

224 1247 365 1322 semper
382 1237 552 1319 tanquam
569 1235 678 1320 caput
695 1222 846 1320 praeerit,
865 1211 957 1293 sicut
972 1207 1007 1292 et
1023 1220 1200 1319 promittit
1214 1219 1337 1292 dicens
1350 1226 1373 1314 ¹,
1398 1250 1416 1288 u
1429 1225 1520 1292 Ecce
1534 1244 1605 1318 ego
1622 1218 1809 1291 vobiscum

224 1366 304 1413 sum
316 1333 484 1414 omnibus
497 1338 625 1413 diebus
640 1364 750 1437 usque
768 1332 815 1412 ad
827 1339 1175 1411 consummationem
1194 1339 1344 1411 seculi.»
1361 1343 1415 1411 De
1428 1364 1502 1437 qno
1519 1339 1625 1410 etiam
1638 1337 1810 1435 regimine

226 1460 322 1534 idem
339 1460 518 1559 Propheta
535 1458 620 1532 alibi
638 1459 724 1532 dicit
732 1443 757 1549 ¹,
775 1487 793 1526 u
807 1463 849 1530 Et
871 1449 960 1557 puer
976 1457 1146 1559 parvulus
1163 1457 1314 1530 minabit
1330 1483 1404 1531 eos.
1418 1489 1436 1524 »
1460 1462 1531 1529 «ln
1547 1482 1645 1552 eum,
1661 1487 1679 1523 u
1698 1457 1735 1529 id
1761 1472 1813 1529 est

226 1580 271 1652 de
283 1581 393 1677 gratia
410 1580 498 1676 ejus,
515 1603 589 1650 non
606 1571 799 1675 delegerel
817 1579 888 1649 suis
904 1577 1040 1650 viribus
1053 1577 1250 1652 confident.
1266 1582 1344 1651 Hoc
1361 1592 1414 1650 est
1432 1577 1544 1672 radix,
1565 1578 1610 1650 de
1626 1601 1699 1676 qna
1714 1577 1809 1650 idem
1857 1659 1860 1668 ,

229 1700 337 1772 etiam
356 1697 517 1797 quodam
531 1697 613 1769 loco
630 1697 717 1769 dicit
739 1695 919 1795 Propheta
927 1700 950 1787 ⁸,
974 1727 991 1763 «
1009 1686 1119 1770 Radix
1136 1702 1231 1770 lesse
1248 1722 1328 1796 quae
1349 1712 1417 1771 stat
1441 1698 1636 1793 insignum
1654 1695 1810 1796 populo-

224 1809 317 1909 rum,
339 1808 455 1917 ipsum
470 1831 591 1915 gentes
609 1815 912 1916 deprecabuntur,
931 1817 1050 1889 eterit
1067 1816 1297 1916 sepulchrum
1319 1817 1394 1914 ejus
1411 1817 1618 1914 gloriosum,
1637 1845 1654 1883 >1
1675 1814 1811 1913 dequo

223 1937 357 2010 scilicet
380 1934 570 2035 sepulchro
595 1936 696 2009 radix
719 1934 778 2008 illa
805 1927 980 2032 esurgens
1003 1937 1039 2007 in
1069 1960 1237 2035 magnam
1262 1938 1373 2010 crevit
1395 1960 1582 2008 ramorum
1609 1935 1835 2038 fructicem

227 2087 244 2122 a
259 2061 354 2128 Deus
368 2072 500 2129 autem.
513 2084 530 2122 u
548 2055 643 2147 Dixi,
665 2083 683 2124 u
695 2048 863 2126 laetamini
878 2051 1042 2152 gentes»
1062 2069 1096 2127 ct
1117 2058 1181 2128 «in
1198 2080 1282 2127 eum
1299 2070 1420 2152 gentes
1433 2055 1642 2152 sperabunt,
1658 2083 1675 2121 s
1694 2068 1730 2127 et
1742 2052 1813 2126 hoc

224 2175 260 2245 in
268 2174 370 2247 vobis
377 2173 833 2273 Romanisipseimpleatur.
845 2178 887 2244 lit
893 2173 966 2247 hoc
978 2188 1030 2254 est
1044 2175 1262 2274 «Deusspei,
1275 2204 1292 2241 s
1307 2174 1352 2246 dc
1361 2174 1462 2270 cujus
1471 2174 1582 2271 gratia
1596 2172 1815 2273 sperandum

224 2310 278 2396 est
292 2294 478 2387 omnibus3
499 2295 566 2366 soli
582 2293 686 2366 electi
702 2317 812 2365 omne
826 2289 995 2389 gaudium
1011 2292 1145 2365 babere
1157 2307 1308 2392 possunt
1322 2307 1396 2364 tam
1410 2294 1447 2363 in
1465 2292 1533 2364 hac
1547 2291 1679 2365 scilicet
1692 2294 1763 2365 vita
1776 2296 1812 2364 in

224 2437 287 2511 spe
301 2437 411 2511 qnam
425 2409 482 2485 vel
493 2414 528 2484 in
542 2412 601 2485 illa
614 2414 650 2482 in
665 2437 716 2484 re.
746 2443 763 2480 α
780 2417 822 2484 Et
836 2407 937 2511 pace,
949 2442 966 2476 r
981 2411 1204 2484 removendo
1218 2412 1350 2489 scilicet
1362 2437 1383 2485 a
1395 2411 1499 2483 vobis
1513 2411 1704 2511 superbam
1715 2411 1811 2505 illam

224 2533 506 2624 contentionem,
525 2557 592 2630 pro
603 2557 674 2629 qua
685 2529 842 2603 sedanda
855 2529 932 2603 hacc
944 2531 1072 2630 scripta
1088 2545 1138 2602 est
1150 2529 1318 2630 Epistola.
1336 2562 1353 2599 u
1369 2536 1408 2603 ln
1420 2530 1600 2603 eredendo
1616 2546 1667 2602 ut.
1683 2562 1700 2598 s
1720 2536 1768 2604 Ac
1783 2531 1812 2606 si

224 2647 483 2724 dicereuntex
494 2649 578 2741 lide,
591 2673 774 2749 perquam
785 2648 956 2741 creditur,
967 2666 1002 2722 et
1012 2651 1263 2746 qnaeomnium
1275 2649 1514 2723 bonorumest
1523 2649 1809 2742 fundamentum,

224 2749 416 2868 proliciatis
426 2770 461 2842 in
472 2795 535 2868 spe
546 2784 581 2841 et
588 2770 747 2861 caritate,
764 2792 843 2865 quae
854 2767 1063 2841 naturaliter
1078 2769 1384 2865 indesequuutur.
1399 2753 1574 2843 Virtdtem
1591 2772 1725 2870 qnippe
1740 2772 1812 2868 Spi·

224 2890 310 2960 ritus
319 2889 428 2961 sancti
448 2911 608 2961 amorem
625 2891 691 2961 Dei
706 2883 743 2959 in
759 2886 866 2959 nobis
878 2887 964 2959 dicit
979 2889 1041 2987 qui
1057 2903 1183 2961 contra
1199 2890 1320 2961 omnia
1339 2889 1438 2962 lortis
1455 2903 1520 2983 est,
1535 2890 1627 2962 sicut
1642 2890 1813 2989 scriptum

224 3010 303 3100 est⁸,
317 3037 335 3078 u
345 3006 471 3081 Valida
480 3008 631 3081 estsicut
639 3033 737 3082 mors
746 3007 902 3082 dilectio.
920 3038 939 3074 u
950 3012 994 3081 Et
1001 3010 1144 3097 iterum,
1167 3010 1326 3081 «Omnia
1337 3009 1472 3101 sull'ert,
1491 3010 1615 3082 omnia
1625 3009 1813 3083 sustinet.»

226 3131 378 3199 «Certus
395 3151 488 3198 sum.
506 3155 524 3195 u
547 3132 647 3215 Quos
663 3127 847 3226 culpando
869 3127 932 3199 diu
949 3143 1139 3226 terruerat,
1171 3128 1353 3201 laudando
1385 3154 1431 3200 ne
1459 3128 1650 3227 desperent
1677 3129 1724 3200 in·
1743 3128 1814 3200 line

223 3245 377 3342 mitigat,
401 3245 557 3318 dicendo
581 3246 713 3318 scilicet
734 3248 842 3317 etiam
867 3243 963 3343 apud
980 3241 1042 3318 eos
1059 3239 1134 3320 esse
1151 3247 1267 3342 quiet
1286 3246 1477 3319 dilectione
1500 3261 1536 3319 et
1551 3247 1812 3345 scientiapleni

222 3378 319 3456 sunt,
338 3379 379 3436 ut
399 3363 533 3437 scilicet
549 3364 637 3437 alios
654 3362 826 3437 instruere
845 3364 957 3436 velint
977 3379 1014 3436 et
1033 3365 1182 3462 possint.
1209 3369 1251 3436 Et
1268 3363 1340 3436 hoc
1366 3380 1433 3456 est,
1459 3394 1477 3432 «
1490 3379 1606 3453 certus
1627 3389 1719 3456 sum,
1731 3394 1748 3429 s
1767 3388 1809 3436 ac

196 3560 204 3569 ,
223 3485 253 3555 si
273 3482 405 3556 diceret
423 3512 432 3555 τ
455 3489 502 3556 hc
519 3487 547 3556 si
563 3486 613 3558 ita
631 3478 807 3582 corrigam
820 3478 877 3556 vel
890 3508 1072 3575 moneam,
1094 3516 1111 3551 «
1127 3499 1162 3557 et
1176 3485 1255 3581 ipsi,
1271 3513 1289 3552 u
1309 3484 1346 3555 id
1364 3500 1415 3557 est
1433 3485 1522 3557 sicut
1540 3485 1577 3556 in
1595 3482 1815 3581 quibusdam·

177 3676 188 3699 α
223 3604 385 3700 personis
401 3602 498 3702 pleni
515 3604 597 3675 estis
615 3603 772 3702 superba
786 3604 1020 3676 contentione
1036 3603 1091 3674 vel
1110 3603 1322 3698 ignorantia,
1342 3604 1389 3675 ita
1407 3618 1442 3676 et
1456 3604 1524 3702 ipsi
1539 3605 1575 3675 in
1594 3602 1814 3701 quibusdam⁴

221 3720 336 3819 pleni,
362 3734 431 3793 etc.
459 3732 475 3789 u
492 3723 603 3792 Omni
619 3722 766 3794 scientia
780 3722 827 3793 ita
844 3736 902 3814 ut,
914 3718 934 3787 u
947 3721 1047 3793 idest
1060 3720 1106 3793 ad
1120 3721 1193 3795 hoc
1210 3720 1445 3794 sufficientem
1461 3721 1600 3795 habetis
1614 3722 1828 3809 scientiam,-

224 3855 265 3912 ut
287 3837 428 3939 possitis
452 3841 607 3914 invicem
634 3865 700 3913 vos
725 3832 909 3914 adhortari
934 3840 979 3914 ad
1003 3833 1096 3913 bene
1120 3841 1358 3940 operandum.
1389 3840 1599 3914 «Audacius
1622 3855 1742 3914 autem
1757 3867 1810 3912 veu

142 3976 144 3979 ·
224 3972 338 4056 parte,
358 3989 375 4023 u
394 3959 432 4032 id
452 3974 505 4032 est
520 3961 784 4059 aliquantulum
801 3960 928 4058 majori
946 3959 1077 4033 fiducia
1095 3961 1220 4059 scripsi
1237 3960 1353 4049 vobis,
1374 3961 1436 4058 qui
1454 3960 1490 4032 in
1508 3961 1590 4033 loco
1607 3959 1694 4031 mihi
1711 3985 1817 4033 corne

224 4080 333 4151 misso
359 4080 454 4166 estis,
479 4082 541 4176 qui
565 4081 697 4153 scilicet
714 4076 843 4153 doctor
866 4074 1064 4181 specialiter
1084 4107 1165 4153 sum
1191 4096 1263 4153 tam
1274 4080 1445 4153 Gentium
1462 4105 1572 4178 quam
1594 4079 1811 4153 ludaeorum.

225 4203 269 4269 Et
281 4190 353 4271 hoc
368 4199 537 4296 estquod
550 4196 715 4300 exponit,
733 4199 867 4287 dicens,
890 4192 1027 4299 nt'pote
1041 4201 1213 4273 sollicitus
1229 4200 1274 4272 de
1289 4199 1404 4293 vobis,
1423 4214 1602 4299 «propter
1618 4200 1779 4297 gratiam,
1792 4232 1809 4265 »

223 4318 262 4390 id
278 4333 329 4391 est
348 4318 505 4391 officium
521 4311 748 4419 apostolatus
764 4319 979 4419 praedicandi
993 4319 1168 4392 Gentibus
1178 4319 1266 4391 mihi
1279 4319 1492 4415 injunctum,
1514 4318 1560 4390 de
1576 4344 1647 4416 qua
1663 4318 1810 4417 quidem

221 4439 336 4532 gratia
362 4438 512 4536 ipsemet
534 4440 583 4511 ait
593 4443 617 4530 ⁸,
643 4432 799 4512 «Gratis
825 4440 1028 4537 accepistis,
1051 4439 1159 4535 gratis
1183 4437 1278 4510 date.
1301 4468 1318 4502 »ι
1350 4439 1508 4509 Minister
1533 4436 1663 4510 Christi
1686 4438 1812 4537 praedi·

218 4569 325 4627 cator
345 4572 410 4647 est,
434 4556 523 4629 dum
543 4582 618 4630 non
644 4583 706 4630 sna
728 4558 841 4647 lucra,
861 4557 925 4630 sed
947 4558 1076 4629 Christi
1100 4558 1238 4655 quaerit,
1261 4570 1297 4627 et
1316 4557 1399 4654 quia
1423 4555 1588 4629 nonnulli
1613 4557 1707 4629 bene
1723 4583 1810 4657 prae·

218 4673 384 4747 dicantes
407 4676 659 4770 malevir'unt,
677 4675 790 4769 addit,
812 4708 829 4743 u
839 4675 1084 4762 sanctificans,
1102 4705 1119 4746 u
1139 4676 1176 4747 id
1198 4689 1254 4759 estv
1272 4675 1345 4747 vita
1366 4699 1511 4773 quoqne
1529 4700 1609 4748 mea
1626 4701 1810 4762 commen,-

215 4793 315 4867 dans
341 4795 631 4895 praedicationem
655 4820 764 4895 quam
791 4794 837 4869 dc
857 4800 933 4868 Deo
959 4796 1062 4889 lacio,
1083 4808 1121 4867 nt
1146 4793 1294 4883 oblatio,
1321 4794 1359 4866 id
1384 4810 1437 4866 est
1460 4798 1576 4869 oratio
1601 4797 1708 4867 etiam
1731 4819 1810 4866 mea

212 4937 334 5011 quarn
350 4938 417 5012 pro
428 4914 513 5014 ipsis
528 4914 631 5007 facio,
652 4914 745 4988 «fiat
761 4929 905 5013 accepta
915 4916 1009 5009 Deo,
1021 4945 1039 4981 s
1058 4913 1096 4987 id
1113 4927 1166 4987 est
1184 4942 1201 4982 u
1213 4912 1430 4987 sanctificata
1446 4914 1482 4985 in
1498 4914 1631 5011 Spiritu
1647 4927 1782 5003 saneto,
1792 4943 1808 4981 u

253 5184 366 5252 tuum,
375 5201 429 5253 cap.
438 5193 602 5253 nummu.
613 5189 1068 5256 -21nt.‚up.u,v.o.-·tttu‚v.
1077 5186 1313 5250 ro.-⁴cau.,uu
1324 5190 1476 5250 vrund-
1486 5181 1601 5244 ‘Natho
1610 5192 1664 5242 ΝΡ·
1674 5196 1705 5245 ι,
1718 5196 1742 5231 t·
1754 5180 1778 5228 Β·
