4559 6100
479 520 547 586 tot
701 574 708 589 .
1064 502 1200 583 'ravat
1232 513 1465 584 remeunt

473 663 638 760 symbolo
659 664 739 759 ipse
762 684 910 758 quoque
926 663 961 730 in
979 662 1210 758 processione
1234 662 1385 756 Spiritus
1410 662 1527 732 solum
1550 670 1810 729 commemorat
1831 661 1987 749 Patrem,
2011 657 2068 729 his

473 782 619 879 quidem
637 778 786 853 verbis:
820 808 838 846 u
859 783 901 850 Et
923 779 959 849 in
980 778 1152 877 Spiritum
1176 794 1339 851 sanctum
1359 780 1554 852 Dominum
1571 790 1607 848 et
1625 774 1882 849 vivificatorem
1902 802 1946 848 ex
1966 780 2069 849 Patre

474 901 743 999 procedentem,
771 924 854 970 curn
873 902 974 969 Patre
995 912 1030 968 et
1046 897 1436 970 Filiocoadorandum
1456 910 1493 969 et
1517 893 1878 991 conglorificandum,
1898 910 1969 968 etc.
1992 927 2009 961 a
2028 901 2066 967 lu

473 1033 607 1116 quanta
623 1033 744 1089 autem
758 1018 958 1089 reverentia
979 1015 1039 1087 illa
1066 1015 1275 1114 principalia
1293 1017 1452 1088 Concilio
1469 1014 1627 1087 tenenda
1651 1014 1721 1085 sint
1735 1012 1864 1085 beatus
1881 1013 2069 1111 diligenter

473 1138 587 1234 aperit
610 1137 816 1232 Gregorius,
844 1136 906 1231 qui
929 1156 966 1206 se
993 1159 1034 1205 ea
1059 1149 1232 1230 tauquam
1253 1150 1411 1232 quatuor
1433 1133 1623 1231 Evangelia
1644 1135 1825 1231 suscipere
1848 1149 1883 1204 et
1907 1136 2067 1206 venerari

474 1254 675 1354 profitetur,
694 1255 790 1327 unde
808 1270 985 1326 eteorum
1004 1253 1136 1341 verbis,
1152 1277 1227 1326 non
1245 1256 1356 1351 magis
1371 1278 1479 1352 quam
1499 1252 1722 1349 evangelicis,
1742 1251 1798 1323 vel
1815 1250 1947 1324 addere
1970 1252 2068 1324 aliud

474 1376 529 1447 vel
544 1374 770 1448 substrahere
788 1374 981 1472 permittit,
1003 1374 1052 1445 ita
1067 1374 1304 1444 Constantino
1315 1374 1496 1471 Episcopo
1509 1370 1770 1446 Mediolanensi
1782 1371 1828 1442 de
1846 1396 1919 1441 uno
1938 1392 2066 1443 eorum

472 1495 666 1568 scribens¹:
679 1525 696 1563 v
709 1497 783 1567 Nos
793 1509 939 1579 auctore
948 1494 1110 1586 veritate,
1125 1508 1161 1564 et
1175 1506 1263 1565 teste
1273 1493 1505 1579 conscientia,
1520 1490 1788 1564 latemurfidem
1798 1489 2069 1562 Chalcedonen-

472 1618 518 1686 sis
535 1614 691 1712 symboli
709 1613 879 1685 illibatam
896 1637 961 1711 per
977 1613 1101 1684 omnia
1116 1611 1311 1701 custodire,
1328 1612 1491 1709 nihilque
1508 1619 1585 1709 ejus
1598 1609 1799 1683 definitioni
1815 1609 1962 1699 addere,
1981 1610 2068 1682 nihil

473 1731 683 1804 subtrahere
707 1731 853 1804 audere.
881 1731 952 1803 Sed
980 1733 1010 1803 si
1039 1732 1121 1827 quis
1146 1743 1272 1803 contra
1294 1755 1375 1802 eam
1399 1729 1560 1825 ejusdem
1582 1729 1713 1827 synodi
1731 1727 1859 1819 fidem,
1891 1730 1966 1800 sive
1989 1728 2070 1827 plus

474 1853 638 1924 minusve
654 1852 701 1923 ad
715 1851 929 1950 sapiendum
952 1874 1124 1950 usurpare
1144 1851 1410 1949 appetissem,
1436 1850 1537 1921 omni
1558 1848 1728 1921 dilatione
1746 1849 1957 1946 postposita,
1985 1871 2069 1920 ana·

476 1972 795 2064 thernatizavimus,
807 1985 914 2067 atque
926 1970 1037 2042 asinu
1046 1970 1212 2043 Ecclesiae
1226 1970 1348 2042 matris
1357 1968 1513 2042 alienum
1525 1992 1602 2041 esse
1611 1967 1846 2040 decrevimus.
1867 2000 1885 2034 a
1902 1969 1972 2041 Sed
1988 1994 2071 2065 pro·

475 2093 568 2163 lecto
581 2115 664 2162 curn
676 2090 914 2179 interdicitur,
927 2114 973 2162 ne
987 2090 1067 2187 quis
1078 2088 1181 2162 aliter
1194 2088 1324 2161 doceat
1335 2103 1396 2161 aut
1408 2087 1576 2187 praedicet
1593 2086 1813 2161 Catholicam
1834 2087 1941 2163 fidem
1957 2112 2067 2185 quam

475 2213 511 2280 in
529 2209 706 2309 praedictis
731 2213 936 2282 continetur
950 2209 1133 2300 Consiliis,
1154 2209 1256 2282 aliter
1281 2209 1420 2281 dictum
1436 2223 1539 2307 putu,
1559 2232 1634 2281 nou
1655 2208 1855 2280 secuudum
1873 2207 2067 2279 verborum

475 2329 730 2421 diversitatem,
764 2328 829 2401 sed
856 2328 1056 2401 secundum
1078 2327 1162 2403 fidei
1187 2329 1443 2400 diversitatem.
1475 2334 1524 2399 Ac
1543 2329 1573 2400 si
1601 2328 1740 2401 dicatur
1759 2328 1910 2415 :Alitcr;
1928 2327 2000 2400 hoc
2015 2342 2067 2399 est

476 2449 658 2519 contrario
676 2447 801 2538 mod0,
820 2471 895 2518 non
914 2447 1056 2519 diverso
1070 2446 1265 2519 verborum
1283 2471 1388 2539 sono,
1409 2448 1494 2545 quia
1511 2460 1547 2519 et
1572 2471 1639 2518 nos
1658 2447 1779 2519 Latine
1796 2446 1949 2519 dicimus
1970 2446 2068 2543 quod

476 2566 526 2638 illi
541 2571 675 2639 Graece.
691 2568 790 2638 Sicut
806 2591 891 2663 ergo
908 2565 1092 2639 diversum
1107 2592 1175 2666 pro
1191 2568 1359 2665 opposito
1372 2567 1515 2657 dicitur,
1535 2569 1584 2639 ita
1600 2566 1742 2638 diverso
1759 2567 1871 2638 ruodo
1894 2565 1995 2664 quod
2019 2580 2071 2637 est

361 2750 368 2775 ,
477 2687 578 2757 aliter
594 2710 661 2781 pro
679 2685 847 2782 opposito
866 2685 978 2757 modo
995 2711 1070 2758 nou
1093 2688 1290 2782 incongrue
1306 2687 1472 2758 sumitur.
1495 2688 1659 2784 Alioquin
1680 2688 1764 2758 erun
1782 2686 2070 2783 unumquodque

478 2804 621 2875 illorum
638 2803 882 2875 Conciliorum
896 2805 1086 2902 proprium
1097 2807 1342 2903 composuerit
1357 2820 1466 2903 atque
1484 2807 1674 2879 instituerit
1691 2804 1910 2902 symbolum,
1929 2806 2071 2901 sintque

477 2926 554 3022 ipsa
572 2920 733 3018 symbola
750 2921 801 2993 ab
815 2923 970 2994 invicem
982 2923 1099 2995 verbis
1110 2923 1264 3015 diversa,
1293 2950 1335 2998 ac
1354 2926 1500 2998 sortasse
1522 2925 1739 3023 quibusdam
1767 2926 1963 3013 sententiis,
1989 2950 2072 2997 curn

413 3028 416 3037 ’
480 3066 594 3114 unum
608 3066 873 3139 nonnunquam
896 3043 1078 3116 contineat
1095 3044 1195 3139 quod
1218 3046 1467 3118 alterum-non
1493 3044 1637 3136 habeat,
1659 3046 1820 3144 prolecto
1837 3045 2072 3118 anathematis

477 3186 558 3232 reus
574 3176 678 3251 esset,
698 3163 760 3259 qui
786 3187 860 3234 uno
878 3178 1043 3262 recepte,
1062 3179 1190 3237 caetera
1213 3164 1377 3263 symbola
1393 3164 1602 3239 coufitendo
1621 3167 1784 3238 recitaret
1807 3165 1862 3238 vel
1880 3168 2068 3264 reciperet.

477 3281 612 3353 Eadem
632 3282 771 3355 ratione
782 3284 839 3354 rei
854 3298 1060 3356 teneremur
1075 3309 1118 3357 ex
1134 3286 1386 3384 supplemento
1398 3285 1581 3381 Evangelii
1595 3284 1721 3376 additi,
1740 3309 1823 3357 curn
1841 3287 1878 3356 in
1902 3289 2070 3357 Deutero-

475 3403 599 3472 nomio
629 3405 769 3500 Moyses
792 3402 930 3475 dicat¹2
958 3435 977 3471 α
999 3405 1107 3493 Quod
1130 3408 1302 3504 praecipio
1331 3405 1396 3478 tibi
1420 3405 1657 3478 hortantum
1687 3407 1844 3477 Domino
1868 3405 1987 3493 facias,
2007 3429 2073 3477 nec

474 3522 672 3619 quidquam
697 3521 808 3593 addas
831 3523 886 3594 vel
913 3525 1065 3596 minuas.
1084 3553 1102 3592 ιι
1123 3525 1215 3596 Addi
1232 3528 1352 3623 itaque
1369 3523 1555 3624 prohibuit
1577 3527 1798 3597 contrarium
1820 3525 1968 3621 aliquid,
2000 3549 2072 3596 uon

475 3639 574 3735 quod
592 3640 805 3737 perfectioni
822 3640 973 3734 deesset,
989 3641 1161 3741 suppleri.
1175 3646 1469 3731 Quamvis-etiam
1481 3646 1594 3743 possit
1605 3643 1762 3739 intelligi,
1777 3659 1816 3716 ut
1827 3646 1977 3716 omnino
1989 3668 2074 3740 pro·

475 3758 643 3829 hibeatur
659 3759 773 3832 homo
788 3784 830 3830 ea
844 3784 882 3830 se
895 3761 974 3857 ipso
995 3761 1262 3858 verbis'aliquid
1280 3763 1459 3860 supplere.
1477 3769 1576 3836 Tunc
1593 3790 1679 3836 vero
1696 3764 1806 3835 homo
1824 3787 1869 3834 ex
1884 3788 1922 3834 se
1935 3761 2072 3859 aliquid

476 3875 643 3968 adderet,
664 3877 694 3948 si
710 3877 781 3948 hoc
804 3902 846 3948 ex
870 3902 975 3950 sensu
992 3903 1072 3969 suo,
1090 3904 1167 3952 nou
1189 3905 1231 3952 ex
1250 3882 1482 3980 inspiratione
1498 3884 1649 3982 Spiritus
1664 3897 1910 3983 presumeret,
1933 3880 1979 3953 de
1999 3907 2073 3978 quo

475 3995 623 4093 quidem
635 3997 771 4095 Spiritu
786 4011 839 4069 est
857 3998 1069 4096 scripturn‘:
1091 4031 1108 4067 α
1129 4004 1208 4071 Non
1231 4001 1328 4074 enim
1350 4026 1415 4074 ros
1433 4005 1516 4074 estis
1539 4004 1603 4100 qui
1615 4002 1821 4099 loquimini,
1839 4001 1906 4074 sed
1921 4002 2073 4100 Spiritus

475 4115 585 4213 patris
596 4116 703 4187 vestri
718 4118 782 4214 qui
806 4116 967 4212 loquitur
983 4120 1020 4189 in
1044 4117 1159 4194 vobis.
1178 4151 1195 4185 r
1220 4120 1328 4192 Multa
1341 4122 1450 4193 etiam
1466 4121 1513 4192 de
1530 4123 1709 4195 miraculis
1733 4135 1958 4212 sanctorum,
1976 4119 2075 4193 etde

474 4234 530 4306 his
546 4259 626 4332 quae
646 4236 759 4308 sancti
775 4241 894 4308 Patres
909 4252 990 4335 post
1009 4237 1202 4335 Apostolos
1219 4241 1450 4337 scripserunt,
1468 4240 1718 4339 predicamus,
1733 4265 1818 4312 cum
1835 4255 1956 4312 tamen
1978 4244 2073 4338 Apo-

474 4355 587 4426 stolus
603 4354 698 4427 dicat
715 4355 763 4427 ad
780 4354 924 4428 Galatas
940 4357 1134 4430 scribens⁸z
1154 4360 1284 4432 «Licet
1300 4382 1368 4430 nos
1384 4374 1447 4431 aut
1465 4355 1617 4457 Angelus
1641 4360 1687 4432 de
1711 4360 1804 4432 coelo
1820 4359 2079 4454 evangelizaret

474 4473 578 4546 vobis
594 4488 722 4572 praeter
740 4474 777 4547 id
794 4477 896 4573 quod
911 4478 1196 4577 evangelizamus
1214 4477 1330 4571 vobis,
1350 4479 1541 4551 anathema
1558 4479 1618 4566 sit,
1638 4480 1729 4551 sicut
1745 4477 1961 4577 praediri,¹ot
1976 4500 2075 4548 nuuc

476 4598 608 4666 iterum
632 4592 781 4692 dico,·si
805 4596 885 4692 quis
905 4595 1009 4668 vohis
1025 4596 1318 4693 evangelizaverit
1334 4613 1461 4696 praeter
1478 4597 1515 4669 id
1541 4597 1641 4693 quod
1666 4599 1866 4696 accepistis,
1884 4596 2077 4670 anathema

475 4715 532 4785 sit.
554 4743 573 4781 ιι
601 4712 712 4801 Quod
728 4728 846 4786 autem
863 4730 1056 4815 opponunt
1076 4716 1189 4788 Graeci
1207 4717 1450 4812 evangelicam
1465 4717 1697 4789 traditionem
1723 4717 1771 4789 ad
1796 4718 1972 4813 integram
1992 4714 2077 4787 fidei

475 4831 701 4932 disciplinam
718 4833 893 4923 sufficere,
910 4834 1193 4932 necquidquam
1210 4836 1357 4908 ulterius
1376 4835 1587 4908 addendum
1601 4860 1696 4927 esse,
1726 4849 1853 4934 praeter
1875 4861 1919 4908 ea
1941 4859 2021 4931 quae
2037 4834 2078 4905 in

510 5108 617 5174 mets,
631 5110 674 5160 us.
686 5107 728 5172 tv,
739 5112 810 5173 eptsa
824 5125 860 5164 ur.
872 5110 1018 5175 -²Deut.,
1029 5126 1083 5175 cap.
1102 5125 1147 5173 su,
1161 5127 1185 5163 ι.
1198 5119 1236 5167 aa.
1245 5113 1384 5175 durati,
1406 5128 1460 5177 cap.
1483 5127 1514 5170 x.
1532 5129 1555 5167 v.
1573 5118 1613 5167 att.
1631 5140 1661 5151 -
1673 5116 1682 5148 ⁴
1698 5114 1793 5176 Galat,
1805 5127 1858 5184 erp.
1880 5125 1898 5174 1,
1910 5117 1932 5164 t.
1946 5117 1969 5164 a.
