4559 6100
461 569 533 644 tua
1059 566 1186 639 PETRI
1211 565 1477 641 sufflant.

460 717 603 806 dicitur.
628 716 809 805 Quoniam
832 718 966 817 qnippe
991 742 1067 790 non
1090 731 1144 790 est
1165 716 1262 791 aliud
1278 722 1358 791 Deo
1377 741 1465 810 esse,
1492 731 1529 790 et
1551 715 1648 790 aliud
1673 739 1843 814 magnum
1867 738 1958 805 esse,
1983 718 2047 793 sed

458 839 530 910 boc
555 836 727 909 idemilli
750 852 803 909 est
827 835 1023 934 essequod
1050 834 1220 935 magnum
1239 860 1334 925 esse.
1362 841 1555 936 Propterea
1583 837 1674 909 sicut
1699 859 1775 908 uon
1801 836 1953 908 dicimus
1979 850 2048 909 tres

458 956 639 1046 essentias,
665 956 717 1027 sic
739 980 816 1028 non
837 955 989 1028 dicimus
1011 971 1082 1028 tres
1104 955 1380 1051 magnitudines.
1397 984 1415 1024 n
1432 958 1516 1028 Una
1538 954 1673 1053 quippe
1697 967 1836 1026 tantum
1863 968 1899 1025 et
1921 953 2047 1027 eadem

458 1100 513 1148 res
539 1088 592 1147 est
613 1075 649 1144 in
673 1073 820 1171 singulis
839 1074 1002 1173 personis
1024 1097 1096 1146 una
1112 1088 1149 1145 et
1167 1074 1355 1147 individua
1376 1075 1520 1173 penitus
1537 1072 1748 1159 substantia,
1772 1086 1879 1170 atque
1896 1074 2060 1172 omnino

458 1194 606 1293 simplex
627 1195 792 1285 essentia,
815 1194 874 1265 cui
899 1210 971 1265 tres
994 1191 1062 1265 illae
1077 1193 1201 1266 insunt
1217 1195 1472 1293 proprietates,
1491 1192 1690 1266 secundum
1708 1215 1797 1290 quas
1812 1215 2062 1291 personarum,

332 1402 336 1419 .
457 1314 617 1401 consistit
631 1312 828 1405 diversitas,
846 1337 921 1384 non
938 1312 1058 1411 aliqua
1074 1313 1109 1383 iu
1126 1337 1246 1384 rerum
1261 1337 1413 1385 numero
1432 1313 1639 1403 multitudo,
1658 1312 1804 1405 cumsit
1819 1334 1892 1384 nna
1908 1323 2044 1382 tantum

458 1456 514 1504 res
529 1431 716 1528 singularis
741 1446 848 1528 atque
866 1433 1017 1503 omnino
1042 1430 1280 1503 indivisibilis.
1300 1431 1405 1504 Unde
1421 1445 1582 1505 sanctam
1600 1444 1637 1503 et
1651 1430 1873 1503 individuam
1896 1428 2046 1527 dicimus

456 1550 681 1643 Trinitatem,
706 1576 791 1622 cum
815 1549 913 1622 nulla
930 1551 967 1621 in
984 1575 1027 1622 ea
1043 1550 1087 1621 sit
1103 1549 1296 1623 multitudo
1320 1575 1462 1640 rerum,
1488 1550 1552 1623 sed
1575 1549 1652 1621 sola
1677 1549 1861 1621 diversitas
1885 1550 2046 1647 proprie·

457 1656 583 1743 tatum.
598 1673 747 1742 Constat
760 1670 881 1767 itaque
892 1685 963 1742 tres
975 1668 1147 1769 personas
1157 1668 1224 1741 sibi
1243 1694 1308 1767 per
1323 1670 1446 1742 omnia
1461 1668 1671 1766 coaequales,
1694 1667 1786 1739 sicut
1801 1682 1836 1738 et
1853 1680 2045 1740 coaeternas

457 1812 544 1878 esse,
567 1789 652 1886 quia
678 1787 813 1860 nullam
835 1787 1017 1884 dignitatis
1045 1787 1282 1861 differentiam
1306 1786 1440 1860 habere
1470 1801 1633 1886 possunt,
1658 1785 1957 1884 quarumeadem
1982 1811 2045 1884 pe·

457 1907 552 1978 nitus
572 1909 722 1995 essentia
737 1905 923 2003 singularis
944 1921 980 1978 et
995 1906 1192 1980 individua.
1212 1910 1360 1979 Constat
1374 1932 1418 1979 ex
1432 1905 1504 1978 boc
1521 1930 1667 2004 quoque
1684 1903 1817 1976 nullam
1835 1905 1943 1976 trium
1959 1930 2045 2003 per·

457 2049 627 2097 sonarum
653 2025 700 2097 ab
723 2025 791 2098 alia
812 2024 1089 2098 substantialiter
1106 2050 1182 2098 esse
1204 2025 1396 2117 diversam,
1419 2024 1476 2098 vel
1500 2026 1608 2098 etiam
1631 2009 1829 2096 secundum
1853 2047 2044 2096 nnmerum

455 2168 578 2216 rerum
595 2167 672 2216 esse
688 2143 890 2238 discretam,
908 2143 971 2216 sed
988 2143 1240 2216 tantummodo
1264 2145 1480 2243 proprietate
1501 2167 1565 2216 sna
1585 2142 1763 2215 diversam
1779 2166 1855 2214 esse
1873 2166 1980 2214 unam
1996 2141 2042 2215 ab

456 2261 545 2354 alia,
573 2288 647 2353 uon
671 2278 791 2335 autem
814 2262 1011 2336 substantia
1031 2261 1237 2337 dissimilem
1261 2277 1322 2357 aut
1349 2287 1513 2354 numero,
1534 2275 1575 2333 ut
1598 2261 1702 2333 Arius
1725 2273 1838 2358 putat.
1871 2260 1975 2361 Unde
1992 2276 2045 2334 est

457 2379 545 2454 illud
572 2382 750 2455 Ambrosii
778 2382 821 2455 de
846 2368 947 2455 Fide
958 2382 1004 2454 ad
1031 2382 1243 2454 Gratianum
1266 2382 1360 2455 libro
1387 2386 1456 2479 ll:
1494 2416 1511 2450 ιι
1529 2379 1717 2480 Apostolus
1742 2378 1827 2451 dicit
1853 2380 2043 2476 imaginem

383 2542 388 2551 «
458 2496 576 2573 ΡειινίεΔ
594 2528 670 2575 csse
694 2502 886 2574 Christum.
919 2500 1129 2593 Arius-dicit
1151 2526 1227 2574 esse
1248 2500 1473 2592 dissimilem3
1499 2515 1535 2573 et
1558 2499 1635 2573 vult
1654 2513 1694 2571 ut
1715 2512 1817 2598 pater
1839 2498 2042 2572 dissimilem
2142 2584 2144 2591 .

456 2623 617 2714 genuerit
641 2624 714 2711 sni,
744 2622 844 2719 quasi
862 2622 1041 2718 impotens
1065 2622 1127 2719 qni
1151 2644 1319 2717 generare
1334 2621 1403 2694 sibi
1426 2619 1578 2692 similem
1604 2642 1679 2691 uon
1701 2617 1868 2717 potuerit.
1898 2621 2038 2689 altem:

460 2764 476 2801 a
495 2734 613 2832 lmago
630 2737 737 2809 docet
757 2763 832 2809 non
853 2763 929 2810 esse
946 2737 1199 2809 dissimilem.»
1217 2743 1296 2811 Non
1312 2753 1365 2811 est
1378 2740 1498 2836 itaque
1517 2743 1618 2810 Pater
1631 2735 1728 2809 aliud
1743 2759 1851 2834 quam
1862 2734 1968 2807 Filius
1983 2736 2039 2808 vel

462 2856 615 2953 Spiritus
630 2857 792 2945 Sanctus,
814 2871 873 2928 aut
887 2848 994 2928 Filius
1012 2880 1119 2954 quam
1137 2857 1289 2953 Spiritus
1304 2860 1466 2950 Sanctus,
1491 2857 1610 2929 necin
1629 2879 1781 2928 numero
1797 2855 1942 2927 divisus.
1960 2859 2039 2926 Non

456 2989 524 3063 est,
549 2974 717 3073 inquam,
747 2974 844 3048 alind
869 2976 905 3047 in
932 2990 1073 3070 natura,
1100 3000 1183 3047 cum
1211 2999 1434 3076 unaquaeque
1459 2977 1567 3048 trium
1591 2997 1827 3075 personarum
1848 2974 1893 3046 sit
1916 2973 2041 3047 eadem

456 3095 598 3192 penitus
621 3094 741 3166 divina
766 3093 979 3187 substantia3
1007 3095 1070 3168 scd
1096 3096 1186 3167 alius
1207 3097 1315 3169 estin
1338 3120 1505 3195 persona,
1529 3095 1618 3168 alter
1642 3094 1688 3167 ab
1713 3092 1838 3182 altero,
1867 3092 1904 3165 id
1928 3108 1982 3166 est
2003 3095 2039 3165 in

455 3214 672 3312 proprietate
694 3240 758 3287 sua
779 3214 940 3287 diversus
958 3214 1004 3288 ab
1025 3214 1109 3309 alio,
1132 3239 1217 3287 cum
1239 3214 1299 3287 hic
1323 3239 1398 3287 non
1419 3216 1465 3287 sit
1485 3214 1545 3287 bic
1564 3216 1628 3313 qui
1648 3212 1723 3307 ille,
1745 3212 1809 3286 sed
1832 3211 1903 3285 boc
1924 3195 2040 3312 ipsum

454 3333 553 3434 quod
572 3334 649 3423 ille;
672 3357 737 3406 nec
757 3335 844 3406 alter
864 3335 1006 3407 alterius
1026 3335 1282 3435 proprietatem
1307 3334 1565 3425 communicet,
1591 3349 1758 3432 utsupra
1781 3332 2037 3406 meminimus:

454 3446 612 3550 alioquin
637 3478 807 3552 personas
827 3453 894 3525 sibi
915 3454 1165 3552 permiscendo
1189 3454 1503 3527 confunderemus.
1528 3453 1597 3527 Sed
1620 3477 1686 3528 nec
1705 3456 1867 3548 Socrates
1888 3477 1973 3524 cum
1997 3451 2041 3523 sit

454 3592 475 3641 a
503 3573 649 3644 Platone
677 3598 829 3645 numero
852 3572 1033 3664 diversus,
1060 3574 1131 3646 hoc
1156 3588 1209 3646 est
1234 3600 1279 3646 ex
1302 3574 1516 3646 discretione
1536 3573 1689 3672 propriae
1711 3573 1868 3645 essentiae
1889 3570 1936 3644 ab
1962 3572 2039 3670 ipso

453 3687 553 3782 alins,
583 3690 657 3762 ullo
681 3692 791 3763 modo
814 3691 896 3763 ideo
923 3692 1064 3790 abipso
1090 3691 1188 3763 aliud
1213 3691 1356 3786 dicitur,
1381 3692 1453 3765 hoc
1478 3706 1531 3764 est
1554 3690 1831 3764 substantialiter
1855 3689 2036 3780 differens,

454 3829 538 3875 eum
555 3808 663 3879 ambo
681 3809 752 3881 sint
770 3809 930 3905 ejusdem
945 3824 1078 3881 naturae
1095 3809 1296 3882 secundum
1309 3812 1470 3908 ejusdem
1481 3813 1610 3910 speciei
1626 3810 1926 3897 convenientiam,
1946 3812 1981 3880 in
1994 3833 2038 3880 eo

455 3924 589 3996 scilicet
612 3926 712 4023 quod
740 3940 888 4025 uterque
907 3930 1067 4027 ipsorum
1095 3927 1210 4001 bomo
1234 3945 1307 4020 est,
1332 3943 1438 4027 atque
1462 3928 1545 4001 ideo
1570 3928 1667 4002 nulla
1690 3926 1911 4001 substantiali
1935 3925 2036 3998 dille·
2148 3916 2153 3923 ’

455 4044 568 4118 rentia
592 4044 758 4142 disjuncti
782 4062 877 4137 sunt,
904 4062 943 4120 ut
959 4047 1019 4119 hic
1043 4046 1139 4119 aliud
1158 4049 1202 4119 ait
1225 4072 1333 4144 quam
1353 4049 1411 4120 ille
1427 4073 1471 4120 ex
1490 4047 1637 4120 diversae
1657 4048 1788 4146 speciei
1809 4043 2005 4118 substantia
2024 4071 2033 4112 z

455 4161 517 4233 sed
534 4162 644 4257 aliud,
664 4179 703 4236 ut
724 4164 858 4237 dictum
877 4179 942 4257 est,
962 4167 999 4237 iu
1015 4189 1187 4264 persona,
1210 4192 1254 4238 ex
1268 4166 1487 4256 discretione
1502 4167 1637 4240 scilicet
1650 4168 1804 4266 propriae
1819 4164 2034 4239 substantiae.

452 4280 565 4354 Multo
588 4284 708 4355 minus
728 4307 813 4381 ergo
830 4283 948 4380 aliqua
964 4286 1073 4356 trium
1088 4310 1323 4384 personarum
1340 4312 1419 4384 quae
1435 4287 1472 4361 in
1490 4291 1567 4359 Deo
1587 4301 1684 4379 sunt,
1702 4286 1856 4359 dicenda
1871 4299 1924 4357 est
1940 4281 2035 4355 alind

454 4397 499 4470 ab
530 4403 610 4492 alia,
639 4427 792 4501 quarum
816 4403 921 4476 unica
944 4418 995 4475 est
1017 4404 1158 4502 penitus
1182 4404 1379 4477 substantia
1406 4405 1605 4501 singularis,
1633 4404 1769 4477 nnllam
1793 4404 1949 4503 partium
1974 4415 2035 4473 aut

453 4518 648 4592 formarum
671 4521 911 4594 diversitatem
933 4524 1121 4621 recipiens.
1142 4525 1284 4622 Quippe
1304 4523 1403 4620 quod
1421 4524 1579 4625 partibus
1601 4538 1751 4612 constat,
1773 4525 1857 4621 ipsis
1876 4519 2036 4621 partibus

452 4634 660 4717 naturaliter
680 4646 857 4744 posterius
874 4662 926 4718 est
946 4672 987 4718 ex
1011 4645 1140 4744 quibus
1158 4648 1397 4740 constituitur,
1416 4663 1451 4720 et
1473 4648 1519 4722 ad
1539 4672 1615 4720 esse
1635 4646 1855 4745 perducitur,
1873 4662 1910 4718 et
1928 4669 2034 4717 suum

452 4755 529 4835 esse
550 4755 743 4846 contrabit.
769 4765 921 4836 Hilarius
943 4789 1050 4865 super
1071 4765 1248 4864 psalmum
1269 4772 1324 4838 De
1340 4766 1535 4866 profundis
1557 4796 1568 4837 .-
1593 4765 1718 4838 «Nulli
1743 4766 1851 4838 etiam
1874 4763 2032 4863 fidelium

453 4880 603 4955 dubium
633 4908 708 4955 esse
741 4881 906 4975 arbitror,
939 4882 1098 4955 divinam
1124 4885 1356 4959 substantiam
1386 4887 1476 4958 sicut
1507 4887 1659 4985 partium
1686 4886 1958 4976 constitutione,
1983 4884 2032 4955 ita

453 5009 559 5085 etiam
580 5009 626 5084 ab
647 5012 745 5084 omni
766 5011 990 5110 proprietatis
1005 5011 1258 5086 informatione
1278 5012 1444 5106 alienam,
1471 5028 1512 5086 ut
1532 5015 1695 5088 videlicet
1715 5016 1753 5088 in
1776 5038 1819 5088 ea
1843 5011 1931 5085 nihil
1953 5033 2031 5083 esse

450 5135 561 5229 possit
578 5134 677 5232 quod
702 5135 837 5207 nonsit
855 5134 943 5233 ipsa.
963 5163 980 5201 n
1005 5135 1108 5207 Unde
1125 5136 1337 5231 Augustinus
1359 5135 1394 5207 in
1412 5140 1458 5206 Xl
1475 5133 1519 5205 de
1537 5138 1685 5209 Ciuitate
1699 5142 1769 5209 Dei
1780 5137 1965 5235 disputans
1982 5129 2026 5204 de
