4559 6100
1230 0 1263 18 ..
1317 0 1423 59 „v

829 202 885 264 Sed
897 221 957 262 non
969 214 1002 261 ut
1014 200 1135 280 placidis
1149 215 1252 261 coeant
1264 203 1395 273 immitia,
1409 223 1470 262 non
1486 216 1519 262 ut

829 303 982 377 Serpentes
995 296 1098 356 avibus
1113 307 1299 377 generentur,
1314 295 1435 377 tigribus
1448 297 1527 378 agni.

505 511 603 579 Velut
619 511 695 603 aegri
709 511 834 577 somnia
850 511 956 601 operis
971 509 1018 574 tui
1033 534 1124 575 vante
1140 511 1261 600 species
1276 508 1439 602 linguntur
1467 534 1475 577 τ

831 766 971 785 .....
993 725 1034 780 Ut
1045 740 1100 780 nec
1113 741 1177 800 pes,
1191 741 1246 781 nec
1258 734 1346 800 caput
1358 722 1410 781 uni

827 815 976 874 Reddatur
991 816 1091 874 lormae
1094 858 1237 879 .....

826 914 994 987 Purpureus
1008 909 1063 968 late
1077 909 1128 988 qui
1144 909 1305 988 splendeat,
1318 929 1394 969 unus
1405 922 1434 968 et
1444 907 1518 968 alter

826 1003 960 1063 Assuitur
970 1022 1084 1082 pannus
1088 1047 1231 1067 .....

505 1205 549 1269 At
563 1227 604 1269 ne
620 1205 690 1294 quis
705 1203 869 1268 fautorum
885 1218 1014 1268 tuorum
1031 1200 1251 1291 obloquatur¹
1269 1224 1279 1267 t

823 1415 934 1478 Scimus
944 1414 1120 1474 inurbanum
1131 1413 1230 1494 lepido
1244 1431 1385 1493 seponere
1399 1412 1490 1489 dicto,

731 1505 739 1523 '
823 1508 1055 1590 legitimumque
1068 1529 1173 1568 sonum
1188 1507 1284 1588 digitis
1299 1508 1438 1566 callemus
1452 1518 1481 1565 et
1492 1526 1574 1566 aure.

501 1708 588 1792 Quid
604 1707 719 1799 plura?
739 1709 822 1773 Tota
839 1733 890 1775 ars
904 1709 1031 1800 poetica
1051 1711 1157 1794 jurata
1174 1725 1286 1774 contra
1302 1725 1334 1773 te
1348 1707 1434 1774 bella
1456 1709 1606 1799 suscepit.
1624 1707 1764 1774 Deberm
1787 1730 1898 1774 revera
1919 1708 2043 1800 ingenii
2062 1711 2114 1775 tui

501 1831 726 1921 puerperium,
748 1814 840 1915 justa
860 1824 1005 1915 ejusdem
1028 1846 1133 1920 poetae
1157 1829 1408 1911 iustitutionem,
1428 1853 1551 1894 nonum
1565 1851 1711 1919 premere
1737 1829 1771 1893 in
1792 1849 1936 1910 annum;
1962 1845 1998 1893 ut
2022 1829 2112 1895 male

501 1966 667 2015 tornatum
682 1974 764 2039 opus
779 1974 887 2015 rursus
900 1947 1012 2015 liceret
1032 1949 1143 2016 incudi
1160 1947 1312 2030 reddere,
1330 1966 1364 2014 et
1378 1974 1488 2015 curare
1504 1973 1547 2015 ne
1563 1966 1595 2015 te
1608 1950 1695 2046 limae
1716 1948 1814 2015 labor,
1826 1949 2021 2015 offenderet.
2042 1951 2112 2014 De-

499 2068 593 2136 beres
607 2072 717 2160 utique
733 2070 950 2136 festinantiam
964 2070 1145 2135 emissionis
1160 2067 1302 2152 differre,
1319 2093 1393 2135 cum
1409 2071 1561 2162 scriptum
1580 2071 1622 2135 sit
1648 2094 1657 2136 ε

825 2323 965 2341 .....
988 2279 1084 2338 Nescit
1097 2300 1157 2339 vox
1171 2279 1259 2340 missa
1271 2279 1390 2344 reverti.
1410 2328 1411 2337 ,

498 2469 681 2537 Laudamus
704 2473 740 2538 iu
760 2488 806 2557 te,
833 2472 944 2556 Pater,
967 2497 1085 2540 vonam
1105 2474 1244 2565 ingenii,
1271 2472 1328 2540 sed
1353 2475 1429 2540 artis
1450 2474 1614 2566 culpamus
1638 2475 1808 2540 inscitiam.
1836 2472 1919 2539 Inde
1943 2489 1989 2539 est
2012 2473 2108 2561 quod

497 2608 621 2658 veteres
638 2591 835 2659 diffinierunt
849 2595 1013 2686 ingenium
1030 2619 1097 2661 esse
1113 2594 1275 2677 mutilum,
1293 2596 1353 2661 nisi
1369 2620 1466 2687 opem
1482 2597 1557 2661 artis
1570 2597 1631 2662 sibi
1642 2595 1811 2662 adsciscat.
1821 2594 2008 2660 Laudentur
2023 2593 2107 2659 sales

495 2713 620 2795 Lucilii,
638 2696 795 2781 ettamen
811 2716 979 2783 mordetur
993 2716 1082 2806 quod
1102 2717 1316 2807 incomposito
1332 2734 1439 2783 currat
1457 2717 1542 2808 pede
1569 2740 1577 2784 t

800 2938 966 3013 Incomptos
979 2954 1081 2995 versus
1093 2935 1243 3016 componit
1262 2948 1292 2996 et
1305 2948 1368 2995 arte
1382 2949 1512 2996 carentes

898 3028 1009 3090 Ennius
1021 3028 1140 3111 ingenio
1155 3029 1249 3105 dives,
1264 3042 1294 3089 et
1309 3042 1371 3090 erte
1383 3029 1476 3095 rudis.

496 3211 524 3275 E
550 3212 667 3302 quibus
700 3229 749 3279 est
778 3214 864 3281 ille:

816 3411 925 3469 Omnes
939 3410 1075 3471 mortales
1091 3431 1155 3472 sese
1169 3412 1282 3473 laudari
1296 3425 1448 3493 exoptent.

494 3620 558 3688 Sed
573 3620 727 3711 quoniam
741 3620 836 3714 lippis
851 3638 884 3689 et
898 3625 1085 3691 tonsoribus
1095 3624 1212 3710 claret,
1231 3625 1320 3715 quod
1336 3648 1404 3691 nou
1424 3641 1510 3691 recte
1523 3624 1666 3691 lamenta
1681 3620 1890 3713 epithalamio
1908 3620 2098 3710 conjugasti,

492 3741 572 3808 libet
587 3738 693 3831 aliqua
709 3739 749 3807 de
766 3743 835 3833 ipso
850 3744 952 3809 boatu
967 3746 1089 3836 tragico
1113 3746 1286 3837 speculari.
1304 3747 1393 3811 Inter
1413 3762 1535 3826 cetera,
1553 3746 1587 3810 ni
1604 3744 1710 3827 fallor,
1728 3742 1870 3809 oratoris
1886 3741 1989 3807 nostri
2004 3739 2099 3829 lugu·

491 3862 558 3928 bris
581 3886 673 3930 musa
695 3865 739 3931 sic
755 3864 913 3932 calculat:
937 3868 1107 3932 «Decessit
1123 3866 1224 3932 frater
1246 3889 1265 3931 a
1286 3866 1370 3948 vita,
1388 3866 1467 3948 im0,
1486 3881 1522 3931 ut
1539 3847 1654 3932 rectius
1675 3865 1791 3947 fatear,
1814 3879 1952 3930 mortem
1972 3860 2101 3949 reliquit

491 4007 551 4074 pro
567 3985 644 4050 vita.
663 3985 786 4070 Frater,
802 3989 952 4078 inquam,
972 3987 1117 4071 decessit,
1135 4004 1231 4054 tenor
1250 3986 1474 4068 continentiae,
1492 4010 1619 4052 morum
1635 3984 1818 4077 speculum,
1836 3982 1999 4049 vinculum
2022 3979 2100 4044 reli·

490 4103 606 4195 gionis
646 4103 725 4187 Quis
757 4103 890 4171 ulterius
911 4109 1074 4198 vegetabit
1095 4132 1149 4173 me
1184 4106 1227 4173 ad
1248 4106 1417 4175 laborem?
1440 4107 1520 4191 Quis
1542 4105 1677 4198 amplius
1700 4105 1799 4171 leniet
1837 4097 2060 4168 moerentem?
2080 4129 2092 4155 ι

438 4209 446 4216 „
489 4229 530 4292 Et
553 4243 626 4317 post
653 4227 787 4317 aliqua:
811 4231 897 4295 «Bos
916 4229 1035 4297 bovem
1058 4234 1213 4320 requirit3
1241 4258 1276 4298 se
1297 4232 1386 4323 quod
1410 4232 1515 4297 solum
1535 4246 1645 4321 putat,
1668 4229 1827 4319 frequenti
1851 4228 1976 4318 mugitu
2005 4224 2097 4314 pium

488 4364 621 4416 testatur
637 4348 801 4415 affectum.
816 4350 891 4433 Bos,
908 4349 1052 4440 inquam,
1067 4350 1187 4418 bovem
1196 4354 1341 4445 requirit,
1360 4376 1435 4419 cum
1447 4376 1513 4443 quo
1528 4351 1645 4417 ducere
1659 4349 1744 4417 collo
1758 4365 1863 4416 aratra
1879 4343 2060 4413 consuevit.
2077 4370 2090 4396 ι

521 4601 527 4631 ·
540 4596 638 4662 floret,
650 4597 680 4650 de
690 4599 746 4650 Art.
759 4597 842 4663 root,
859 4611 885 4649 r.
898 4599 955 4650 ttt.
