4559 6100
477 489 548 562 238
1060 486 1209 558 estut
1233 488 1467 561 ABAELARDI

526 641 630 709 Nunc
653 634 699 708 ad
724 634 822 707 illam
838 648 996 706 veterem
1017 631 1168 705 humani
1191 635 1329 731 generis
1346 633 1530 732 querelam
1553 647 1588 705 et
1610 633 1878 705 interminatam
1898 632 2068 729 quastio-

477 781 576 847 uem,
594 755 640 828 de
662 751 825 850 originali
847 751 981 825 scilicet
999 765 1162 850 peccato,
1180 752 1282 851 quod
1297 777 1319 826 a
1334 753 1452 853 primo
1472 765 1620 851 parente
1635 752 1673 824 in
1689 764 1851 849 posteros
1868 750 2070 824 redundare

478 873 668 975 Apostolus
683 873 850 980 praesen-ti
867 871 950 944 loco
959 886 1234 962 commemorat,
1252 872 1474 946 veniendum
1490 872 1599 945 nobis
1615 885 1681 963 est,
1699 885 1860 970 etprout
1873 871 2070 971 poterimus

477 999 513 1070 iu
536 994 613 1090 ejus
628 992 809 1064 solutione
826 989 1080 1064 laborandum.
1100 991 1218 1065 Primo
1234 993 1355 1090 itaque
1372 991 1411 1065 id
1428 993 1623 1090 quaritur:
1643 990 1740 1078 Quid
1757 991 1929 1088 originale
1945 1014 2070 1090 pecca·

478 1131 553 1186 tum
579 1112 754 1202 dicamus,
779 1137 863 1184 eum
882 1137 956 1209 quo
974 1111 1105 1209 singuli
1127 1111 1294 1185 homines
1316 1110 1576 1212 procreantur?
1593 1109 1731 1184 Deinde
1756 1133 1827 1209 qua
1846 1111 1983 1208 justitia
2003 1136 2070 1210 pro

477 1246 627 1333 peccato
659 1232 771 1330 patris
803 1232 977 1304 innocens
1005 1230 1099 1304 filius
1126 1230 1225 1331 apud
1253 1231 1627 1304 misericordissimum
1656 1229 1815 1328 judicem
1842 1235 1961 1304 Deum
1989 1255 2073 1304 reus

477 1353 727 1442 constituatur,
756 1351 857 1449 quod
882 1376 958 1423 non
979 1349 1077 1449 apud
1099 1350 1276 1424 seculares
1295 1351 1436 1449 judices
1460 1350 1734 1452 approbaretur,
1759 1364 1796 1421 et
1818 1349 1919 1447 quod
1938 1351 2014 1448 jam
2038 1351 2073 1423 ei

477 1473 541 1570 qui
564 1471 746 1545 commisit
773 1470 960 1543 dimissum
987 1469 1180 1564 credimus,
1207 1471 1263 1543 vel
1288 1473 1326 1544 in
1350 1472 1485 1545 caeteris
1508 1495 1575 1573 per
1590 1471 1810 1571 baptismum
1837 1468 2008 1560 deletum,
2034 1472 2073 1542 in

478 1591 559 1664 liliis
582 1593 752 1691 puniatur
775 1592 839 1688 qui
862 1616 930 1665 nec
952 1591 1073 1664 adbuc
1090 1605 1238 1691 peceato
1260 1591 1464 1665 consentire
1481 1592 1693 1684 valuerunt;
1713 1603 1750 1663 et
1772 1613 1865 1688 quos
1883 1590 2072 1688 proprium

390 1731 394 1741 ·
478 1737 552 1786 non
577 1711 712 1809 obligat
729 1725 917 1811 peccatum
933 1711 1081 1785 damnet
1097 1712 1268 1807 alienum,
1293 1726 1328 1786 et
1349 1713 1479 1811 prioris
1501 1712 1671 1810 iniquitas
1694 1710 1806 1810 patris
1830 1710 1943 1807 magis
1963 1734 2071 1808 quam

478 1833 729 1931 proximorum
743 1847 1038 1930 quantocumque
1057 1833 1237 1929 graviores
1270 1860 1294 1904 n
1314 1830 1586 1906 damnationem
1601 1831 1742 1905 trabat?
1756 1834 1941 1920 Quantum
1965 1831 2072 1904 etiam

478 1954 523 2024 sit
544 1951 701 2045 crudele,
722 1966 759 2024 et
779 1975 927 2024 summae
947 1951 1102 2034 bonitati
1124 1953 1191 2025 Dei
1216 1953 1469 2049 incongruum,
1488 1955 1551 2050 qui
1571 1952 1707 2025 salvare
1729 1951 1843 2048 magis
1861 1973 1971 2048 quam
1992 1975 2072 2049 per·

358 2147 362 2155 ,
478 2071 563 2146 dere
586 2073 724 2145 animas
745 2071 938 2163 desiderat,
959 2086 998 2144 ut
1017 2097 1086 2172 pro
1108 2087 1256 2172 peccato
1273 2072 1431 2172 parentis
1451 2070 1566 2144 filium
1584 2069 1744 2161 damnet,
1771 2094 1882 2168 quem
1907 2093 1975 2168 pro
1996 2070 2072 2165 ejus

478 2194 642 2265 mirrime¹
657 2192 796 2289 justitia
813 2192 990 2264 salvaret?
1008 2191 1173 2266 Pluribus
1192 2207 1314 2265 autem
1332 2191 1452 2265 modis
1470 2191 1610 2291 peccati
1623 2214 1758 2264 nomen
1774 2190 1957 2290 Scriptura
1972 2215 2073 2266 sacra

477 2312 621 2412 accipit,
640 2335 716 2383 uno
736 2311 886 2408 quidem
903 2311 1017 2384 modo
1034 2326 1071 2384 et
1086 2313 1234 2412 proprie
1251 2335 1318 2411 pro
1341 2312 1419 2411 ipsa
1435 2311 1562 2384 animae
1575 2311 1684 2409 culpa
1708 2325 1745 2383 et
1760 2324 1971 2410 contemptu
1986 2312 2070 2402 Dei,

478 2432 516 2504 id
543 2445 595 2504 est
621 2451 733 2530 prava
761 2429 946 2503 voluntate
972 2447 1106 2525 nostra,
1136 2456 1217 2530 qua·
1234 2433 1286 2506 rei
1311 2430 1409 2531 apud
1435 2435 1555 2503 Deum
1580 2430 1782 2504 statuimur.
1811 2430 1928 2504 Altero
1952 2446 2072 2504 auteur

479 2552 591 2624 modo
608 2566 798 2650 peccatum
813 2549 944 2622 dicitur
960 2551 1038 2650 ipsa
1055 2554 1192 2651 peccati
1210 2576 1319 2652 paena
1334 2575 1445 2650 quam
1462 2576 1527 2652 per
1541 2552 1661 2650 ipsum
1684 2551 1915 2644 incurrimus,
1933 2551 1990 2623 vel
2015 2554 2072 2624 cui

477 2685 625 2772 propter
661 2672 780 2769 ipsum
811 2668 960 2741 obnoxii
996 2685 1173 2744 tenemur.
1213 2672 1420 2745 Secundum
1449 2695 1558 2769 quam
1593 2670 1740 2769 quidem
1779 2669 2073 2770 significationem

478 2790 650 2862 dicuntur
672 2804 822 2888 peccata
849 2789 1003 2882 dimitti,
1033 2791 1071 2863 id
1106 2804 1159 2863 est
1185 2815 1300 2890 poenae
1325 2805 1556 2890 peccatorum
1582 2789 1805 2885 condonari,
1833 2805 1869 2864 et
1896 2791 2074 2888 Dominus

479 2923 624 3008 peccata
649 2921 773 2980 nostra
796 2921 978 3007 portasse,
1006 2910 1044 2982 id
1069 2926 1121 2983 est
1147 2936 1272 3011 poenas
1296 2926 1527 3010 peccatorum
1552 2925 1759 2984 nostrorum
1783 2909 1999 2984 sustinuisse.
2030 2915 2074 2983 Et

478 3053 563 3101 cum
588 3026 717 3126 aliquis
735 3026 869 3100 dicitur
888 3027 1023 3102 habere
1044 3044 1246 3130 peccatum,
1265 3029 1322 3104 rel
1344 3056 1428 3104 cum
1449 3044 1597 3129 peccato
1615 3029 1734 3104 adhuc
1757 3055 1846 3123 asse,
1866 3030 1928 3128 qui
1954 3044 2072 3103 tamen

478 3173 543 3247 per
558 3148 783 3220 voluntatem
798 3147 932 3221 malam
956 3174 1032 3221 non
1050 3167 1188 3249 peccat,
1216 3152 1308 3224 sicut
1329 3166 1382 3224 est
1397 3151 1525 3249 aliquis
1543 3150 1687 3248 iniquus
1703 3150 1915 3224 dormiens:
1936 3151 2006 3223 tale
2023 3168 2075 3224 est

478 3293 520 3341 ac
537 3269 567 3340 si
584 3265 703 3340 adbuc
721 3293 806 3339 eum
822 3267 1021 3341 obnoxium
1038 3295 1154 3370 poenae
1170 3272 1309 3370 proprii
1326 3272 1463 3370 peccati
1482 3271 1668 3344 fateamur.
1693 3272 1810 3344 Tertio
1824 3284 1943 3344 autem
1962 3271 2074 3344 nrodo

477 3392 552 3487 ipsa
575 3387 737 3463 Christus
763 3386 810 3459 ab
834 3389 1005 3488 apostolo
1032 3406 1218 3489 peccatum
1244 3391 1403 3485 dicitur¹,
1431 3391 1468 3463 id
1494 3406 1547 3464 est
1571 3390 1689 3464 hostia
1713 3415 1783 3490 pro
1804 3405 1965 3489 peccato.
1984 3395 2073 3463 Cum

477 3510 598 3606 itaque
620 3506 776 3579 dicimus
798 3507 966 3581 homines
991 3534 1074 3581 cum
1099 3510 1264 3608 originali
1286 3525 1434 3609 peccato
1462 3511 1643 3609 procreari
1662 3518 1698 3584 et
1720 3510 1841 3600 nasci,
1872 3525 1980 3608 atque
2003 3510 2073 3582 boc

478 3631 595 3728 ipsum
613 3626 787 3724 originale
812 3643 1001 3724 peccatum
1018 3652 1061 3700 ex
1078 3631 1196 3727 primo
1213 3645 1362 3728 parente
1376 3629 1592 3703 contrahere
1610 3657 1618 3701 τ
1645 3631 1757 3727 magis
1780 3629 1852 3702 hoc
1868 3629 1915 3703 ad
1930 3652 2073 3729 poenam

478 3746 628 3845 peccati,
648 3746 707 3817 cui
730 3744 897 3817 videlicet
915 3771 1030 3844 poenae
1053 3746 1202 3825 obnoxii
1224 3764 1402 3840 tenemur,
1427 3773 1538 3847 quam
1560 3748 1605 3822 ad
1629 3748 1775 3849 culpam
1795 3750 1906 3825 animi
1925 3764 1961 3822 et
1984 3774 2072 3822 con-

479 3877 654 3961 temptum
673 3864 755 3953 Dei,
776 3863 1005 3936 referendum
1022 3865 1178 3938 ridetur,
1197 3868 1268 3955 Qui
1284 3868 1382 3939 enim
1399 3868 1566 3941 nondum
1583 3868 1698 3942 libero
1713 3871 1766 3942 uti
1779 3868 1928 3942 arbitrio
1942 3883 2071 3968 potest,

478 4005 546 4054 nas
567 3983 681 4054 ullum
698 3982 822 4055 adhuc
843 3984 991 4056 rationis
1006 3984 1213 4057 exercitium
1229 3984 1352 4078 habet,
1375 4012 1446 4085 qua
1461 3991 1598 4061 Deum'
1614 4003 1851 4087 recognoscat
1866 4003 2071 4078 auctorem,

480 4101 536 4174 vel
549 4100 762 4174 obedientiae
784 4116 964 4176 mereatur
979 4119 1210 4204 praeceptunr,
1230 4107 1327 4179 nulla
1344 4121 1397 4179 est
1414 4109 1447 4179 ei
1468 4110 1712 4205 transgressio,
1737 4110 1836 4182 nulla
1860 4108 2074 4206 negligentia

481 4221 703 4319 imputanda,
724 4246 791 4294 nec
808 4221 920 4295 ullum
938 4224 1089 4297 omnino
1106 4225 1273 4297 meritum
1286 4251 1361 4324 quo
1377 4227 1525 4325 praemio
1541 4226 1597 4300 vel
1615 4253 1723 4328 poena
1738 4227 1871 4325 dignus
1885 4230 1940 4318 sit,
1961 4226 2073 4322 magis

479 4364 589 4438 quam
605 4339 728 4414 bestiis
749 4341 848 4439 ipsis,
867 4343 1016 4440 quando
1036 4331 1216 4440 in'aliquo
1232 4343 1290 4416 vel
1309 4369 1442 4418 nocere
1458 4346 1515 4419 vel
1527 4348 1654 4443 juvare
1678 4348 1858 4420 videntur.
1882 4342 1984 4416 Unde
2001 4348 2074 4414 Au·

354 4488 357 4496 ·
477 4458 638 4556 gustiffls
653 4461 690 4532 in
711 4460 807 4533 libro
825 4461 868 4533 de
882 4460 988 4533 Ft‘de‘
1003 4463 1050 4536 ad
1076 4467 1233 4555 Petrum,
1255 4463 1301 4537 de
1317 4467 1437 4539 anima
1460 4468 1719 4541 irrationalium
1744 4466 1921 4540 disserens
1937 4464 2075 4536 anima·

476 4578 566 4651 lium
581 4606 589 4648 :
603 4609 621 4646 e
638 4579 739 4670 ideo,
755 4610 772 4646 a
791 4582 920 4679 iuquit,
933 4610 951 4649 a
965 4607 1034 4655 nec
1050 4584 1228 4656 aeternitas
1240 4583 1542 4659 irrationabilibus
1558 4586 1742 4686 spiritibus
1750 4586 1833 4659 data
1848 4599 1913 4679 est,
1926 4584 2076 4657 neeali—

477 4698 577 4796 quod
595 4700 646 4772 nis
658 4699 837 4796 judicium
852 4718 1085 4800 praeparatur,
1102 4704 1139 4776 in
1156 4727 1231 4801 quo
1247 4704 1298 4777 eis
1316 4706 1372 4779 rel
1394 4705 1577 4780 beatitudo
1597 4732 1663 4807 pro
1678 4707 1800 4799 bonis,
1815 4706 1874 4779 vel
1887 4705 2077 4779 damnatio

507 4929 513 4958 ¹
531 4926 611 4977 Larus
621 4934 687 4978 carte
698 4935 832 4991 corruptus
845 4936 886 4978 aut
898 4929 1006 4981 mutilus.
1019 4928 1066 4979 Pro
1077 4930 1182 4981 minime
1192 4932 1242 4981 tor·
1297 4931 1379 4982 ³llale
1392 4932 1467 4984 barb.
1480 4933 1559 4992 oaesi
1572 4948 1627 4983 ram
1640 4936 1858 4998 remanerent-⁴
1872 4931 1932 4993 neg.
1944 4936 1984 4993 tr,
1997 4933 2080 4994 opp„

477 5018 520 5055 sau
536 5008 667 5068 legendum
679 5017 717 5058 cst
728 5017 772 5060 aut
787 5010 934 5061 innocentia
946 5016 988 5061 aut
1000 5011 1095 5062 virtute
1111 5020 1153 5062 aut
1167 5014 1245 5063 sterile
1299 5021 1318 5062 t.
1331 5011 1376 5071 Vl,
1390 5015 1438 5063 col.
1452 5016 1522 5064 1121.

477 5088 601 5147 quoddam
620 5092 730 5141 verbnm.
744 5117 772 5128 -
790 5089 834 5142 ²11
850 5091 982 5152 contub,
996 5104 1052 5154 cap.
1070 5105 1097 5148 r.
1119 5107 1141 5143 r.
1163 5096 1203 5145 rt.
1215 5119 1245 5130 -

2258 4964 2265 5000 l
