4559 6100
509 604 667 676 E'l'lllCA
694 603 775 675 SEU
799 603 928 674 LlBER
950 602 1101 679 metus
1130 603 1283 676 :SCl'lO
1306 604 1507 676 TElPSUM.
1730 606 1802 679 613

862 985 1043 1073 CAPUT
1092 987 1166 1073 tx.

324 1198 409 1274 Quod
432 1203 511 1258 Deus
532 1212 562 1258 et
587 1199 676 1258 homo
698 1199 730 1257 in
754 1199 868 1259 Christo
889 1198 964 1259 uniti
987 1217 1047 1258 non
1069 1199 1106 1256 sit
1126 1198 1230 1257 melius
1255 1197 1366 1276 aliquid
1391 1217 1479 1276 quam
1506 1197 1585 1257 solus
1605 1202 1694 1256 Deus.

264 1386 428 1482 Denique
456 1399 495 1456 ut
516 1385 563 1457 ad
588 1386 766 1484 praemissa
790 1385 998 1474 redeamus,
1025 1384 1089 1455 ubi
1114 1382 1279 1456 videlicet
1300 1383 1436 1455 dictum
1458 1397 1530 1475 est,
1559 1384 1643 1480 quia
1665 1382 1804 1456 bonum

216 1502 317 1575 bono
338 1503 500 1578 additum
525 1504 700 1600 quiddam
721 1504 848 1579 melius
869 1503 977 1575 efficit
993 1527 1103 1600 quam
1122 1502 1411 1600 unumquodque
1433 1527 1560 1577 eorum
1582 1527 1648 1600 per
1675 1528 1713 1576 se
1735 1505 1801 1593 sit;

217 1621 359 1695 videno
376 1622 586 1719 iuncusque
602 1621 756 1711 ducaris,
774 1637 813 1694 ut
828 1623 1028 1715 Christum,
1045 1622 1084 1694 id
1094 1636 1161 1713 est,
1181 1627 1297 1694 Deum
1312 1636 1347 1693 et
1362 1621 1550 1694 hominem
1561 1621 1636 1694 sive
1651 1622 1803 1694 invicem

217 1742 254 1810 in
272 1762 425 1838 persona
449 1743 570 1813 unitos
586 1741 712 1813 melius
728 1742 901 1839 quiddam
919 1740 1017 1816 dicas
1040 1765 1151 1839 quam
1169 1742 1244 1839 ipsa
1265 1740 1394 1812 Christi
1417 1740 1582 1813 divinitas
1598 1740 1653 1812 vel
1675 1741 1803 1814 huma-

217 1858 310 1931 nitas
333 1860 391 1949 sit,
417 1859 488 1931 hoc
504 1874 569 1952 est,
602 1862 679 1960 ipse
699 1865 795 1933 Deus
810 1860 950 1933 homini
973 1861 1115 1952 unitus,
1135 1858 1191 1931 vel
1216 1860 1292 1957 ipse
1311 1858 1424 1931 homo
1448 1863 1562 1931 aDeo
1585 1874 1799 1958 assumptus.

217 1978 364 2050 Constat
387 1981 519 2077 quippe
536 1980 573 2051 in
591 1979 733 2051 Christo
752 1995 825 2052 tam
841 1992 1064 2078 assumptum
1080 1979 1284 2069 hominem,
1303 2001 1413 2075 quam
1431 1981 1549 2049 Deum
1564 1980 1803 2051 assumentem

216 2096 457 2186 essebonum,
477 2113 514 2169 et
530 2113 716 2195 utramque
728 2098 962 2172 substantiam
978 2122 1054 2170 non
1068 2099 1136 2171 nisi
1150 2097 1287 2170 bonam
1301 2096 1450 2194 intelligi
1466 2121 1573 2196 posse
1588 2099 1701 2171 :sicut
1715 2114 1752 2170 et
1766 2100 1802 2170 in

217 2215 364 2309 singulis
385 2216 594 2289 hominibus
609 2233 682 2289 tam
698 2241 874 2316 corporea
891 2240 1001 2316 quam
1017 2218 1232 2318 incorporea
1246 2216 1443 2290 substantia
1458 2216 1556 2289 bona
1571 2231 1643 2307 est,
1661 2217 1744 2289 licet
1759 2219 1804 2290 ad

217 2332 427 2428 dignitatem
454 2334 511 2407 vel
538 2336 705 2408 meritum
734 2337 861 2408 animae
889 2335 1034 2408 bonitas
1060 2336 1223 2434 corporis
1252 2336 1342 2408 nihil
1370 2335 1510 2409 referat.
1539 2341 1581 2407 At
1606 2360 1693 2408 vero
1722 2338 1804 2433 quis

218 2465 336 2523 totum
359 2453 397 2525 id
418 2453 518 2551 quod
539 2454 700 2527 Christus
717 2454 864 2547 dicitiu,
888 2454 960 2527 boc
983 2470 1037 2526 est
1058 2454 1164 2528 simul
1188 2458 1305 2527 Deum
1322 2468 1357 2526 et
1371 2454 1578 2544 hominem,
1597 2454 1653 2527 vel
1677 2479 1804 2552 quam-

217 2593 375 2667 cumque
390 2597 511 2645 rerum
527 2573 793 2646 multitudinem
809 2578 887 2646 Deo
911 2574 1075 2672 praeierre
1091 2569 1252 2663 audebit,
1272 2588 1444 2671 tanquam
1464 2599 1509 2647 eo
1525 2574 1651 2647 melius
1670 2575 1804 2672 aliquid

216 2711 293 2761 esse
308 2692 433 2787 possit,
451 2693 514 2787 qui
535 2707 571 2764 et
592 2717 774 2764 summum
796 2692 935 2764 bonum
951 2707 1016 2784 est,
1037 2707 1072 2764 et
1089 2692 1136 2764 ab
1150 2692 1230 2791 ipso
1247 2691 1425 2790 quidquid
1442 2692 1531 2764 boni
1548 2691 1695 2786 habent,
1713 2696 1805 2765 acci·
1857 2748 1869 2765 s

217 2808 320 2903 piunt
344 2811 493 2881 omnia?
509 2812 681 2897 Quamvis
697 2812 794 2884 enim
815 2810 862 2883 ad
885 2810 1019 2909 aliquid
1041 2810 1222 2907 agendum
1244 2810 1421 2884 nonnulla
1442 2812 1490 2883 ita
1515 2812 1714 2885 necessaria
1730 2837 1805 2885 esse

219 2925 419 3018 videantur,
448 2943 487 2999 ut
510 2954 584 3001 non
612 2929 650 3002 id
674 2931 788 3002 iacere
810 2934 907 3002 Deus
931 2930 1007 3001 sine
1029 2929 1098 3000 illis
1122 2931 1235 3028 possit
1257 2943 1429 3028 tanquam
1452 2930 1668 3029 quibusdam
1689 2932 1806 3003 admi·

218 3048 357 3141 nicoiis,
377 3050 433 3122 vel
450 3048 740 3148 primordialibus
756 3051 888 3134 causis3
907 3047 996 3121 nihil
1012 3063 1146 3134 tamen,
1166 3065 1455 3148 quantacumque
1472 3052 1516 3122 sit
1530 3076 1651 3122 rerum
1668 3054 1807 3148 magni-

219 3167 321 3258 tudo,
345 3172 423 3239 Deo
444 3167 570 3239 melius
593 3167 665 3239 dici
688 3182 816 3266 potest.
844 3172 916 3238 Etsi
937 3168 1033 3237 enim
1051 3165 1231 3239 bonarum
1247 3193 1368 3241 rerum
1393 3192 1565 3241 numerus
1583 3184 1738 3252 constat,
1767 3186 1807 3242 ut

217 3282 361 3356 bonitas
381 3285 417 3356 in
442 3284 603 3382 pluribus
620 3288 685 3376 sit,
712 3310 786 3357 non
811 3284 892 3357 ideo
916 3285 1112 3357 bonitatem
1137 3286 1311 3381 majorem
1328 3311 1404 3358 esse
1426 3287 1630 3382 contingit:
1654 3287 1750 3359 velut
1776 3291 1805 3360 si

218 3403 363 3475 seientia
384 3403 420 3474 in
438 3402 600 3502 pluribus
621 3402 797 3492 abundet,
819 3418 881 3475 aut
896 3403 1123 3475 scientiarum
1146 3428 1318 3476 numerus
1335 3417 1480 3491 crescat,
1498 3426 1573 3474 non
1590 3402 1673 3476 ideo
1690 3406 1805 3477 scien·

220 3522 305 3593 tiam
319 3520 489 3620 cujusque
505 3546 662 3594 crescere
682 3546 826 3593 necesse
841 3535 906 3612 est,
927 3535 966 3595 ut
984 3521 1099 3618 major
1111 3520 1246 3594 scilieet
1262 3520 1324 3594 fiat
1338 3546 1448 3619 quam
1461 3521 1575 3619 prius.
1593 3523 1651 3592 Sic
1668 3536 1704 3593 et
1721 3547 1804 3594 cum

219 3640 254 3710 in
281 3665 319 3712 se
342 3645 438 3712 Dens
461 3640 580 3713 bonus
602 3641 649 3712 sit
667 3654 703 3711 et
718 3639 991 3712 innumerabilia
1007 3654 1120 3731 creet,
1143 3665 1221 3737 quae
1241 3665 1309 3713 nec
1326 3665 1419 3732 esse,
1444 3664 1511 3712 nec
1531 3638 1626 3712 bona
1644 3665 1720 3712 esse
1736 3642 1804 3714 nisi

218 3784 282 3856 per
296 3759 397 3832 illum
408 3760 556 3850 habent,
571 3759 713 3832 bouitas
730 3784 794 3858 per
809 3783 890 3831 eum
906 3760 942 3830 in
956 3759 1115 3856 pluribus
1126 3774 1193 3852 est,
1209 3776 1248 3832 ut
1259 3759 1375 3857 major
1387 3760 1433 3832 sit
1443 3784 1614 3832 numerus
1626 3759 1803 3833 bonarum

218 3902 356 3958 rerum,
380 3880 479 3952 nulla
502 3894 622 3952 tamen
645 3878 788 3950 bonitas
805 3878 882 3974 ejus
906 3877 1059 3948 bonitati
1083 3878 1239 3976 praeferri
1265 3878 1322 3949 vel
1345 3881 1478 3977 aequari
1503 3891 1633 3976 potest.
1663 3879 1805 3952 Bonitas

218 3998 352 4097 quippe
369 3999 405 4069 in
422 3999 570 4070 homine
586 4012 622 4070 et
639 3998 782 4070 bonitas
798 3997 834 4068 in
854 3974 932 4070 Deo
949 4011 1013 4083 est,
1032 4010 1067 4069 et
1087 4021 1171 4068 cum
1190 3997 1336 4070 diversae
1356 3999 1427 4069 sint
1444 3996 1647 4069 substantiae
1665 3996 1721 4069 vel
1740 4022 1804 4070 na·

218 4130 306 4187 turae
322 4117 453 4213 quibus
469 4117 610 4189 bonitas
625 4117 736 4206 inest,
754 4114 885 4188 nullius
902 4130 1020 4187 tamen
1039 4115 1090 4188 rei
1111 4114 1255 4188 bonitas
1276 4116 1408 4189 divinae
1425 4116 1582 4215 praeserri
1600 4115 1656 4186 vel
1672 4118 1804 4213 aequari

219 4249 354 4331 potest;
376 4260 418 4308 ao
433 4260 498 4333 per
516 4235 589 4306 hoc
611 4234 701 4306 nihil
717 4233 865 4324 melius,
883 4233 955 4306 hoc
973 4247 1038 4326 est,
1074 4235 1190 4331 majus
1205 4235 1344 4307 bonum
1368 4259 1476 4334 quam
1498 4239 1617 4326 Deus,
1634 4234 1687 4305 vel
1704 4258 1804 4330 aeque

218 4352 357 4424 bonum
374 4353 567 4427 dicendum
587 4369 652 4425 est.
