4559 6100
690 513 733 587 ΙΝ
754 511 1004 585 EPlS'l'OLAll
1028 511 1090 583 An
1116 512 1340 586 ROMANOS.
1741 512 1813 585 237

219 662 515 738 «constituentur
529 661 629 758 justi,
647 693 665 729 s
687 661 723 734 id
739 677 794 735 est
806 662 854 735 ab
871 663 971 735 omni
987 678 1135 762 peccato
1157 664 1301 761 penitus
1323 663 1501 742 immunes
1524 662 1630 756 etiarn
1643 685 1714 761 per
1735 688 1812 762 pce·

216 809 314 858 nam.
335 785 428 855 Nota
442 780 544 878 quod
560 780 597 853 in
614 781 727 854 Adam
746 780 857 854 dicit:
873 812 889 848 r
903 781 1087 854 constituti
1101 794 1198 871 sunt,
1212 809 1229 846 a
1249 781 1286 852 in
1303 778 1459 873 Christo,
1474 808 1491 849 a
1503 781 1779 854 constituentur.
1793 803 1810 848 ιι

219 910 338 1004 lpsum
347 900 494 1000 quidem
505 901 588 973 Adae
601 915 787 1000 peccatum
803 902 840 973 in
852 901 960 973 nobis
977 899 1194 973 transfusum
1204 901 1306 998 quasi
1323 924 1476 999 prasens
1489 914 1526 971 et
1538 898 1813 974 determinatum

217 1037 270 1097 eat
286 1048 350 1122 per
362 1022 508 1120 poenam
524 1022 592 1094 sui.
605 1019 816 1093 iustificatio
833 1033 954 1094 autem
972 1020 1031 1093 illa
1047 1044 1113 1120 per
1128 1021 1310 1093 Christum
1332 1019 1434 1118 quasi
1455 1018 1575 1091 futura
1598 1032 1651 1089 est
1679 1017 1811 1109 adhuc,

218 1166 298 1214 cum
315 1141 361 1212 sit
375 1138 530 1232 occulta,
547 1153 583 1211 et
598 1140 762 1226 maxime,
774 1140 858 1237 quia
874 1138 1066 1212 Christiani
1082 1141 1257 1237 quisunt,
1275 1136 1530 1213 afflictionibus
1543 1138 1580 1209 in
1592 1136 1664 1210 hoc
1677 1139 1814 1212 mundo

219 1259 438 1356 subjaceant.
451 1258 555 1331 Unde
566 1263 722 1333 loannes
732 1259 922 1357 Apostolus
932 1262 961 1328 ¹:
977 1259 1082 1331 «Filii
1098 1260 1165 1331 Dei
1179 1283 1316 1348 sumus,
1332 1272 1366 1330 et
1376 1257 1813 1356 noudumapparuitquid

219 1379 361 1451 erimus.
374 1378 513 1450 Scimus
529 1380 701 1477 quoniam
713 1402 798 1450 cum
807 1378 1024 1478 apparuerit,
1036 1377 1168 1450 similes
1177 1378 1210 1450 ei
1222 1378 1368 1469 erimus,
1378 1391 1447 1449 etc.
1465 1405 1483 1445 ιι
1498 1380 1542 1448 Ει
1554 1377 1631 1475 ipse
1642 1376 1810 1450 Paulus²t

223 1529 240 1564 a
253 1496 344 1590 Vita,
356 1524 374 1564 ιι
390 1496 521 1594 inquit,
535 1525 553 1562 α
566 1511 690 1569 nostra
701 1496 914 1570 abscondita
928 1511 981 1569 est
994 1520 1078 1568 cum
1090 1495 1233 1569 Christo
1250 1497 1286 1567 in
1301 1500 1391 1568 Deo;
1405 1524 1422 1563 ιι
1439 1500 1517 1567 Νοιι
1531 1509 1652 1567 autem
1661 1496 1816 1592 segniter

219 1615 506 1717 praetereundum
522 1630 588 1711 est,
604 1617 704 1713 qnod
717 1615 790 1689 hoc
805 1616 888 1688 loco
908 1615 1099 1715 Apostolus
1114 1614 1161 1687 de
1184 1629 1333 1714 peccato
1357 1628 1394 1687 et
1412 1616 1525 1712 gratia
1554 1639 1618 1713 per
1643 1614 1755 1688 Adam
1779 1632 1815 1688 et

220 1736 400 1810 Christum
416 1734 600 1810 transfusis
615 1738 722 1809 toties
735 1736 898 1837 replicat,
915 1750 951 1808 et
964 1734 1064 1835 quod
1080 1737 1180 1833 quasi
1199 1738 1395 1810 necessaria
1409 1736 1549 1807 ratione
1565 1759 1607 1807 ac
1630 1736 1814 1809 manifesta

216 1856 349 1953 justitia
366 1856 541 1953 exigente,
552 1856 678 1928 astruit
696 1854 798 1954 plura
813 1880 878 1954 per
893 1854 1075 1929 Christum
1086 1853 1199 1945 bona,
1214 1853 1297 1927 licet
1312 1880 1386 1926 non
1405 1853 1570 1955 pluribus
1582 1854 1713 1927 debere
1730 1881 1815 1927 con·

221 1975 299 2048 ferri
315 1998 426 2073 quam
443 1998 509 2073 per
520 1974 633 2046 Adam
652 1975 761 2069 mala,
781 1974 978 2075 quasiplus
994 1973 1208 2071 injuriando
1230 1976 1462 2074 istepotuerit
1478 1999 1588 2074 quarn
1607 1974 1664 2048 ille
1688 1975 1723 2046 in
1749 2000 1814 2049 no·

221 2094 357 2169 cando:
377 2094 478 2193 quod
496 2109 664 2194 apertum
680 2110 746 2168 est.
762 2096 832 2168 Sed
848 2120 890 2168 ex
907 2093 980 2167 hoc
991 2094 1029 2167 ni
1046 2093 1149 2166 lallor
1165 2095 1375 2167 contuendo
1397 2095 1502 2168 nobis
1523 2095 1713 2194 Apostolus
1736 2095 1816 2167 reli·

221 2215 297 2312 quit
308 2218 423 2287 Deum
441 2215 478 2286 in
494 2213 739 2287 incarnatione
749 2214 826 2287 Filii
841 2215 897 2286 sui
914 2213 952 2286 id
970 2237 1117 2312 quoque
1129 2213 1199 2285 sibi
1210 2213 1456 2287 machinatum
1473 2213 1592 2306 luisse,
1613 2229 1651 2286 ut
1665 2238 1739 2285 uon
1752 2239 1815 2285 so·

222 2332 297 2404 lurn
314 2330 567 2422 misericordia,
587 2358 713 2406 verum
728 2348 764 2406 et
785 2334 920 2431 justitia
940 2358 1006 2432 per
1033 2358 1115 2405 eum
1138 2331 1343 2405 subveniret
1371 2331 1616 2432 peccantibus,
1642 2348 1678 2405 at
1705 2335 1815 2431 ipsius

217 2453 355 2548 justitia
367 2453 590 2552 suppleretur
606 2451 707 2551 quod
721 2452 858 2526 delictis
874 2452 1005 2525 nostris
1023 2451 1319 2552 praepediebatur.
1339 2455 1430 2524 Cum
1452 2452 1550 2524 enim
1562 2451 1690 2523 Filium
1708 2476 1813 2524 suum

223 2576 316 2645 Deus
333 2570 517 2645 hominem
537 2572 672 2664 fecerit,
691 2572 951 2671 eumprofecto
969 2570 1131 2668 sublege
1152 2553 1337 2644 constituit
1358 2596 1467 2668 quam
1481 2574 1557 2668 jam
1582 2595 1813 2643 communem

222 2691 390 2764 omnibus
406 2690 555 2794 dederat
569 2690 791 2763 hominibus.
813 2690 982 2790 Oportuit
997 2690 1118 2788 itaque
1134 2688 1430 2762 hominemillum
1440 2713 1483 2761 ex
1498 2703 1676 2789 praecepto
1689 2688 1814 2762 divino

222 2812 423 2908 proximum
445 2811 563 2910 ipsum
579 2824 751 2909 tanquam
768 2836 807 2883 se
823 2808 983 2907 diligere,
1002 2810 1092 2883 etin
1111 2808 1217 2881 nobis
1240 2807 1422 2883 charitatis
1440 2834 1520 2882 suae
1550 2810 1699 2906 gratiam
1720 2834 1816 2882 exer·

139 2995 145 3002 .
222 2955 313 3023 cere,
334 2945 411 3002 tum
426 2929 639 3003 instruendo
652 2954 732 3020 nos,
750 2946 827 3003 tum
844 2955 909 3029 pro
928 2929 1034 3002 nobis
1046 2928 1199 3002 orando.
1221 2933 1403 3029 Praecepto
1419 2931 1539 3027 itaque
1558 2927 1682 3003 divino
1696 2944 1732 3002 et
1748 2953 1815 3027 pro

223 3048 338 3143 nobis,
357 3064 392 3123 et
408 3051 562 3123 maxime
579 3075 646 3149 pro
674 3048 865 3123 dilectione
881 3051 915 3122 ei
928 3048 1192 3122 adhaerentibus
1206 3073 1309 3122 orare
1321 3048 1530 3148 cogebatur,
1549 3051 1686 3122 sicutin
1701 3054 1817 3123 Evan-

222 3169 312 3265 gelio
334 3173 473 3242 Patrem
490 3171 680 3270 saepissime
696 3169 899 3268 interpellat
912 3194 980 3269 pro
993 3170 1079 3241 auis.
1100 3171 1250 3241 Summa
1273 3194 1357 3241 vero
1384 3171 1460 3265 ejus
1482 3170 1615 3266 justitia
1640 3169 1814 3263 exigebat,

222 3290 312 3359 utin
325 3288 426 3360 nullo
439 3288 517 3385 ejus
531 3289 647 3360 oratio
660 3288 839 3388 repulsam
857 3289 1060 3378 sustineret,
1079 3311 1187 3385 quem
1202 3287 1290 3359 nihil
1307 3289 1375 3360 nisi
1392 3287 1493 3385 quod
1518 3286 1712 3388 oportebat
1726 3287 1816 3358 velle

223 3406 276 3491 sel
288 3407 404 3480 lacere
422 3406 519 3479 unita
536 3408 569 3480 ei
588 3398 756 3480 divinitas
766 3406 1138 3507 permittebat.'Quod
1158 3407 1234 3506 ipse
1250 3407 1441 3505 Apostolus
1462 3404 1608 3481 duobus
1630 3405 1706 3477 aliis
1727 3406 1816 3477 locis

223 3524 408 3623 diligenter
419 3522 625 3619 insinuavit,
637 3526 795 3599 scribens
806 3526 852 3599 de
866 3551 910 3599 eo
923 3525 971 3600 ad
982 3524 1163 3601 Galatas⁸z
1180 3556 1197 3591 α
1209 3529 1356 3598 Factum
1368 3549 1412 3597 ex
1425 3525 1587 3616 muliere,
1597 3524 1735 3596 ¹lactum
1749 3525 1815 3596 sub

224 3645 313 3744 lege,
335 3660 375 3719 ut
396 3671 459 3719 eos
482 3647 547 3745 qui
571 3645 639 3719 sub
660 3645 738 3744 lege
760 3660 863 3718 erant
879 3643 1082 3718 redimeret.
1105 3674 1123 3713 ιι
1144 3649 1187 3716 Et
1201 3644 1248 3717 ad
1266 3644 1454 3718 Hebraeos*
1474 3672 1481 3715 :
1507 3675 1524 3711 a
1546 3645 1618 3733 Qui
1635 3644 1673 3714 in
1689 3643 1817 3716 diebus
1900 3700 1902 3703 ψ

224 3767 339 3839 carnis
361 3791 450 3859 suae,
478 3790 601 3864 preces
622 3766 972 3866 supplicationesque
997 3765 1044 3838 ad
1068 3789 1154 3837 eum
1163 3767 1235 3862 qni
1259 3767 1371 3864 possit
1392 3763 1495 3838 illum
1511 3764 1650 3837 salvum
1665 3763 1818 3837 facerea

225 3901 351 3977 morte,
370 3910 454 3958 cum
471 3886 628 3961 clamore
644 3884 765 3958 valido
788 3898 824 3957 et
845 3886 1011 3983 lacrymis
1027 3884 1194 3974 offerens,
1216 3900 1269 3958 est
1284 3885 1473 3958 exauditus
1491 3909 1557 3984 pro
1575 3907 1638 3956 sua
1654 3907 1814 3955 reveren·

224 4005 281 4093 tia,
292 4019 364 4077 etc.
381 4033 398 4073 ιι
412 4009 529 4077 Homo
540 4007 661 4103 itaque
674 4004 785 4077 iactus
799 4004 876 4100 lege
889 4006 966 4103 ipsa
976 4004 1179 4077 dilectionis
1188 4004 1341 4102 proximi
1350 4004 1618 4101 constringitur,
1629 4016 1671 4075 ut
1682 4027 1745 4075 eos
1756 4005 1819 4100 qui

221 4123 288 4195 sub
303 4124 383 4220 lege
399 4138 515 4217 erant,
529 4149 596 4197 nec
608 4149 674 4224 per
686 4124 800 4222 legem
814 4138 983 4223 poterant
997 4124 1138 4217 salvari,
1153 4124 1345 4196 redimeret
1359 4152 1366 4195 :
1383 4137 1419 4196 et
1433 4123 1532 4222 quod
1543 4125 1580 4195 in
1597 4123 1728 4196 nostris
1742 4147 1817 4194 non

220 4259 298 4316 erat
323 4244 471 4337 meritis,
499 4269 543 4316 ex
569 4245 640 4316 suis
664 4242 865 4343 suppleret;
884 4258 920 4316 et
939 4244 1030 4316 sicut
1052 4244 1239 4316 sanctitate
1259 4243 1445 4340 singularis
1461 4243 1610 4336 exstitit,
1631 4241 1819 4339 singularis

219 4359 323 4435 lieret
346 4362 495 4435 utilitate
523 4365 562 4435 in
584 4362 737 4437 aliorum
762 4364 868 4435 etiarn
894 4363 1019 4437 salute.
1048 4356 1217 4461 Alioquin
1241 4362 1328 4461 quid
1354 4387 1524 4460 magnum
1551 4363 1719 4434 sanctitas
1744 4362 1820 4456 ejus

217 4496 506 4578 promereretur,
525 4484 555 4555 si
578 4508 650 4556 suaa
671 4497 811 4556 tantum
828 4482 1037 4569 salvationi,
1061 4506 1135 4554 non
1155 4480 1279 4554 alienae
1296 4481 1497 4554 sufficeret?
1512 4479 1682 4579 Nunquid
1707 4479 1821 4552 Adam

216 4599 432 4675 obediendo
454 4602 817 4700 seipspm‘salvasset,
836 4599 936 4700 quod
957 4602 1203 4700 unusquisque
1223 4602 1331 4675 etiam
1350 4605 1565 4675 Sanctorum
1587 4625 1652 4700 per
1673 4600 1820 4697 gratiam

211 4721 289 4791 Dei
307 4719 472 4793 obtinet?
494 4722 606 4796 Multo
623 4721 703 4820 plus
723 4720 859 4819 aliquid
881 4722 917 4793 in
936 4719 998 4793 illo
1020 4721 1190 4819 singulari
1208 4723 1305 4818 justo
1331 4720 1452 4793 divina
1469 4720 1611 4820 operari
1630 4719 1741 4818 gratia
1757 4717 1822 4787 de·

212 4838 318 4911 buit.
340 4845 421 4913 Non
445 4856 530 4914 sunt
548 4841 655 4914 etiarn
676 4841 830 4940 oopiosae
846 4841 1004 4941 potentis
1020 4840 1169 4935 divitiae,
1186 4866 1265 4939 quae
1282 4840 1369 4914 alios
1392 4840 1505 4912 ditare
1530 4864 1602 4913 non
1626 4836 1819 4911 sufficiunt.

252 5113 366 5168 'lloam
376 5155 382 5180 ,
393 5119 451 5182 'cap
465 5131 500 5179 ιιι,
516 5134 538 5167 r.
552 5122 576 5170 t.
592 5119 754 5180 -wotosx,
769 5133 825 5183 cap.
841 5130 884 5178 ιιι,
900 5132 925 5170 r.
935 5121 997 5171 8.-
1010 5119 1187 5180 ’mamm
1202 5132 1241 5180 rr,
1255 5132 1276 5168 r.
1291 5120 1342 5168 tet
1358 5121 1381 5168 6.
1395 5118 1443 5155 -“
1456 5115 1542 5176 Hebro
1553 5127 1608 5176 fil)-
1622 5127 1649 5178 V,
1666 5126 1690 5164 V·
1704 5117 1726 5166 ⁷·
