4559 6100
386 465 460 538 644
1061 454 1191 528 PETRI
1214 451 1450 527 ABAELARDI

386 612 441 679 dia
450 610 532 676 ferre
541 609 658 699 potuit,
670 629 731 672 nec
740 605 1050 696 auferrepraevaluit,
1062 604 1119 671 sed
1130 604 1298 697 gloriosius
1307 600 1530 694 persequendo
1540 599 1679 666 effecit.»
1692 599 1743 664 Ex
1750 599 1812 664 hac
1822 598 1983 688 scriptoris

386 709 476 800 quasi
502 729 650 797 expressa
668 705 820 796 imagine,
845 704 915 794 quis
936 727 1003 768 non
1025 718 1211 795 agnosceret
1226 700 1445 782 Abaelardum,
1460 716 1494 765 et
1508 697 1778 763 Introductionem
1799 696 1985 787 Theologiae

386 810 475 894 cujus
493 803 640 871 Lotulfus
659 819 692 869 et
709 803 887 884 Albericus,
907 801 1111 867 aemulatione
1126 799 1267 890 quadam
1282 799 1410 890 impulsi
1431 813 1526 886 atque
1542 794 1682 878 invidia,
1701 793 1860 860 delatores
1877 792 1984 860 fuere?

386 906 502 971 Postea
518 905 553 968 in
569 901 687 967 eodem
696 924 795 992 opere
811 900 942 966 affertur
957 898 1039 964 liber
1053 896 1213 964 secundus
1222 896 1418 963 Christiane
1434 893 1618 984 Theologioe
1629 907 1741 958 contm
1754 915 1811 958 eos
1821 892 1877 981 qui
1887 890 1985 957 fidem

386 1001 565 1067 rationibus
582 997 838 1090 investigandam
860 1020 927 1064 esse
944 997 1119 1087 denegant.
1146 993 1375 1082 Adjiciendnm
1389 1009 1438 1059 est
1458 993 1494 1057 in
1519 992 1583 1057 hoc
1604 988 1759 1081 opusculo
1783 991 1930 1080 copiam,
1953 1005 1986 1056 et

388 1099 571 1179 andaciam,
583 1121 698 1187 easque
715 1097 814 1163 etiam
827 1096 997 1186 opiniones
1011 1095 1148 1160 inveniri
1163 1117 1241 1184 quas
1257 1094 1290 1161 in
1307 1094 1429 1159 caeteris
1443 1088 1609 1157 Abaelardi
1622 1088 1773 1179 operibus
1787 1088 1940 1178 reperias.

379 1246 386 1253 .
432 1196 595 1285 Dialogus
612 1204 696 1263 inter
709 1194 867 1268 Judaeum,
885 1192 1116 1281 Philosophum
1127 1200 1158 1256 ei
1168 1190 1391 1257 Christianum
1405 1187 1584 1254 identidem
1598 1185 1658 1253 sub
1674 1185 1737 1253 hoc
1751 1185 1846 1251 titulo
1861 1185 1913 1252 vel
1927 1187 1986 1251 sub

389 1294 501 1360 alio‘in
516 1293 672 1384 Catalogo
687 1292 844 1357 librorum
863 1291 1153 1380 manuscriptorum
1169 1288 1293 1381 Angliae
1313 1304 1346 1353 et
1366 1283 1549 1352 Hiberniae*
1565 1282 1655 1351 hand
1675 1283 1773 1349 semel
1792 1299 1987 1350 memoratus

388 1409 451 1476 est3
474 1393 551 1457 hinc
574 1406 681 1456 antem
697 1391 768 1455 Cas.
793 1387 956 1455 Oudinus²
980 1390 1210 1479 scriptoresque
1233 1387 1293 1453 Rei
1316 1381 1493 1451 literariae⁸
1513 1381 1670 1472 quidquid
1690 1380 1731 1446 de
1751 1382 1815 1446 hoc
1835 1379 1987 1470 opusculo

389 1488 514 1569 dixere,
549 1490 796 1578 exscripserunt.
824 1487 934 1552 Primo
966 1485 1070 1552 editus
1093 1502 1142 1552 est
1166 1508 1185 1550 a
1209 1485 1298 1551 Frid.
1327 1478 1537 1547 Rheinvvald‘
1561 1503 1580 1546 e
1608 1477 1720 1546 codice
1744 1478 1988 1545 Vindobonensi

388 1610 485 1675 quem
500 1586 672 1675 Dionysius
686 1585 853 1675 descripsit
864 1585 948 1650 inter
964 1583 1100 1650 Codices
1114 1581 1312 1673 theologicos
1321 1578 1528 1645 Bibliothecae
1545 1574 1729 1658 Palatinae‘,
1744 1577 1848 1665 etqui
1861 1575 1990 1642 videtur

389 1683 431 1749 ad
450 1683 557 1749 saeculi
579 1706 643 1747 1111
659 1683 787 1748 initium
802 1682 915 1749 referri
929 1705 1035 1773 posse.
1053 1682 1164 1765 Quum
1178 1680 1284 1745 nullus
1299 1679 1339 1744 sit
1352 1678 1386 1742 in
1402 1675 1507 1742 Gallia
1520 1673 1626 1741 codex
1646 1674 1878 1763 manuscriptis
1892 1674 1988 1762 hujus

388 1782 505 1872 operis,
522 1795 648 1846 textum
663 1804 681 1846 a
698 1782 804 1871 primo
816 1781 940 1847 editore
956 1780 1070 1846 datum
1084 1779 1221 1847 fideliter
1235 1774 1506 1864 transcripsimus,
1523 1771 1634 1864 paucis
1648 1786 1758 1836 temen
1771 1772 1902 1838 mutatis
1919 1795 1990 1861 qnae

387 1881 422 1945 in
438 1877 558 1944 notulis
574 1876 797 1944 indicavimus.
1968 1934 1972 1943 .

432 1977 507 2060 Quo
529 1990 675 2064 tempore
697 1977 761 2041 hoc
780 1999 862 2065 opus
883 1975 979 2041 luerit
1003 1973 1218 2064 compositum
1241 1994 1308 2037 non
1332 1969 1406 2036 satis
1431 1981 1632 2056 compertum
1655 1978 1722 2045 est3
1747 1963 1868 2030 seder
1891 1964 1989 2054 ipsius

388 2074 488 2140 libelli
503 2087 618 2137 natura
635 2095 672 2139 ac
682 2075 809 2139 ratione
825 2073 942 2161 conJici
956 2086 1074 2162 potest,
1093 2069 1184 2135 illum
1198 2070 1349 2160 scriptum
1361 2065 1456 2131 fuisse
1471 2063 1569 2155 pardo
1580 2077 1655 2153 post
1668 2060 1819 2127 Ethicnm
1836 2078 1870 2129 et
1890 2063 1991 2128 Theo-

392 2172 514 2263 logiam
531 2169 754 2238 Christianam
770 2173 862 2259 cujus
876 2171 911 2236 in
927 2194 980 2254 eo,
998 2185 1035 2236 ut
1052 2168 1204 2252 diximus,
1221 2168 1344 2233 mentio
1360 2163 1407 2230 fit.

441 3012 667 3114 Aspicieb'am
686 3014 725 3087 in
742 3014 821 3087 visu
838 3013 966 3108 noctis,
985 3029 1021 3088 et
1038 3038 1122 3090 ecce
1139 3013 1207 3088 viri
1225 3013 1309 3107 tre's,
1330 3013 1472 3089 diverso
1487 3010 1629 3092 tramite
1645 3016 1848 3108 venientes,
1868 3038 1992 3089 coram

392 3160 450 3208 me
473 3135 681 3226 astiterunt,
701 3159 795 3234 quos
811 3158 879 3232 ego
897 3134 1015 3208 statim
1030 3136 1133 3234 juxta
1150 3136 1297 3209 visionis
1318 3136 1490 3230 modum,
1516 3138 1619 3237 cujus
1645 3139 1716 3211 sint
1736 3135 1990 3237 professionis,

390 3256 448 3330 vel
470 3280 536 3329 cur
560 3254 608 3329 ad
632 3280 692 3329 me
715 3254 902 3346 venerint,
930 3255 1126 3354 interrogo.
1152 3259 1325 3329 Homines
1348 3282 1491 3356 sumus,
1518 3257 1706 3355 inquiunt,
1737 3256 1885 3330 diversis
1909 3255 1993 3330 fidei

390 3377 496 3450 sectis
519 3375 726 3449 innitentes.
744 3375 861 3449 Unius
876 3376 1011 3476 quippe
1026 3377 1093 3450 Dei
1108 3377 1265 3450 cultores
1283 3402 1362 3452 esse
1385 3402 1453 3450 nos
1470 3401 1598 3449 omnes
1616 3378 1751 3478 pariter
1766 3376 1992 3477 profitemur,

391 3496 532 3570 diversa
566 3510 689 3570 tamen
717 3495 790 3568 lide
822 3510 859 3569 et
885 3496 958 3568 vita
989 3497 1058 3596 ipsi
1093 3496 1322 3571 famulantes.
1356 3501 1458 3570 Unus
1491 3496 1627 3597 quippe
1657 3511 1822 3572 nostrum
1855 3497 1995 3595 gentilis

393 3642 435 3690 ex
459 3616 516 3689 his
540 3641 633 3715 quos
651 3615 890 3715 philosophos
906 3614 1104 3714 appellant,
1132 3617 1286 3690 naturali
1307 3616 1385 3714 lege
1405 3630 1597 3690 contentus
1622 3630 1688 3691 est.
1716 3616 1784 3689 Alii
1803 3641 1892 3690 vero
1920 3611 1995 3690 duo

394 3737 587 3833 scripturas
606 3734 757 3828 habent,
782 3759 940 3834 qnorum
964 3735 1053 3809 alter
1077 3736 1241 3829 iudaeus,
1264 3735 1353 3809 alter
1371 3736 1503 3811 dicitur
1525 3737 1759 3811 Christiamrs.
1781 3738 1854 3811 Diu
1875 3752 1995 3813 autem

394 3854 441 3928 de
466 3854 614 3927 diversis
644 3853 730 3942 fidei
756 3868 889 3928 nostrae
915 3855 1018 3928 sectis
1045 3855 1202 3929 invicem
1232 3855 1458 3930 conferentes
1489 3870 1597 3955 atque
1621 3855 1899 3946 contendentes,
1930 3870 1994 3929 tuo

394 3973 542 4048 tandem
556 3972 695 4071 judicio
714 3974 909 4047 cessimus·
1337 3963 1342 3972 ’

443 4096 519 4190 Ego
545 4093 755 4193 superhaec
781 4094 901 4192 itaque
925 4093 1159 4167 vehementer
1183 4093 1386 4189 admirans,
1419 4096 1501 4195 quis
1524 4096 1562 4169 in
1588 4094 1665 4170 haec
1689 4097 1788 4198 ipsos
1815 4095 1996 4170 induxerit

394 4212 451 4286 vel
473 4213 746 4312 congregaverit
764 4236 899 4310 quaero,
920 4227 956 4285 et
973 4212 1130 4286 maxime
1150 4215 1264 4286 curin
1280 4213 1357 4287 haec
1374 4240 1432 4289 me
1443 4215 1602 4314 judicem
1619 4215 1814 4314 elegerint?
1831 4220 1997 4317 Respon-

394 4331 485 4406 dens
510 4347 632 4406 autem
655 4329 893 4434 philosophus
913 4357 923 4404 ε
942 4334 1041 4427 Mea,
1069 4332 1202 4431 inquit,
1229 4355 1338 4431 opera
1363 4332 1436 4407 hoc
1459 4350 1513 4408 est
1532 4335 1737 4436 inceptum,
1761 4336 1936 4435 quoniam
1957 4334 1996 4408 id

396 4477 579 4525 summum
602 4467 655 4526 est
679 4452 1003 4552 philosophorum,
1031 4452 1231 4527 redonibus
1253 4454 1440 4527 veritatem
1464 4454 1678 4554 investigare
1702 4456 1802 4530 etin
1826 4454 1997 4529 omnibus

396 4598 471 4646 non
484 4572 696 4674 opinionem
714 4572 920 4665 hominum,
936 4573 999 4647 sed
1017 4573 1166 4647 rationis
1183 4573 1286 4673 sequi
1299 4567 1484 4648 ducatum.
1501 4577 1716 4649 Nostrorum
1731 4575 1853 4674 itaque
1865 4574 1997 4650 scholis

429 4808 551 4871 ¹010ntae,
568 4809 627 4862 iser
642 4804 780 4872 in·lol.,l'.
793 4804 814 4871 1,
828 4819 855 4857 n.
870 4808 1031 4872 limam
1048 4807 1077 4859 P.
1090 4806 1166 4873 ll,n.
1222 4810 1344 4862 -⁸Coh.
1362 4811 1420 4861 Nes.
1439 4807 1523 4861 lheol.
1542 4809 1611 4863 atti.
1638 4809 1725 4864 rotet
1746 4810 1900 4877 Vindobon,
1932 4819 1994 4874 etc,

397 4891 471 4954 ⁶086,
486 4891 557 4942 8206.
571 4891 618 4926 -¹
629 4889 766 4942 Commeat.
782 4886 813 4938 de
830 4888 954 4952 scriptor.
972 4887 1064 4939 derlee.
1082 4888 1168 4952 Llpsloe
1221 4893 1352 4955 recensuit,
1367 4893 1480 4956 discant,
1497 4889 1993 4957 etc.mcn.nenn,v1ntrnona,'1ttt‚

398 4974 469 5034 rna,
480 4971 577 5035 ntor,
591 4976 652 5021 nm.
662 4968 697 5036 11,
711 4970 759 5021 ωι.
770 4972 840 5022 nro.
854 4995 884 5005 -
898 4969 986 5019 ’aee
1002 4969 1169 5022 tamnen
1221 4972 1315 5038 ntae,
1331 4972 1379 5023 vu.
1392 4970 1416 5038 1,
1430 4973 1460 5025 r.
1471 4984 1504 5038 n,
1517 4984 1546 5035 p.
1561 4973 1630 5026 rate.

397 5049 538 5115 totenes,
555 5047 1081 5116 ton.xt1‚p.ttt.-⁴Bennn,1scl,
1102 5050 1167 5106 ne.
