4559 6100
489 550 537 620 50
1097 547 1222 620 PETRI
1244 548 1480 623 ABAELARDI

487 696 551 769 tati
573 695 650 791 ejus
666 709 905 790 attestaretur,
931 711 1090 770 mentem
1113 699 1359 772 nominavit.»
1379 704 1486 772 ltem¹
1505 726 1515 771 z
1533 705 1607 772 «Ut
1630 700 1723 774 illins
1746 702 1941 776 mundanae
1957 706 2085 793 anima

487 830 657 889 assereret
673 815 899 912 dignitatern,
917 833 1076 890 mentem
1090 843 1167 890 esse
1181 833 1328 892 testatus
1344 835 1439 892 est.»
1458 824 1507 892 Ac
1523 822 1553 893 si
1568 836 1691 919 aperte
1706 819 1836 894 doceat
1850 822 1901 895 oh
1915 822 1989 896 hoc
2004 849 2084 899 eam

487 952 644 1011 mentem
661 939 802 1028 vocari,
820 952 862 1010 ut
879 939 1061 1011 sinceritas
1084 953 1219 1011 naturae
1236 939 1429 1038 spiritualis
1446 955 1482 1012 et
1497 941 1651 1037 dignitas
1670 942 1708 1012 in
1732 966 1775 1014 ea
1799 942 2082 1017 demonstretur.

486 1059 544 1129 Sic
557 1058 706 1130 enimet
720 1083 804 1130 cum
822 1059 1021 1131 Dominum
1037 1063 1159 1131 lesum
1180 1073 1339 1132 mentem
1357 1060 1556 1133 humanam
1576 1059 1743 1134 habuisse
1759 1060 1935 1153 dicimus,
1953 1058 2103 1137 mentis*

485 1175 664 1248 vocabulo
687 1177 802 1275 ipsam
821 1177 899 1275 ejus
920 1178 1079 1250 animam
1096 1179 1338 1252 nominamus.
1365 1184 1449 1252 Haec
1472 1195 1593 1254 autem
1610 1195 1693 1252 sunt
1716 1178 1776 1254 illa
1795 1206 1876 1279 quae
1892 1184 2085 1281 proposui-

485 1320 566 1367 mus
580 1296 752 1369 Macrobii
767 1296 901 1369 verba:
919 1327 938 1366 a
950 1298 1075 1370 Anima
1090 1322 1190 1395 ergo,
1205 1298 1337 1396 inquit,
1357 1323 1483 1372 creans
1499 1298 1567 1370 sibi
1580 1313 1617 1372 et
1630 1298 1794 1372 condens
1804 1326 1970 1401 corpora.
1985 1307 2076 1375 Nam

485 1414 568 1488 ideo
595 1416 642 1488 ab
662 1417 782 1489 anima
799 1431 929 1489 natura
945 1418 1086 1517 incipit,
1112 1443 1224 1517 quam
1240 1420 1416 1517 sapientes
1441 1420 1487 1492 de
1503 1423 1581 1491 Deo
1600 1434 1641 1491 et
1660 1435 1782 1493 mente
1807 1426 1945 1516 Noym¹
1964 1424 2083 1494 nomi·

486 1548 594 1625 nant,
622 1560 666 1607 ex
684 1535 746 1607 illo
768 1536 960 1633 purissimo
982 1538 1099 1631 fonte,
1120 1562 1230 1635 quern
1246 1537 1433 1610 nascendo
1449 1537 1496 1610 de
1519 1539 1667 1634 originis
1683 1565 1755 1611 suae
1776 1541 1945 1613 hauserat
1960 1542 2080 1639 copia,

484 1678 638 1753 corpora
660 1654 740 1727 coeli
761 1671 799 1728 et
819 1654 977 1730 siderum
998 1683 1078 1756 quae
1093 1657 1272 1749 condidit,
1297 1659 1415 1757 prima
1437 1659 1651 1732 animavit.»
1673 1664 1717 1731 Et
1732 1675 1815 1759 post
1835 1660 1976 1759 aliqua,
1998 1685 2083 1732 cum

482 1776 560 1873 ipse
576 1776 688 1873 ipsius
702 1776 829 1847 animae
843 1777 935 1848 vires
951 1777 1197 1875 distingueret,
1216 1778 1361 1875 quasin
1378 1776 1591 1876 corporibus
1608 1794 1761 1869 exercet,
1776 1780 1979 1852 secundum
1994 1804 2083 1876 quas

484 1895 648 1966 omniurn
665 1896 907 1967 animatorum
930 1896 1096 1970 ordinata
1116 1910 1170 1969 est
1190 1910 1339 1990 natura,
1366 1896 1491 1970 utalia
1508 1896 1643 1969 scilicet
1662 1897 1740 1970 aliis
1765 1900 1928 1997 praesint,
1954 1894 2083 1995 adjecit

482 2013 631 2086 dicens:
650 2044 669 2083 a
681 2018 785 2087 Hunc
804 2015 969 2087 ordinem
986 2041 1108 2089 rerum
1131 2031 1169 2089 et
1182 2016 1348 2114 Virgilius
1374 2017 1568 2115 expressit,
1588 2031 1736 2089 namet
1758 2018 1898 2091 mundo
1924 2018 2083 2090 animam

482 2133 596 2226 dedit,
618 2149 655 2207 et
670 2148 710 2207 ut
731 2135 876 2233 puritati
893 2135 968 2232 ejus
983 2152 1219 2230 attestaretur,
1238 2152 1397 2209 mentem
1411 2137 1566 2209 vocavit.
1584 2137 1723 2209 Coelum
1743 2140 1862 2226 enim,
1882 2139 1949 2231 ait,
1970 2152 2083 2209 terras

483 2269 519 2327 et
541 2255 653 2327 maria
671 2267 707 2326 et
722 2253 840 2327 sidera
857 2256 1007 2354 Spiritus
1024 2259 1119 2329 intus
1135 2259 1210 2347 alit,
1229 2257 1267 2329 id
1284 2271 1337 2328 est
1352 2256 1474 2329 anima
1497 2284 1505 2326 :
1523 2270 1559 2328 et
1576 2271 1614 2328 ut
1629 2256 1721 2329 illius
1742 2258 1937 2330 mundana
1954 2258 2082 2329 animae

482 2388 653 2447 assereret
666 2374 889 2469 dignitatem,
907 2392 1065 2449 mentem
1082 2402 1158 2449 esse
1176 2391 1322 2449 testatus
1339 2390 1392 2447 est
1409 2402 1417 2446 ε
1441 2403 1460 2443 a
1471 2378 1572 2447 Mens
1585 2377 1694 2473 agitat
1708 2377 1841 2473 molem
1854 2380 1878 2449 ¹.
1894 2405 1912 2445 n
1931 2380 2081 2448 Necnon

482 2506 522 2563 ut
537 2493 613 2591 ipse
629 2492 835 2566 ostenderet
846 2518 912 2592 per
926 2496 1043 2594 ipsam
1059 2497 1219 2569 animam
1233 2510 1398 2569 constare
1414 2508 1451 2567 et
1464 2495 1632 2569 animalia
1647 2497 1813 2569 universa
1834 2520 1916 2595 quae
1931 2494 2078 2580 vivunt,
2161 2510 2165 2515 ·

483 2611 649 2684 addidit:

842 2763 927 2829 Hinc
941 2764 1110 2829 hominum
1124 2762 1348 2854 pecudumque
1364 2787 1480 2854 genus,
1495 2779 1558 2830 etc.

482 2994 599 3090 thue
620 3008 836 3066 asseveraret
855 2992 1024 3067 eumdem
1046 3018 1122 3067 esse
1145 2992 1323 3066 inanima
1345 3017 1488 3095 semper
1503 2993 1682 3090 vigorem,
1705 2993 1769 3066 sed
1792 3017 1898 3067 usum
1916 2992 1992 3091 ejus
2012 2990 2079 3066 he-

465 3111 624 3186 ·hescere
640 3115 678 3186 in
695 3114 883 3188 animabus
896 3117 1058 3215 corporis
1074 3114 1272 3208 densitate,
1291 3111 1422 3211 adjecit
1442 3133 1460 3186 τ’

841 3393 894 3414 ....
907 3347 1073 3430 Quantum
1089 3371 1156 3413 non
1172 3348 1272 3413 noxia
1286 3370 1420 3437 corpora
1437 3345 1582 3412 tardant.
1601 3379 1615 3409 >t

479 3573 561 3640 Haec
577 3566 725 3665 quidem
745 3569 868 3640 omnia
884 3582 959 3640 tarn
975 3567 1112 3665 Virgilii
1129 3591 1240 3663 quam
1261 3567 1437 3640 Macrobii
1455 3566 1585 3659 rerba,
1605 3565 1705 3639 lacile
1725 3581 1779 3639 est
1792 3568 1894 3664 juxta
1913 3570 2079 3668 proposi·

480 3702 557 3759 tum
573 3702 737 3759 nostrum
751 3687 797 3759 ad
814 3702 944 3759 nostrae
961 3686 1046 3758 fidei
1062 3702 1229 3759 tenorem
1244 3687 1533 3781 accommodare,
1549 3713 1618 3760 nec
1630 3687 1731 3760 aliter
1745 3712 1788 3760 ea
1804 3689 1949 3787 exponi.
1964 3690 2076 3776 Quod

477 3807 599 3903 itaque
617 3806 666 3876 ait
684 3831 788 3877 usum
806 3807 933 3877 anirnae
951 3804 1146 3878 hebescere
1162 3807 1200 3877 in
1217 3805 1430 3879 animalibus
1445 3808 1606 3906 corporis
1626 3808 1817 3900 densitate,
1840 3806 1909 3880 tale
1927 3820 1981 3879 est
1996 3810 2079 3908 Spi-

480 3926 568 3996 ritus
581 3925 694 3997 sancti
706 3925 855 4020 gratiam
870 3951 1019 3998 suorum
1034 3924 1295 3999 beneficiorum
1311 3925 1508 4000 efficaciam
1524 3928 1644 3998 minus
1655 3925 1790 3999 habere
1804 3927 1842 3998 in
1857 3926 2073 4019 carnalibus,

479 4045 615 4118 scilicet
640 4046 769 4119 dedifis
786 4044 1046 4145 voluptatibus,
1064 4061 1104 4117 ut
1124 4047 1239 4145 ipsam
1256 4045 1469 4119 densitatem
1484 4046 1647 4145 corporis
1663 4049 1863 4122 carnalium
1886 4047 2078 4122 illecebra-

479 4191 560 4238 rum
583 4167 870 4263 magnitudinem
892 4166 1142 4263 intelligamus.
1163 4167 1234 4255 Qui
1257 4167 1365 4239 etiam
1385 4166 1448 4238 uhi
1472 4168 1521 4239 ait
1540 4168 1655 4265 ipsam
1675 4169 1834 4243 animam
1862 4194 1983 4242 creare
2005 4168 2076 4241 sihi

478 4311 633 4386 corpora
658 4302 694 4360 et
719 4287 890 4381 condere,
917 4311 999 4360 eam
1024 4299 1224 4394 creatorem
1239 4310 1373 4376 rerum,
1399 4280 1435 4357 et
1456 4310 1521 4384 per
1538 4285 1610 4358 hoc
1633 4290 1750 4360 Deum
1773 4290 1901 4364 astruit
1922 4311 2011 4380 esse,
2041 4302 2078 4362 et

477 4420 677 4480 creatarum
692 4432 815 4481 rerum
832 4406 1097 4480 ordinationem
1113 4421 1151 4478 et
1165 4406 1461 4505 preparationem
1477 4406 1523 4478 ad
1536 4405 1634 4479 bona
1651 4432 1761 4507 opera
1780 4409 1969 4481 donorum
1986 4432 2078 4480 suo-

479 4551 559 4599 rum
576 4526 847 4621 distributione,
866 4545 907 4601 nt
930 4526 997 4600 sibi
1013 4551 1073 4600 eas
1096 4527 1246 4623 dignum
1263 4521 1510 4599 habitaculum
1525 4525 1667 4599 efficiat.
1688 4527 1739 4599 sb
1763 4529 1885 4601 anima
1908 4542 2078 4601 naturam

478 4646 565 4719 dicit
583 4649 753 4748 incipere,
775 4648 861 4747 quia
876 4672 941 4746 per
956 4648 1105 4745 gratiam
1120 4647 1272 4748 Spiritus
1289 4647 1403 4719 sancti
1423 4647 1604 4719 nascimur
1620 4648 1866 4746 spiritualiter,
1886 4672 1928 4721 ac
1952 4673 2079 4722 sumus

476 4766 540 4842 filii
555 4771 623 4843 Dei
639 4771 750 4868 magis
769 4793 880 4866 quam
896 4769 1001 4840 servi.
1019 4769 1119 4839 Sicut
1134 4769 1233 4839 enim
1248 4767 1427 4842 subtracta
1445 4772 1556 4866 gratia
1571 4768 1641 4843 hac
1658 4795 1887 4843 moreremur
1903 4772 1941 4842 in
1960 4770 2073 4863 vitiis,

475 4889 525 4961 ita
540 4904 576 4963 et
590 4890 719 4965 eadem
734 4888 864 4964 collata
876 4889 1056 4962 nascimur
1072 4888 1109 4960 in
1124 4913 1248 4962 veram
1264 4889 1435 4961 virtutum
1447 4891 1569 4964 vitam.
1586 4893 1706 4978 Quam
1722 4891 1871 4988 quidem
1885 4915 1950 4991 per
1970 4905 2075 4964 natu·

513 5148 560 5198 *In
571 5149 657 5201 soma.
670 5149 812 5213 Scipionis,
825 5148 869 5203 llo.
882 5151 903 5212 1,
914 5163 968 5212 cap.
981 5162 1032 5200 xn-
1043 5173 1072 5186 -
1082 5147 1142 5200 ²Slc
1155 5148 1216 5199 θοὰ.
1230 5147 1291 5200 Vlct.
1304 5151 1363 5213 Νοῷ
1372 5150 1497 5200 amn-³
1508 5149 1672 5210 AErteitt.,ltb.
1686 5145 1732 5210 u,
1744 5163 1767 5200 r.
1781 5153 1826 5200 rat
1845 5157 1871 5198 et
1882 5161 1939 5210 sqq.
