4559 6100
452 475 538 576 rat
1067 473 1198 546 rarat
1223 470 1461 547 matiani

466 648 577 725 quam
594 623 756 723 plerique
772 622 833 696 alii
848 621 1055 719 frequenter
1069 638 1228 722 ponunt,
1246 648 1292 697 eo
1305 601 1464 699 fortassis
1481 624 1582 723 quod
1592 623 1701 723 hujus
1718 622 1819 699 modi
1832 647 1957 698 sensus
1973 627 2085 700 simi·

466 747 536 820 lior
559 743 756 817 intellectui
779 742 944 816 videatur
967 766 1078 840 quam
1099 743 1231 816 caeteri.
1260 749 1350 817 Eam
1371 747 1506 844 quippe
1525 768 1604 817 rem
1628 767 1740 841 quam
1764 744 1996 839 intelligimus
2019 747 2087 819 sic
2111 815 2119 822 .

468 865 610 936 animus
633 878 717 936 ante
735 887 773 934 se
795 862 967 951 collocat,
989 886 1063 957 quo
1080 860 1194 934 modo
1210 887 1286 935 rem
1307 863 1413 936 nobis
1434 864 1670 963 antepositam
1695 876 1758 944 aut
1779 864 1984 962 proximam
2006 880 2087 937 aut

469 984 705 1081 longinquam
719 1006 866 1054 cernere
881 982 1147 1054 consuevimus.
1167 985 1259 1052 Cum
1275 981 1395 1081 itaque
1410 998 1483 1056 tam
1500 983 1638 1080 origine
1651 1006 1761 1080 quam
1775 982 1927 1056 nomine
1942 1008 2084 1056 sensus

470 1119 506 1177 et
535 1101 736 1176 intellectus
757 1101 942 1198 conjuncti
967 1102 1057 1193 sint,
1084 1102 1324 1175 necessarium
1349 1103 1436 1176 duxi
1462 1127 1591 1176 eorum
1611 1102 1851 1175 differentiam
1872 1103 2082 1201 assignare,

472 1239 558 1297 tunc
571 1223 680 1295 etiarn
693 1246 777 1295 cum
794 1219 900 1292 simul
918 1221 955 1293 in
972 1218 1214 1294 animabant.

929 1482 1152 1580 Differentiae
1166 1506 1294 1553 semus
1309 1479 1361 1551 ad
1374 1480 1605 1553 intellectam.

519 1688 698 1761 Differunt
718 1703 840 1759 autem
861 1684 962 1784 quod
984 1710 1108 1758 sensus
1128 1686 1312 1786 perceptio
1336 1686 1389 1757 rei
1410 1684 1607 1785 corporalis
1628 1700 1682 1760 est
1706 1711 1883 1787 corporeo
1906 1688 2081 1787 indigens

475 1811 734 1898 instrumento,
762 1806 834 1878 hoc
860 1819 914 1877 est
941 1804 1020 1878 talis
1043 1807 1171 1878 animae
1195 1804 1388 1904 applicatio
1413 1830 1525 1904 quarn
1550 1807 1589 1878 in
1615 1831 1692 1879 rem
1716 1807 1942 1907 corporalem
1965 1809 2078 1907 dirigi

472 1944 581 2027 atquc
597 1952 702 2023 agere
716 1949 860 1999 necesse
872 1925 925 2015 fit,
942 1939 978 1999 et
995 1950 1061 2025 per
1073 1950 1290 2025 corporeum
1306 1925 1453 2024 aliquod
1462 1927 1619 1998 exerceri
1634 1927 1925 2018 instrumentum,
1942 1943 2078 2027 utpote

472 2072 538 2147 per
554 2046 691 2136 oculos,
713 2046 770 2119 vel
792 2029 995 2146 peraurcs,
1015 2044 1071 2116 vel
1095 2069 1363 2143 quamcumque
1378 2044 1486 2118 aliam
1502 2046 1667 2146 corporis
1682 2047 1831 2119 animati
1846 2047 2073 2147 portionem,

472 2170 549 2241 sine
578 2193 649 2274 qua
678 2163 881 2239 nullatenus
906 2163 1034 2238 haberi
1060 2165 1136 2264 ipse
1158 2165 1283 2264 possit.
1312 2163 1514 2237 Intellectus
1542 2190 1643 2259 vero,
1671 2164 1743 2238 hoc
1770 2181 1824 2238 est
1853 2167 1931 2267 ipsa
1961 2169 2075 2240 animi

473 2288 702 2387 excogitatio,
725 2310 793 2359 nec
809 2286 975 2386 corporei
995 2286 1165 2358 exercitio
1186 2285 1323 2383 indiget
1341 2286 1567 2358 instrumenti
1590 2311 1664 2384 quo
1680 2286 1848 2360 videlicet
1863 2284 1910 2359 ad
1932 2289 2078 2385 excogi-

474 2410 625 2483 tandum
642 2422 774 2499 utatur,
799 2431 866 2479 nec
885 2408 994 2481 etiarn
1008 2406 1138 2478 virttue
1159 2407 1212 2478 rei
1229 2407 1410 2479 existentis
1425 2431 1506 2504 quae
1528 2408 1761 2502 excogitetur,
1781 2431 1866 2479 cnm
1890 2431 1992 2505 aeque
2008 2409 2076 2480 sci·

473 2530 557 2603 licet
575 2542 610 2600 et
631 2526 841 2599 existentem
863 2540 900 2598 et
915 2550 991 2598 non
1007 2527 1216 2598 existentem
1237 2550 1333 2617 rem,
1353 2527 1428 2598 sive
1449 2525 1674 2624 corporalem
1696 2526 1770 2597 sire
1785 2526 2072 2624 incorporalem,

475 2650 617 2720 animus
642 2645 712 2717 sibi
738 2668 804 2742 per
830 2644 1049 2716 intellectum
1074 2643 1261 2736 conficiat,
1295 2645 1349 2717 vel
1366 2645 1628 2743 praeteritorum
1654 2644 1788 2717 scilicet
1809 2645 2075 2719 reminiscendo

455 2761 459 2772 ’
476 2765 535 2840 vel
552 2766 712 2837 futurum
726 2761 972 2860 praevidendo,
989 2762 1046 2834 vel
1060 2787 1102 2835 ea
1116 2764 1224 2835 etiam
1239 2788 1314 2835 non
1331 2789 1519 2863 nunquam
1535 2764 1779 2863 confingendo
1792 2789 1872 2862 quae
1887 2791 2076 2863 nunquam

476 2911 553 2960 esse
582 2883 776 2978 contingit,
810 2895 936 2979 utpote
966 2895 1201 2975 centaurum,
1234 2882 1450 2973 chimeram,
1481 2884 1749 2975 hircocervum,
1780 2886 1914 2957 sirenes
1941 2898 1976 2957 et
2003 2885 2077 2958 alia

478 3006 604 3080 multa.
622 3008 666 3076 Et
681 3001 757 3075 haec
774 2999 920 3101 quidem
938 3001 1034 3075 clara
1047 3016 1100 3076 est
1117 3025 1243 3075 sensus
1261 3018 1297 3076 et
1314 3002 1512 3079 intellectus
1529 3003 1744 3078 differentia.
1762 3006 1937 3078 Praeterea
1949 3029 2076 3078 sensus

478 3126 614 3200 nullam
636 3124 711 3195 vim
739 3120 963 3195 deliberandi
989 3121 1126 3221 aliquid
1144 3122 1274 3215 habet,
1302 3123 1374 3197 hoc
1400 3138 1452 3197 est
1479 3124 1689 3198 attendendi
1715 3125 1851 3224 aliquid
1876 3125 2078 3199 secundum

476 3245 633 3345 aliquam
665 3257 831 3316 naturam
866 3256 930 3314 aut
957 3242 1215 3342 proprietatem
1243 3245 1365 3344 ipsius.
1395 3244 1499 3317 Unde
1537 3270 1638 3343 aeque
1668 3259 1742 3317 tam
1773 3244 2078 3319 irrationabilibus

478 3390 589 3463 quarn
607 3361 879 3436 rationabilibus
895 3361 1101 3435 communis
1117 3377 1171 3435 est
1189 3362 1414 3436 animalibus.
1435 3368 1479 3435 lt
1495 3388 1581 3436 vero
1599 3363 1799 3436 intellectus
1814 3388 1892 3436 esse
1913 3390 1989 3438 non
2007 3391 2079 3464 po-

478 3500 545 3559 test
569 3485 638 3557 nisi
660 3509 702 3557 ex
719 3484 859 3555 ratione
876 3481 1013 3579 aliquid
1025 3483 1126 3579 juxta
1147 3483 1303 3580 aliquam
1324 3498 1491 3556 naturam
1507 3498 1570 3555 aut
1586 3484 1842 3581 proprietatem
1858 3483 2075 3577 attendatur,

479 3608 587 3679 etiam
610 3605 640 3678 si
657 3605 702 3676 sit
724 3602 957 3699 intelligentia
977 3626 1090 3675 cassa.
1110 3604 1255 3703 Quippe
1279 3627 1363 3676 cum
1383 3618 1593 3675 centaurum
1617 3580 1686 3674 sib‘i
1707 3603 1849 3676 animus
1874 3602 1978 3701 fingit
2001 3619 2077 3678 tan·

478 3750 587 3824 quarn
616 3723 748 3797 animal
764 3724 894 3822 partim
918 3747 961 3794 ex
978 3721 1144 3813 homine,
1163 3723 1295 3821 partim
1317 3748 1357 3795 ex
1376 3748 1472 3822 equo
1492 3724 1755 3822 compositum,
1774 3724 1894 3822 itaque
1914 3723 2077 3797 animalis

478 3857 644 3915 naturam
662 3867 704 3915 ac
720 3867 785 3942 per
801 3841 873 3914 hoc
889 3842 1053 3941 corporis
1071 3842 1146 3915 sive
1162 3841 1370 3915 substantiae
1386 3841 1568 3915 attendere
1584 3866 1668 3915 eum
1686 3868 1831 3915 necesse
1848 3858 1915 3916 est.
1936 3848 2077 3917 Etcum

478 3964 637 4035 hominis
653 3976 689 4034 et
702 3963 785 4060 equi
799 3964 900 4060 quasi
916 3980 1035 4061 partes
1048 3963 1224 4061 quasdam
1241 3963 1308 4037 sibi
1321 3964 1463 4061 junctas
1478 3963 1695 4055 consideret,
1718 3978 1753 4036 et
1765 3964 1916 4036 humani
1933 3989 2078 4062 quoque

481 4093 517 4151 et
532 4078 654 4175 equini
671 4078 833 4175 corporis
858 4102 933 4149 uon
951 4079 1188 4175 pretermittit
1204 4079 1475 4179 proprietatem.
1494 4078 1600 4152 Unde
1624 4079 1823 4152 intellectus
1838 4081 1986 4152 minime
2001 4105 2079 4153 esse

480 4212 612 4299 potest,
633 4197 852 4293 ubicumque
873 4197 964 4268 ratio
989 4220 1062 4267 non
1086 4195 1208 4270 subest
1234 4222 1277 4270 ex
1293 4223 1365 4296 qua
1382 4197 1602 4271 deliberetur
1626 4198 1780 4297 aliquid,
1798 4198 1871 4272 boc
1893 4216 1946 4273 est
1962 4214 2078 4274 atten-

480 4319 587 4393 datur
608 4320 708 4417 juxta
734 4329 899 4389 naturam
925 4329 988 4389 aut
1009 4317 1265 4416 proprietatem
1289 4318 1458 4415 aliquam.
1479 4320 1666 4392 Rationem
1685 4335 1808 4391 autem
1833 4318 1984 4393 dicimus
2003 4322 2078 4392 vim

350 4446 356 4455 '
480 4441 594 4540 ipsam
619 4465 683 4513 seu
698 4438 901 4512 facilitatem
919 4437 1062 4512 discreti
1077 4439 1189 4511 animi
1206 4463 1277 4535 qua
1295 4464 1415 4512 rerum
1437 4453 1583 4513 naturas
1599 4441 1802 4540 perspicere
1815 4465 1856 4513 ac
1880 4440 2078 4539 dijudicare

480 4559 652 4635 veraciter
668 4558 811 4631 sufficit.

1026 4724 1189 4795 Rationis
1205 4718 1256 4792 ad
1270 4723 1565 4795 rationalitatem.

532 4929 612 4998 Non
636 4925 732 4998 idem
748 4948 835 4997 vero
857 4938 910 4997 est
932 4924 1152 4998 rationalitas
1169 4925 1268 5021 quod
1288 4927 1403 5017 rati0;
1429 4925 1488 4997 illa
1510 4925 1836 5025 quippeomnibus
1856 4924 2022 5023 angelicis
2039 4938 2076 4995 et

482 5044 652 5119 humanis
676 5044 856 5145 spiritibus
880 5045 973 5119 inest
988 5071 1030 5119 ex
1048 5070 1121 5145 qua
1137 5045 1328 5120 rationales
1345 5046 1430 5120 dicti
1447 5059 1549 5138 suut,
1569 5045 1646 5119 haec
1662 5072 1750 5120 vero
1767 5044 1977 5146 quibusdam
1994 5058 2075 5115 tan·
