4559 6100
871 546 1104 642 onmem.
1720 579 1791 651 oea
1872 617 1875 622 -

193 745 293 807 ram3
314 733 414 792 tanto
440 730 527 789 tunc
553 717 720 790 meliores
745 715 964 808 efficiuntur,
988 734 1124 815 quanto
1147 719 1302 818 amplius
1325 746 1409 793 eum
1432 720 1601 817 diligunt,
1621 746 1729 818 quem
1755 725 1791 794 in

194 839 384 938 semetipso
411 838 533 909 verius
555 837 754 930 intuentur,
781 851 821 910 ut
842 836 1009 912 videlicet
1029 863 1172 911 summa
1197 840 1257 911 illa
1280 839 1438 931 dilectio,
1467 841 1524 912 illa
1547 843 1678 913 summi
1704 841 1793 923 boni

196 959 339 1050 fruitio,
368 981 446 1054 quae
471 979 555 1029 vera
579 971 631 1028 est
658 955 856 1049 beatitudo,
881 981 1064 1028 summum
1088 957 1245 1030 bominis
1268 957 1408 1031 bonum
1433 974 1529 1031 recte
1554 961 1598 1031 sit
1624 960 1790 1033 dicenda.

194 1084 305 1152 'lanta
329 1077 464 1175 quippe
486 1090 540 1147 est
562 1074 621 1148 illa
642 1075 773 1148 ‹livinae
791 1075 983 1172 majestatis
1003 1075 1130 1172 gloria,
1150 1092 1190 1148 ut
1212 1101 1320 1150 nemo
1345 1102 1425 1151 eam
1447 1081 1654 1178 conspicere
1670 1097 1790 1178 queat,

197 1201 259 1295 qui
282 1197 411 1269 nonin
429 1196 505 1294 ipsa
523 1195 660 1268 visione
678 1196 755 1293 ejus
776 1195 895 1268 statim
911 1194 1036 1267 beatus
1053 1194 1127 1289 fiat,
1153 1196 1249 1269 unde
1265 1211 1301 1269 et
1321 1195 1471 1270 dicitur¹
1491 1224 1499 1268 :
1523 1229 1539 1265 ιι
1552 1198 1710 1272 Tollatur
1726 1202 1793 1272 im·

196 1319 294 1415 pius,
314 1301 502 1387 ne'videat
527 1315 593 1387 Dei
616 1314 780 1412 gloriam.
795 1343 812 1383 r
832 1319 923 1388 Cum
949 1315 1055 1411 igitur
1081 1314 1203 1388 fideles
1230 1316 1324 1413 ejus,
1351 1318 1414 1414 qui
1438 1342 1521 1390 eum
1543 1342 1651 1416 super
1673 1322 1794 1392 omnia

197 1434 418 1522 dilexerunt,
448 1449 584 1507 tantam
605 1434 858 1533 conspexerint
876 1432 1154 1528 beatitudinem,
1179 1450 1350 1532 quantam
1372 1434 1576 1508 nullatenus
1594 1436 1666 1510 fide
1690 1454 1793 1536 pote·

198 1568 283 1626 runt
299 1554 487 1642 aestimare,
503 1552 580 1625 haee
594 1577 723 1626 eorum
740 1576 882 1625 summa
897 1553 1081 1646 exultatio,
1101 1577 1231 1653 perpes
1246 1555 1314 1628 erit
1330 1556 1489 1652 ipsorum
1506 1555 1707 1629 beatitudo.

249 1678 390 1745 Peleos.
422 1673 540 1747 Placet
567 1673 688 1770 itaque
713 1697 895 1746 summum
921 1672 1080 1744 hominis
1104 1672 1245 1744 bonum
1270 1672 1344 1745 sive
1372 1672 1506 1746 malum
1532 1672 1621 1746 illud
1649 1672 1793 1772 intelligi

200 1818 275 1890 quo
300 1791 441 1879 melior,
462 1808 500 1864 ut
516 1790 618 1882 dicls,
637 1792 693 1865 vel
709 1792 867 1866 deterior
889 1792 1002 1864 homo
1021 1790 1187 1864 efficitur.
1207 1791 1278 1863 Sed
1301 1793 1331 1864 si
1346 1792 1418 1865 ltoc
1434 1793 1470 1864 iu
1491 1791 1608 1864 futura
1625 1794 1696 1865 vita
1711 1817 1796 1866 con·

196 1911 312 2008 tingit,
334 1925 371 1982 ut
391 1910 553 1983 videlicet
574 1911 738 1984 meliores
757 1912 809 1984 ibi
829 1912 884 1984 vel
902 1911 1097 1984 deteriores
1124 1936 1233 2009 quam
1263 1911 1322 1983 hic
1345 1911 1556 2004 efficiamur,
1580 1913 1743 2011 profecto
1762 1929 1796 1984 et

196 2030 247 2102 ibi
264 2029 401 2127 aliquid
415 2029 582 2129 amplius,
602 2054 712 2128 quarn
729 2029 789 2102 bic
805 2031 1004 2129 promereri
1020 2030 1199 2102 videmur.
1221 2033 1304 2118 Quo
1321 2034 1419 2104 enim
1437 2030 1602 2104 meliores
1618 2030 1795 2104 efficimur

198 2147 254 2220 vel
278 2147 472 2220 deteriores
493 2172 603 2245 quam
621 2150 739 2246 prius,
759 2150 887 2246 majori
912 2173 1019 2248 poena
1041 2149 1097 2220 vel
1122 2149 1270 2246 praemio
1292 2149 1391 2245 digni
1406 2150 1623 2248 judicamur.
1643 2150 1750 2239 Quod
1767 2154 1796 2223 si

200 2267 252 2339 ibi
272 2291 419 2364 quoque
440 2266 568 2339 melior
583 2267 628 2339 sit
647 2266 810 2359 affectus,
829 2284 871 2340 ut
886 2292 961 2366 quo
985 2268 1139 2366 amplius
1164 2273 1279 2340 Deum
1302 2270 1554 2366 cognoscimus
1577 2265 1688 2367 magis
1713 2295 1795 2342 eum

198 2384 389 2483 diligamus
413 2400 555 2458 etcum
577 2386 654 2484 ipsa
678 2386 916 2460 retributione
940 2388 1073 2486 pariter
1099 2403 1220 2460 nostra
1244 2386 1388 2460 dilectio
1415 2404 1551 2461 crescat
1577 2389 1614 2460 in
1637 2393 1728 2478 Dee,
1759 2407 1796 2461 ut

202 2528 345 2603 semper
363 2505 530 2578 meliores
552 2504 762 2600 efficiamur,
781 2506 943 2606 prolecto
959 2508 996 2579 in
1017 2505 1199 2579 inlinitum
1214 2507 1263 2578 ita
1279 2521 1408 2580 nostrae
1425 2506 1653 2580 beatitudinis
1670 2522 1797 2581 exten-

197 2624 295 2695 ditur
312 2639 559 2722 augmentum,
579 2640 618 2699 ut
633 2651 820 2725 nunquam
838 2628 884 2698 sit
896 2627 1107 2725 perlectum,
1124 2627 1210 2723 quia
1224 2650 1365 2724 semper
1379 2627 1505 2724 recipit
1520 2626 1793 2701 incrementum.
1806 2677 1814 2698 t

247 2745 451 2816 Cnmsrraa.
474 2745 593 2817 Nescis
615 2745 715 2843 quod
734 2747 771 2817 in
792 2745 862 2820 hac
877 2747 951 2819 vita
977 2760 1116 2819 tantum
1133 2760 1274 2844 tempus
1295 2746 1341 2816 sit
1362 2746 1611 2843 promerendi,
1631 2761 1666 2818 et
1683 2746 1721 2817 iu
1739 2746 1798 2818 illa

200 2863 437 2957 retribuendi,
461 2863 521 2937 hic
538 2864 701 2940 videlicet
717 2865 936 2956 seminandi,
961 2863 1010 2936 ibi
1026 2863 1231 2961 colligendi.
1252 2864 1426 2952 Quamvis
1442 2864 1548 2960 igitur
1565 2862 1615 2936 ibi
1632 2865 1798 2937 meliores

200 2981 378 3057 efficimur
404 3010 446 3057 ex
473 2986 623 3084 praemio
648 2986 873 3078 meritomm,
901 3009 1011 3084 quam
1033 2984 1093 3058 hic
1115 3009 1160 3060 ex
1184 2984 1320 3057 meritis
1347 2983 1545 3077 fueramus,
1577 3008 1651 3056 non
1677 2998 1796 3059 tamen

201 3128 346 3176 necesse
364 3117 433 3193 est,
454 3119 494 3176 ut
519 3105 569 3176 ibi
594 3129 716 3177 mrsus
739 3104 874 3202 aliquid
896 3127 1177 3202 promereamus.
1201 3105 1279 3175 Hoc
1305 3103 1423 3200 ipsum
1449 3127 1609 3200 quoque,
1638 3103 1723 3199 quia
1747 3103 1798 3175 ibi

202 3220 368 3293 meliores
389 3246 498 3318 quarn
515 3220 575 3293 hic
592 3222 782 3312 efficimur,
801 3222 1013 3294 meritorum
1030 3220 1089 3292 hie
1104 3220 1313 3295 habitorum
1327 3220 1513 3292 retributio
1531 3234 1604 3310 est,
1623 3245 1703 3317 quae
1724 3246 1798 3294 me-

202 3341 283 3411 ritis
298 3339 439 3412 reddita
462 3365 531 3413 nos
555 3340 720 3414 meliores
745 3339 896 3429 elliciat,
921 3338 995 3412 non
1022 3341 1153 3412 iterum
1180 3341 1367 3438 praemium
1393 3354 1630 3438 promeretur,
1655 3362 1735 3438 quae
1761 3341 1798 3411 in
1911 3400 1917 3405 ,

201 3460 389 3558 praemium
403 3459 610 3532 meritorum
628 3474 768 3533 tantum
783 3476 837 3533 est
852 3461 1057 3552 constituta,
1074 3484 1150 3531 non
1165 3458 1211 3531 ad
1228 3458 1363 3556 aliquid
1378 3458 1661 3557 promerendum
1676 3483 1798 3531 rursus

202 3577 337 3651 habita.
363 3582 453 3650 Nam
476 3592 512 3650 et
531 3578 627 3678 apud
651 3605 718 3652 nos
741 3604 825 3652 cum
847 3579 975 3676 aliquis
995 3578 1158 3651 amicitiae
1178 3579 1506 3650 remunerationem
1528 3577 1575 3651 ab
1594 3578 1712 3651 amico
1735 3604 1799 3650 su-

202 3697 307 3796 scipit
321 3711 357 3768 et
374 3721 459 3768 eum
482 3697 636 3796 amplius
651 3710 799 3796 propter
819 3697 890 3769 hoc
906 3697 1033 3795 diligit,
1052 3721 1127 3770 non
1145 3697 1273 3768 iterum
1296 3695 1393 3794 apud
1411 3721 1494 3769 enm
1518 3721 1561 3770 ex
1583 3696 1652 3769 hac
1671 3697 1796 3793 majori

203 3816 407 3906 dilectione,
428 3841 508 3913 quae
527 3816 661 3889 scilicet
676 3818 774 3890 venit
790 3842 833 3889 ex
851 3817 996 3916 praemio
1018 3816 1174 3908 reddito,
1195 3816 1381 3913 praemium
1398 3817 1527 3889 mereri
1539 3816 1734 3913 judicatur,
1757 3832 1796 3888 ut

201 3935 254 4006 sie
278 3935 314 4005 in
332 3933 514 4007 inlinitum
530 3935 699 4008 meritum
724 3936 949 4009 extendatur.
969 3935 1140 4023 Quamvis
1166 3936 1299 4006 etenim
1321 3935 1591 4007 necessitudinis
1614 3935 1799 4008 coactione

203 4066 240 4123 et
257 4053 493 4126 retributione
509 4055 645 4153 praemii
663 4069 811 4152 augetur
826 4053 984 4145 dilectio,
1003 4068 1136 4126 utnon
1159 4068 1232 4125 tam
1250 4053 1452 4126 voluntaria
1467 4078 1578 4151 quam
1599 4056 1800 4126 necessaria

204 4170 381 4264 videatur,
410 4174 458 4245 ita
489 4173 624 4271 quippe
649 4172 818 4247 omnibus
844 4173 1052 4246 naturaliter
1075 4172 1202 4244 insitus
1227 4185 1281 4244 est
1305 4172 1470 4265 allectus,
1500 4188 1538 4245 ut
1564 4173 1641 4271 ipsa
1665 4174 1800 4271 praemii

204 4289 392 4362 retributio
409 4290 595 4387 quoddam
611 4290 813 4365 dilectionis
828 4316 949 4365 secum
972 4290 1098 4363 afferat
1113 4305 1346 4387 augmentum
1363 4305 1399 4363 et
1416 4291 1572 4389 quadam
1589 4317 1657 4364 nos
1675 4316 1800 4363 neees—

205 4407 319 4496 sitate,
346 4406 402 4479 vel
426 4431 550 4481 amore
574 4411 688 4483 nostri
716 4413 962 4511 potiusquam
986 4410 1119 4482 virtute
1146 4405 1202 4481 vel
1224 4433 1348 4482 amore
1373 4410 1635 4482 remunerantis
1662 4410 1699 4481 in
1726 4410 1801 4506 ejus

206 4521 437 4596 dilectionem
461 4550 529 4598 nos
551 4527 736 4600 accendat.
764 4530 801 4601 si
822 4530 930 4626 igitur
949 4528 1041 4600 inter
1063 4526 1232 4599 homines
1255 4528 1392 4599 amicus
1412 4526 1460 4599 ab
1478 4528 1597 4600 amieo
1613 4529 1800 4626 praemium

206 4641 313 4732 ierat,
331 4657 427 4716 etex
443 4644 524 4742 ipso
541 4647 688 4743 praemio
706 4648 859 4746 amplius
882 4646 1029 4744 diligere
1045 4661 1206 4744 cogatur,
1231 4670 1300 4718 nec
1317 4660 1436 4719 tamen
1453 4671 1497 4720 ea
1514 4646 1586 4719 hoc
1602 4646 1800 4721 dilectionis

205 4776 400 4859 augmento
422 4786 543 4836 rursus
559 4765 757 4861 promereri
779 4764 922 4853 dicitur,
946 4763 1034 4862 quid
1057 4765 1208 4857 mirum,
1236 4765 1318 4838 siet
1336 4766 1372 4837 in
1394 4764 1463 4838 alia
1478 4766 1550 4838 vita
1576 4790 1618 4838 ex
1634 4779 1799 4862 suscepto

207 4881 353 4979 praemio
370 4880 523 4979 amplius
539 4885 656 4955 Deum
682 4881 881 4981 diligentes,
902 4906 1129 4982 nequaquam
1147 4907 1290 4955 rursum
1306 4884 1423 4982 ipsum
1439 4884 1629 4982 praemium
1647 4907 1798 4957 conver·

239 5147 246 5177 ¹
257 5146 355 5200 Protin.
365 5160 433 5212 unt,
444 5161 467 5198 r.
481 5151 511 5214 2,
522 5152 547 5202 t.
