4559 6100
610 536 914 610 INTRODUCTIO
940 539 1001 611 At)
1025 534 1330 611 rfleonoetttt.
1692 538 1774 609 ’29

183 679 287 775 hujus
304 675 433 750 mundi
450 700 516 774 per
537 691 786 777 contemptum
803 679 879 776 ejus
893 679 1085 771 abstrahit,
1108 702 1217 775 quam
1243 679 1304 774 qui
1325 676 1567 775 voluptatibus
1583 679 1659 774 ejus
1674 678 1775 751 dedi·

185 812 259 887 tus,
291 796 471 895 spurcitiis
500 795 668 869 omnibus
694 822 734 871 se
762 800 952 895 immergit.
981 804 1132 887 Quantae
1158 810 1278 869 autem
1314 797 1558 869 continentiae'
1586 797 1641 868 vel
1665 796 1775 871 absti-

185 916 312 989 nentia
327 913 537 1014 Philosophi
553 914 701 1008 fuerint,
716 918 829 990 sancti
844 918 951 990 etiam
965 922 1140 991 Doctores
1155 915 1319 1008 tradunt,
1334 915 1396 1011 qui
1413 929 1449 988 et
1464 938 1592 991 eorum
1605 916 1713 987 vitam
1728 915 1776 987 ad

188 1048 344 1107 nnumin
359 1033 642 1131 increpationem
658 1033 860 1129 advehunt,
885 1050 923 1109 et
936 1035 1107 1135 pleraque
1120 1060 1162 1109 er
1176 1033 1403 1107 documentis
1420 1058 1548 1107 eorum
1563 1032 1778 1125 moralibus,

188 1151 477 1225 vel-testimoniis
496 1149 599 1242 fidei,
623 1152 672 1229 ad
695 1152 972 1228 aedificationem
995 1168 1157 1231 nostram
1180 1166 1389 1225 assumunt:
1406 1152 1506 1251 quod
1525 1153 1589 1251 qui
1612 1153 1777 1248 ignorat,

188 1269 277 1367 legat
293 1270 419 1344 saltem
437 1271 699 1368 Hieronymum
722 1288 849 1347 contra
872 1275 1124 1364 lorinianum,
1154 1287 1192 1346 et
1210 1271 1336 1345 viderit
1351 1285 1487 1369 quanta
1502 1272 1688 1345 decorum
1705 1272 1776 1342 vir·

189 1389 320 1467 tutibus
338 1404 375 1461 et
389 1404 594 1463 ceterorum
610 1391 796 1486 gentilium
812 1393 961 1486 reserat,
988 1392 1035 1467 ad
1057 1391 1320 1491 impudentiam
1341 1390 1476 1463 scilicet
1500 1389 1594 1462 illius
1620 1390 1778 1463 haeretici

189 1497 458 1573 conterendam.
475 1499 626 1573 Maxime
640 1516 762 1576 autem
777 1515 814 1577 et
827 1527 896 1576 nos
911 1527 1021 1602 opere
1034 1503 1105 1575 hoc
1122 1502 1334 1574 testimoniis
1354 1501 1634 1573 sensatioribus
1660 1499 1778 1571 Philo·

189 1617 387 1716 sophorum
412 1618 482 1690 niti
501 1619 688 1711 convenit,
720 1621 756 1690 in
777 1645 851 1719 quo
877 1621 1046 1695 adversus
1069 1645 1133 1693 eos
1164 1620 1343 1719 praecipue
1371 1619 1530 1716 agimus,
1573 1619 1636 1716 qui
1669 1617 1779 1691 fidem

190 1749 347 1809 nostram
374 1734 636 1835 philosophicis
662 1737 825 1812 nituntur
848 1763 1058 1839 oppugnare
1082 1739 1328 1827 documentis,
1352 1737 1546 1839 prasertim
1570 1761 1654 1809 cum
1671 1761 1779 1809 nemo

191 1854 336 1953 nisiper
350 1878 394 1927 ea
410 1880 490 1953 quae
510 1856 658 1953 recipit,
684 1856 888 1953 arguendus
918 1859 965 1930 sit
990 1872 1053 1931 aut
1085 1856 1377 1944 convincendus,
1408 1870 1445 1929 et
1474 1855 1533 1928 ille
1554 1857 1666 1931 nirrria
1693 1864 1780 1928 con·

191 1971 330 2046 lusione
342 1986 570 2066 conteratur,
589 1976 651 2072 qui
663 1999 729 2074 per
748 1974 874 2049 cadem
892 1977 1047 2049 vincitur
1063 2002 1127 2075 per
1144 2002 1223 2075 quse
1241 1976 1382 2051 vincere
1403 1975 1596 2051 nitebatur.
1615 1974 1780 2048 Philoso-

192 2089 282 2188 phos
296 2106 418 2164 autem
434 2117 548 2165 unum
565 2095 818 2168 tantummodo
834 2099 951 2169 Deum
967 2120 1185 2194 cognoscere
1202 2120 1296 2168 unus
1306 2121 1347 2167 ex
1360 2096 1445 2193 ipsis
1454 2094 1600 2186 Tullius,
1612 2095 1649 2169 in
1663 2095 1782 2192 primo

192 2210 474 2305 Rhetoricorum,
503 2212 670 2313 perhibet
694 2212 818 2287 dicens
839 2239 903 2289 eos
928 2216 991 2313 qui
1014 2215 1251 2316 philosophiae
1277 2215 1366 2287 dant
1391 2239 1558 2313 operam,
1587 2238 1662 2285 uon
1692 2213 1784 2285 arbi·

192 2331 391 2403 trariDeos
406 2355 502 2423 esse,
524 2355 567 2404 ac
590 2333 619 2404 si
634 2348 756 2432 aperte
778 2333 898 2429 dicat,
930 2336 1006 2407 imo
1025 2357 1142 2407 unum
1167 2339 1308 2425 Deum,
1337 2357 1412 2405 non
1438 2336 1534 2405 Deos
1547 2333 1680 2431 plures.
1713 2334 1783 2419 Qui

191 2449 302 2520 etiam
320 2449 483 2546 qualiter,
500 2452 578 2522 Deo
596 2450 790 2543 revelante,
808 2451 856 2524 ad
878 2453 990 2551 ipsius
1014 2451 1144 2525 divinae
1162 2451 1338 2523 Trinitatis
1353 2450 1597 2547 cognitionem
1614 2473 1785 2522 conscen-

192 2565 329 2659 derint,
348 2567 481 2641 Paulus
496 2594 641 2666 quoque
657 2570 841 2670 apostolus
863 2571 901 2644 in
922 2570 1084 2667 Epistola
1100 2568 1345 2643 cenomanos
1367 2582 1531 2667 patenter
1552 2569 1707 2647 insinuat
1727 2567 1785 2639 di·

193 2689 291 2758 cens’
311 2713 321 2759 z
342 2714 360 2754 a
379 2686 490 2775 Quod
506 2673 636 2761 notum
651 2702 705 2762 est
722 2690 809 2779 Dei,
824 2689 1054 2763 manifestum
1069 2703 1122 2760 cst
1144 2688 1181 2760 in
1199 2687 1279 2761 illis.
1298 2692 1393 2759 Deus
1408 2687 1505 2760 enim
1522 2687 1590 2771 illis
1603 2684 1782 2759 revelavit.

195 2802 386 2879 invisibilia
399 2805 498 2877 enim
513 2806 625 2905 ipsius
641 2832 663 2879 a
678 2820 844 2881 creatura
855 2807 982 2880 mundi
993 2831 1058 2906 per
1075 2831 1117 2879 ea
1134 2831 1214 2904 quae
1227 2807 1318 2879 facta
1331 2820 1433 2897 sunt,
1454 2805 1633 2879 intellecta
1649 2808 1787 2905 conspi-

196 2922 354 3013 eantur,
380 2925 601 3023 sempiterna
618 2950 765 3025 quoque
793 2926 870 3024 ejus
889 2925 1001 2999 virtus
1014 2938 1051 2997 et
1065 2924 1245 3017 divinitas,
1273 2924 1323 2996 ita
1345 2938 1386 2995 ut
1416 2914 1490 2997 sint'
1516 2923 1785 3013 inexcusabiles,
1867 2960 1870 2966 ·

196 3042 278 3138 quia
307 3067 392 3116 cnm
414 3044 668 3141 cognovissent
693 3050 836 3136 Deum,
864 3070 939 3118 non
968 3043 1060 3120 sicut
1089 3047 1207 3118 Deum
1231 3042 1540 3141 glorificaverunt,
1573 3058 1635 3118 aut
1660 3044 1788 3141 gratias
1862 3107 1866 3120 .

193 3171 362 3257 egerunt,
379 3160 446 3234 sed
462 3178 685 3238 evanuerunt
700 3165 737 3240 in
753 3161 1030 3262 cogitationibus
1045 3163 1138 3254 suis,
1157 3175 1226 3235 etc.
1248 3192 1266 3229 s
1288 3162 1391 3234 Unde
1405 3176 1442 3236 et
1457 3161 1672 3236 Claudianus
1696 3168 1788 3234 Prae·

196 3277 344 3354 lectorio
358 3280 513 3354 Patricio
529 3280 576 3355 de
593 3297 687 3356 statu
708 3284 836 3358 animae
865 3280 1044 3373 scribens,
1070 3280 1126 3350 his
1150 3280 1313 3353 meminit
1337 3280 1454 3353 verbis
1478 3307 1487 3352 ι
1512 3311 1530 3347 a
1550 3286 1594 3351 Et
1615 3281 1789 3378 quoniam

199 3399 402 3472 mortalium
418 3401 542 3495 generi
558 3414 685 3474 natura
700 3400 826 3476 datum
843 3413 918 3492 est,
938 3414 978 3472 ut
996 3397 1160 3471 abstrusa
1177 3398 1302 3470 fortius
1320 3412 1473 3495 quaerat,
1497 3411 1537 3469 ut
1561 3412 1688 3492 negata
1712 3422 1790 3471 ma-

196 3515 250 3611 gis
268 3516 457 3615 ambigat⁸,
488 3533 530 3592 ut
554 3519 690 3594 tardius
705 3519 836 3619 adepta
862 3519 944 3619 plus
970 3518 1107 3615 diligat3
1134 3540 1179 3589 eo
1194 3516 1401 3613 flagrantius
1423 3514 1719 3590 animadvertitur
1734 3539 1791 3588 re·

195 3634 292 3722 ritas,
322 3660 398 3733 quo
418 3635 553 3712 diutius
569 3635 802 3728 desideratur,
820 3638 878 3709 vel
899 3636 1110 3710 laboriosius
1124 3635 1307 3731 quaritur,
1337 3634 1395 3708 vel
1411 3634 1546 3708 tardius
1566 3636 1789 3708 iuvenitur.»

198 3754 287 3826 ilinc
301 3754 458 3847 lactum,
477 3770 518 3828 ut
534 3756 743 3857 Philosophi
755 3782 903 3856 quoque
918 3754 1174 3829 excellentibus
1192 3755 1341 3852 ingeniis
1354 3754 1453 3854 longi
1466 3753 1575 3827 seculi
1589 3754 1635 3826 de
1646 3757 1793 3828 veritate

199 3888 395 3969 quarentes
407 3874 570 3975 abusque
588 3877 787 3977 Pythagora
804 3876 945 3966 italico,
964 3875 1022 3948 rel
1037 3876 1162 3948 lonico
1178 3874 1324 3947 Thalete
1340 3898 1483 3972 semper
1499 3873 1710 3967 exstiterint,
1730 3877 1792 3972 qui

199 3990 452 4068 d'usidentibus
467 3994 557 4089 aliis,
573 3997 631 4073 vel
647 3997 688 4068 in
701 4010 801 4096 parte
811 3996 931 4094 operis
944 3993 1042 4067 aliud
1055 3993 1205 4089 dignum
1220 4007 1319 4066 tanta
1336 3993 1465 4091 indage
1477 4008 1675 4065 senserunt.
1689 3994 1794 4065 Unde

199 4111 308 4184 etiam
320 4111 450 4186 doctm
466 4115 628 4210 gentium
643 4139 720 4188 non
737 4129 813 4189 tam
825 4116 970 4212 ignaros
987 4111 1064 4184 veri
1077 4112 1334 4210 Phnosophos,
1353 4135 1463 4209 quam
1479 4112 1693 4207 cognitionis
1705 4136 1795 4185 con·

200 4241 393 4329 temptores
415 4248 580 4324 accusat,
607 4234 801 4331 inquiens:
822 4262 841 4304 a
860 4230 1054 4304 invisibilia
1074 4233 1142 4302 Dei
1169 4256 1190 4304 a
1218 4245 1382 4306 creatura
1405 4230 1534 4302 muudi
1560 4255 1625 4329 per
1649 4255 1692 4304 ea
1715 4257 1795 4330 qua

200 4345 291 4421 tacta
321 4364 405 4423 sunt
436 4350 637 4446 intellecta,
662 4367 730 4425 etc.
760 4380 778 4421 r
809 4353 902 4425 Hinc
921 4350 1029 4423 etiam
1056 4348 1147 4422 illud
1172 4362 1225 4421 est
1250 4349 1435 4446 Augustini
1457 4348 1500 4420 de
1525 4351 1673 4434 Ciuitate
1700 4354 1793 4439 Dei,

201 4464 262 4538 lib.
275 4470 402 4539 vult:
423 4474 573 4543 «Homo
592 4470 828 4562 Chnuianm,
844 4469 968 4544 litteris
989 4482 1129 4540 tantum
1146 4467 1390 4542 ecclesiasticis
1412 4467 1585 4560 eruditus,
1608 4482 1710 4541 cavet
1732 4494 1794 4542 eos

202 4586 263 4681 qui
285 4587 487 4662 seeundum
509 4587 685 4664 elementa
705 4589 816 4687 hujus
841 4588 968 4664 mundi
990 4586 1306 4686 philosophantur.
1334 4586 1557 4659 admonetur
1584 4589 1681 4660 enim
1706 4613 1795 4688 apo·

202 4706 327 4778 stolico
344 4709 567 4807 praecepto⁸r
590 4713 758 4783 «Cavete
781 4735 828 4783 ne
843 4710 925 4809 quis
940 4731 1006 4780 vos
1027 4704 1181 4807 decipiat
1205 4731 1270 4806 per
1296 4705 1565 4805 philosophiam
1590 4720 1625 4779 et
1650 4709 1795 4780 inanem

234 4987 277 5039 ¹ln
287 4991 349 5042 ent.
365 4961 437 5042 idib.
450 5000 476 5043 et
487 4993 548 5045 cod.
562 4995 623 5047 vict
637 4996 828 5048 imminentia
842 4998 904 5048 mele
915 5010 969 5048 om·
1024 5023 1053 5033 -
1064 4997 1074 5029 ³
1084 4996 1161 5047 Attter
1172 4992 1284 5044 ambiat
1297 5017 1326 5029 -
1340 4991 1419 5055 ‘Cap
1431 5005 1459 5042 x.
1474 4989 1580 5056 Opp.,t.
1593 4990 1657 5050 vttl.
1676 4993 1724 5042 eat.
1740 4994 1792 5044 tas.

205 5066 260 5118 ulna
269 5075 295 5119 et
307 5079 393 5123 cenna
404 5074 510 5124 suemus
522 5083 635 5126 mantem
650 5101 678 5113 -
688 5077 697 5106 ²
709 5077 791 5140 Rosa,
799 5091 852 5141 cap.
861 5091 880 5139 t,
892 5091 914 5129 r.
931 5079 969 5130 19.
1024 5077 1070 5112 -⁸
1084 5073 1186 5134 Colono
1200 5086 1252 5134 αν·
1264 5084 1290 5133 ΙΙι
1304 5083 1328 5121 '-
1341 5072 1367 5122 ⁸·
