4559 6100
447 495 449 500 ’
478 543 550 616 tto
1068 544 1198 616 mnu
1223 542 1458 616 lamium

478 718 536 765 me
564 690 819 766 accersendum
851 693 1009 792 putavit,
1039 718 1115 766 non
1147 693 1256 766 habet
1285 719 1370 792 ergo
1405 695 1554 791 gratiam
1591 718 1701 791 quam
1731 691 1967 766 desideravit?
1996 718 2070 766 non

477 814 586 886 hahet
614 839 724 909 quam
752 814 944 913 poposcit?
970 818 1010 885 Et
1040 815 1123 912 quia
1151 815 1339 913 poposcit,
1368 816 1517 914 accepit.
1551 819 1593 886 Et
1618 813 1681 887 ubi
1709 812 1796 886 illud
1826 828 1892 906 est,
1927 813 2071 910 «justus

481 965 498 1000 a
517 958 745 1032 quacumque
764 949 880 1005 morte
898 943 1096 1032 praeventus
1115 934 1233 1025 suerit,
1253 935 1372 1007 anima
1391 935 1466 1029 ej'us
1483 935 1520 1006 in
1540 934 1664 1031 requie
1681 933 1771 1005 erit?
1786 964 1804 1001 a
1825 932 1932 1006 Solve
1950 934 2068 1030 igitur,

477 1068 579 1152 pater
595 1068 738 1145 sancte,
760 1079 891 1125 munus
907 1078 1012 1125 servo
1033 1068 1142 1125 tuo.»
1161 1059 1249 1126 ltem
1270 1081 1278 1124 :
1301 1083 1319 1122 κ
1340 1058 1419 1125 Nou
1440 1050 1621 1126 metuebat
1639 1052 1846 1125 hominibus
1862 1053 2068 1152 displicere,

479 1188 519 1245 ut
532 1173 598 1245 tibi
615 1172 681 1246 soli
698 1172 854 1272 placeret
871 1173 907 1244 in
927 1173 1087 1262 Christ03
1104 1175 1169 1271 qui
1183 1173 1311 1247 habuit
1328 1174 1492 1272 spiritum
1506 1189 1621 1265 tuum,
1641 1172 1832 1272 quomodo
1843 1198 1917 1245 uon
1935 1174 2071 1272 accepit

479 1295 627 1390 gratiam
647 1293 768 1365 tuaml
779 1297 848 1364 Aut
863 1293 906 1382 si,
926 1293 1011 1389 quia
1028 1291 1234 1364 solemniter
1252 1318 1326 1365 uon
1343 1306 1428 1365 sunt
1443 1292 1621 1367 celebrata
1639 1294 1819 1391 mysteria,
1839 1292 1912 1365 hoc
1930 1292 2069 1365 movet?

481 1421 573 1511 Ergo
590 1439 656 1486 nec
673 1428 860 1510 martyres,
879 1413 909 1484 si
927 1411 1177 1485 catechumeni
1195 1414 1339 1506 luerint,
1359 1415 1602 1487 coronantur?
1619 1412 1729 1502 Quod
1745 1415 1774 1485 si
1791 1437 1857 1485 suo
1873 1413 2070 1485 abluuntur

478 1534 665 1631 sauguine,
685 1547 720 1604 et
736 1532 835 1604 hunc
851 1546 911 1604 tua
933 1533 1046 1631 pietas
1062 1531 1187 1623 abluit,
1205 1548 1241 1606 et
1253 1534 1432 1606 voluntas.
1445 1562 1464 1602 u
1487 1538 1599 1606 ltem:
1620 1565 1634 1600 a
1653 1538 1696 1605 Et
1718 1533 1803 1605 huic
1820 1533 1939 1605 adhuc
1961 1533 2070 1604 inter-

478 1656 676 1727 cessionem
700 1651 861 1742 addisco,
882 1652 940 1724 cui
963 1654 1290 1725 remunerationem
1307 1678 1504 1752 praesum03
1523 1654 1585 1752 pio
1603 1653 1763 1751 requiem
1785 1652 1860 1748 ejus
1881 1677 2070 1750 poscamus

478 1773 621 1846 affectu.
645 1802 662 1852 u
692 1777 811 1844 ltem:
845 1800 862 1840 v
881 1771 996 1844 Doleo
1015 1773 1051 1843 in
1076 1788 1134 1865 te,
1155 1773 1205 1845 fili
1230 1775 1417 1865 Gratiana,
1442 1771 1550 1845 doleo
1575 1774 1684 1847 etiam
1712 1774 1748 1845 in
1774 1788 1830 1865 te,
1850 1771 1901 1843 fili
1920 1772 2072 1845 Valenti·

479 1894 599 1986 uiane,
618 1907 658 1964 tu
682 1916 748 1990 per
775 1916 832 1964 me
860 1891 1011 1991 putabas
1033 1892 1122 1990 eripi
1151 1906 1186 1964 te
1212 1892 1392 1991 periculis,
1421 1906 1458 1964 tu
1489 1916 1546 1964 me
1575 1917 1651 1965 non
1679 1894 1796 1965 solum
1822 1906 1862 1964 ut
1887 1906 2071 1990 parentem

479 2013 669 2110 diligebas,
698 2011 761 2084 sed
791 2027 831 2083 ut
855 2012 1096 2085 redemtorem
1120 2014 1173 2086 tui
1197 2028 1233 2085 et
1267 2014 1496 2087 liberatorem
1523 2013 1701 2112 sperabas.
1730 2018 1781 2084 Tu
1811 2012 1974 2102 dicebas,
2005 2017 2071 2083 Pu-

480 2149 580 2205 tasne
606 2131 739 2204 videbo
762 2147 901 2231 patrem
928 2133 1077 2205 meum?
1101 2135 1271 2232 Speciosa
1300 2134 1347 2205 de
1373 2159 1431 2222 me
1458 2133 1625 2207 voluntas
1649 2150 1728 2228 tua,
1755 2134 1818 2206 sed
1844 2159 1918 2206 nou
1947 2132 2071 2205 efficax

479 2239 711 2351 praesumtio(
724 2253 790 2325 Hei
813 2251 922 2325 mihi!
942 2278 1034 2326 vana
1055 2279 1137 2352 spes
1154 2255 1189 2325 in
1214 2254 1373 2327 homine.
1397 2255 1462 2326 Hei
1481 2253 1590 2327 mihil
1616 2254 1704 2352 quid
1728 2255 1950 2327 voluntatem
1971 2269 2070 2327 tuam

478 2399 554 2446 non
582 2390 666 2446 ante
686 2374 866 2471 cognovi?
893 2376 1066 2467 Domine,
1091 2375 1174 2472 quia
1202 2398 1311 2447 nemo
1340 2375 1450 2448 habet
1467 2374 1567 2472 quod
1594 2374 1652 2446 alii
1683 2374 1763 2472 plus
1785 2374 1937 2461 deferat,
1963 2398 2071 2472 quam

479 2495 579 2593 quod
600 2485 806 2594 sibi'optat,
825 2520 901 2567 non
921 2521 978 2568 me
996 2494 1128 2567 abillis
1149 2520 1292 2594 separes
1317 2511 1397 2594 post
1418 2509 1585 2588 mortem,
1610 2520 1702 2592 quos
1726 2495 1763 2566 in
1788 2495 1857 2567 hac
1878 2497 1950 2567 vita
1966 2495 2072 2567 caris·

479 2617 590 2686 simos
623 2616 729 2686 sensi.
758 2616 928 2700 Domine,
958 2631 1042 2714 peto
1057 2630 1096 2687 ut
1121 2615 1184 2687 uhi
1215 2640 1282 2711 ego
1315 2616 1417 2689 luero
1444 2632 1477 2688 et
1503 2617 1554 2687 illi
1582 2616 1653 2687 siut
1679 2639 1836 2687 mecum.
1862 2619 1909 2686 Te
1934 2639 2068 2710 quaeso,

479 2758 619 2805 summe
636 2738 745 2825 Deus,
768 2748 809 2805 ut
824 2735 1026 2806 carissimos
1047 2735 1198 2828 juvenes
1219 2752 1357 2806 matura
1375 2736 1637 2809 resurrectione
1658 2736 1805 2808 suscites
1820 2749 1855 2807 et
1869 2736 2067 2823 resuscites,

480 2867 515 2924 et
543 2853 580 2923 in
608 2868 788 2924 maturum
813 2851 912 2925 hunc
941 2852 1020 2925 vitae
1049 2853 1150 2925 istius
1172 2879 1317 2926 cursum
1344 2870 1486 2928 matura
1510 2855 1779 2928 resuscitatione
1804 2878 2069 2954 compenses.»

481 2971 590 3062 Quod
628 2973 657 3043 si
688 2972 727 3043 hi
755 2985 838 3073 post
862 2973 1036 3071 evangelii
1065 2972 1317 3067 traditionem,
1346 2976 1424 3048 sine
1454 2974 1525 3047 lide
1558 2979 1844 3067 lesu-Cunrsrr,
1874 2974 1929 3048 vel
1963 2976 2072 3072 gratia

480 3092 661 3193 baptismi,
681 3106 778 3165 tanta
797 3092 893 3192 apud
907 3098 1024 3166 Deum
1042 3118 1083 3166 ex
1100 3109 1185 3167 ante
1200 3108 1285 3167 actae
1308 3096 1389 3167 vitae
1405 3096 1539 3168 meritis
1561 3096 1795 3189 obtinuerint,
1815 3096 1904 3194 quid
1927 3095 1973 3168 de
1992 3096 2072 3196 phi·

479 3214 641 3313 losophis
668 3228 751 3287 ante
770 3214 964 3287 adventum
989 3214 1138 3306 Christi,
1162 3229 1235 3287 tam
1260 3214 1330 3287 lide
1355 3240 1464 3315 quam
1483 3215 1557 3287 vita
1578 3214 1798 3306 clarissimis,
1826 3214 1991 3289 diffidere
2013 3241 2072 3288 co·

480 3360 618 3431 gamur,
643 3361 690 3408 ne
718 3336 977 3432 indulgentiam
1002 3336 1074 3409 sint
1106 3338 1270 3428 assecuti,
1303 3351 1366 3409 aut
1393 3360 1521 3409 eorum
1550 3337 1621 3408 vita
1652 3338 1820 3409 etunius
1851 3340 1918 3409 Dei
1941 3338 2069 3424 cultus,

479 3481 586 3553 quem
622 3457 690 3556 ipsi
715 3470 802 3530 tunc
825 3457 998 3556 temporis
1023 3458 1201 3555 praecipue
1228 3455 1454 3548 habueruut,
1489 3470 1525 3529 et
1551 3454 1741 3529 scribendo
1766 3457 2069 3556 predicaverunt,

480 3601 608 3674 magna
635 3577 686 3649 eis
702 3600 724 3647 a
740 3580 817 3648 Deo
836 3577 935 3650 dona
951 3592 1026 3650 tam
1043 3578 1080 3651 in
1098 3577 1168 3650 hac
1185 3602 1296 3674 quam
1314 3579 1350 3649 in
1378 3579 1497 3649 lutura
1519 3577 1589 3650 vita
1605 3601 1680 3648 nou
1709 3578 1924 3674 acquisierit,
1944 3593 1980 3651 et
1994 3603 2071 3675 quae

479 3698 678 3769 necessaria
708 3693 813 3768 saluti
843 3710 960 3768 essent
990 3695 1206 3786 ostenderit,
1234 3721 1319 3768 cum
1353 3698 1526 3795 scriptum
1551 3697 1611 3768 sit¹
1647 3723 1656 3768 z
1692 3726 1710 3762 r
1728 3697 1929 3771 lntellectus
1955 3697 2073 3771 bonus

480 3814 650 3887 omnibus
673 3809 887 3886 facientibus
914 3839 1011 3908 eum,
1026 3845 1044 3882 a
1062 3824 1098 3887 et
1120 3829 1220 3888 tanta
1244 3816 1290 3887 sit
1310 3815 1439 3888 divinae
1465 3817 1576 3914 gratia
1601 3816 1863 3911 misericordiae,
1891 3833 1932 3891 ut
1956 3818 2072 3890 invitis

479 3957 626 4032 quoque
653 3957 717 4006 sua
745 3948 886 4032 praestet
910 3934 1117 4007 beneficia?

529 4052 637 4142 Quod
667 4053 697 4125 si
724 4067 806 4151 post
830 4054 940 4126 vitam
969 4055 1271 4153 philosophorum
1301 4055 1407 4129 nobis
1436 4056 1482 4130 ad
1515 4072 1643 4131 nostrae
1671 4057 1922 4131 confusionem
1948 4060 2073 4158 impu·

481 4173 610 4245 dentiae
632 4197 654 4244 a
678 4174 808 4244 sanctis
831 4173 992 4271 patribus
1015 4176 1261 4273 propositam,
1287 4175 1482 4249 decorum
1508 4174 1672 4249 doctrina
1694 4177 1870 4250 discutere
1894 4176 1996 4268 libet,
2021 4180 2075 4250 in·

481 4292 679 4389 telligemus
707 4307 780 4365 tam
806 4294 1016 4365 testimoniis
1041 4309 1249 4368 sanctorum
1282 4320 1391 4392 quam
1419 4295 1603 4369 manifesta
1627 4296 1789 4390 ratione,
1819 4322 1928 4395 quam
1959 4298 2003 4370 sit
2033 4324 2075 4372 ea

479 4437 625 4510 quoque
649 4413 759 4486 sacris
781 4412 906 4485 litteris
921 4417 1132 4516 necessaria,
1158 4440 1232 4487 uon
1253 4416 1372 4487 solum
1396 4416 1432 4487 iu
1452 4415 1507 4487 his
1526 4440 1613 4513 quae,
1625 4414 1672 4487 ad
1689 4415 1907 4489 documenta
1930 4442 2075 4491 morum

478 4532 645 4620 attinent,
670 4556 732 4605 seu
760 4532 806 4605 ad
835 4556 944 4606 sacrae
967 4533 1051 4605 fidei
1073 4535 1288 4629 testimonia,
1313 4559 1438 4608 verum
1462 4534 1510 4607 ad
1534 4536 1658 4607 omnia
1680 4538 1918 4634 quaestionum
1944 4561 2075 4632 genera

478 4650 678 4724 rationibus
707 4652 951 4747 terminanda,
983 4654 1057 4725 sive
1085 4652 1335 4749 allegoriarum
1360 4679 1508 4754 quoque
1531 4656 1698 4752 mysteria
1724 4655 1960 4750 discutienda,
1985 4682 2075 4755 quas

478 4771 682 4870 frequenter
717 4774 753 4845 in
781 4775 917 4846 naturis
953 4798 1189 4848 numerorum
1218 4775 1484 4872 investigamus.
1520 4774 1624 4847 Unde
1655 4775 1763 4848 nobis
1793 4778 1971 4876 precipue
2002 4793 2074 4851 tam

479 4889 701 4965 dialecticam
727 4917 836 4991 quam
862 4892 1120 4967 arithmeticam
1146 4893 1272 4967 beatus
1299 4909 1563 4969 commemorat
1585 4895 1813 4992 Augustinus,
1844 4897 1909 4994 qui
1934 4894 2019 4971 ideo
2037 4898 2074 4969 in

511 5170 517 5198 ¹
529 5166 629 5220 Protei.
640 5180 686 5233 ex,
698 5181 724 5220 r.
740 5168 779 5222 1⁰.
