<?xml version="1.0" encoding="UTF-8"?>
<!DOCTYPE html PUBLIC "-//W3C//DTD XHTML 1.0 Transitional//EN"
    "http://www.w3.org/TR/xhtml1/DTD/xhtml1-transitional.dtd">
<html xmlns="http://www.w3.org/1999/xhtml" xml:lang="en" lang="en">
 <head>
  <title>
</title>
<meta http-equiv="Content-Type" content="text/html;charset=utf-8" />
  <meta name='ocr-system' content='tesseract 3.04.00' />
  <meta name='ocr-capabilities' content='ocr_page ocr_carea ocr_par ocr_line ocrx_word'/>
</head>
<body>
  <div class='ocr_page' id='page_1' title='image "./petriablardiope00despgoog_0829.png"; bbox 0 0 4559 6100; ppageno 0'>
   <div class='ocr_carea' id='block_1_1' title="bbox 912 559 1874 638">
    <p class='ocr_par' dir='ltr' id='par_1_1' title="bbox 912 559 1874 638">
     <span class='ocr_line' id='line_1_1' title="bbox 912 559 1874 638; baseline 0.004 -5"><span class='ocrx_word' id='word_1_1' title='bbox 912 559 972 633; x_wconf 85' lang='lat' dir='ltr'><strong>EX</strong></span> <span class='ocrx_word' id='word_1_2' title='bbox 1002 561 1245 636; x_wconf 71' lang='lat' dir='ltr'><strong>teotonis.</strong></span> <span class='ocrx_word' id='word_1_3' title='bbox 1809 563 1874 638; x_wconf 80' lang='grc'><strong>731</strong></span> 
     </span>
    </p>
   </div>
   <div class='ocr_carea' id='block_1_2' title="bbox 212 709 1959 5230">
    <p class='ocr_par' dir='ltr' id='par_1_2' title="bbox 212 709 1888 2007">
     <span class='ocr_line' id='line_1_2' title="bbox 284 709 1882 813; baseline 0.003 -30"><span class='ocrx_word' id='word_1_4' title='bbox 284 734 450 813; x_wconf 87' lang='lat' dir='ltr'><strong>persona.</strong></span> <span class='ocrx_word' id='word_1_5' title='bbox 475 714 525 784; x_wconf 80' lang='lat' dir='ltr'><strong>Et</strong></span> <span class='ocrx_word' id='word_1_6' title='bbox 544 712 656 811; x_wconf 79' lang='lat' dir='ltr'><strong>infra.</strong></span> <span class='ocrx_word' id='word_1_7' title='bbox 685 716 765 783; x_wconf 89' lang='lat' dir='ltr'><strong>Non</strong></span> <span class='ocrx_word' id='word_1_8' title='bbox 787 712 895 809; x_wconf 83' lang='lat' dir='ltr'><strong>igitur</strong></span> <span class='ocrx_word' id='word_1_9' title='bbox 918 709 1032 785; x_wconf 90' lang='lat' dir='ltr'><strong>homo</strong></span> <span class='ocrx_word' id='word_1_10' title='bbox 1057 711 1117 786; x_wconf 91' lang='lat' dir='ltr'><strong>ille</strong></span> <span class='ocrx_word' id='word_1_11' title='bbox 1143 712 1300 792; x_wconf 85' lang='lat' dir='ltr'><strong>aVerbo</strong></span> <span class='ocrx_word' id='word_1_12' title='bbox 1327 728 1530 813; x_wconf 87' lang='lat' dir='ltr'><strong>assumptus</strong></span> <span class='ocrx_word' id='word_1_13' title='bbox 1553 714 1673 812; x_wconf 83' lang='lat' dir='ltr'><strong>aliqua</strong></span> <span class='ocrx_word' id='word_1_14' title='bbox 1696 712 1744 786; x_wconf 86' lang='lat' dir='ltr'><strong>de</strong></span> <span class='ocrx_word' id='word_1_15' title='bbox 1768 714 1882 787; x_wconf 86' lang='lat' dir='ltr'><strong>tribus</strong></span> 
     </span>
     <span class='ocr_line' id='line_1_3' title="bbox 283 832 1873 933; baseline 0.002 -28"><span class='ocrx_word' id='word_1_16' title='bbox 283 833 355 906; x_wconf 89' lang='lat' dir='ltr'><strong>illis</strong></span> <span class='ocrx_word' id='word_1_17' title='bbox 370 834 407 905; x_wconf 93' lang='lat' dir='ltr'><strong>in</strong></span> <span class='ocrx_word' id='word_1_18' title='bbox 426 832 486 906; x_wconf 89' lang='lat' dir='ltr'><strong>illa</strong></span> <span class='ocrx_word' id='word_1_19' title='bbox 502 833 697 906; x_wconf 84' lang='lat' dir='ltr'><strong>aeternitate</strong></span> <span class='ocrx_word' id='word_1_20' title='bbox 714 833 878 931; x_wconf 82' lang='lat' dir='ltr'><strong>personis</strong></span> <span class='ocrx_word' id='word_1_21' title='bbox 896 832 1071 906; x_wconf 90' lang='lat' dir='ltr'><strong>dicendus</strong></span> <span class='ocrx_word' id='word_1_22' title='bbox 1088 847 1161 927; x_wconf 82' lang='lat' dir='ltr'><strong>est3</strong></span> <span class='ocrx_word' id='word_1_23' title='bbox 1186 834 1247 907; x_wconf 91' lang='lat' dir='ltr'><strong>sed</strong></span> <span class='ocrx_word' id='word_1_24' title='bbox 1265 835 1426 907; x_wconf 87' lang='lat' dir='ltr'>Verbum</span> <span class='ocrx_word' id='word_1_25' title='bbox 1447 834 1565 933; x_wconf 89' lang='lat' dir='ltr'><strong>ipsum</strong></span> <span class='ocrx_word' id='word_1_26' title='bbox 1584 835 1644 907; x_wconf 92' lang='lat' dir='ltr'><strong>cui</strong></span> <span class='ocrx_word' id='word_1_27' title='bbox 1665 849 1719 907; x_wconf 91' lang='lat' dir='ltr'><strong>est</strong></span> <span class='ocrx_word' id='word_1_28' title='bbox 1740 836 1873 908; x_wconf 85' lang='lat' dir='ltr'><strong>unitus.</strong></span> 
     </span>
     <span class='ocr_line' id='line_1_4' title="bbox 288 951 1883 1053; baseline 0.001 -27"><span class='ocrx_word' id='word_1_29' title='bbox 288 956 325 1026; x_wconf 89' lang='lat' dir='ltr'><strong>Si</strong></span> <span class='ocrx_word' id='word_1_30' title='bbox 347 968 469 1027; x_wconf 86' lang='lat' dir='ltr'><strong>autem</strong></span> <span class='ocrx_word' id='word_1_31' title='bbox 492 951 538 1025; x_wconf 92' lang='lat' dir='ltr'><strong>de</strong></span> <span class='ocrx_word' id='word_1_32' title='bbox 561 956 639 1026; x_wconf 92' lang='lat' dir='ltr'><strong>Deo</strong></span> <span class='ocrx_word' id='word_1_33' title='bbox 664 965 700 1025; x_wconf 89' lang='lat' dir='ltr'><strong>et</strong></span> <span class='ocrx_word' id='word_1_34' title='bbox 721 952 870 1027; x_wconf 87' lang='lat' dir='ltr'><strong>homine</strong></span> <span class='ocrx_word' id='word_1_35' title='bbox 890 953 1038 1051; x_wconf 86' lang='lat' dir='ltr'><strong>singulis</strong></span> <span class='ocrx_word' id='word_1_36' title='bbox 1062 978 1137 1025; x_wconf 90' lang='lat' dir='ltr'><strong>non</strong></span> <span class='ocrx_word' id='word_1_37' title='bbox 1162 970 1216 1028; x_wconf 90' lang='lat' dir='ltr'><strong>est</strong></span> <span class='ocrx_word' id='word_1_38' title='bbox 1237 953 1446 1043; x_wconf 89' lang='lat' dir='ltr'><strong>dicendum,</strong></span> <span class='ocrx_word' id='word_1_39' title='bbox 1473 952 1574 1051; x_wconf 89' lang='lat' dir='ltr'><strong>quod</strong></span> <span class='ocrx_word' id='word_1_40' title='bbox 1600 955 1672 1026; x_wconf 89' lang='lat' dir='ltr'><strong>sint</strong></span> <span class='ocrx_word' id='word_1_41' title='bbox 1696 953 1748 1027; x_wconf 90' lang='lat' dir='ltr'><strong>ibi</strong></span> <span class='ocrx_word' id='word_1_42' title='bbox 1764 953 1883 1053; x_wconf 85' lang='lat' dir='ltr'><strong>aliqua</strong></span> 
     </span>
     <span class='ocr_line' id='line_1_5' title="bbox 285 1071 1883 1174; baseline -0.001 -27"><span class='ocrx_word' id='word_1_43' title='bbox 285 1097 453 1174; x_wconf 90' lang='lat' dir='ltr'><strong>persona,</strong></span> <span class='ocrx_word' id='word_1_44' title='bbox 473 1072 724 1145; x_wconf 89' lang='lat' dir='ltr'><strong>multominus</strong></span> <span class='ocrx_word' id='word_1_45' title='bbox 742 1071 788 1146; x_wconf 92' lang='lat' dir='ltr'><strong>de</strong></span> <span class='ocrx_word' id='word_1_46' title='bbox 806 1073 876 1150; x_wconf 90' lang='lat' dir='ltr'><strong>illis</strong></span> <span class='ocrx_word' id='word_1_47' title='bbox 890 1072 1033 1147; x_wconf 89' lang='lat' dir='ltr'><strong>duabus</strong></span> <span class='ocrx_word' id='word_1_48' title='bbox 1047 1074 1155 1146; x_wconf 90' lang='lat' dir='ltr'><strong>simul</strong></span> <span class='ocrx_word' id='word_1_49' title='bbox 1168 1074 1305 1148; x_wconf 89' lang='lat' dir='ltr'><strong>naturis</strong></span> <span class='ocrx_word' id='word_1_50' title='bbox 1317 1073 1389 1145; x_wconf 91' lang='lat' dir='ltr'><strong>dici</strong></span> <span class='ocrx_word' id='word_1_51' title='bbox 1402 1072 1585 1145; x_wconf 84' lang='lat' dir='ltr'><strong>convenit.</strong></span> <span class='ocrx_word' id='word_1_52' title='bbox 1604 1077 1684 1145; x_wconf 89' lang='lat' dir='ltr'><strong>Non</strong></span> <span class='ocrx_word' id='word_1_53' title='bbox 1701 1073 1799 1145; x_wconf 90' lang='lat' dir='ltr'><strong>enim</strong></span> <span class='ocrx_word' id='word_1_54' title='bbox 1815 1074 1883 1146; x_wconf 88' lang='lat' dir='ltr'><strong>illae</strong></span> 
     </span>
     <span class='ocr_line' id='line_1_6' title="bbox 286 1192 1882 1294; baseline -0.001 -27"><span class='ocrx_word' id='word_1_55' title='bbox 286 1193 366 1267; x_wconf 85' lang='lat' dir='ltr'><strong>duae</strong></span> <span class='ocrx_word' id='word_1_56' title='bbox 383 1207 519 1266; x_wconf 69' lang='lat' dir='ltr'><strong>naturae</strong></span> <span class='ocrx_word' id='word_1_57' title='bbox 544 1192 680 1291; x_wconf 91' lang='lat' dir='ltr'><strong>aliquid</strong></span> <span class='ocrx_word' id='word_1_58' title='bbox 702 1206 875 1266; x_wconf 78' lang='lat' dir='ltr'><strong>aeternum</strong></span> <span class='ocrx_word' id='word_1_59' title='bbox 897 1207 1050 1294; x_wconf 85' lang='lat' dir='ltr'><strong>possunt</strong></span> <span class='ocrx_word' id='word_1_60' title='bbox 1070 1218 1165 1285; x_wconf 88' lang='lat' dir='ltr'><strong>esse,</strong></span> <span class='ocrx_word' id='word_1_61' title='bbox 1190 1219 1277 1266; x_wconf 89' lang='lat' dir='ltr'><strong>curn</strong></span> <span class='ocrx_word' id='word_1_62' title='bbox 1300 1217 1373 1266; x_wconf 89' lang='lat' dir='ltr'><strong>una</strong></span> <span class='ocrx_word' id='word_1_63' title='bbox 1394 1216 1518 1266; x_wconf 88' lang='lat' dir='ltr'><strong>earum</strong></span> <span class='ocrx_word' id='word_1_64' title='bbox 1538 1205 1657 1265; x_wconf 90' lang='lat' dir='ltr'><strong>careat</strong></span> <span class='ocrx_word' id='word_1_65' title='bbox 1675 1192 1882 1266; x_wconf 86' lang='lat' dir='ltr'><strong>aeternitate.</strong></span> 
     </span>
     <span class='ocr_line' id='line_1_7' title="bbox 212 1311 1887 1413; baseline 0 -28"><span class='ocrx_word' id='word_1_66' title='bbox 212 1395 215 1400; x_wconf 45' lang='grc'>,</span> <span class='ocrx_word' id='word_1_67' title='bbox 286 1318 335 1385; x_wconf 82' lang='lat' dir='ltr'><strong>Et</strong></span> <span class='ocrx_word' id='word_1_68' title='bbox 350 1314 463 1413; x_wconf 79' lang='lat' dir='ltr'><strong>infra.</strong></span> <span class='ocrx_word' id='word_1_69' title='bbox 480 1311 521 1384; x_wconf 92' lang='lat' dir='ltr'><strong>ld</strong></span> <span class='ocrx_word' id='word_1_70' title='bbox 538 1313 657 1385; x_wconf 87' lang='lat' dir='ltr'><strong>solum</strong></span> <span class='ocrx_word' id='word_1_71' title='bbox 674 1312 777 1413; x_wconf 91' lang='lat' dir='ltr'><strong>quod</strong></span> <span class='ocrx_word' id='word_1_72' title='bbox 794 1314 905 1387; x_wconf 89' lang='lat' dir='ltr'><strong>semel</strong></span> <span class='ocrx_word' id='word_1_73' title='bbox 922 1313 988 1386; x_wconf 87' lang='lat' dir='ltr'><strong>fuit</strong></span> <span class='ocrx_word' id='word_1_74' title='bbox 1005 1315 1042 1386; x_wconf 92' lang='lat' dir='ltr'><strong>in</strong></span> <span class='ocrx_word' id='word_1_75' title='bbox 1062 1313 1123 1387; x_wconf 89' lang='lat' dir='ltr'><strong>illa</strong></span> <span class='ocrx_word' id='word_1_76' title='bbox 1136 1315 1324 1404; x_wconf 89' lang='lat' dir='ltr'><strong>Trinitate,</strong></span> <span class='ocrx_word' id='word_1_77' title='bbox 1347 1337 1489 1412; x_wconf 81' lang='lat' dir='ltr'><strong>semper</strong></span> <span class='ocrx_word' id='word_1_78' title='bbox 1504 1313 1541 1385; x_wconf 93' lang='lat' dir='ltr'><strong>in</strong></span> <span class='ocrx_word' id='word_1_79' title='bbox 1556 1311 1683 1385; x_wconf 86' lang='lat' dir='ltr'><strong>eadem</strong></span> <span class='ocrx_word' id='word_1_80' title='bbox 1698 1328 1887 1410; x_wconf 89' lang='lat' dir='ltr'><strong>permanet</strong></span> 
     </span>
     <span class='ocr_line' id='line_1_8' title="bbox 285 1432 1887 1533; baseline 0.001 -28"><span class='ocrx_word' id='word_1_81' title='bbox 285 1456 445 1533; x_wconf 89' lang='lat' dir='ltr'><strong>persona</strong></span> <span class='ocrx_word' id='word_1_82' title='bbox 458 1445 494 1503; x_wconf 92' lang='lat' dir='ltr'><strong>et</strong></span> <span class='ocrx_word' id='word_1_83' title='bbox 510 1432 602 1506; x_wconf 89' lang='lat' dir='ltr'><strong>nihil</strong></span> <span class='ocrx_word' id='word_1_84' title='bbox 618 1458 754 1506; x_wconf 91' lang='lat' dir='ltr'><strong>novum</strong></span> <span class='ocrx_word' id='word_1_85' title='bbox 768 1434 806 1506; x_wconf 91' lang='lat' dir='ltr'><strong>in</strong></span> <span class='ocrx_word' id='word_1_86' title='bbox 825 1433 991 1507; x_wconf 88' lang='lat' dir='ltr'><strong>eamdem</strong></span> <span class='ocrx_word' id='word_1_87' title='bbox 1004 1435 1212 1507; x_wconf 81' lang='lat' dir='ltr'><strong>Trinitatem</strong></span> <span class='ocrx_word' id='word_1_88' title='bbox 1226 1434 1351 1506; x_wconf 79' lang='lat' dir='ltr'>incidit</span> <span class='ocrx_word' id='word_1_89' title='bbox 1367 1462 1376 1506; x_wconf 74' lang='grc' dir='ltr'><strong>ε</strong></span> <span class='ocrx_word' id='word_1_90' title='bbox 1395 1433 1480 1532; x_wconf 88' lang='lat' dir='ltr'><strong>quia</strong></span> <span class='ocrx_word' id='word_1_91' title='bbox 1492 1456 1560 1505; x_wconf 91' lang='lat' dir='ltr'><strong>nec</strong></span> <span class='ocrx_word' id='word_1_92' title='bbox 1572 1446 1752 1505; x_wconf 87' lang='lat' dir='ltr'><strong>recentem</strong></span> <span class='ocrx_word' id='word_1_93' title='bbox 1769 1436 1887 1506; x_wconf 88' lang='lat' dir='ltr'><strong>Deum</strong></span> 
     </span>
     <span class='ocr_line' id='line_1_9' title="bbox 286 1550 1888 1648; baseline 0.002 -27"><span class='ocrx_word' id='word_1_94' title='bbox 286 1551 340 1625; x_wconf 82' lang='lat' dir='ltr'><strong>tas</strong></span> <span class='ocrx_word' id='word_1_95' title='bbox 361 1565 414 1623; x_wconf 88' lang='lat' dir='ltr'><strong>est</strong></span> <span class='ocrx_word' id='word_1_96' title='bbox 432 1551 685 1625; x_wconf 70' lang='lat' dir='ltr'><strong>existimari...</strong></span> <span class='ocrx_word' id='word_1_97' title='bbox 712 1552 829 1626; x_wconf 87' lang='lat' dir='ltr'><strong>Medis</strong></span> <span class='ocrx_word' id='word_1_98' title='bbox 852 1554 1023 1626; x_wconf 88' lang='lat' dir='ltr'><strong>omnibus</strong></span> <span class='ocrx_word' id='word_1_99' title='bbox 1045 1554 1248 1628; x_wconf 89' lang='lat' dir='ltr'><strong>cavendum</strong></span> <span class='ocrx_word' id='word_1_100' title='bbox 1271 1567 1324 1627; x_wconf 89' lang='lat' dir='ltr'><strong>est</strong></span> <span class='ocrx_word' id='word_1_101' title='bbox 1346 1577 1394 1625; x_wconf 89' lang='lat' dir='ltr'><strong>ne</strong></span> <span class='ocrx_word' id='word_1_102' title='bbox 1416 1550 1486 1624; x_wconf 89' lang='lat' dir='ltr'><strong>tale</strong></span> <span class='ocrx_word' id='word_1_103' title='bbox 1507 1550 1596 1648; x_wconf 89' lang='lat' dir='ltr'><strong>quid</strong></span> <span class='ocrx_word' id='word_1_104' title='bbox 1617 1551 1669 1623; x_wconf 92' lang='lat' dir='ltr'><strong>ibi</strong></span> <span class='ocrx_word' id='word_1_105' title='bbox 1686 1567 1888 1625; x_wconf 88' lang='lat' dir='ltr'><strong>astruamus</strong></span> 
     </span>
     <span class='ocr_line' id='line_1_10' title="bbox 287 1670 1887 1772; baseline 0 -29"><span class='ocrx_word' id='word_1_106' title='bbox 287 1696 378 1761; x_wconf 89' lang='lat' dir='ltr'><strong>esse,</strong></span> <span class='ocrx_word' id='word_1_107' title='bbox 402 1670 502 1767; x_wconf 89' lang='lat' dir='ltr'><strong>quod</strong></span> <span class='ocrx_word' id='word_1_108' title='bbox 530 1696 672 1771; x_wconf 88' lang='lat' dir='ltr'><strong>semper</strong></span> <span class='ocrx_word' id='word_1_109' title='bbox 694 1672 746 1744; x_wconf 91' lang='lat' dir='ltr'><strong>ibi</strong></span> <span class='ocrx_word' id='word_1_110' title='bbox 772 1698 847 1746; x_wconf 89' lang='lat' dir='ltr'><strong>non</strong></span> <span class='ocrx_word' id='word_1_111' title='bbox 870 1674 996 1765; x_wconf 81' lang='lat' dir='ltr'><strong>luerit,</strong></span> <span class='ocrx_word' id='word_1_112' title='bbox 1022 1699 1091 1746; x_wconf 92' lang='lat' dir='ltr'><strong>nec</strong></span> <span class='ocrx_word' id='word_1_113' title='bbox 1114 1674 1249 1772; x_wconf 88' lang='lat' dir='ltr'><strong>aliquid</strong></span> <span class='ocrx_word' id='word_1_114' title='bbox 1271 1672 1467 1772; x_wconf 79' lang='lat' dir='ltr'><strong>temporale</strong></span> <span class='ocrx_word' id='word_1_115' title='bbox 1490 1673 1527 1745; x_wconf 95' lang='lat' dir='ltr'><strong>in</strong></span> <span class='ocrx_word' id='word_1_116' title='bbox 1549 1673 1609 1744; x_wconf 93' lang='lat' dir='ltr'><strong>illa</strong></span> <span class='ocrx_word' id='word_1_117' title='bbox 1629 1673 1887 1745; x_wconf 88' lang='lat' dir='ltr'><strong>constituamus</strong></span> 
     </span>
     <span class='ocr_line' id='line_1_11' title="bbox 288 1787 1887 1890; baseline 0.001 -31"><span class='ocrx_word' id='word_1_118' title='bbox 288 1788 502 1879; x_wconf 85' lang='lat' dir='ltr'><strong>aetemitate,</strong></span> <span class='ocrx_word' id='word_1_119' title='bbox 527 1812 597 1860; x_wconf 91' lang='lat' dir='ltr'><strong>nec</strong></span> <span class='ocrx_word' id='word_1_120' title='bbox 620 1788 756 1886; x_wconf 87' lang='lat' dir='ltr'><strong>aliquid</strong></span> <span class='ocrx_word' id='word_1_121' title='bbox 775 1791 1017 1890; x_wconf 90' lang='lat' dir='ltr'><strong>compositum</strong></span> <span class='ocrx_word' id='word_1_122' title='bbox 1037 1791 1074 1863; x_wconf 92' lang='lat' dir='ltr'><strong>in</strong></span> <span class='ocrx_word' id='word_1_123' title='bbox 1091 1790 1151 1863; x_wconf 91' lang='lat' dir='ltr'><strong>illa</strong></span> <span class='ocrx_word' id='word_1_124' title='bbox 1171 1789 1414 1890; x_wconf 85' lang='lat' dir='ltr'><strong>simplicitate,</strong></span> <span class='ocrx_word' id='word_1_125' title='bbox 1435 1812 1502 1861; x_wconf 91' lang='lat' dir='ltr'><strong>nec</strong></span> <span class='ocrx_word' id='word_1_126' title='bbox 1520 1787 1656 1885; x_wconf 91' lang='lat' dir='ltr'><strong>aliquid</strong></span> <span class='ocrx_word' id='word_1_127' title='bbox 1670 1812 1887 1886; x_wconf 90' lang='lat' dir='ltr'><strong>corporeum</strong></span> 
     </span>
     <span class='ocr_line' id='line_1_12' title="bbox 289 1906 1489 2007; baseline 0.002 -30"><span class='ocrx_word' id='word_1_128' title='bbox 289 1907 326 1977; x_wconf 91' lang='lat' dir='ltr'><strong>in</strong></span> <span class='ocrx_word' id='word_1_129' title='bbox 341 1906 402 1979; x_wconf 90' lang='lat' dir='ltr'><strong>illa</strong></span> <span class='ocrx_word' id='word_1_130' title='bbox 415 1906 724 2005; x_wconf 83' lang='lat' dir='ltr'><strong>incorporalitate,</strong></span> <span class='ocrx_word' id='word_1_131' title='bbox 743 1931 811 1981; x_wconf 90' lang='lat' dir='ltr'><strong>nec</strong></span> <span class='ocrx_word' id='word_1_132' title='bbox 828 1909 962 2007; x_wconf 89' lang='lat' dir='ltr'><strong>aliquid</strong></span> <span class='ocrx_word' id='word_1_133' title='bbox 981 1934 1118 1982; x_wconf 85' lang='lat' dir='ltr'><strong>novum</strong></span> <span class='ocrx_word' id='word_1_134' title='bbox 1135 1913 1172 1981; x_wconf 91' lang='lat' dir='ltr'><strong>in</strong></span> <span class='ocrx_word' id='word_1_135' title='bbox 1188 1910 1250 1982; x_wconf 88' lang='lat' dir='ltr'><strong>illa</strong></span> <span class='ocrx_word' id='word_1_136' title='bbox 1265 1908 1489 2006; x_wconf 89' lang='lat' dir='ltr'><strong>antiquitate.</strong></span> 
     </span>
    </p>

    <p class='ocr_par' dir='ltr' id='par_1_3' title="bbox 289 2023 1894 3290">
     <span class='ocr_line' id='line_1_13' title="bbox 338 2023 1888 2126; baseline 0.001 -30"><span class='ocrx_word' id='word_1_137' title='bbox 338 2023 446 2115; x_wconf 77' lang='lat' dir='ltr'><strong>Ibid,</strong></span> <span class='ocrx_word' id='word_1_138' title='bbox 474 2050 557 2125; x_wconf 83' lang='lat' dir='ltr'><strong>pag.</strong></span> <span class='ocrx_word' id='word_1_139' title='bbox 585 2029 672 2101; x_wconf 80' lang='lat'><strong>253.</strong></span> <span class='ocrx_word' id='word_1_140' title='bbox 710 2029 934 2101; x_wconf 83' lang='lat' dir='ltr'><strong>Generaliter</strong></span> <span class='ocrx_word' id='word_1_141' title='bbox 959 2044 994 2101; x_wconf 88' lang='lat' dir='ltr'><strong>et</strong></span> <span class='ocrx_word' id='word_1_142' title='bbox 1016 2029 1265 2102; x_wconf 85' lang='lat' dir='ltr'><strong>indubitanter</strong></span> <span class='ocrx_word' id='word_1_143' title='bbox 1291 2028 1488 2100; x_wconf 87' lang='lat' dir='ltr'><strong>tenendum</strong></span> <span class='ocrx_word' id='word_1_144' title='bbox 1514 2041 1569 2098; x_wconf 90' lang='lat' dir='ltr'><strong>est</strong></span> <span class='ocrx_word' id='word_1_145' title='bbox 1593 2026 1693 2126; x_wconf 91' lang='lat' dir='ltr'><strong>quod</strong></span> <span class='ocrx_word' id='word_1_146' title='bbox 1710 2026 1888 2126; x_wconf 91' lang='lat' dir='ltr'><strong>quidquid</strong></span> 
     </span>
     <span class='ocr_line' id='line_1_14' title="bbox 289 2144 1889 2250; baseline 0.002 -33"><span class='ocrx_word' id='word_1_147' title='bbox 289 2144 378 2217; x_wconf 91' lang='lat' dir='ltr'><strong>boni</strong></span> <span class='ocrx_word' id='word_1_148' title='bbox 401 2149 498 2217; x_wconf 90' lang='lat' dir='ltr'><strong>Deus</strong></span> <span class='ocrx_word' id='word_1_149' title='bbox 522 2148 559 2217; x_wconf 92' lang='lat' dir='ltr'><strong>in</strong></span> <span class='ocrx_word' id='word_1_150' title='bbox 581 2171 619 2219; x_wconf 90' lang='lat' dir='ltr'><strong>se</strong></span> <span class='ocrx_word' id='word_1_151' title='bbox 635 2146 782 2241; x_wconf 87' lang='lat' dir='ltr'><strong>habeat,</strong></span> <span class='ocrx_word' id='word_1_152' title='bbox 810 2149 1014 2223; x_wconf 89' lang='lat' dir='ltr'><strong>nullatenus</strong></span> <span class='ocrx_word' id='word_1_153' title='bbox 1031 2150 1068 2221; x_wconf 91' lang='lat' dir='ltr'><strong>in</strong></span> <span class='ocrx_word' id='word_1_154' title='bbox 1088 2152 1167 2250; x_wconf 90' lang='lat' dir='ltr'><strong>ipso</strong></span> <span class='ocrx_word' id='word_1_155' title='bbox 1188 2151 1244 2222; x_wconf 88' lang='lat' dir='ltr'><strong>vel</strong></span> <span class='ocrx_word' id='word_1_156' title='bbox 1263 2173 1441 2241; x_wconf 89' lang='lat' dir='ltr'><strong>crescere,</strong></span> <span class='ocrx_word' id='word_1_157' title='bbox 1459 2147 1516 2219; x_wconf 87' lang='lat' dir='ltr'><strong>vel</strong></span> <span class='ocrx_word' id='word_1_158' title='bbox 1537 2148 1652 2219; x_wconf 91' lang='lat' dir='ltr'><strong>minui</strong></span> <span class='ocrx_word' id='word_1_159' title='bbox 1673 2162 1802 2246; x_wconf 86' lang='lat' dir='ltr'><strong>potest.</strong></span> <span class='ocrx_word' id='word_1_160' title='bbox 1822 2149 1889 2220; x_wconf 88' lang='lat' dir='ltr'><strong>Cui</strong></span> 
     </span>
     <span class='ocr_line' id='line_1_15' title="bbox 289 2263 1890 2367; baseline 0.001 -31"><span class='ocrx_word' id='word_1_161' title='bbox 289 2263 453 2363; x_wconf 89' lang='lat' dir='ltr'><strong>profecto</strong></span> <span class='ocrx_word' id='word_1_162' title='bbox 469 2266 560 2337; x_wconf 90' lang='lat' dir='ltr'><strong>sicut</strong></span> <span class='ocrx_word' id='word_1_163' title='bbox 578 2268 740 2364; x_wconf 90' lang='lat' dir='ltr'><strong>potentia</strong></span> <span class='ocrx_word' id='word_1_164' title='bbox 755 2268 844 2364; x_wconf 90' lang='lat' dir='ltr'><strong>ejus,</strong></span> <span class='ocrx_word' id='word_1_165' title='bbox 862 2268 919 2340; x_wconf 91' lang='lat' dir='ltr'><strong>vel</strong></span> <span class='ocrx_word' id='word_1_166' title='bbox 936 2269 1109 2367; x_wconf 88' lang='lat' dir='ltr'><strong>sapientia</strong></span> <span class='ocrx_word' id='word_1_167' title='bbox 1127 2284 1304 2343; x_wconf 86' lang='lat' dir='ltr'><strong>coaeterna</strong></span> <span class='ocrx_word' id='word_1_168' title='bbox 1320 2283 1391 2355; x_wconf 90' lang='lat' dir='ltr'><strong>est,</strong></span> <span class='ocrx_word' id='word_1_169' title='bbox 1408 2269 1458 2340; x_wconf 89' lang='lat' dir='ltr'><strong>ita</strong></span> <span class='ocrx_word' id='word_1_170' title='bbox 1473 2267 1640 2340; x_wconf 87' lang='lat' dir='ltr'><strong>voluntas</strong></span> <span class='ocrx_word' id='word_1_171' title='bbox 1656 2291 1766 2365; x_wconf 89' lang='lat' dir='ltr'><strong>quam</strong></span> <span class='ocrx_word' id='word_1_172' title='bbox 1778 2266 1890 2338; x_wconf 87' lang='lat' dir='ltr'><strong>habet</strong></span> 
     </span>
     <span class='ocr_line' id='line_1_16' title="bbox 291 2383 1890 2489; baseline 0.003 -36"><span class='ocrx_word' id='word_1_173' title='bbox 291 2383 327 2454; x_wconf 91' lang='lat' dir='ltr'><strong>in</strong></span> <span class='ocrx_word' id='word_1_174' title='bbox 345 2383 632 2483; x_wconf 90' lang='lat' dir='ltr'><strong>quibuscumque</strong></span> <span class='ocrx_word' id='word_1_175' title='bbox 653 2385 824 2459; x_wconf 83' lang='lat' dir='ltr'><strong>faciendis</strong></span> <span class='ocrx_word' id='word_1_176' title='bbox 845 2387 903 2459; x_wconf 84' lang='lat' dir='ltr'><strong>vel</strong></span> <span class='ocrx_word' id='word_1_177' title='bbox 919 2385 1181 2486; x_wconf 71' lang='lat' dir='ltr'><strong>disponendis,</strong></span> <span class='ocrx_word' id='word_1_178' title='bbox 1200 2389 1268 2489; x_wconf 93' lang='lat' dir='ltr'><strong>ipsi</strong></span> <span class='ocrx_word' id='word_1_179' title='bbox 1289 2403 1467 2460; x_wconf 88' lang='lat' dir='ltr'><strong>coaeterna</strong></span> <span class='ocrx_word' id='word_1_180' title='bbox 1479 2402 1593 2460; x_wconf 74' lang='lat' dir='ltr'><strong>est...</strong></span> <span class='ocrx_word' id='word_1_181' title='bbox 1615 2392 1695 2460; x_wconf 89' lang='lat' dir='ltr'><strong>Non</strong></span> <span class='ocrx_word' id='word_1_182' title='bbox 1715 2400 1768 2458; x_wconf 90' lang='lat' dir='ltr'><strong>est</strong></span> <span class='ocrx_word' id='word_1_183' title='bbox 1792 2385 1890 2458; x_wconf 90' lang='lat' dir='ltr'><strong>enim</strong></span> 
     </span>
     <span class='ocr_line' id='line_1_17' title="bbox 291 2503 1889 2604; baseline 0.002 -31"><span class='ocrx_word' id='word_1_184' title='bbox 291 2503 328 2574; x_wconf 91' lang='lat' dir='ltr'><strong>in</strong></span> <span class='ocrx_word' id='word_1_185' title='bbox 354 2507 433 2575; x_wconf 91' lang='lat' dir='ltr'><strong>Deo</strong></span> <span class='ocrx_word' id='word_1_186' title='bbox 455 2503 553 2577; x_wconf 90' lang='lat' dir='ltr'><strong>aliud</strong></span> <span class='ocrx_word' id='word_1_187' title='bbox 574 2519 759 2603; x_wconf 89' lang='lat' dir='ltr'><strong>potentem</strong></span> <span class='ocrx_word' id='word_1_188' title='bbox 781 2530 879 2596; x_wconf 87' lang='lat' dir='ltr'><strong>esse,</strong></span> <span class='ocrx_word' id='word_1_189' title='bbox 903 2506 1001 2579; x_wconf 94' lang='lat' dir='ltr'><strong>aliud</strong></span> <span class='ocrx_word' id='word_1_190' title='bbox 1022 2505 1117 2580; x_wconf 92' lang='lat' dir='ltr'><strong>bene</strong></span> <span class='ocrx_word' id='word_1_191' title='bbox 1139 2509 1323 2581; x_wconf 85' lang='lat' dir='ltr'><strong>volentem</strong></span> <span class='ocrx_word' id='word_1_192' title='bbox 1345 2532 1441 2601; x_wconf 90' lang='lat' dir='ltr'><strong>esse,</strong></span> <span class='ocrx_word' id='word_1_193' title='bbox 1465 2506 1524 2578; x_wconf 93' lang='lat' dir='ltr'><strong>cui</strong></span> <span class='ocrx_word' id='word_1_194' title='bbox 1542 2520 1595 2578; x_wconf 83' lang='lat' dir='ltr'><strong>est</strong></span> <span class='ocrx_word' id='word_1_195' title='bbox 1616 2504 1654 2576; x_wconf 95' lang='lat' dir='ltr'><strong>id</strong></span> <span class='ocrx_word' id='word_1_196' title='bbox 1675 2506 1793 2604; x_wconf 89' lang='lat' dir='ltr'><strong>ipsum</strong></span> <span class='ocrx_word' id='word_1_197' title='bbox 1814 2529 1889 2577; x_wconf 88' lang='lat' dir='ltr'><strong>esse</strong></span> 
     </span>
     <span class='ocr_line' id='line_1_18' title="bbox 291 2623 1889 2726; baseline 0.001 -31"><span class='ocrx_word' id='word_1_198' title='bbox 291 2636 328 2695; x_wconf 92' lang='lat' dir='ltr'><strong>et</strong></span> <span class='ocrx_word' id='word_1_199' title='bbox 340 2626 460 2695; x_wconf 89' lang='lat' dir='ltr'><strong>Deum</strong></span> <span class='ocrx_word' id='word_1_200' title='bbox 484 2642 574 2717; x_wconf 89' lang='lat' dir='ltr'><strong>esse,</strong></span> <span class='ocrx_word' id='word_1_201' title='bbox 594 2623 692 2720; x_wconf 92' lang='lat' dir='ltr'><strong>quod</strong></span> <span class='ocrx_word' id='word_1_202' title='bbox 712 2627 896 2726; x_wconf 86' lang='lat' dir='ltr'><strong>superiora</strong></span> <span class='ocrx_word' id='word_1_203' title='bbox 922 2624 1126 2720; x_wconf 87' lang='lat' dir='ltr'><strong>declarant,</strong></span> <span class='ocrx_word' id='word_1_204' title='bbox 1146 2642 1182 2699; x_wconf 89' lang='lat' dir='ltr'><strong>et</strong></span> <span class='ocrx_word' id='word_1_205' title='bbox 1198 2626 1365 2699; x_wconf 88' lang='lat' dir='ltr'><strong>voluntas</strong></span> <span class='ocrx_word' id='word_1_206' title='bbox 1381 2627 1458 2723; x_wconf 85' lang='lat' dir='ltr'><strong>ejus</strong></span> <span class='ocrx_word' id='word_1_207' title='bbox 1473 2640 1510 2697; x_wconf 91' lang='lat' dir='ltr'><strong>et</strong></span> <span class='ocrx_word' id='word_1_208' title='bbox 1526 2625 1688 2723; x_wconf 89' lang='lat' dir='ltr'><strong>potentia</strong></span> <span class='ocrx_word' id='word_1_209' title='bbox 1707 2624 1783 2720; x_wconf 86' lang='lat' dir='ltr'><strong>ejus</strong></span> <span class='ocrx_word' id='word_1_210' title='bbox 1801 2623 1889 2696; x_wconf 93' lang='lat' dir='ltr'><strong>nihil</strong></span> 
     </span>
     <span class='ocr_line' id='line_1_19' title="bbox 290 2740 1892 2844; baseline 0.001 -32"><span class='ocrx_word' id='word_1_211' title='bbox 290 2740 391 2813; x_wconf 88' lang='lat' dir='ltr'><strong>aliud</strong></span> <span class='ocrx_word' id='word_1_212' title='bbox 415 2756 473 2814; x_wconf 92' lang='lat' dir='ltr'><strong>est</strong></span> <span class='ocrx_word' id='word_1_213' title='bbox 492 2766 602 2840; x_wconf 89' lang='lat' dir='ltr'><strong>quam</strong></span> <span class='ocrx_word' id='word_1_214' title='bbox 626 2767 765 2816; x_wconf 77' lang='lat' dir='ltr'><strong>esse...</strong></span> <span class='ocrx_word' id='word_1_215' title='bbox 793 2746 831 2816; x_wconf 89' lang='lat' dir='ltr'><strong>Si</strong></span> <span class='ocrx_word' id='word_1_216' title='bbox 846 2769 931 2841; x_wconf 83' lang='lat' dir='ltr'><strong>ergo</strong></span> <span class='ocrx_word' id='word_1_217' title='bbox 956 2745 994 2817; x_wconf 92' lang='lat' dir='ltr'><strong>id</strong></span> <span class='ocrx_word' id='word_1_218' title='bbox 1020 2746 1139 2818; x_wconf 88' lang='lat' dir='ltr'><strong>solum</strong></span> <span class='ocrx_word' id='word_1_219' title='bbox 1163 2746 1279 2818; x_wconf 85' lang='lat' dir='ltr'><strong>facere</strong></span> <span class='ocrx_word' id='word_1_220' title='bbox 1303 2758 1434 2844; x_wconf 91' lang='lat' dir='ltr'><strong>potest,</strong></span> <span class='ocrx_word' id='word_1_221' title='bbox 1456 2742 1555 2842; x_wconf 88' lang='lat' dir='ltr'><strong>quod</strong></span> <span class='ocrx_word' id='word_1_222' title='bbox 1579 2769 1663 2817; x_wconf 89' lang='lat' dir='ltr'><strong>eum</strong></span> <span class='ocrx_word' id='word_1_223' title='bbox 1688 2744 1804 2815; x_wconf 84' lang='lat' dir='ltr'><strong>facere</strong></span> <span class='ocrx_word' id='word_1_224' title='bbox 1829 2768 1892 2815; x_wconf 91' lang='lat' dir='ltr'><strong>seu</strong></span> 
     </span>
     <span class='ocr_line' id='line_1_20' title="bbox 291 2861 1893 2963; baseline 0.001 -30"><span class='ocrx_word' id='word_1_225' title='bbox 291 2861 383 2933; x_wconf 83' lang='lat' dir='ltr'><strong>velle</strong></span> <span class='ocrx_word' id='word_1_226' title='bbox 399 2862 584 2951; x_wconf 91' lang='lat' dir='ltr'><strong>convenit,</strong></span> <span class='ocrx_word' id='word_1_227' title='bbox 607 2863 770 2961; x_wconf 83' lang='lat' dir='ltr'><strong>profecto</strong></span> <span class='ocrx_word' id='word_1_228' title='bbox 786 2863 824 2935; x_wconf 95' lang='lat' dir='ltr'><strong>id</strong></span> <span class='ocrx_word' id='word_1_229' title='bbox 850 2864 969 2937; x_wconf 89' lang='lat' dir='ltr'><strong>solum</strong></span> <span class='ocrx_word' id='word_1_230' title='bbox 990 2865 1106 2939; x_wconf 81' lang='lat' dir='ltr'><strong>iacere</strong></span> <span class='ocrx_word' id='word_1_231' title='bbox 1122 2879 1231 2963; x_wconf 87' lang='lat' dir='ltr'><strong>atque</strong></span> <span class='ocrx_word' id='word_1_232' title='bbox 1250 2864 1340 2937; x_wconf 86' lang='lat' dir='ltr'><strong>velle</strong></span> <span class='ocrx_word' id='word_1_233' title='bbox 1359 2866 1473 2937; x_wconf 82' lang='lat' dir='ltr'><strong>lacere</strong></span> <span class='ocrx_word' id='word_1_234' title='bbox 1498 2877 1636 2963; x_wconf 90' lang='lat' dir='ltr'><strong>potest,</strong></span> <span class='ocrx_word' id='word_1_235' title='bbox 1659 2862 1759 2960; x_wconf 91' lang='lat' dir='ltr'><strong>quod</strong></span> <span class='ocrx_word' id='word_1_236' title='bbox 1781 2886 1893 2959; x_wconf 85' lang='lat' dir='ltr'><strong>quarr-</strong></span> 
     </span>
     <span class='ocr_line' id='line_1_21' title="bbox 295 2979 1894 3086; baseline 0.001 -34"><span class='ocrx_word' id='word_1_237' title='bbox 295 2979 417 3079; x_wconf 90' lang='lat' dir='ltr'><strong>doque</strong></span> <span class='ocrx_word' id='word_1_238' title='bbox 435 2980 534 3073; x_wconf 80' lang='lat' dir='ltr'><strong>sacit3</strong></span> <span class='ocrx_word' id='word_1_239' title='bbox 553 2995 590 3055; x_wconf 92' lang='lat' dir='ltr'><strong>et</strong></span> <span class='ocrx_word' id='word_1_240' title='bbox 602 3006 647 3055; x_wconf 90' lang='lat' dir='ltr'><strong>eo</strong></span> <span class='ocrx_word' id='word_1_241' title='bbox 662 2982 776 3056; x_wconf 90' lang='lat' dir='ltr'><strong>modo</strong></span> <span class='ocrx_word' id='word_1_242' title='bbox 791 2996 931 3057; x_wconf 86' lang='lat' dir='ltr'><strong>tantum</strong></span> <span class='ocrx_word' id='word_1_243' title='bbox 945 2999 980 3057; x_wconf 90' lang='lat' dir='ltr'><strong>et</strong></span> <span class='ocrx_word' id='word_1_244' title='bbox 997 3010 1042 3059; x_wconf 89' lang='lat' dir='ltr'><strong>eo</strong></span> <span class='ocrx_word' id='word_1_245' title='bbox 1058 2999 1224 3086; x_wconf 88' lang='lat' dir='ltr'><strong>tempore</strong></span> <span class='ocrx_word' id='word_1_246' title='bbox 1240 2984 1401 3058; x_wconf 87' lang='lat' dir='ltr'><strong>similiter</strong></span> <span class='ocrx_word' id='word_1_247' title='bbox 1416 3009 1489 3083; x_wconf 93' lang='lat' dir='ltr'><strong>quo</strong></span> <span class='ocrx_word' id='word_1_248' title='bbox 1505 2983 1604 3074; x_wconf 79' lang='lat' dir='ltr'><strong>sacit3</strong></span> <span class='ocrx_word' id='word_1_249' title='bbox 1626 2984 1714 3082; x_wconf 88' lang='lat' dir='ltr'><strong>quia</strong></span> <span class='ocrx_word' id='word_1_250' title='bbox 1726 2981 1894 3056; x_wconf 89' lang='lat' dir='ltr'><strong>videlicet</strong></span> 
     </span>
     <span class='ocr_line' id='line_1_22' title="bbox 295 3100 1893 3203; baseline 0.001 -32"><span class='ocrx_word' id='word_1_251' title='bbox 295 3125 362 3172; x_wconf 88' lang='lat' dir='ltr'><strong>nec</strong></span> <span class='ocrx_word' id='word_1_252' title='bbox 383 3101 453 3173; x_wconf 88' lang='lat' dir='ltr'><strong>alio</strong></span> <span class='ocrx_word' id='word_1_253' title='bbox 476 3100 604 3190; x_wconf 89' lang='lat' dir='ltr'><strong>modo,</strong></span> <span class='ocrx_word' id='word_1_254' title='bbox 623 3126 691 3174; x_wconf 91' lang='lat' dir='ltr'><strong>nec</strong></span> <span class='ocrx_word' id='word_1_255' title='bbox 709 3102 780 3174; x_wconf 88' lang='lat' dir='ltr'><strong>alio</strong></span> <span class='ocrx_word' id='word_1_256' title='bbox 797 3116 963 3203; x_wconf 89' lang='lat' dir='ltr'><strong>tempore</strong></span> <span class='ocrx_word' id='word_1_257' title='bbox 978 3107 1168 3197; x_wconf 87' lang='lat' dir='ltr'><strong>convenit,</strong></span> <span class='ocrx_word' id='word_1_258' title='bbox 1188 3106 1245 3178; x_wconf 90' lang='lat' dir='ltr'><strong>vel</strong></span> <span class='ocrx_word' id='word_1_259' title='bbox 1261 3105 1333 3177; x_wconf 94' lang='lat' dir='ltr'><strong>hoc</strong></span> <span class='ocrx_word' id='word_1_260' title='bbox 1351 3129 1434 3176; x_wconf 88' lang='lat' dir='ltr'><strong>eum</strong></span> <span class='ocrx_word' id='word_1_261' title='bbox 1453 3104 1586 3197; x_wconf 82' lang='lat' dir='ltr'><strong>lacere,</strong></span> <span class='ocrx_word' id='word_1_262' title='bbox 1607 3101 1664 3175; x_wconf 89' lang='lat' dir='ltr'><strong>vel</strong></span> <span class='ocrx_word' id='word_1_263' title='bbox 1680 3101 1771 3174; x_wconf 85' lang='lat' dir='ltr'><strong>velle</strong></span> <span class='ocrx_word' id='word_1_264' title='bbox 1787 3104 1893 3174; x_wconf 90' lang='lat' dir='ltr'><strong>etiam</strong></span> 
     </span>
     <span class='ocr_line' id='line_1_23' title="bbox 295 3217 425 3290; baseline 0.015 -2"><span class='ocrx_word' id='word_1_265' title='bbox 295 3217 425 3290; x_wconf 86' lang='lat' dir='ltr'><strong>facere.</strong></span> 
     </span>
    </p>

    <p class='ocr_par' dir='ltr' id='par_1_4' title="bbox 261 3336 1959 5230">
     <span class='ocr_line' id='line_1_24' title="bbox 344 3336 1895 3441; baseline 0 -33"><span class='ocrx_word' id='word_1_266' title='bbox 344 3336 436 3430; x_wconf 84' lang='lat' dir='ltr'><strong>Ibid,</strong></span> <span class='ocrx_word' id='word_1_267' title='bbox 457 3362 546 3436; x_wconf 89' lang='lat' dir='ltr'><strong>page</strong></span> <span class='ocrx_word' id='word_1_268' title='bbox 563 3341 650 3413; x_wconf 81' lang='lat'><strong>256.</strong></span> <span class='ocrx_word' id='word_1_269' title='bbox 678 3346 754 3441; x_wconf 82' lang='lat' dir='ltr'><strong>Ego</strong></span> <span class='ocrx_word' id='word_1_270' title='bbox 775 3343 924 3439; x_wconf 86' lang='lat' dir='ltr'><strong>gratiam</strong></span> <span class='ocrx_word' id='word_1_271' title='bbox 942 3341 1008 3413; x_wconf 92' lang='lat' dir='ltr'><strong>Dei</strong></span> <span class='ocrx_word' id='word_1_272' title='bbox 1024 3365 1118 3414; x_wconf 86' lang='lat' dir='ltr'><strong>voco</strong></span> <span class='ocrx_word' id='word_1_273' title='bbox 1135 3341 1312 3438; x_wconf 92' lang='lat' dir='ltr'><strong>quidquid</strong></span> <span class='ocrx_word' id='word_1_274' title='bbox 1334 3340 1381 3413; x_wconf 87' lang='lat' dir='ltr'><strong>ad</strong></span> <span class='ocrx_word' id='word_1_275' title='bbox 1403 3342 1552 3413; x_wconf 87' lang='lat' dir='ltr'><strong>salutem</strong></span> <span class='ocrx_word' id='word_1_276' title='bbox 1577 3339 1733 3410; x_wconf 90' lang='lat' dir='ltr'><strong>hominis</strong></span> <span class='ocrx_word' id='word_1_277' title='bbox 1747 3337 1795 3410; x_wconf 89' lang='lat' dir='ltr'><strong>de</strong></span> <span class='ocrx_word' id='word_1_278' title='bbox 1816 3338 1895 3438; x_wconf 91' lang='lat' dir='ltr'><strong>ipso</strong></span> 
     </span>
     <span class='ocr_line' id='line_1_25' title="bbox 303 3458 1892 3560; baseline -0.001 -30"><span class='ocrx_word' id='word_1_279' title='bbox 303 3463 400 3530; x_wconf 87' lang='lat' dir='ltr'><strong>Deus</strong></span> <span class='ocrx_word' id='word_1_280' title='bbox 423 3458 597 3558; x_wconf 90' lang='lat' dir='ltr'><strong>disponit,</strong></span> <span class='ocrx_word' id='word_1_281' title='bbox 615 3460 672 3533; x_wconf 84' lang='lat' dir='ltr'><strong>vel</strong></span> <span class='ocrx_word' id='word_1_282' title='bbox 689 3461 722 3534; x_wconf 91' lang='lat' dir='ltr'><strong>ei</strong></span> <span class='ocrx_word' id='word_1_283' title='bbox 742 3461 901 3554; x_wconf 77' lang='lat' dir='ltr'><strong>confert,</strong></span> <span class='ocrx_word' id='word_1_284' title='bbox 923 3460 1024 3559; x_wconf 93' lang='lat' dir='ltr'><strong>quod</strong></span> <span class='ocrx_word' id='word_1_285' title='bbox 1047 3462 1122 3560; x_wconf 90' lang='lat' dir='ltr'><strong>ipse</strong></span> <span class='ocrx_word' id='word_1_286' title='bbox 1147 3485 1222 3533; x_wconf 91' lang='lat' dir='ltr'><strong>non</strong></span> <span class='ocrx_word' id='word_1_287' title='bbox 1246 3461 1428 3533; x_wconf 87' lang='lat' dir='ltr'><strong>meruerit.</strong></span> <span class='ocrx_word' id='word_1_288' title='bbox 1454 3460 1508 3531; x_wconf 82' lang='lat' dir='ltr'><strong>Ait</strong></span> <span class='ocrx_word' id='word_1_289' title='bbox 1524 3460 1658 3558; x_wconf 89' lang='lat' dir='ltr'><strong>quippe</strong></span> <span class='ocrx_word' id='word_1_290' title='bbox 1677 3459 1892 3557; x_wconf 80' lang='lat' dir='ltr'><strong>Apostolus:</strong></span> 
     </span>
     <span class='ocr_line' id='line_1_26' title="bbox 298 3578 1897 3677; baseline 0.001 -28"><span class='ocrx_word' id='word_1_291' title='bbox 298 3578 466 3676; x_wconf 85' lang='lat' dir='ltr'><strong>Reliquiae</strong></span> <span class='ocrx_word' id='word_1_292' title='bbox 480 3578 680 3652; x_wconf 85' lang='lat' dir='ltr'><strong>secundum</strong></span> <span class='ocrx_word' id='word_1_293' title='bbox 697 3582 911 3654; x_wconf 85' lang='lat' dir='ltr'><strong>electionem</strong></span> <span class='ocrx_word' id='word_1_294' title='bbox 929 3581 1048 3677; x_wconf 83' lang='lat' dir='ltr'><strong>gratiae</strong></span> <span class='ocrx_word' id='word_1_295' title='bbox 1065 3580 1170 3652; x_wconf 87' lang='lat' dir='ltr'><strong>salvae</strong></span> <span class='ocrx_word' id='word_1_296' title='bbox 1194 3580 1293 3653; x_wconf 80' lang='lat' dir='ltr'><strong>sactae</strong></span> <span class='ocrx_word' id='word_1_297' title='bbox 1318 3593 1414 3652; x_wconf 87' lang='lat' dir='ltr'><strong>sunt.</strong></span> <span class='ocrx_word' id='word_1_298' title='bbox 1434 3579 1469 3651; x_wconf 85' lang='lat' dir='ltr'><strong>si</strong></span> <span class='ocrx_word' id='word_1_299' title='bbox 1486 3594 1606 3652; x_wconf 89' lang='lat' dir='ltr'><strong>autem</strong></span> <span class='ocrx_word' id='word_1_300' title='bbox 1621 3603 1664 3650; x_wconf 82' lang='lat' dir='ltr'><strong>cx</strong></span> <span class='ocrx_word' id='word_1_301' title='bbox 1682 3579 1806 3675; x_wconf 86' lang='lat' dir='ltr'><strong>gratia,</strong></span> <span class='ocrx_word' id='word_1_302' title='bbox 1820 3578 1897 3674; x_wconf 88' lang='lat' dir='ltr'><strong>jam</strong></span> 
     </span>
     <span class='ocr_line' id='line_1_27' title="bbox 298 3698 1895 3798; baseline -0.001 -30"><span class='ocrx_word' id='word_1_303' title='bbox 298 3722 374 3769; x_wconf 91' lang='lat' dir='ltr'><strong>non</strong></span> <span class='ocrx_word' id='word_1_304' title='bbox 402 3722 445 3771; x_wconf 80' lang='lat' dir='ltr'><strong>ex</strong></span> <span class='ocrx_word' id='word_1_305' title='bbox 471 3699 661 3797; x_wconf 89' lang='lat' dir='ltr'><strong>operibus;</strong></span> <span class='ocrx_word' id='word_1_306' title='bbox 688 3701 822 3797; x_wconf 86' lang='lat' dir='ltr'><strong>alioqui</strong></span> <span class='ocrx_word' id='word_1_307' title='bbox 848 3701 961 3798; x_wconf 84' lang='lat' dir='ltr'><strong>gratia</strong></span> <span class='ocrx_word' id='word_1_308' title='bbox 982 3700 1056 3796; x_wconf 90' lang='lat' dir='ltr'><strong>jam</strong></span> <span class='ocrx_word' id='word_1_309' title='bbox 1079 3724 1155 3771; x_wconf 91' lang='lat' dir='ltr'><strong>non</strong></span> <span class='ocrx_word' id='word_1_310' title='bbox 1183 3714 1237 3771; x_wconf 90' lang='lat' dir='ltr'><strong>est</strong></span> <span class='ocrx_word' id='word_1_311' title='bbox 1263 3701 1387 3797; x_wconf 85' lang='lat' dir='ltr'><strong>gratia.</strong></span> <span class='ocrx_word' id='word_1_312' title='bbox 1413 3699 1537 3772; x_wconf 86' lang='lat' dir='ltr'><strong>Gratia</strong></span> <span class='ocrx_word' id='word_1_313' title='bbox 1561 3698 1668 3795; x_wconf 83' lang='lat' dir='ltr'><strong>igitur</strong></span> <span class='ocrx_word' id='word_1_314' title='bbox 1692 3698 1759 3768; x_wconf 88' lang='lat' dir='ltr'><strong>Dei</strong></span> <span class='ocrx_word' id='word_1_315' title='bbox 1784 3710 1837 3768; x_wconf 90' lang='lat' dir='ltr'><strong>est</strong></span> <span class='ocrx_word' id='word_1_316' title='bbox 1858 3698 1895 3767; x_wconf 89' lang='lat' dir='ltr'><strong>in</strong></span> 
     </span>
     <span class='ocr_line' id='line_1_28' title="bbox 299 3816 1892 3917; baseline -0.003 -27"><span class='ocrx_word' id='word_1_317' title='bbox 299 3818 417 3890; x_wconf 90' lang='lat' dir='ltr'><strong>electis</strong></span> <span class='ocrx_word' id='word_1_318' title='bbox 435 3818 520 3912; x_wconf 91' lang='lat' dir='ltr'><strong>suis,</strong></span> <span class='ocrx_word' id='word_1_319' title='bbox 540 3818 639 3916; x_wconf 92' lang='lat' dir='ltr'><strong>quod</strong></span> <span class='ocrx_word' id='word_1_320' title='bbox 659 3844 721 3891; x_wconf 90' lang='lat' dir='ltr'><strong>eos</strong></span> <span class='ocrx_word' id='word_1_321' title='bbox 738 3818 785 3891; x_wconf 89' lang='lat' dir='ltr'><strong>ab</strong></span> <span class='ocrx_word' id='word_1_322' title='bbox 801 3834 934 3892; x_wconf 85' lang='lat' dir='ltr'><strong>aeterno</strong></span> <span class='ocrx_word' id='word_1_323' title='bbox 950 3818 1268 3917; x_wconf 73' lang='lat' dir='ltr'><strong>praedestinaverit,</strong></span> <span class='ocrx_word' id='word_1_324' title='bbox 1289 3819 1388 3917; x_wconf 90' lang='lat' dir='ltr'><strong>quod</strong></span> <span class='ocrx_word' id='word_1_325' title='bbox 1403 3834 1440 3891; x_wconf 91' lang='lat' dir='ltr'><strong>et</strong></span> <span class='ocrx_word' id='word_1_326' title='bbox 1456 3817 1564 3891; x_wconf 89' lang='lat' dir='ltr'><strong>fidem</strong></span> <span class='ocrx_word' id='word_1_327' title='bbox 1582 3819 1632 3889; x_wconf 88' lang='lat' dir='ltr'><strong>eis</strong></span> <span class='ocrx_word' id='word_1_328' title='bbox 1649 3816 1892 3914; x_wconf 88' lang='lat' dir='ltr'><strong>inspiraverit,</strong></span> 
     </span>
     <span class='ocr_line' id='line_1_29' title="bbox 261 3934 1894 4039; baseline -0.002 -31"><span class='ocrx_word' id='word_1_329' title='bbox 261 3972 263 3975; x_wconf 90' lang='lat'>·</span> <span class='ocrx_word' id='word_1_330' title='bbox 299 3962 379 4034; x_wconf 82' lang='lat' dir='ltr'><strong>quae</strong></span> <span class='ocrx_word' id='word_1_331' title='bbox 396 3938 521 4035; x_wconf 88' lang='lat' dir='ltr'><strong>utique</strong></span> <span class='ocrx_word' id='word_1_332' title='bbox 537 3952 662 4011; x_wconf 91' lang='lat' dir='ltr'><strong>nostra</strong></span> <span class='ocrx_word' id='word_1_333' title='bbox 679 3939 888 4039; x_wconf 84' lang='lat' dir='ltr'><strong>praecedunt</strong></span> <span class='ocrx_word' id='word_1_334' title='bbox 905 3940 1043 4027; x_wconf 88' lang='lat' dir='ltr'><strong>merita,</strong></span> <span class='ocrx_word' id='word_1_335' title='bbox 1065 3952 1100 4010; x_wconf 88' lang='lat' dir='ltr'><strong>et</strong></span> <span class='ocrx_word' id='word_1_336' title='bbox 1118 3940 1194 4010; x_wconf 92' lang='lat' dir='ltr'><strong>sine</strong></span> <span class='ocrx_word' id='word_1_337' title='bbox 1209 3938 1341 4036; x_wconf 91' lang='lat' dir='ltr'><strong>quibus</strong></span> <span class='ocrx_word' id='word_1_338' title='bbox 1359 3963 1442 4010; x_wconf 91' lang='lat' dir='ltr'><strong>eum</strong></span> <span class='ocrx_word' id='word_1_339' title='bbox 1460 3937 1606 4032; x_wconf 84' lang='lat' dir='ltr'><strong>diligere</strong></span> <span class='ocrx_word' id='word_1_340' title='bbox 1624 3960 1700 4007; x_wconf 91' lang='lat' dir='ltr'><strong>non</strong></span> <span class='ocrx_word' id='word_1_341' title='bbox 1721 3934 1894 4024; x_wconf 88' lang='lat' dir='ltr'><strong>valemus,</strong></span> 
     </span>
     <span class='ocr_line' id='line_1_30' title="bbox 299 4053 1926 4159; baseline -0.002 -31"><span class='ocrx_word' id='word_1_342' title='bbox 299 4069 338 4128; x_wconf 87' lang='lat' dir='ltr'><strong>ut</strong></span> <span class='ocrx_word' id='word_1_343' title='bbox 360 4056 489 4129; x_wconf 88' lang='lat' dir='ltr'><strong>salvari</strong></span> <span class='ocrx_word' id='word_1_344' title='bbox 518 4081 735 4130; x_wconf 89' lang='lat' dir='ltr'><strong>mereamur.</strong></span> <span class='ocrx_word' id='word_1_345' title='bbox 763 4063 844 4159; x_wconf 90' lang='lat' dir='ltr'><strong>lpsa</strong></span> <span class='ocrx_word' id='word_1_346' title='bbox 869 4059 966 4132; x_wconf 90' lang='lat' dir='ltr'><strong>enim</strong></span> <span class='ocrx_word' id='word_1_347' title='bbox 994 4057 1140 4130; x_wconf 87' lang='lat' dir='ltr'><strong>dilectio</strong></span> <span class='ocrx_word' id='word_1_348' title='bbox 1163 4082 1273 4153; x_wconf 89' lang='lat' dir='ltr'><strong>quam</strong></span> <span class='ocrx_word' id='word_1_349' title='bbox 1300 4057 1466 4155; x_wconf 88' lang='lat' dir='ltr'><strong>ipseper</strong></span> <span class='ocrx_word' id='word_1_350' title='bbox 1493 4080 1640 4152; x_wconf 87' lang='lat' dir='ltr'><strong>eaquae</strong></span> <span class='ocrx_word' id='word_1_351' title='bbox 1668 4053 1894 4143; x_wconf 89' lang='lat' dir='ltr'><strong>dictasunt,</strong></span> <span class='ocrx_word' id='word_1_352' title='bbox 1924 4123 1926 4125; x_wconf 83' lang='grc'><strong>,</strong></span> 
     </span>
     <span class='ocr_line' id='line_1_31' title="bbox 299 4172 1897 4277; baseline -0.001 -31"><span class='ocrx_word' id='word_1_353' title='bbox 299 4175 417 4273; x_wconf 91' lang='lat' dir='ltr'><strong>primo</strong></span> <span class='ocrx_word' id='word_1_354' title='bbox 429 4176 466 4247; x_wconf 91' lang='lat' dir='ltr'><strong>in</strong></span> <span class='ocrx_word' id='word_1_355' title='bbox 483 4174 590 4248; x_wconf 90' lang='lat' dir='ltr'><strong>nobis</strong></span> <span class='ocrx_word' id='word_1_356' title='bbox 604 4175 726 4268; x_wconf 86' lang='lat' dir='ltr'><strong>efficit,</strong></span> <span class='ocrx_word' id='word_1_357' title='bbox 741 4176 889 4250; x_wconf 79' lang='lat' dir='ltr'><strong>allectus</strong></span> <span class='ocrx_word' id='word_1_358' title='bbox 903 4178 1015 4277; x_wconf 91' lang='lat' dir='ltr'><strong>ipsius</strong></span> <span class='ocrx_word' id='word_1_359' title='bbox 1030 4177 1110 4269; x_wconf 92' lang='lat' dir='ltr'><strong>Dei,</strong></span> <span class='ocrx_word' id='word_1_360' title='bbox 1129 4177 1204 4248; x_wconf 89' lang='lat' dir='ltr'><strong>sive</strong></span> <span class='ocrx_word' id='word_1_361' title='bbox 1220 4176 1359 4248; x_wconf 87' lang='lat' dir='ltr'><strong>donum</strong></span> <span class='ocrx_word' id='word_1_362' title='bbox 1376 4177 1452 4273; x_wconf 90' lang='lat' dir='ltr'><strong>ejus</strong></span> <span class='ocrx_word' id='word_1_363' title='bbox 1464 4188 1529 4266; x_wconf 91' lang='lat' dir='ltr'><strong>est,</strong></span> <span class='ocrx_word' id='word_1_364' title='bbox 1547 4190 1583 4248; x_wconf 91' lang='lat' dir='ltr'><strong>et</strong></span> <span class='ocrx_word' id='word_1_365' title='bbox 1596 4175 1672 4271; x_wconf 89' lang='lat' dir='ltr'><strong>ejus</strong></span> <span class='ocrx_word' id='word_1_366' title='bbox 1686 4172 1897 4272; x_wconf 90' lang='lat' dir='ltr'><strong>imputanda</strong></span> 
     </span>
     <span class='ocr_line' id='line_1_32' title="bbox 299 4293 1898 4395; baseline -0.002 -31"><span class='ocrx_word' id='word_1_367' title='bbox 299 4308 352 4365; x_wconf 90' lang='lat' dir='ltr'><strong>est</strong></span> <span class='ocrx_word' id='word_1_368' title='bbox 374 4296 508 4390; x_wconf 78' lang='lat' dir='ltr'><strong>gratiae,</strong></span> <span class='ocrx_word' id='word_1_369' title='bbox 529 4309 723 4393; x_wconf 89' lang='lat' dir='ltr'><strong>antequam</strong></span> <span class='ocrx_word' id='word_1_370' title='bbox 752 4297 861 4368; x_wconf 87' lang='lat' dir='ltr'><strong>etiam</strong></span> <span class='ocrx_word' id='word_1_371' title='bbox 884 4296 975 4368; x_wconf 91' lang='lat' dir='ltr'><strong>nihil</strong></span> <span class='ocrx_word' id='word_1_372' title='bbox 999 4295 1121 4369; x_wconf 88' lang='lat' dir='ltr'><strong>salutis</strong></span> <span class='ocrx_word' id='word_1_373' title='bbox 1142 4296 1322 4395; x_wconf 90' lang='lat' dir='ltr'><strong>possimus</strong></span> <span class='ocrx_word' id='word_1_374' title='bbox 1339 4295 1549 4395; x_wconf 87' lang='lat' dir='ltr'><strong>promereri.</strong></span> <span class='ocrx_word' id='word_1_375' title='bbox 1569 4293 1674 4365; x_wconf 90' lang='lat' dir='ltr'><strong>Unde</strong></span> <span class='ocrx_word' id='word_1_376' title='bbox 1696 4307 1731 4364; x_wconf 89' lang='lat' dir='ltr'><strong>et</strong></span> <span class='ocrx_word' id='word_1_377' title='bbox 1747 4298 1898 4388; x_wconf 79' lang='lat' dir='ltr'><strong>Aposto-</strong></span> 
     </span>
     <span class='ocr_line' id='line_1_33' title="bbox 300 4408 1959 4514; baseline -0.002 -31"><span class='ocrx_word' id='word_1_378' title='bbox 300 4412 375 4483; x_wconf 87' lang='lat' dir='ltr'><strong>lus:</strong></span> <span class='ocrx_word' id='word_1_379' title='bbox 395 4410 492 4499; x_wconf 90' lang='lat' dir='ltr'><strong>Quid</strong></span> <span class='ocrx_word' id='word_1_380' title='bbox 508 4411 635 4502; x_wconf 89' lang='lat' dir='ltr'><strong>habes,</strong></span> <span class='ocrx_word' id='word_1_381' title='bbox 657 4415 786 4513; x_wconf 92' lang='lat' dir='ltr'><strong>inquit,</strong></span> <span class='ocrx_word' id='word_1_382' title='bbox 805 4414 907 4513; x_wconf 86' lang='lat' dir='ltr'><strong>quod</strong></span> <span class='ocrx_word' id='word_1_383' title='bbox 924 4439 999 4486; x_wconf 91' lang='lat' dir='ltr'><strong>non</strong></span> <span class='ocrx_word' id='word_1_384' title='bbox 1018 4414 1209 4514; x_wconf 75' lang='lat' dir='ltr'><strong>accepisti?</strong></span> <span class='ocrx_word' id='word_1_385' title='bbox 1227 4417 1320 4512; x_wconf 84' lang='lat' dir='ltr'><strong>Ergo</strong></span> <span class='ocrx_word' id='word_1_386' title='bbox 1337 4429 1372 4486; x_wconf 92' lang='lat' dir='ltr'><strong>et</strong></span> <span class='ocrx_word' id='word_1_387' title='bbox 1389 4416 1506 4511; x_wconf 90' lang='lat' dir='ltr'><strong>ipsum</strong></span> <span class='ocrx_word' id='word_1_388' title='bbox 1523 4412 1674 4484; x_wconf 92' lang='lat' dir='ltr'><strong>liberum</strong></span> <span class='ocrx_word' id='word_1_389' title='bbox 1693 4408 1894 4496; x_wconf 86' lang='lat' dir='ltr'><strong>arbitrium,</strong></span> <span class='ocrx_word' id='word_1_390' title='bbox 1956 4490 1959 4495; x_wconf 43' lang='grc'><strong>,</strong></span> 
     </span>
     <span class='ocr_line' id='line_1_34' title="bbox 302 4528 1894 4633; baseline -0.001 -30"><span class='ocrx_word' id='word_1_391' title='bbox 302 4531 385 4629; x_wconf 90' lang='lat' dir='ltr'><strong>quia</strong></span> <span class='ocrx_word' id='word_1_392' title='bbox 400 4530 542 4603; x_wconf 86' lang='lat' dir='ltr'><strong>bonum</strong></span> <span class='ocrx_word' id='word_1_393' title='bbox 559 4545 624 4616; x_wconf 92' lang='lat' dir='ltr'><strong>est,</strong></span> <span class='ocrx_word' id='word_1_394' title='bbox 639 4532 769 4605; x_wconf 85' lang='lat' dir='ltr'><strong>divinae</strong></span> <span class='ocrx_word' id='word_1_395' title='bbox 783 4537 900 4631; x_wconf 83' lang='lat' dir='ltr'><strong>gratiae</strong></span> <span class='ocrx_word' id='word_1_396' title='bbox 915 4550 969 4607; x_wconf 89' lang='lat' dir='ltr'><strong>est</strong></span> <span class='ocrx_word' id='word_1_397' title='bbox 986 4534 1139 4626; x_wconf 90' lang='lat' dir='ltr'><strong>donum,</strong></span> <span class='ocrx_word' id='word_1_398' title='bbox 1154 4535 1279 4633; x_wconf 88' lang='lat' dir='ltr'><strong>etipsa</strong></span> <span class='ocrx_word' id='word_1_399' title='bbox 1294 4534 1384 4604; x_wconf 89' lang='lat' dir='ltr'><strong>ratio</strong></span> <span class='ocrx_word' id='word_1_400' title='bbox 1399 4534 1437 4603; x_wconf 91' lang='lat' dir='ltr'><strong>in</strong></span> <span class='ocrx_word' id='word_1_401' title='bbox 1454 4554 1525 4627; x_wconf 86' lang='lat' dir='ltr'><strong>qua</strong></span> <span class='ocrx_word' id='word_1_402' title='bbox 1539 4531 1655 4627; x_wconf 90' lang='lat' dir='ltr'><strong>ipsum</strong></span> <span class='ocrx_word' id='word_1_403' title='bbox 1671 4528 1894 4601; x_wconf 72' lang='lat' dir='ltr'><strong>consistit...</strong></span> 
     </span>
     <span class='ocr_line' id='line_1_35' title="bbox 300 4649 1896 4752; baseline -0.001 -32"><span class='ocrx_word' id='word_1_404' title='bbox 300 4651 393 4721; x_wconf 88' lang='lat' dir='ltr'><strong>Cum</strong></span> <span class='ocrx_word' id='word_1_405' title='bbox 421 4650 527 4746; x_wconf 88' lang='lat' dir='ltr'><strong>igitur</strong></span> <span class='ocrx_word' id='word_1_406' title='bbox 561 4653 739 4723; x_wconf 89' lang='lat' dir='ltr'><strong>Dominus</strong></span> <span class='ocrx_word' id='word_1_407' title='bbox 770 4666 844 4724; x_wconf 88' lang='lat' dir='ltr'><strong>tarn</strong></span> <span class='ocrx_word' id='word_1_408' title='bbox 878 4652 996 4724; x_wconf 87' lang='lat' dir='ltr'><strong>electis</strong></span> <span class='ocrx_word' id='word_1_409' title='bbox 1026 4677 1135 4752; x_wconf 89' lang='lat' dir='ltr'><strong>quam</strong></span> <span class='ocrx_word' id='word_1_410' title='bbox 1165 4650 1330 4750; x_wconf 89' lang='lat' dir='ltr'><strong>reprobis</strong></span> <span class='ocrx_word' id='word_1_411' title='bbox 1366 4651 1544 4723; x_wconf 89' lang='lat' dir='ltr'><strong>rationem</strong></span> <span class='ocrx_word' id='word_1_412' title='bbox 1577 4649 1712 4722; x_wconf 86' lang='lat' dir='ltr'><strong>tribuat</strong></span> <span class='ocrx_word' id='word_1_413' title='bbox 1742 4662 1777 4720; x_wconf 88' lang='lat' dir='ltr'><strong>et</strong></span> <span class='ocrx_word' id='word_1_414' title='bbox 1802 4650 1896 4720; x_wconf 87' lang='lat' dir='ltr'><strong>viam</strong></span> 
     </span>
     <span class='ocr_line' id='line_1_36' title="bbox 301 4765 1954 4868; baseline -0.003 -26"><span class='ocrx_word' id='word_1_415' title='bbox 301 4767 485 4858; x_wconf 87' lang='lat' dir='ltr'><strong>ostendat,</strong></span> <span class='ocrx_word' id='word_1_416' title='bbox 514 4792 584 4866; x_wconf 89' lang='lat' dir='ltr'><strong>qua</strong></span> <span class='ocrx_word' id='word_1_417' title='bbox 609 4770 892 4868; x_wconf 85' lang='lat' dir='ltr'><strong>perveniendum</strong></span> <span class='ocrx_word' id='word_1_418' title='bbox 919 4772 963 4843; x_wconf 93' lang='lat' dir='ltr'><strong>sit</strong></span> <span class='ocrx_word' id='word_1_419' title='bbox 988 4770 1035 4843; x_wconf 90' lang='lat' dir='ltr'><strong>ad</strong></span> <span class='ocrx_word' id='word_1_420' title='bbox 1057 4770 1320 4844; x_wconf 89' lang='lat' dir='ltr'><strong>beatitudinem</strong></span> <span class='ocrx_word' id='word_1_421' title='bbox 1343 4797 1352 4841; x_wconf 77' lang='lat' dir='ltr'><strong>t</strong></span> <span class='ocrx_word' id='word_1_422' title='bbox 1376 4784 1412 4841; x_wconf 90' lang='lat' dir='ltr'><strong>et</strong></span> <span class='ocrx_word' id='word_1_423' title='bbox 1435 4768 1482 4841; x_wconf 92' lang='lat' dir='ltr'><strong>ad</strong></span> <span class='ocrx_word' id='word_1_424' title='bbox 1505 4767 1601 4841; x_wconf 89' lang='lat' dir='ltr'><strong>hanc</strong></span> <span class='ocrx_word' id='word_1_425' title='bbox 1625 4765 1896 4867; x_wconf 90' lang='lat' dir='ltr'><strong>percipiendam</strong></span> <span class='ocrx_word' id='word_1_426' title='bbox 1951 4844 1954 4851; x_wconf 55' lang='grc'>,</span> 
     </span>
     <span class='ocr_line' id='line_1_37' title="bbox 302 4873 1892 4989; baseline -0.003 -28"><span class='ocrx_word' id='word_1_427' title='bbox 302 4912 411 4987; x_wconf 86' lang='lat' dir='ltr'><strong>quarn</strong></span> <span class='ocrx_word' id='word_1_428' title='bbox 438 4887 608 4960; x_wconf 90' lang='lat' dir='ltr'><strong>omnibus</strong></span> <span class='ocrx_word' id='word_1_429' title='bbox 639 4889 762 4978; x_wconf 77' lang='lat' dir='ltr'><strong>offert,</strong></span> <span class='ocrx_word' id='word_1_430' title='bbox 792 4891 979 4989; x_wconf 85' lang='lat' dir='ltr'><strong>praeceptis</strong></span> <span class='ocrx_word' id='word_1_431' title='bbox 1004 4904 1040 4962; x_wconf 88' lang='lat' dir='ltr'><strong>et</strong></span> <span class='ocrx_word' id='word_1_432' title='bbox 1066 4889 1375 4964; x_wconf 84' lang='lat' dir='ltr'><strong>exhortationibus</strong></span> <span class='ocrx_word' id='word_1_433' title='bbox 1399 4889 1472 4961; x_wconf 93' lang='lat' dir='ltr'><strong>suis</strong></span> <span class='ocrx_word' id='word_1_434' title='bbox 1497 4912 1565 4960; x_wconf 88' lang='lat' dir='ltr'><strong>nos</strong></span> <span class='ocrx_word' id='word_1_435' title='bbox 1589 4887 1719 4983; x_wconf 87' lang='lat' dir='ltr'><strong>jugiter</strong></span> <span class='ocrx_word' id='word_1_436' title='bbox 1746 4873 1892 4976; x_wconf 85' lang='lat' dir='ltr'><strong>invitet,</strong></span> 
     </span>
     <span class='ocr_line' id='line_1_38' title="bbox 302 5005 1899 5110; baseline -0.001 -30"><span class='ocrx_word' id='word_1_437' title='bbox 302 5006 362 5080; x_wconf 94' lang='lat' dir='ltr'><strong>alii</strong></span> <span class='ocrx_word' id='word_1_438' title='bbox 386 5032 494 5108; x_wconf 91' lang='lat' dir='ltr'><strong>super</strong></span> <span class='ocrx_word' id='word_1_439' title='bbox 509 5007 585 5080; x_wconf 85' lang='lat' dir='ltr'><strong>haec</strong></span> <span class='ocrx_word' id='word_1_440' title='bbox 610 5032 693 5080; x_wconf 88' lang='lat' dir='ltr'><strong>eum</strong></span> <span class='ocrx_word' id='word_1_441' title='bbox 715 5008 867 5082; x_wconf 91' lang='lat' dir='ltr'><strong>audiunt</strong></span> <span class='ocrx_word' id='word_1_442' title='bbox 887 5021 924 5081; x_wconf 91' lang='lat' dir='ltr'><strong>et</strong></span> <span class='ocrx_word' id='word_1_443' title='bbox 942 5011 1127 5110; x_wconf 84' lang='lat' dir='ltr'><strong>praeceptis</strong></span> <span class='ocrx_word' id='word_1_444' title='bbox 1149 5010 1400 5110; x_wconf 89' lang='lat' dir='ltr'><strong>obtemperant</strong></span> <span class='ocrx_word' id='word_1_445' title='bbox 1415 5007 1510 5081; x_wconf 90' lang='lat' dir='ltr'><strong>bene</strong></span> <span class='ocrx_word' id='word_1_446' title='bbox 1525 5006 1701 5098; x_wconf 85' lang='lat' dir='ltr'><strong>vivendo,</strong></span> <span class='ocrx_word' id='word_1_447' title='bbox 1721 5018 1761 5076; x_wconf 92' lang='lat' dir='ltr'><strong>ut</strong></span> <span class='ocrx_word' id='word_1_448' title='bbox 1779 5005 1899 5078; x_wconf 88' lang='lat' dir='ltr'><strong>oblata</strong></span> 
     </span>
     <span class='ocr_line' id='line_1_39' title="bbox 302 5110 1899 5230; baseline -0.001 -30"><span class='ocrx_word' id='word_1_449' title='bbox 302 5110 501 5228; x_wconf 85' lang='lat' dir='ltr'><strong>percipiant</strong></span> <span class='ocrx_word' id='word_1_450' title='bbox 521 5129 686 5227; x_wconf 73' lang='lat' dir='ltr'><strong>praemia,</strong></span> <span class='ocrx_word' id='word_1_451' title='bbox 713 5127 773 5201; x_wconf 87' lang='lat' dir='ltr'><strong>alii</strong></span> <span class='ocrx_word' id='word_1_452' title='bbox 799 5144 1039 5203; x_wconf 90' lang='lat' dir='ltr'><strong>contemnunt</strong></span> <span class='ocrx_word' id='word_1_453' title='bbox 1064 5131 1161 5230; x_wconf 86' lang='lat' dir='ltr'><strong>etin</strong></span> <span class='ocrx_word' id='word_1_454' title='bbox 1184 5156 1250 5204; x_wconf 89' lang='lat' dir='ltr'><strong>sua</strong></span> <span class='ocrx_word' id='word_1_455' title='bbox 1274 5144 1498 5203; x_wconf 87' lang='lat' dir='ltr'><strong>remanentes</strong></span> <span class='ocrx_word' id='word_1_456' title='bbox 1520 5127 1661 5226; x_wconf 81' lang='lat' dir='ltr'><strong>ignavia</strong></span> <span class='ocrx_word' id='word_1_457' title='bbox 1686 5123 1899 5198; x_wconf 76' lang='lat' dir='ltr'><strong>obedientiae</strong></span> 
     </span>
    </p>
   </div>
   <div class='ocr_carea' id='block_1_3' title="bbox 0 0 2304 6100">
    <p class='ocr_par' dir='ltr' id='par_1_5' title="bbox 0 0 2304 6100">
     <span class='ocr_line' id='line_1_40' title="bbox 0 0 2304 6100; baseline 0 0"><span class='ocrx_word' id='word_1_458' title='bbox 0 0 2304 6100; x_wconf 95' lang='lat' dir='ltr'><strong> </strong></span> 
     </span>
    </p>
   </div>
  </div>
 </body>
</html>
