4559 6100
477 523 550 598 604
1080 520 1208 592 Parti
1234 519 1466 593 tumtun!

478 694 602 762 nemo,
622 671 786 767 inquam,
805 670 897 743 side
914 684 996 745 actu
1012 669 1133 768 potius
1155 693 1264 766 quam
1282 668 1328 741 de
1343 692 1519 741 consensu
1536 666 1733 766 prohibitio
1750 664 1825 738 fiat.
1842 666 1933 737 Cum
1950 661 2068 755 itaque

477 790 625 876 accidit,
653 804 693 861 ut
717 790 798 887 quis
825 815 888 888 per
912 789 1148 886 ignorantiam
1169 789 1279 861 ducat
1301 811 1463 860 sororem
1489 811 1609 879 suam,
1640 784 1804 884 nunquid
1832 797 2068 876 transgressor

476 909 642 1006 praecepti
656 922 722 999 est,
738 908 822 1005 quia
834 906 916 980 iacit
932 908 1033 1005 quod
1047 908 1161 980 facere
1175 907 1232 979 lex
1245 904 1457 1005 prohibuit?
1471 910 1550 978 Non
1565 921 1632 994 est,
1648 906 1801 1003 inquies,
1818 917 2064 996 transgressor,

477 1027 563 1121 quia
586 1028 856 1122 transgressioni
872 1051 947 1098 non
969 1027 1152 1098 consensit
1169 1027 1205 1097 in
1223 1049 1267 1097 eo
1284 1024 1385 1122 quod
1409 1026 1614 1120 ignoranter
1629 1025 1713 1121 egit.
1737 1023 1837 1096 Sicut
1852 1043 1939 1114 ergo
1955 1031 2067 1089 traus-

478 1169 617 1243 gressor
638 1170 713 1216 non
736 1159 788 1217 est
810 1145 985 1218 dicendus
1001 1146 1064 1241 qui
1081 1145 1166 1217 facit
1190 1143 1290 1243 quod
1309 1143 1534 1241 prohibetur,
1561 1144 1624 1217 sed
1646 1145 1707 1241 qui
1733 1139 1913 1215 consentit
1933 1138 1971 1209 in
1996 1135 2066 1206 hoc

477 1264 578 1359 quod
596 1278 735 1335 constat
747 1287 823 1336 esse
837 1264 1081 1362 prohibitum:
1102 1265 1164 1353 ita,
1184 1288 1251 1336 uec
1268 1263 1464 1360 prohibitio
1483 1263 1530 1336 de
1547 1287 1673 1361 opere,
1690 1261 1754 1335 sed
1768 1261 1814 1333 de
1823 1279 2000 1331 consensu
2015 1269 2068 1326 est

477 1382 698 1480 accipienda,
717 1397 756 1455 ut
772 1382 938 1455 videlicet
953 1407 1037 1454 cum
1047 1383 1177 1455 dicitur
1194 1409 1203 1452 t
1223 1412 1241 1449 α
1251 1387 1301 1453 Ne
1315 1382 1422 1455 facias
1435 1382 1508 1455 hoc
1525 1381 1580 1455 vel
1598 1381 1699 1472 illud,
1717 1408 1734 1449 u
1750 1381 1818 1452 tale
1833 1379 1898 1450 sit:
1913 1379 1965 1446 Ne
1973 1396 2066 1446 cou-

476 1502 607 1573 sentias
624 1503 659 1573 in
677 1500 811 1573 hocvel
822 1501 1075 1593 illoiaciend03
1089 1526 1132 1574 ac
1148 1504 1176 1573 si
1191 1502 1332 1575 dicatur
1348 1529 1357 1573 z
1373 1532 1392 1568 α
1402 1507 1453 1575 Ne
1460 1503 1614 1574 scienter
1625 1500 1909 1599 hocpraesumas.
1922 1524 1942 1563 u
1958 1491 2066 1580 Quod

475 1633 511 1689 et
536 1625 660 1692 Beatus
677 1620 865 1716 diligenter
885 1619 1117 1693 considerans
1137 1620 1367 1716 Augustinus,
1384 1645 1493 1693 omue
1510 1635 1697 1719 peccatum
1714 1619 1768 1691 vel
1785 1613 2066 1717 prohibitionem

474 1736 521 1808 ad
538 1738 749 1811 charitatem
765 1764 827 1811 seu
845 1741 1077 1837 cupiditatem
1092 1741 1214 1838 potius
1228 1762 1337 1836 quam
1354 1739 1401 1811 ad
1415 1763 1526 1838 opera
1534 1739 1723 1830 reducens,
1736 1738 1788 1809 ait
1804 1762 1812 1805 ε
1828 1765 1846 1801 α
1867 1731 1961 1805 Nihil
1976 1754 2065 1827 prae-

473 1854 560 1954 cipit
572 1857 642 1947 lex,
654 1858 721 1927 nisi
735 1857 957 1948 charitatem,
971 1874 1007 1931 et
1018 1858 1107 1930 nihil
1116 1857 1298 1957 prohibet,
1312 1858 1380 1929 nisi
1389 1858 1634 1955 cupiditatem.
1647 1887 1665 1925 s
1676 1855 1779 1927 Unde
1786 1868 1822 1927 et
1832 1850 2037 1951 Apostolus¹
2052 1876 2061 1918 ε

477 1975 639 2047 «Omnis
653 1975 723 2064 lex,
753 1977 885 2073 iuquit,
906 1977 943 2047 in
958 2001 1034 2049 uno
1048 2000 1214 2049 sermone
1231 1976 1434 2074 completur
1450 2003 1459 2048 t
1479 1976 1611 2072 Diliges
1626 1974 1831 2074 proximum
1847 1986 1952 2042 tuum
1975 1969 2065 2041 sicut

474 2093 645 2190 teipsum.
668 2121 685 2161 s
705 2098 749 2166 Et
769 2120 912 2166 rursum
931 2122 939 2167 :
962 2126 980 2161 r
998 2095 1187 2168 Plenitudo
1201 2096 1287 2191 legis
1297 2110 1352 2168 est
1364 2095 1522 2168 dilectio.
1538 2123 1558 2165 »
1577 2094 1670 2167 Nihil
1685 2093 1819 2190 quippe
1836 2090 1882 2163 ad
1898 2089 2065 2161 meritum

472 2211 593 2300 refert,
616 2226 738 2284 utrum
764 2213 1031 2311 eleemosynam
1054 2214 1228 2311 indigenti
1251 2215 1407 2307 tribuas,
1434 2229 1471 2287 et
1495 2228 1529 2287 te
1553 2227 1718 2313 paratum
1741 2209 1897 2283 tribuere
1912 2207 2064 2280 charitas

471 2330 588 2420 faciat,
608 2347 645 2403 et
655 2347 785 2429 prasto
802 2333 848 2404 sit
863 2333 1031 2406 voluutas
1047 2358 1133 2405 cum
1149 2333 1242 2406 desit
1256 2334 1420 2426 facultas3
1439 2356 1507 2406 nec
1521 2332 1559 2404 in
1580 2346 1616 2405 te
1629 2344 1810 2404 remaneat
1826 2327 1943 2401 heere
1964 2326 2061 2423 quod

472 2462 595 2545 potes,
615 2472 845 2547 quocumque
864 2451 1090 2549 praepediaris
1114 2477 1212 2526 casu.
1230 2456 1381 2527 Constat
1405 2454 1541 2550 quippe
1558 2473 1764 2548 operaque
1785 2447 1862 2519 fieri
1880 2445 2061 2534 convenit,

472 2582 536 2638 aut
551 2569 712 2659 minime,
733 2593 833 2665 aeque
852 2570 1007 2658 abonis,
1027 2571 1153 2642 sicuta
1170 2573 1273 2645 malis
1292 2572 1501 2644 homiuibus
1518 2572 1609 2668 geri,
1633 2594 1727 2666 quos
1745 2567 1895 2640 intentio
1912 2564 1988 2637 sola
2002 2588 2061 2635 se-

470 2700 583 2783 parat.
613 2691 652 2758 lu
678 2686 807 2759 eodem
829 2689 963 2786 quippe
987 2689 1093 2781 facto,
1121 2704 1162 2761 ut
1180 2692 1369 2790 praedictus
1394 2695 1530 2763 Doctor
1552 2690 1732 2775 meminit,
1750 2689 1788 2759 in
1809 2711 1884 2784 quo
1899 2683 2060 2757 videmus

471 2807 588 2875 Deum
612 2808 751 2875 Patrem
776 2819 812 2877 et
837 2807 1034 2879 Dominum
1060 2809 1397 2902 lesum-Christum,
1422 2809 1586 2882 videmus
1605 2821 1642 2881 et
1665 2806 1795 2878 ludam
1823 2803 2056 2903 proditorem.

468 2922 572 2993 Facta
594 2923 729 3020 quippe
753 2937 807 2994 est
831 2947 852 2996 a
872 2929 950 2997 Deo
979 2930 1082 2999 Patre
1102 2927 1246 2999 traditio
1270 2927 1365 3017 Filii,
1388 2928 1480 3000 facta
1500 2941 1556 2999 est
1575 2940 1611 2999 et
1633 2950 1655 2998 a
1674 2925 1782 3013 Filio;
1801 2923 1894 2996 iacta
1913 2936 1970 2995 cst
1983 2937 2019 2994 et
2039 2946 2059 2993 a

469 3040 654 3138 proditore
673 3041 736 3114 illo
755 3069 763 3112 ε
782 3068 866 3115 cum
884 3059 920 3116 et
936 3073 955 3113 a
974 3050 1076 3119 Pater
1091 3045 1220 3118 Filium
1236 3045 1382 3119 tradidit
1397 3062 1433 3119 et
1450 3045 1557 3118 Filius
1571 3045 1756 3142 seipsum’,
1774 3072 1792 3113 s
1815 3057 1856 3115 ut
1871 3041 2059 3141 Apostolus

471 3160 650 3252 meminit,
671 3175 708 3233 et
725 3161 835 3234 ludas
858 3164 1081 3261 magistrum.
1101 3167 1197 3238 Fecit
1216 3190 1302 3260 ergo
1321 3164 1486 3263 proditor
1505 3164 1606 3262 quod
1621 3175 1658 3238 et
1677 3162 1879 3252 Deuspsed
1896 3160 2059 3257 nunquid

469 3277 527 3349 ille
548 3279 642 3352 bene
664 3280 770 3352 lecit?
793 3286 882 3354 Nam
907 3284 972 3354 etsi
989 3284 1146 3375 bouum,
1173 3310 1249 3356 non
1277 3285 1400 3381 utique
1421 3283 1535 3372 bene,
1558 3283 1616 3356 vel
1633 3282 1735 3380 quod
1754 3282 1789 3354 ei
1804 3279 1975 3380 prodesse
1993 3279 2060 3352 de-

468 3397 600 3470 buerit.
627 3404 708 3471 Non
731 3401 828 3472 enim
847 3400 1051 3497 quatiant,
1075 3404 1138 3476 sed
1157 3385 1231 3501 quo
1247 3404 1371 3476 auimo
1392 3402 1499 3492 liant,
1516 3417 1641 3502 pensat
1658 3406 1775 3490 Deus;
1799 3424 1868 3472 uec
1891 3399 1930 3471 in
1951 3423 2058 3496 opere

468 3516 592 3588 sedin
618 3518 819 3590 intentione
843 3521 1010 3592 meritum
1034 3523 1230 3620 operantis,
1254 3523 1310 3596 vel
1333 3522 1410 3595 laus
1433 3522 1609 3595 consistit.
1634 3524 1735 3619 Seps
1760 3520 1894 3617 quippe
1916 3516 2013 3588 idem
2037 3541 2057 3589 a

467 3634 617 3707 diversis
634 3638 751 3731 agitur
770 3662 779 3706 τ
800 3661 864 3733 per
879 3638 1053 3733 justitiam
1069 3640 1176 3711 unius
1188 3654 1225 3712 et
1238 3665 1306 3739 per
1321 3642 1518 3739 nequitiam
1535 3641 1678 3713 alterius
1697 3666 1707 3710 z
1729 3651 1769 3710 ut
1784 3638 1813 3709 si
1828 3660 1942 3709 unum
1957 3660 2057 3708 reum

468 3750 543 3823 duo
563 3753 798 3851 suspendant,
816 3753 875 3826 ille
895 3755 1042 3850 quidem
1062 3757 1139 3829 zelo
1154 3759 1315 3854 justitiae,
1337 3758 1398 3832 hic
1415 3760 1570 3856 antiquae
1586 3758 1673 3830 odio
1688 3755 1893 3840 inimicitiae,
1918 3768 1955 3828 et
1974 3778 2057 3827 cum

467 3868 513 3939 sit
537 3871 783 3967 suspensionis
803 3871 930 3943 eadem
947 3874 1057 3964 actio,
1074 3889 1110 3946 et
1130 3877 1255 3973 utique
1276 3876 1378 3975 quod
1401 3876 1541 3949 bonum
1563 3890 1616 3949 est
1633 3874 1723 3966 fieri,
1747 3889 1785 3946 et
1808 3872 1909 3970 quod
1924 3873 2056 3968 justitia

467 3987 590 4081 exigit,
616 4003 743 4084 agant,
769 4013 834 4088 per
859 3990 1099 4066 diversitatem
1122 4009 1241 4067 tamen
1265 3995 1475 4067 intentionis
1498 3994 1596 4067 idem
1615 4017 1638 4065 a
1659 3993 1807 4067 diversis
1833 3990 1893 4080 lit,
1915 3990 1961 4064 ab
1981 4015 2055 4096 uno

467 4106 574 4197 male,
593 4106 640 4177 ab
657 4109 770 4179 altero
786 4108 891 4182 bene.

516 4225 605 4311 Quis
622 4225 777 4321 denique
791 4228 908 4325 ipsum
925 4229 1111 4303 diabolum
1128 4231 1216 4304 nihil
1233 4232 1348 4305 facere
1362 4234 1516 4328 ignoret,
1533 4234 1602 4305 nisi
1613 4231 1714 4329 quod
1725 4255 1749 4304 a
1762 4235 1841 4304 Deo
1852 4229 1971 4301 iacere
1980 4252 2056 4326 per·

466 4343 630 4433 mittitur,
648 4369 730 4416 cum
745 4345 799 4417 vel
817 4347 981 4444 iniquum
998 4351 1103 4448 punit
1116 4376 1185 4449 pro
1205 4351 1360 4441 meritis3
1379 4351 1436 4423 vel
1455 4351 1502 4423 ad
1519 4351 1781 4450 purgationem,
1801 4349 1856 4423 rel
1875 4348 1922 4422 ad
1936 4372 2055 4422 exem-

468 4462 568 4557 plum
591 4464 769 4561 patientiae
788 4465 926 4562 justum
951 4467 1107 4564 aliquem
1131 4471 1348 4569 permittitur
1371 4470 1553 4566 affligere?
1570 4469 1641 4544 Sed
1664 4471 1749 4567 quia
1769 4469 1808 4542 id
1829 4467 1930 4565 quod
1953 4491 2055 4563 agere

467 4603 551 4652 eum
567 4584 664 4654 Deus
681 4585 864 4680 permittit,
882 4587 1042 4683 nequitia
1059 4613 1124 4661 sua
1144 4589 1348 4663 stimulante
1366 4591 1452 4686 agit,
1474 4590 1524 4663 sic
1539 4603 1696 4688 potestas
1717 4589 1793 4685 ejus
1808 4586 1908 4660 hona
1924 4585 2055 4662 dicitur

463 4701 519 4772 vel
545 4702 653 4772 etiam
665 4701 778 4797 justa,
804 4718 844 4775 ut
865 4705 1031 4778 voluutas
1051 4708 1128 4804 ejus
1144 4732 1286 4808 semper
1302 4710 1349 4783 sit
1372 4712 1517 4807 injusta.
1534 4713 1636 4782 Harrc
1655 4710 1752 4781 enim
1773 4711 1889 4781 aDeo
1909 4706 2050 4804 accipit,

464 4817 561 4892 illam
576 4845 598 4892 a
614 4845 651 4893 sc
668 4820 789 4894 habet.
804 4825 895 4911 Quis
908 4826 1016 4899 etiam
1033 4828 1232 4901 electorum
1246 4831 1283 4901 iu
1298 4829 1354 4902 his
1369 4853 1449 4927 quoe
1460 4830 1509 4904 ad
1524 4853 1636 4929 opera
1648 4830 1841 4929 pertinent,
1856 4824 2053 4925 hypocritis

498 5094 597 5156 Ἔστω,
608 5108 663 5157 cap.
679 5108 733 5150 no.
746 5110 769 5146 r.
784 5100 832 5151 tet
842 5101 1019 5162 ro.-2aom.‚
1030 5115 1143 5166 separo,
1153 5117 1178 5152 r.
1191 5107 1237 5163 ης
1248 5101 1331 5156 Galat.
1341 5142 1347 5168 ,
1359 5118 1413 5167 cap.
1426 5117 1485 5164 rar.
1499 5106 1537 5154 to.
