4559 6100
487 997 885 1102 ριωυειμιιιὶἰ.
912 928 1738 1089 neolegstrusetiamliominumsubjaoere,
1769 991 2075 1064 utrelhumano

482 1113 1154 1218 judieioreiproaliquooeuseautur.
1174 1108 1816 1208 UudeetipseAugustinusiulibro
1836 1113 2076 1200 Quesohnwn
2197 1142 2205 1150 ·

486 1237 612 1309 ιτιιίι
632 1251 671 1304 et
691 1256 789 1302 nom
809 1230 897 1329 Iegis
922 1258 932 1296 ε
953 1260 972 1294 ι
997 1226 1214 1316 Quomodo,
1242 1226 1379 1322 inquit,
1406 1252 1490 1299 reus
1512 1229 1741 1300 constituitur
1763 1226 1827 1323 qui
1850 1228 1964 1298 nescit
1987 1226 2077 1325 quid

485 1352 631 1426 uerit?
649 1383 669 1417 ι
697 1355 739 1420 Et
760 1350 1002 1445 Hieronymus
1021 1371 1132 1444 super
1155 1343 1347 1416 Ezechiel:
1350 1344 1581 1432 «Quamdiu
1607 1345 1728 1417 anima
1752 1345 1790 1415 in
1814 1343 1963 1416 infautia
1988 1369 2078 1418 oon·

483 1474 685 1562 sututaffl,
700 1481 849 1568 promto
862 1480 1010 1538 errem
1027 1468 1077 1536 Ao
1092 1488 1273 1536 rursusza
1255 1462 1441 1559 «Objieies
1456 1464 1545 1536 nubi
1558 1463 1648 1536 illud
1664 1463 1931 1563 suprapositum
1949 1467 1988 1533 B.
2007 1469 2078 1537 Au·

483 1591 616 1686 gustini
643 1587 799 1672 dictum,
830 1583 932 1679 quod
959 1587 1057 1655 Deus
1081 1580 1218 1655 nullam
1244 1606 1389 1682 poenam
1418 1583 1589 1718 cuiquam
1613 1582 1698 1655 sinit
1727 1580 1908 1654 immerito
1938 1581 2073 1678 infligi,

483 1709 625 1782 mullum
649 1706 835 1805 premium
859 1702 1039 1774 immerito
1063 1699 1156 1791 dari,
1181 1700 1219 1773 id
1241 1715 1298 1774 est
1322 1701 1412 1774 nulli
1434 1703 1498 1800 qui
1523 1727 1597 1774 non
1621 1701 1750 1774 meruit
1769 1714 1832 1772 aut
1852 1719 1997 1798 poenam
2014 1716 2079 1774 aut

482 1828 669 1926 gremium
686 1822 854 1896 conferri.
873 1820 980 1910 Quod
999 1819 1146 1919 quidem
1169 1845 1244 1893 uon
1267 1820 1418 1894 solum
1409 1846 1445 1893 ιιι
1466 1820 1622 1921 parvulis
1640 1836 1715 1894 tam
1733 1832 1882 1919 propter
1903 1818 2079 1915 originale

481 1958 669 2043 peooemm
685 1941 864 2013 damnatis
878 1941 990 2040 quam
1006 1964 1072 2039 per
1090 1939 1205 2013 solam
1223 1941 1374 2039 gratiam
1390 1939 1614 2040 baptismatis
1628 1940 1773 2014 salvatis
1792 1937 2078 2037 reprehensibile

482 2062 634 2155 videtur,
653 2085 780 2134 verum
802 2062 910 2136 etiam
936 2063 973 2135 in
998 2060 1177 2161 plerisque
1201 2061 1292 2156 aliis,
1320 2063 1411 2135 sicut
1427 2064 1464 2134 in
1481 2061 1550 2134 Job
1566 2085 1755 2162 percusso,
1775 2073 1811 2132 et
1828 2059 1867 2132 in
1886 2057 1950 2131 illo
1966 2084 2076 2157 quem

479 2181 657 2254 Dominus
673 2181 824 2273 miravit,
843 2206 865 2255 a
882 2182 1064 2255 nativitate
1078 2206 1175 2254 caeco
1193 2181 1288 2255 laeto
1307 2209 1316 2252 :
1336 2207 1426 2275 oon,
1444 2197 1485 2254 ut
1501 2182 1549 2255 ait
1566 2182 1743 2254 Dominus
1751 2184 1774 2264 ¹,
1793 2179 1879 2278 quia
1899 2180 1976 2277 ipse
1991 2205 2077 2278 pee-

479 2313 593 2373 canet
613 2314 675 2373 aut
697 2314 863 2401 parentes
881 2309 971 2402 ejus,
994 2301 1058 2375 sed
1083 2316 1123 2374 ut
1146 2301 1457 2375 manifestarentur
1481 2327 1591 2401 opera
1614 2303 1679 2374 Dei
1695 2302 1733 2372 iu
1746 2298 1821 2371 illo.
1838 2291 1981 2388 iQuod
1999 2300 2077 2373 dili-

479 2433 603 2513 genter
623 2418 751 2494 beatus
771 2423 965 2519 Gregorius
988 2420 1197 2520 attendens,
1224 2418 1365 2495 diversa
1385 2421 1666 2521 promissionum
1693 2443 1824 2516 genera
1849 2420 1886 2491 in
1913 2423 1928 2490 l
1953 2419 2074 2493 distin·

478 2539 554 2636 guit
581 2540 786 2614 Moralium.
816 2543 906 2630 Quis
935 2542 1042 2615 etiam
1069 2541 1204 2614 neseiat
1229 2545 1348 2614 Deum
1379 2566 1454 2614 non
1481 2541 1601 2614 solum
1625 2540 1857 2640 promittere,
1887 2556 2076 2613 resumet

474 2655 601 2752 jubere
626 2675 665 2730 ut
689 2660 844 2732 inimicis
859 2662 990 2734 nostris
1011 2686 1088 2733 non
1113 2658 1315 2733 secundum
1337 2662 1464 2733 merita
1486 2685 1613 2733 eorum
1629 2657 1727 2732 bona
1750 2657 1990 2732 retribuamus
2007 2685 2074 2760 pro

478 2774 594 2868 malis,
613 2789 649 2848 et
666 2802 768 2851 noso
783 2783 862 2850 Deo
886 2803 950 2877 per
968 2780 1132 2878 gratiam,
1151 2805 1230 2875 quae
1247 2803 1314 2851 nos
1328 2779 1499 2877 praevenit
1513 2779 1571 2852 vel
1588 2778 1831 2878 subsequitur,
1851 2781 1964 2854 multa
1981 2780 2073 2853 obti-

478 2918 577 2985 nere,
596 2919 671 2967 non
693 2920 758 2995 per
777 2897 929 2968 merita?
946 2897 1049 2970 Unde
1066 2897 1304 2996 Apostolus':
1327 2928 1345 2964 ιι
1362 2899 1395 2969 Si
1419 2912 1539 2971 autem
1565 2923 1607 2970 ex
1631 2897 1814 2998 operibus,
1836 2902 1913 2996 jam
1938 2923 2015 2971 oon
2031 2924 2074 2972 ex

477 3015 602 3109 gratia.
628 3014 794 3113 Alioquin
815 3016 926 3113 gratia
938 3016 1014 3116 Jam
1035 3038 1109 3088 non
1133 3029 1187 3089 est
1204 3018 1363 3114 gratia.»
1380 3017 1478 3107 Quid
1497 3019 1617 3116 itaque
1637 3016 1727 3092 illud
1750 3020 1966 3117 Augustinus
1989 3020 2074 3093 velit

477 3134 579 3232 quod
601 3136 719 3235 primo
744 3136 932 3237 posuimus
959 3151 995 3210 et
1021 3136 1256 3236 postmodum
1285 3139 1543 3237 opposuimus,
1569 3138 1769 3210 Dominum
1794 3137 1959 3211 videlicet
1984 3140 2073 3211 nulli

477 3256 657 3329 immerito
675 3270 739 3328 aut
754 3280 899 3356 poeuam
922 3256 1065 3346 inferri,
1085 3270 1148 3328 aut
1163 3257 1350 3355 premium
1367 3257 1523 3330 conferri
1538 3258 1762 3356 permittere,
1782 3283 1856 3330 nou
1884 3255 1988 3331 facile
2009 3257 2073 3331 ab·

476 3376 566 3448 solvi
579 3398 685 3474 posse
696 3375 803 3450 video
820 3404 829 3448 ε
850 3377 919 3450 nisi
934 3377 971 3448 in
988 3400 1033 3449 eo
1049 3376 1122 3448 vim
1139 3375 1335 3475 quamdam
1347 3390 1528 3470 notemus,
1543 3377 1643 3473 quod
1659 3401 1745 3450 oum
1758 3376 1886 3450 dixerit
1899 3405 1917 3444 ιι
1930 3380 2039 3469 Deus,
2054 3409 2071 3442 ι

477 3493 648 3567 addidit«
658 3496 789 3594 justus,
804 3528 822 3564 ι
842 3510 880 3569 ιιι
897 3495 1060 3569 videlicet
1074 3510 1175 3568 notet
1189 3520 1265 3569 nou
1282 3494 1320 3567 id
1332 3496 1530 3570 Dominum
1545 3520 1588 3568 ex
1600 3496 1738 3594 justitia
1753 3496 1959 3595 permittere
1973 3496 2073 3593 quod

477 3631 597 3689 tamen
623 3615 743 3715 aliqua
764 3618 946 3716 permittat
971 3617 1250 3715 dispensatione,
1278 3631 1341 3690 aut
1362 3641 1404 3689 ex
1427 3615 1649 3689 abundantia
1671 3616 1828 3689 caritatis
1851 3616 1972 3751 potius
1995 3614 2073 3689 fieri

471 3734 587 3831 jubet,
604 3758 714 3833 quam
729 3761 772 3809 ex
790 3737 955 3835 aequitate
971 3734 1128 3831 justitia
1152 3739 1212 3806 Est
1229 3736 1365 3834 quippe
1376 3735 1513 3833 justitia
1528 3760 1607 3833 quae
1623 3733 1740 3808 reddit
1757 3736 1953 3832 uuicuique
1972 3735 2073 3833 quod

475 3879 581 3927 suum
599 3869 665 3946 est,
684 3879 760 3929 non
777 3855 967 3955 plusquam
981 3853 1084 3952 quod
1098 3868 1284 3945 suumest,
1302 3855 1522 3927 autminus.
1540 3855 1612 3927 hoc
1623 3854 1728 3927 estid
1739 3869 1882 3927 tantum
1899 3852 2073 3953 quodille

475 3975 534 4047 oui
559 3973 722 4047 redditur
741 3975 885 4048 meruit.
906 3974 943 4045 Si
958 3974 1039 4071 quis
1053 3988 1174 4045 autem
1194 3974 1300 4047 alicui
1323 3973 1406 4074 plus
1424 3973 1514 4047 boni
1529 3974 1693 4048 conferat
1716 3997 1827 4072 quam
1846 3972 1907 4047 ille
1929 3975 2071 4065 meruit,

474 4107 538 4166 aut
563 4095 682 4166 minus
708 4094 845 4192 infligat
869 4092 967 4184 mali,
992 4093 1110 4192 gratiae
1132 4093 1170 4165 id
1194 4109 1248 4166 est
1273 4094 1523 4193 potiusquam
1547 4093 1701 4189 justitiae.
1729 4094 1828 4166 Sicut
1850 4118 1871 4166 e
1895 4118 2074 4168 converso
2154 4144 2160 4151 -

475 4214 671 4308 iniquitatis
686 4237 764 4287 esse
784 4214 938 4302 videtur,
958 4213 988 4284 si
1003 4214 1084 4311 quis
1100 4211 1206 4286 alicui
1226 4214 1348 4289 minus
1363 4212 1649 4309 bonioonferat,
1668 4212 1725 4287 vel
1742 4213 1824 4312 plus
1843 4214 1927 4286 mali
1943 4213 2073 4287 reddat

474 4357 584 4431 quam
606 4332 667 4406 ille
685 4334 828 4406 meruit.
848 4338 895 4405 Ut
915 4358 1001 4431 ergo
1012 4331 1064 4415 ⁴ud
1088 4336 1315 4432 propositum
1331 4316 1566 4425 reuertamur,
1584 4348 1719 4432 quanta
1735 4348 1789 4406 est
1808 4333 1865 4406 illa
1877 4331 2074 4406 erudelitas

476 4453 697 4541 estimanda,
721 4477 834 4552 qoam
856 4458 953 4527 Deus
974 4453 1012 4524 iu
1034 4452 1191 4551 parvulis
1212 4477 1377 4526 exercere
1402 4453 1554 4543 videtur,
1581 4468 1620 4525 ut
1642 4453 1809 4527 videlicet
1828 4477 1911 4526 cum
1930 4451 2072 4526 nullum

474 4573 633 4645 iuveniat
650 4575 837 4666 meritum,
857 4572 1099 4671 gravissimam
1119 4586 1238 4645 tamen
1256 4571 1438 4645 infernalis
1452 4554 1610 4646 incendii
1626 4598 1771 4673 poenam
1794 4572 1964 4648 inducat?
1980 4574 2077 4646 Hinc

476 4693 574 4764 euim
588 4691 676 4765 illud
689 4706 742 4765 est
761 4694 946 4791 Augustini
963 4693 1000 4764 iu
1017 4690 1110 4764 libro
1126 4691 1169 4763 de
1183 4691 1270 4764 inle
1284 4692 1330 4767 ad
1350 4694 1525 4765 Petrum⁸2
1550 4721 1567 4761 ι
1584 4693 1800 4766 Firmissime
1815 4708 1917 4784 tene,
1936 4708 1973 4766 et
1990 4694 2077 4765 uul-

475 4812 614 4884 latenus
629 4810 773 4884 dubites
790 4836 864 4883 uon
881 4810 999 4883 solum
1016 4810 1181 4885 homines
1191 4813 1267 4911 iam
1284 4812 1424 4885 ratione
1440 4827 1593 4905 utentes,
1614 4837 1739 4885 verum
1757 4813 1867 4886 etiam
1885 4811 2074 4913 parvulos,

475 4935 538 5029 qui
552 4933 628 5004 sive
643 4931 681 5004 iu
699 4932 809 5006 uteris
831 4946 987 5005 matrum
1012 4931 1132 5005 vivere
1152 4933 1329 5032 incipiunt
1345 4946 1381 5004 et
1400 4931 1451 5005 ibi
1475 4933 1690 5027 moriuntur,
1709 4934 1784 5007 sire
1795 4934 1873 5032 jam
1894 4933 1968 5008 nati
1993 4933 2082 5004 sine

509 5208 603 5275 ¹loru,
613 5224 668 5275 rap.
682 5223 717 5273 ιι,
729 5224 753 5259 ι.
764 5212 788 5262 ι.
798 5208 1005 5272 *roms
1019 5221 1061 5273 ιι,
1074 5209 1132 5261 ιι.
1145 5235 1173 5245 -
1185 5210 1195 5241 ³
1205 5205 1266 5270 lies.
1278 5210 1320 5268 ιι,
1332 5210 1408 5275 opp„
1423 5218 1442 5259 t.
1456 5207 1554 5271 timi.
1570 5210 1639 5261 11³⁰.
