4559 6100
451 510 522 581 572
1050 502 1181 574 Pli'l'lll
1205 502 1440 576 ABAELARDl

450 657 599 722 alterum.
617 651 746 740 Quippe
761 672 822 716 nec
845 651 951 714 anima
966 671 1053 728 caro,
1073 672 1134 715 nec
1154 673 1230 715 caro
1250 651 1357 715 anima
1373 665 1506 740 propter
1523 651 1587 715 hoc
1603 648 1750 715 efficitur.
1767 649 1893 715 Eodem
1913 672 2046 740 quoque

448 752 548 818 modo
565 752 599 814 in
621 749 747 813 Christo
764 746 873 812 divina
895 763 928 812 et
946 749 1088 811 humana
1112 763 1224 811 natura
1240 748 1276 812 in
1294 770 1392 812 unam
1406 770 1578 837 personam
1597 749 1802 826 conveniunt,
1822 747 1912 836 quod
1929 766 2042 815 neutra

449 848 576 914 illarum
593 847 628 912 in
642 845 776 911 alteram
788 846 913 909 transit.
930 843 1110 933 Siquidem,
1124 860 1159 908 ut
1175 845 1219 908 uit
1234 846 1440 935 Augustinus,
1457 845 1638 910 siVerbum
1655 845 1803 910 transiret
1813 846 1848 909 in
1863 844 2042 925 hominem,

449 946 500 1013 vel
516 946 616 1010 bomo
636 945 669 1008 in
686 942 848 1017 Verbum,
866 957 944 1006 tnnc
970 965 1036 1005 non
1055 957 1136 1006 esset
1151 941 1209 1021 ibi,
1228 942 1289 1005 nisi
1309 957 1435 1005 tantum
1450 942 1550 1007 horno
1570 942 1622 1008 rel
1636 958 1761 1007 tantum
1775 942 1931 1008 Verbum.
1955 942 2043 1009 Solet

450 1046 548 1109 etiam
565 1043 696 1132 ambigi,
714 1063 756 1105 an
771 1042 822 1104 hae
834 1038 907 1104 duae
923 1055 1045 1103 naturae
1063 1038 1146 1102 illins
1161 1061 1306 1127 personae
1321 1055 1428 1128 partes
1444 1039 1506 1104 sint
1522 1037 1680 1106 dicende.
1697 1042 1741 1104 At
1755 1062 1845 1120 vero,
1863 1039 1924 1104 nisi
1938 1056 2046 1128 portes

451 1142 514 1206 sint
528 1141 612 1205 illius
626 1161 783 1230 personae,
801 1137 966 1201 Athanasii
976 1135 1030 1200 illa
1044 1135 1218 1203 similitudo
1230 1159 1290 1225 pro
1303 1135 1403 1201 nihilo
1420 1135 1546 1202 videtur
1558 1136 1701 1203 inducta.
1716 1139 1812 1219 Item,
1823 1138 1848 1201 si
1859 1160 1926 1201 nou
1941 1153 2042 1202 essent

450 1254 574 1326 partes,
598 1238 632 1300 in
649 1233 781 1324 aliquod
802 1231 1038 1298 conficiendum
1059 1256 1127 1297 non
1147 1235 1373 1315 convenirent,
1391 1233 1449 1299 sed
1471 1234 1666 1298 conveniunt
1680 1235 1714 1298 in
1737 1256 1835 1298 unam
1860 1255 2040 1322 personam.

451 1335 561 1400 Partes
579 1334 675 1423 igitur
690 1355 743 1397 eas
764 1353 830 1396 esse
848 1353 978 1395 necesse
994 1347 1053 1410 est,
1072 1329 1160 1419 quod
1176 1353 1243 1393 non
1260 1330 1364 1395 solum
1380 1331 1450 1395 haec
1466 1331 1547 1397 ratio
1568 1347 1602 1396 et
1620 1329 1675 1395 illa
1691 1330 1855 1395 Athanasii
1871 1328 2043 1394 similitudo

450 1431 624 1521 compellit,
642 1451 754 1495 verum
769 1451 897 1516 quoque
913 1428 1084 1493 auctoritas
1099 1429 1163 1492 hoc
1180 1426 1266 1493 idem
1282 1428 1443 1492 invenitur
1459 1450 1607 1493 asserere.
1627 1428 1681 1492 Ait
1698 1429 1786 1493 enim
1800 1427 2012 1515 Hieronymus
2032 1450 2039 1491 :

450 1530 591 1593 Christus
606 1550 665 1617 pro
681 1542 772 1616 parte
788 1541 836 1591 est
850 1526 949 1590 homo
966 1540 999 1590 et
1014 1547 1074 1615 pro
1090 1541 1180 1614 parte
1196 1541 1244 1589 est
1257 1525 1356 1589 Deus.
1377 1524 1570 1614 Augustinus
1585 1540 1694 1590 tamen
1707 1525 1772 1590 hoc
1786 1524 1964 1614 approbare
1978 1547 2042 1587 no-

451 1626 520 1707 luit,
534 1642 667 1715 propter
682 1639 827 1688 mutuam
847 1621 888 1687 de
901 1645 935 1687 se
951 1621 1091 1686 fortassis
1105 1622 1380 1710 predicationem.
1397 1622 1504 1704 Quam
1520 1622 1564 1686 ob
1584 1644 1653 1687 rem
1666 1622 1707 1688 de
1722 1623 1783 1686 hac
1797 1620 2041 1712 praedicatione,

450 1740 558 1787 utrum
568 1744 644 1786 vera
660 1721 700 1785 sit
716 1743 757 1784 an
774 1743 854 1801 non,
873 1717 1044 1810 diligenter
1058 1719 1219 1808 inquirere
1234 1734 1281 1784 est
1297 1719 1477 1785 consilium.
1496 1720 1616 1784 Omnes
1631 1721 1720 1785 enim
1733 1719 1911 1785 locutiones
1926 1719 1994 1782 istae
2009 1720 2041 1782 in

452 1819 695 1885 auctoritatibus
713 1819 944 1882 inveniuntur:
963 1817 1050 1881 Deus
1067 1833 1115 1882 est
1129 1817 1248 1893 homo,
1265 1816 1366 1880 homo
1381 1831 1429 1880 est
1443 1816 1549 1899 Deus,
1570 1816 1711 1881 Christus
1726 1832 1775 1882 est
1789 1815 1871 1880 lilius
1887 1816 2041 1895 hominis,

450 1919 591 1982 Christus
606 1932 654 1982 est
675 1914 756 1979 filius
777 1914 837 1978 Dei
856 1936 865 1978 z
883 1915 1023 1978 Christus
1039 1930 1087 1978 est
1102 1915 1189 1979 Deus
1210 1928 1242 1977 et
1260 1913 1361 1976 homo
1382 1935 1390 1976 ι
1412 1935 1547 2002 quarum
1562 1912 1649 1977 nulla
1666 1930 1782 2004 praeter
1803 1937 1901 1978 unam
1916 1916 2044 2003 propria

392 2036 394 2041 ’
449 2015 589 2080 videtur.
608 2013 642 2078 Si
664 2014 750 2077 enim
766 2012 895 2102 propria
911 2027 957 2076 est
973 2012 1032 2076 ista
1048 2011 1170 2076 locutio
1190 2032 1198 2075 t
1217 2011 1301 2074 Deus
1321 2026 1368 2074 est
1384 2010 1495 2093 homo,
1515 2027 1592 2076 tunc
1609 2027 1762 2076 arternum
1781 2027 1830 2076 est
1849 2010 2042 2100 temporale,

450 2111 585 2201 simplex
599 2126 645 2176 est
661 2110 887 2198 compositum,
905 2123 1030 2172 creator
1041 2124 1089 2172 est
1105 2122 1270 2190 creatura3
1288 2105 1430 2172 similiter
1447 2106 1490 2173 de
1502 2107 1583 2173 aliis.
1601 2109 1789 2198 Impropriae
1800 2109 1896 2200 igitur
1908 2122 1993 2187 sunt,
2010 2123 2045 2169 nt

449 2231 522 2297 pars
541 2231 601 2299 pro
626 2223 696 2271 toto
716 2206 881 2295 accipitur.
902 2204 993 2293 Saepe
1012 2226 1152 2292 namque
1175 2203 1347 2294 contingit,
1371 2218 1476 2268 totum
1497 2227 1557 2293 pro
1578 2220 1668 2293 parte
1684 2221 1872 2294 partemque
1896 2227 1955 2294 pro
1976 2219 2044 2268 toto

450 2305 562 2394 accipi,
585 2321 621 2369 ut
642 2303 767 2382 anima,
789 2325 862 2367 cum
883 2324 956 2391 pars
978 2302 1187 2385 sithominis,
1212 2324 1272 2390 pro
1294 2302 1428 2365 homine
1446 2301 1590 2390 ponitur,
1613 2317 1674 2366 ut:
1693 2302 1826 2367 Videbit
1850 2301 1954 2366 omnis
1970 2324 2045 2365 caro

450 2401 587 2467 salutare
603 2402 675 2466 Dei.
696 2398 822 2465 Eodem
843 2398 943 2463 modo
963 2422 1038 2464 cum
1059 2398 1218 2464 dicimus:
1237 2399 1323 2464 Dens
1344 2414 1393 2463 est
1413 2399 1526 2473 homo,
1548 2421 1609 2488 pro
1631 2414 1724 2487 parte
1737 2422 1848 2464 verum
1865 2414 1928 2479 est,
1950 2414 1983 2461 et
1998 2414 2045 2462 est

450 2521 559 2563 sensus
576 2523 584 2564 ι
603 2500 688 2564 Deus
704 2513 751 2563 est
766 2497 880 2562 uniens
896 2496 956 2560 sibi
972 2496 1150 2561 hominem.
1168 2498 1307 2561 Rursus:
1327 2496 1435 2560 Homo
1450 2512 1497 2560 est
1513 2496 1611 2577 Deus,
1627 2497 1697 2561 haec
1711 2512 1758 2561 est
1773 2493 1978 2587 significativa
1991 2496 2045 2559 :Et

451 2598 612 2661 esthemo
629 2596 737 2660 unitus
753 2595 835 2658 Deo.
854 2592 906 2657 Sic
922 2617 1050 2682 quoque
1067 2594 1108 2659 ad
1124 2610 1249 2682 partem
1260 2593 1437 2659 referende
1453 2609 1526 2658 sunt
1542 2590 1648 2658 istoe¹z
1666 2593 1807 2658 Christus
1823 2609 1870 2658 est
1885 2595 1996 2669 homo,
2013 2608 2046 2658 et

449 2694 590 2757 Christus
601 2709 649 2758 est
664 2694 762 2757 Deus.
776 2689 851 2755 Sola
865 2688 961 2778 igitur
976 2691 1035 2755 ista
1055 2691 1219 2755 :Christus
1230 2706 1278 2756 est
1288 2691 1373 2754 Dens
1390 2706 1423 2754 et
1436 2691 1550 2770 homo,
1566 2691 1695 2780 propria
1712 2707 1770 2772 est,
1783 2690 1816 2755 id
1832 2707 1891 2768 est,
1905 2691 2045 2754 Christus
2136 2690 2156 2709 ⁸

450 2806 499 2856 est
519 2791 664 2856 Verbum
684 2789 807 2854 habens
826 2786 1006 2868 bominem,
1035 2803 1068 2851 et
1088 2788 1230 2852 Christus
1250 2801 1298 2852 est
1325 2787 1425 2851 homo
1451 2804 1485 2852 et
1504 2788 1603 2870 Deus,
1633 2786 1668 2853 id
1699 2804 1757 2870 est,
1789 2788 1890 2853 homo
1921 2787 2045 2852 habens

450 2889 611 2955 Verbum.

1066 3155 1251 3248 CAPUT
1293 3154 1420 3250 XXV.

985 3380 1029 3435 De
1050 3377 1202 3438 vuluntate
1225 3376 1349 3436 assumti
1367 3375 1502 3438 bominis.

495 3561 655 3653 Expedite
671 3562 778 3649 itaque
791 3562 833 3627 de
845 3547 983 3627 duarnni
995 3578 1179 3626 naturarum
1193 3563 1313 3627 unione
1324 3563 1359 3626 in
1369 3585 1540 3652 personam
1550 3584 1661 3643 unam,
1673 3561 1715 3627 de
1725 3561 1891 3628 voluntate
1906 3561 2046 3628 hominis

451 3661 593 3739 assumti,
612 3683 653 3723 an
663 3657 778 3723 eadem
794 3658 890 3724 fuerit
901 3681 975 3722 cum
986 3657 1151 3723 voluntate
1163 3659 1276 3736 Patris,
1292 3675 1389 3724 restat
1405 3660 1534 3748 inquiri.
1547 3659 1646 3742 Quod
1656 3682 1732 3724 veru
1749 3682 1815 3724 non
1825 3660 1940 3725 eadem
1951 3661 2047 3726 fuerit

452 3778 519 3820 non
535 3754 639 3820 solum
653 3755 748 3835 ratio,
764 3778 877 3820 verum
893 3756 990 3820 etiam
1003 3753 1213 3845 Evangelium
1230 3757 1304 3820 satis
1318 3755 1485 3822 manifeste
1501 3755 1711 3822 demonstrat.
1728 3757 1783 3819 Ait
1802 3758 1887 3822 enim
1905 3758 2049 3823 Christus

453 3850 671 3940 inEvangelio
689 3852 816 3930 :Pater‚
830 3853 856 3916 si
871 3850 1021 3941 possibile
1037 3867 1098 3934 est,
1115 3866 1282 3916 munseata
1294 3873 1348 3916 me
1361 3851 1444 3916 calix
1460 3854 1518 3918 iste
1533 3877 1541 3918 t
1559 3875 1670 3918 verum
1686 3869 1795 3918 tamen
1811 3878 1878 3919 non
1890 3856 1969 3919 sicut
1982 3877 2045 3943 ego

452 3948 539 4024 volo,
558 3945 615 4012 sed
631 3947 710 4018 sicut
724 3964 771 4011 tu.
790 3947 889 4030 Quod
904 3947 967 4012 tale
984 3964 1033 4012 est
1048 3971 1086 4013 ac
1103 3948 1129 4012 si
1148 3947 1234 4013 dicat
1253 3970 1260 4013 :
1282 3948 1315 4012 Si
1332 3972 1432 4039 genus
1446 3950 1624 4015 humanum
1641 3951 1709 4015 sine
1725 3966 1828 4016 morte
1843 3973 1914 4016 mea
1930 3949 2044 4014 salvari

452 4059 569 4134 potest,
588 4067 655 4109 non
668 4044 800 4123 moriar,
814 4044 967 4133 quianon
983 4066 1112 4133 possum
1126 4044 1209 4110 velle
1221 4047 1304 4110 mori
1323 4070 1331 4110 2
1350 4047 1398 4111 sin
1410 4062 1533 4118 autem,
1545 4047 1746 4112 voluntatem
1757 4067 1864 4113 meam
1880 4064 1943 4112 ture
1958 4063 2045 4137 post·

451 4165 551 4231 pono.
576 4142 659 4207 Ecce
683 4141 737 4206 bic
757 4139 935 4205 ostenditur
956 4158 1083 4228 aperte,
1101 4140 1192 4230 quod
1217 4141 1279 4207 alia
1303 4159 1336 4209 et
1357 4141 1480 4209 diversa
1504 4143 1599 4208 fuerit
1624 4144 1707 4209 illius
1725 4145 1866 4211 hominis
1885 4144 2042 4210 voluntas.

451 4240 646 4330 Augustinus
654 4255 762 4304 tamen
773 4253 806 4303 et
817 4238 871 4302 alii
882 4238 1014 4327 quidam
1024 4236 1149 4320 dicunt,
1166 4262 1241 4304 eum
1251 4263 1319 4305 non
1332 4264 1389 4330 per
1403 4264 1436 4306 se
1449 4241 1563 4307 dixisse
1573 4244 1647 4318 hoc,
1665 4241 1723 4307 sed
1737 4262 1796 4331 per
1806 4241 1932 4308 infirma
1943 4266 2045 4308 mem·

451 4337 522 4420 bra,
541 4360 613 4425 quae
629 4337 664 4401 in
679 4360 713 4401 se
728 4334 978 4416 transformavit,
995 4351 1082 4400 ntea
1096 4336 1279 4418 instrueret,
1293 4337 1370 4426 quid
1381 4339 1416 4402 in
1429 4338 1628 4427 passionibus
1639 4349 1721 4406 esset
1738 4338 1911 4429 agendum,
1924 4357 1960 4404 ut
1971 4363 2045 4404 cum

453 4434 587 4524 amplius
601 4434 781 4523 passionem
796 4433 896 4497 vitare
916 4456 984 4497 non
1003 4449 1126 4523 posset,
1144 4434 1343 4499 voluntatem
1366 4436 1426 4500 Dei
1443 4457 1508 4500 suae
1523 4452 1744 4526 preponeret,
1761 4451 1798 4499 ut
1814 4435 1956 4502 diceret:
1974 4437 2045 4502 Fiat

451 4530 599 4596 voluntas
614 4546 681 4594 tua.
700 4527 850 4594 Similiter
863 4530 994 4618 quando
1011 4528 1092 4595 dixit
1110 4531 1239 4596 :Tristis
1255 4547 1302 4597 est
1318 4534 1425 4597 anima
1440 4554 1619 4622 meausque
1635 4533 1678 4599 ad
1693 4548 1845 4615 mortem,
1865 4551 1898 4598 et
1912 4535 2044 4623 mando

452 4628 547 4719 ooepit
564 4649 681 4717 pavere
697 4642 730 4691 et
748 4625 879 4691 taedere.
897 4628 936 4691 In
950 4628 1000 4691 his
1016 4628 1178 4704 omnibus,
1195 4645 1232 4693 ut
1249 4627 1379 4710 dicunt,
1397 4629 1710 4696 mamformationem
1723 4629 1944 4695 membrorum
1961 4629 1995 4694 in
2011 4654 2044 4696 se

452 4726 537 4792 feeit.
561 4726 603 4790 Et
624 4722 755 4813 quidem
771 4723 845 4787 satis
863 4723 908 4788 sic
926 4739 1032 4811 potest
1048 4724 1187 4812 exponi,
1204 4725 1298 4813 quia,
1318 4741 1355 4790 ut
1369 4724 1457 4790 idem
1473 4726 1518 4790 ait
1532 4728 1738 4817 Augustinus,
1756 4726 1887 4816 qnando
1907 4726 2045 4817 aliquem

451 4845 578 4890 versum
598 4824 650 4889 isti
674 4822 731 4903 sic,
757 4819 804 4885 illi
831 4818 922 4885 aliter
946 4837 1124 4910 exponunt,
1150 4819 1247 4887 bonoe
1267 4839 1302 4887 et
1325 4824 1550 4890 convenientes
1571 4840 1703 4912 possunt
1727 4847 1794 4891 esse
1817 4825 2043 4914 expositiones,

483 5102 488 5126 ¹
506 5095 647 5150 llbelnwtld
658 5115 666 5148 r
678 5098 813 5151 merenda
823 5103 883 5149 tunt
894 5113 903 5148 :
914 5098 964 5150 itte
975 5097 1022 5150 Ch.
