4559 6100
733 520 991 599 meatuum
1016 518 1291 596 cfltsstttttt.
1718 464 1829 600 'tte'

218 672 404 750 ambulare
424 690 460 749 et
480 670 668 748 hominem
692 672 937 749 ambulantem
962 699 1053 748 esse.
1075 702 1094 743 u
1124 678 1177 745 Ex
1201 697 1277 772 quo
1301 686 1449 773 apparet
1470 672 1570 771 quod
1588 674 1643 748 ‘de
1665 675 1818 775 quibus·

218 821 377 894 cumque
394 795 585 893 dicimus«
599 809 702 885 sunt,
717 825 734 862 s
750 794 824 868 dici
839 807 985 895 oportet
1003 807 1120 867 esunt
1133 793 1243 883 entia,
1258 821 1276 858 r
1296 792 1335 864 id
1350 807 1404 865 est
1420 796 1592 868 essentiae.

268 914 465 1006 Quomodo
483 916 593 989 etiam
615 913 689 987 boc
706 939 841 991 nornen
859 920 989 988 «Deus
1005 943 1022 983 u
1042 912 1221 1010 sinpalare
1236 926 1291 985 est
1309 926 1346 986 et
1361 937 1437 984 non
1459 914 1570 1010 magis
1586 908 1812 1009 universale,

219 1037 248 1107 si
267 1035 372 1136 plura
385 1036 457 1109 sint
470 1033 704 1135 personaliter
718 1035 884 1131 (increta,
903 1035 976 1109 hoc
993 1048 1047 1109 est
1061 1054 1214 1105 numero
1231 1031 1450 1123 differentia,
1465 1032 1511 1105 de
1527 1031 1658 1131 quibus
1671 1034 1817 1133 singulis

219 1154 445 1254 proedioetur,
463 1179 548 1228 cum
564 1153 731 1230 videlicet
741 1171 779 1228 et
792 1159 899 1231 Pater
913 1157 960 1230 sit
975 1159 1085 1246 Deus,
1104 1168 1140 1226 et
1156 1153 1264 1226 Filius
1279 1156 1389 1242 Deus,
1405 1168 1441 1224 et
1457 1153 1610 1252 Spiritus
1623 1159 1733 1249 Deus,
1750 1178 1817 1229 nec

218 1278 283 1348 iste
299 1275 343 1348 sit
357 1275 442 1349 ille?

270 1400 358 1485 Quae
371 1398 479 1470 etiam
494 1420 617 1469 rerum
633 1393 836 1469 differentia
851 1421 927 1472 esse
941 1411 1060 1497 potest
1077 1397 1143 1470 ubi
1155 1394 1280 1468 eadem
1298 1410 1351 1467 est
1368 1395 1556 1494 singularis
1576 1410 1612 1468 et
1632 1394 1819 1470 individua

220 1516 363 1613 penitus
377 1513 554 1590 essentia?
574 1514 702 1588 Omnis
716 1516 853 1617 quippe
873 1516 1073 1591 differentia
1091 1532 1154 1590 aut
1172 1517 1208 1588 in
1227 1515 1335 1588 rebus
1353 1514 1513 1589 discretis
1526 1516 1713 1615 accipitur,
1733 1541 1817 1589 cum

221 1634 387 1710 videlicet
402 1637 478 1709 hec
499 1636 651 1710 essentia
666 1659 741 1709 non
764 1651 818 1710 est
838 1637 919 1730 itta;
938 1654 1000 1713 aut
1015 1639 1052 1712 in
1070 1637 1198 1711 eadem
1214 1662 1254 1710 re
1275 1637 1475 1711 meandum
1491 1636 1726 1710 variationem
1742 1637 1819 1735 ejus

220 1754 276 1826 vel
298 1757 457 1855 aliquam
478 1756 716 1830 mutationem
740 1782 805 1856 per
824 1758 997 1858 temporis
1019 1758 1299 1849 successionem,
1324 1772 1362 1830 ut
1386 1758 1415 1830 si
1438 1756 1566 1856 aliquis
1591 1755 1702 1829 modo
1726 1771 1814 1848 stet,

222 1875 333 1949 modo
356 1876 493 1952 sedeat.
510 1876 687 1950 Discretio
709 1890 829 1951 autem
846 1904 967 1953 rerum
982 1880 1080 1953 nulla
1097 1894 1151 1953 est
1170 1877 1230 1952 ubi
1252 1879 1357 1951 unica
1376 1892 1429 1951 est
1447 1893 1483 1951 et
1495 1876 1681 1950 individua
1697 1901 1819 1949 essen·

221 1994 283 2070 tia.
306 1996 375 2069 Sed
397 1998 519 2071 necin
542 2001 620 2069 Deo
642 1994 716 2069 ulla
731 2013 852 2096 potest
872 2025 950 2074 esse
963 2000 1125 2092 variatio,
1149 2020 1233 2072 cum
1254 1999 1426 2098 scriptum
1444 1999 1530 2071 sit¹:
1554 2027 1573 2067 «
1589 1996 1692 2097 Apud
1708 2020 1818 2095 quem

221 2141 297 2190 non
320 2134 374 2192 est
392 2118 657 2210 transmutatio,
674 2142 743 2190 nec
762 2120 1014 2195 vicissitudinis
1032 2120 1276 2195 obumbratio.
1294 2148 1312 2188 a
1331 2123 1385 2192 De
1408 2145 1482 2219 quo
1499 2119 1607 2192 etiam
1625 2118 1685 2192 ille
1700 2116 1820 2218 philo·

220 2236 359 2337 sophus
375 2240 468 2313 ait¹:

1021 2406 1086 2491 Qui
1101 2422 1226 2497 tempus
1243 2405 1285 2469 ab
1303 2422 1372 2469 aevo

470 2503 521 2567 Ire
530 2502 638 2590 jubet,
655 2502 838 2596 stabilisque
854 2527 989 2571 manens
1006 2503 1062 2570 dat
1077 2520 1193 2570 cuncta
1207 2502 1343 2568 moveri.

221 2719 331 2818 Cujus
352 2721 461 2793 etiam
483 2747 610 2796 verum
629 2749 706 2798 esse
721 2739 758 2797 et
778 2722 1073 2798 incommutabile
1092 2723 1245 2821 ipsemet
1273 2722 1451 2794 Dominus
1472 2716 1586 2820 aperit
1609 2719 1744 2818 Moysi,
1771 2720 1825 2792 di·

222 2842 348 2913 oens⁸:
376 2846 482 2940 «Ego
500 2868 582 2915 sum
603 2845 666 2942 qui
683 2868 777 2917 sum.
796 2847 877 2918 Htec
893 2843 992 2917 dices
1009 2841 1089 2915 liliis
1113 2843 1218 2916 lsrael
1238 2870 1247 2914 z
1270 2842 1370 2930 «Qui
1386 2856 1439 2914 est
1455 2841 1552 2912 misit
1567 2864 1626 2911 me
1642 2838 1688 2911 ad
1710 2862 1787 2913 vos.
1802 2867 1821 2908 u

271 2964 445 3035 Praeterea
465 2986 550 3035 curn
566 2966 670 3037 Pater
688 2964 735 3037 sit
750 2968 861 3058 Deus,
884 2963 957 3036 hoc
975 2977 1029 3036 est
1043 2962 1120 3035 haec
1140 2961 1294 3035 essentia
1314 2961 1450 3055 divina,
1467 2974 1502 3033 et
1518 2963 1615 3033 Deus
1631 2973 1684 3032 est
1699 2956 1820 3048 Filius,

223 3081 401 3179 numquid
428 3096 464 3154 et
489 3085 594 3157 Pater
620 3084 729 3157 Filius
750 3086 827 3157 est?
844 3083 1041 3173 Quomodo
1066 3085 1164 3156 enim
1187 3108 1230 3156 ex
1254 3108 1299 3155 eo
1325 3081 1425 3180 quod
1451 3086 1555 3154 Pater
1578 3094 1632 3154 est
1655 3084 1766 3171 Deus,
1788 3094 1824 3152 et

222 3203 321 3272 Deus
339 3213 392 3273 est
410 3215 578 3292 aeternus,
601 3203 729 3277 melius
750 3201 963 3297 ostenditur,
981 3207 1085 3276 Pater
1103 3216 1156 3274 est
1171 3218 1336 3295 aeternus,
1356 3225 1467 3300 quam
1487 3225 1530 3272 ex
1543 3223 1587 3271 eo
1603 3199 1703 3297 quod
1721 3204 1824 3273 Pater
1912 3181 1916 3194 ’

224 3333 277 3392 est
299 3323 410 3410 Deus,
434 3334 469 3393 et
488 3326 586 3394 Deus
604 3337 658 3396 est
677 3322 798 3416 Filius,
821 3322 894 3395 sive
912 3327 1132 3409 incarnatus,
1152 3326 1257 3393 Pater
1277 3322 1385 3394 etiam
1400 3343 1476 3393 esse
1493 3319 1600 3391 Filius
1621 3317 1695 3390 sive
1708 3324 1824 3391 incar·

223 3439 349 3512 natus?
378 3442 575 3514 Praesettim
595 3467 680 3516 cum
701 3442 774 3516 boc
799 3465 934 3515 nornen
961 3471 979 3511 a
987 3446 1086 3514 Deus
1099 3469 1118 3510 u
1142 3441 1321 3540 singulare
1344 3465 1422 3513 esse
1446 3452 1602 3530 constet,
1633 3439 1726 3510 sicut
1751 3438 1823 3511 hoe

223 3582 358 3631 nomen
376 3590 394 3626 α
409 3563 573 3636 Socrates
584 3591 624 3656 ,a
639 3563 754 3635 immo
768 3563 877 3635 etiam
899 3564 1012 3660 magis
1026 3561 1216 3659 singulare,
1241 3561 1314 3634 hoc
1331 3574 1384 3634 est
1398 3557 1627 3631 individuum
1642 3556 1820 3649 videatur,

223 3704 308 3753 cum
328 3682 568 3779 individuam,
587 3686 661 3760 boc
676 3700 730 3759 est
747 3686 898 3761 omnino
915 3685 1184 3776 indivisibilem,
1211 3706 1254 3758 ac
1274 3708 1421 3785 prorsus
1439 3681 1639 3782 simplicem
1662 3681 1824 3754 unicam·

222 3825 296 3899 que
311 3802 548 3879 substantiam
567 3805 753 3906 significet.

272 3925 317 3993 tt
332 3946 419 3996 vero
435 3949 521 3997 cum
536 3926 598 3998 bic
611 3923 739 3999 sedens
755 3925 801 3997 sit
817 3927 995 4019 Socrates,
1015 3938 1052 3998 et
1066 3927 1230 3999 Socrates
1248 3924 1293 3997 sit
1308 3921 1426 4017 albus,
1445 3933 1588 3993 constat
1603 3916 1711 3991 etiam
1726 3916 1825 3992 bunc

224 4039 409 4116 sedentem
432 4068 511 4118 esse
528 4043 672 4136 album,
696 4069 780 4118 cum
798 4044 926 4119 eadem
946 4069 1094 4145 prorsus
1116 4046 1269 4118 essentia
1291 4045 1336 4116 sit
1354 4041 1462 4140 hujus
1486 4038 1643 4114 sedentis
1661 4053 1699 4112 et
1719 4037 1826 4137 bujus

223 4159 310 4255 albi,
336 4187 405 4237 nec
424 4166 540 4239 multa
556 4190 711 4241 numero
727 4165 895 4239 dicantur
911 4164 972 4237 bic
988 4165 1114 4238 sedens
1135 4180 1172 4238 et
1187 4164 1247 4238 hic
1265 4162 1380 4256 albus,
1397 4186 1481 4235 cum
1502 4157 1629 4234 eadem
1644 4159 1690 4232 sit
1703 4182 1825 4233 essen·

225 4281 275 4353 tia
297 4280 407 4379 hujus
424 4298 460 4357 et
477 4285 585 4376 illius,
604 4309 685 4385 quae
698 4283 849 4358 dirersis
868 4285 952 4359 licet
967 4299 1142 4386 occupata
1162 4285 1205 4359 sit
1222 4284 1360 4377 lormis,
1380 4305 1456 4354 non
1479 4294 1600 4352 tamen
1620 4292 1683 4353 aut
1705 4278 1826 4352 multae

225 4423 411 4498 personae,
435 4417 498 4479 aut
522 4406 636 4479 mttlta
659 4428 812 4479 numero
834 4407 999 4480 Socrates
1021 4430 1097 4479 esse
1119 4406 1272 4499 dicitur;
1294 4401 1454 4500 alioquin
1478 4399 1551 4472 boc
1574 4421 1709 4471 nomen
1728 4400 1828 4471 tSo·

225 4531 380 4591 crates»
400 4523 603 4597 universale
624 4537 718 4598 esset
731 4525 852 4623 potius
877 4550 987 4625 quam
1011 4525 1202 4624 singulare,
1231 4548 1316 4596 cum
1339 4519 1386 4594 de
1404 4515 1650 4592 differentibus
1671 4541 1827 4591 numero

225 4635 428 4715 diaeretur„

276 4757 391 4832 Multo
414 4776 535 4836 autem
559 4765 682 4837 minus
699 4766 813 4842 multa
835 4787 989 4838 numero
1011 4764 1049 4837 in
1065 4767 1145 4837 Deo
1168 4776 1264 4857 sunt,
1290 4760 1353 4834 ubi
1370 4784 1439 4832 nec
1461 4758 1531 4831 ulla
1552 4772 1605 4832 est
1631 4759 1828 4831 formarum

230 4882 448 4976 multitud03
478 4901 517 4959 et
538 4887 653 4961 multo
677 4890 790 4988 magis
816 4888 1091 4964 concedendum
1115 4902 1169 4962 est
1193 4888 1231 4960 in
1256 4890 1348 4979 Deo,
1375 4883 1459 4983 quia
1474 4882 1534 4955 hic
1555 4882 1619 4981 qui
1645 4884 1750 4955 Pater
1774 4891 1829 4951 est

260 5167 267 5199 ¹
280 5163 376 5230 iacob..
391 5182 446 5234 unp.
459 5183 482 5234 ι,
496 5183 521 5222 r.
536 5172 575 5224 tr.
588 5196 618 5212 -
627 5172 639 5208 ³
648 5161 760 5240 boetius,
774 5173 805 5225 de
815 5170 918 5226 cantol.
931 5171 1018 5238 titt,
1029 5173 1073 5225 111).
1085 5169 1128 5222 111.
1143 5194 1174 5209 ·-
1185 5170 1294 5234 Ἐιοάη
1305 5182 1360 5233 etp.
1373 5179 1409 5230 ur,
1421 5179 1445 5218 v.
1458 5169 1498 5219 tt.
