4559 6100
463 496 536 569 236
1063 501 1189 576 PETRI
1215 499 1453 574 ABAELARDl
1529 523 1533 528 ·

460 674 538 747 quae
554 651 749 752 unicuique
771 653 888 727 reddit
904 654 1005 754 quod
1023 678 1129 727 snum
1145 666 1211 725 est.
1234 650 1445 749 Regnahunt
1459 651 1498 723 in
1516 651 1588 722 vita
1602 650 1736 722 scilicet
1752 663 1901 743 aeterna,
1921 648 1959 721 id
1979 663 2051 738 est,

461 770 571 842 vitam
589 771 691 866 quasi
709 796 882 869 regnum,
906 799 981 846 non
1007 772 1108 872 quasi
1132 770 1360 844 consulatum
1385 768 1587 843 instabilem
1605 767 1831 842 obtinebunt.
1851 773 1903 840 Ne
1920 768 2055 840 mireris

460 887 554 959 hanc
575 891 787 963 sententiam
812 893 939 991 saepius
962 890 1174 991 Apostolum
1198 912 1416 977 memorare,
1436 913 1520 962 cum
1542 888 1697 962 maxime
1719 886 1900 959 Christum
1925 888 1963 959 in
1984 885 2055 959 hoc

459 1006 621 1080 attendat
642 1009 915 1105 commendare,
937 1026 973 1083 ct
992 1010 1132 1083 ratione
1155 1008 1275 1082 valida
1291 1007 1375 1080 velit
1392 1022 1551 1080 astruere
1567 1006 1647 1107 plus
1665 1005 1712 1079 de
1727 1005 1870 1079 Christo
1886 1005 2056 1078 omnibus

459 1149 535 1196 esse
551 1125 828 1220 confidendum,
847 1154 958 1227 quam
975 1129 1021 1203 de
1038 1129 1152 1202 Adam
1169 1126 1382 1201 timendum.
1406 1125 1515 1238 Qupd
1532 1140 1572 1198 ut
1588 1125 1738 1198 firmiter
1752 1125 1934 1198 memoriae
1953 1148 2055 1197 com·

460 1244 625 1337 mendet,
648 1249 775 1347 saepius
792 1249 952 1349 replicat.
975 1279 993 1319 n
1019 1250 1129 1347 lgitur
1150 1248 1242 1321 sicut
1265 1271 1330 1347 per
1356 1246 1475 1319 unius.
1497 1274 1515 1310 a
1536 1243 1840 1343 Quandoquidem
1854 1269 1920 1343 per
1941 1243 2056 1316 Adam

459 1364 674 1440 incurrimus
696 1367 984 1462 damnationem,
1006 1382 1041 1442 et
1060 1394 1127 1468 per
1148 1367 1332 1441 Christum
1359 1365 1584 1464 assequimur
1602 1362 1912 1463 justificationem,
1939 1362 1977 1435 id
2002 1378 2060 1435 est

462 1484 732 1559 remissionem:
751 1488 859 1587 igitur
880 1517 896 1557 ι
914 1512 1125 1588 perunum,
1144 1515 1163 1555 n
1183 1485 1220 1559 id
1241 1500 1295 1558 est
1318 1509 1515 1585 perunum
1539 1483 1629 1557 illud
1651 1474 1847 1574 confertur,
1866 1495 1902 1553 et
1915 1481 1989 1553 hoc
2004 1496 2057 1554 est

463 1633 479 1668 a
494 1603 585 1708 sicut
596 1630 661 1705 per
676 1608 783 1681 unius
799 1606 984 1702 delictum,
999 1636 1018 1677 n
1035 1606 1152 1704 agitur
1164 1604 1330 1698 subaudi,
1347 1635 1365 1672 α
1379 1603 1426 1679 ad
1438 1603 1793 1691 condemnationem,
1806 1628 1825 1670 n
1838 1615 1877 1674 ut
1890 1599 2055 1675 videlicet

462 1720 611 1798 obnoxii
629 1726 699 1798 sint
714 1727 820 1800 etiam
836 1742 985 1827 propter
999 1725 1089 1799 illud
1105 1726 1213 1799 morti
1229 1740 1382 1819 aeternae,
1406 1754 1423 1789 α
1443 1724 1481 1796 in
1498 1747 1625 1797 omnes
1639 1722 1821 1809 homines,
1834 1750 1852 1787 n
1868 1733 1941 1792 tam
1956 1718 2056 1792 vidc-
2083 1751 2091 1763 ·

462 1840 543 1914 licet
559 1845 595 1914 in
613 1848 754 1943 eosqui
770 1872 846 1920 non
863 1860 1104 1948 peccaverunt
1119 1846 1157 1917 in
1173 1843 1446 1917 similitudinem
1461 1841 1762 1943 praevaricationis
1780 1838 1877 1929 lde,
1895 1853 2057 1938 utsupra

462 1963 637 2056 meminit,
652 1990 761 2063 quam
773 1967 810 2038 in
822 1966 910 2040 alios
924 1994 932 2037 ε
945 1967 1002 2039 vel
1013 1981 1087 2039 tarn
1100 1966 1138 2037 in
1152 1989 1216 2037 eos
1231 1964 1293 2063 qui
1310 1978 1393 2036 ante
1408 1962 1525 2060 legem
1539 1962 1697 2054 suerunt,
1713 1985 1824 2059 quam
1839 1960 1877 2030 in
1895 1957 1996 2053 alios,
2016 1973 2057 2031 ut

461 2104 569 2179 supra
579 2107 723 2181 quoque
736 2085 915 2178 meminit3
924 2087 975 2159 ita
987 2114 1006 2154 a
1015 2100 1051 2159 et
1062 2110 1128 2185 per
1139 2084 1247 2156 unius
1254 2083 1429 2180 justitiam
1439 2112 1457 2148 n
1471 2082 1588 2178 agitur
1600 2079 1647 2153 ad
1656 2078 1949 2178 justificationem
1961 2078 2053 2166 vitae,

462 2197 498 2268 id
511 2200 622 2273 estad
637 2204 883 2277 remissionem
893 2220 1137 2304 peccatorum,
1148 2227 1229 2302 quae
1237 2204 1348 2273 vitam
1355 2200 1515 2273 conserat
1523 2215 1706 2287 aeternam,
1718 2199 1754 2270 in
1762 2223 1890 2271 omnes
1899 2197 2057 2270 similiter

463 2318 640 2414 homines,
656 2346 730 2395 non
748 2323 895 2420 quidem
907 2324 944 2395 in
963 2322 1136 2420 singulos,
1153 2321 1269 2394 sedin
1289 2335 1440 2420 utraque
1456 2319 1648 2392 hominum
1661 2342 1792 2417 genera
1806 2318 2052 2390 determinata.

462 2439 570 2524 Quod
594 2442 692 2513 enim
723 2466 796 2514 non
828 2443 874 2515 dc
902 2441 1050 2539 singulis
1078 2442 1176 2516 dicat
1203 2442 1394 2541 Apostolus
1417 2440 1537 2513 statim
1562 2439 1749 2537 sequentia
1768 2438 1969 2528 insinuant,
1994 2435 2056 2508 uhi

462 2555 694 2631 solummodo
715 2591 732 2626 α
750 2560 867 2633 multi.
884 2590 902 2629 n
921 2561 1036 2651 Multi,
1052 2585 1127 2632 non
1147 2584 1286 2650 omnes,
1306 2558 1487 2632 dicuntur.
1504 2560 1548 2630 Et
1565 2558 1671 2657 plane
1690 2557 1882 2657 Apostolus
1892 2556 2057 2655 exprimit

462 2677 651 2772 quomodo
675 2680 838 2777 superius
864 2681 1103 2779 supradixerit
1128 2681 1286 2778 priorem
1309 2677 1419 2750 Adam
1444 2676 1618 2768 sormam,
1644 2676 1683 2749 id
1708 2692 1762 2750 est
1788 2674 2056 2750 similitudinem

463 2793 625 2884 secundi,
645 2795 681 2867 id
700 2812 754 2868 est
769 2796 912 2890 Christi,
932 2799 968 2870 in
984 2797 1056 2871 hoc
1075 2797 1240 2869 uidelicet
1255 2797 1356 2894 quod
1369 2795 1461 2868 sicut
1475 2795 1577 2895 quod
1592 2821 1699 2869 suum
1713 2811 1765 2869 oet
1781 2791 1992 2867 transiiindit
2008 2792 2057 2865 ad

465 2928 641 3010 posteros,
654 2913 753 2987 idest
765 2929 966 3014 peccatum,
975 2918 1025 2990 ita
1034 2916 1093 2988 ille
1104 2916 1206 3014 qnod
1218 2940 1326 2989 suum
1338 2914 1384 2988 ad
1398 2939 1494 3006 suos,
1508 2915 1546 2987 id
1555 2931 1608 2989 est
1620 2917 1769 3015 gratiam
1778 2911 2053 3012 justificationis.

515 3065 532 3098 a
543 3033 640 3106 Sicut
654 3034 764 3127 enim,
778 3066 796 3102 a
815 3060 898 3109 vere
915 3061 979 3136 per
995 3035 1164 3110 delictum
1182 3050 1218 3109 et
1235 3036 1409 3134 justitiam
1426 3036 1477 3109 sic
1490 3048 1609 3109 actum
1636 3051 1702 3129 est,
1732 3034 1818 3133 quia
1841 3056 1905 3133 per
1927 3028 2058 3105 inobe-

463 3154 634 3226 dientiam
656 3168 691 3227 at
713 3153 968 3229 obedientiam.
995 3161 1039 3227 Et
1057 3156 1130 3229 hoc
1157 3170 1223 3250 est,
1254 3156 1509 3248 «sicutenim,
1534 3169 1603 3228 etc.
1628 3185 1646 3221 ι)
1673 3160 1740 3227 Per
1763 3166 1950 3253 peccatum
1975 3150 2058 3223 Adae

462 3271 594 3345 multos
609 3271 709 3367 dicit,
730 3299 804 3347 non
823 3300 950 3349 omnes
966 3277 1135 3350 constitui
1151 3291 1371 3375 peccatores,
1386 3275 1423 3348 id
1438 3291 1493 3349 est
1505 3289 1645 3348 aeterna
1656 3298 1772 3373 ρωιιτε
1782 3271 1888 3346 tradi.
1904 3277 1951 3343 Ut
1962 3272 2058 3344 enim

462 3393 771 3490 praetermittamus
794 3395 981 3470 hominem
1001 3397 1183 3470 Christum
1209 3395 1257 3469 ab
1279 3397 1381 3470 omni
1411 3409 1559 3494 peccato
1579 3418 1722 3493 semper
1741 3394 1955 3482 immunem,
1976 3404 2060 3463 sunt

464 3514 566 3586 multi
583 3514 714 3612 quihus
722 3515 798 3612 jam
814 3542 878 3615 per
893 3533 1116 3590 sacramenta
1132 3517 1296 3590 Ecclesiae
1317 3530 1504 3616 peccatum
1527 3512 1699 3611 originale
1721 3512 1970 3587 condonatum
1992 3525 2056 3597 est,

464 3649 498 3705 et
517 3648 642 3731 postea
657 3635 812 3732 propriis
830 3635 1121 3708 condemnantur
1137 3636 1306 3733 peccatis,
1317 3659 1409 3733 quos
1423 3657 1653 3733 nequaquam
1664 3658 1709 3706 eo
1720 3632 1832 3704 modo
1843 3656 1917 3730 quo
1925 3628 2061 3703 dictum

464 3764 517 3822 est
530 3765 738 3850 peccatores
752 3750 863 3824 Adam
879 3748 1162 3844 constituit,'sed
1176 3753 1319 3852 ipsimet
1335 3754 1445 3853 ipsos,
1473 3754 1647 3852 quiajam
1673 3777 1747 3826 non
1768 3765 1954 3852 peccatum
1977 3747 2060 3820 adae

465 3870 500 3938 in
515 3869 566 3940 eis
581 3870 701 3966 puniri
715 3869 868 3963 videtur,
884 3873 1019 3973 quippe
1035 3873 1136 3971 quod
1150 3873 1227 3971 jam
1239 3873 1291 3945 eis
1304 3872 1553 3947 condonatum
1569 3886 1637 3964 est,
1656 3871 1720 3945 sed
1735 3871 1882 3971 propria
1897 3871 2061 3968 ipsorum

466 4000 603 4060 tantum
614 4004 778 4087 pcccata;
789 3994 952 4087 quamvis
965 3991 1255 4091 nonnulli,juxta
1265 3992 1476 4093 parabolam
1484 3992 1634 4065 Domini
1647 3989 1693 4064 de
1704 3988 1848 4064 duobus
1860 3987 2059 4075 conservis,

465 4105 610 4180 dimissa
627 4109 735 4182 etiam
752 4123 898 4209 peccata
913 4112 949 4183 in
968 4110 1147 4185 damnatis
1162 4126 1269 4210 atque
1286 4114 1433 4209 ingratis
1448 4112 1579 4205 redire,
1599 4125 1636 4185 et
1654 4112 1758 4209 jungi
1776 4108 1822 4182 ad
1839 4129 1987 4207 poenam
2011 4108 2061 4179 ita

466 4224 588 4319 velint,
608 4241 647 4299 ut
663 4227 763 4326 quod
772 4229 847 4325 jam
864 4230 1173 4305 condonationem
1187 4233 1326 4330 accepit
1341 4233 1473 4305 iterum
1486 4232 1671 4331 puniatur,
1690 4254 1777 4302 cum
1790 4228 1828 4301 id
1845 4226 1950 4326 plane
1963 4230 2061 4324 tipo·

464 4344 576 4418 stolus
594 4348 631 4419 in
643 4348 875 4447 sequentibus
891 4352 1129 4446 contradicat,
1145 4351 1270 4425 diceus
1286 4353 1363 4424 sine
1378 4351 1590 4450 poenitentia
1603 4373 1680 4424 esse
1694 4348 1793 4422 dona
1810 4347 1876 4419 Dei
1893 4360 1930 4418 et
1952 4370 2061 4418 voca-

465 4464 613 4539 tionem.
635 4470 688 4539 De
711 4491 785 4564 quo
810 4469 957 4567 quidem
971 4497 1039 4544 suo
1058 4472 1141 4545 loco
1159 4471 1363 4570 diligentius
1384 4470 1613 4545 disseremus.
1645 4473 1838 4541 Possumus
1854 4466 1972 4569 'etiam
1988 4464 2060 4537 for·

465 4589 576 4656 tasse¹
591 4585 711 4659 nullos
731 4586 920 4662 salvandos
935 4591 982 4664 ab
996 4589 1110 4663 Adam
1126 4604 1345 4689 peccatores,
1368 4605 1408 4662 ut
1426 4589 1706 4663 determinatum
1721 4602 1789 4680 est,
1815 4585 1998 4677 constitui,
2022 4581 2060 4655 id

464 4716 517 4777 cst
533 4717 672 4778 aeternae
689 4706 798 4778 morti
821 4705 966 4803 subjici,
992 4708 1063 4781 sed'
1075 4708 1174 4781 solos
1193 4710 1271 4783 sine
1286 4723 1510 4783 sacramento
1527 4708 1730 4782 damnatos.

516 4854 534 4889 «ι
549 4828 615 4896 Per
634 4824 740 4897 unius
766 4823 1062 4920 obedientiam,n
1080 4828 1144 4926 qni
1158 4828 1324 4901 videlicet
1348 4826 1461 4902 factus
1486 4827 1660 4901 obediens
1682 4850 1797 4924 usque
1817 4825 1864 4897 ad
1889 4837 2058 4914 mortem,

500 5098 561 5149 'tlte
573 5100 666 5165 athutd
679 5103 764 5153 deme
775 5103 880 5163 udatur,
892 5112 919 5154 ut
930 5103 1053 5169 conjicere
1066 5106 1102 5156 vet
1115 5101 1288 5168 interpretari.
