4559 6100
498 516 570 588 tta
1104 513 1233 585 PETRI
1258 512 1494 587 ABAELlunt

498 666 592 737 circa
615 688 692 736 rem
709 663 940 762 praecedentis
962 662 1148 756 dictionis,
1175 663 1263 735 dum
1287 688 1367 735 eam
1383 678 1556 762 tanquam
1576 667 1760 738 aSocrute
1782 688 1982 764 possessam
2009 669 2111 740 insi-

497 799 602 874 nuat,
624 799 659 855 et
685 783 755 855 tale
778 798 830 855 est
848 812 866 852 n
874 782 1004 856 domus
1024 783 1180 857 Socratis
1195 811 1212 850 u
1233 784 1323 856 acsi
1346 782 1524 857 diceretur
1545 810 1553 853 ε
1576 782 1737 855 «domus
1754 786 1975 858 Socratica.»
1993 788 2111 860 Simi-

496 904 577 977 liter
603 906 718 976 caeteri
744 903 882 1001 obliqui
907 905 1089 978 transitive
1115 902 1297 1001 aliquibus
1320 903 1470 976 vocibus
1494 903 1674 1003 copulati,
1703 904 1877 1001 quasdam
1901 907 2107 981 terminant

496 1025 732 1123 proprietates
747 1025 842 1096 circa
857 1048 913 1096 res
929 1023 1208 1122 praecedentium
1234 1024 1458 1114 dictionum,
1483 1022 1681 1096 secundum
1698 1023 1855 1122 aliquem
1880 1026 2034 1099 modum
2057 1054 2104 1102 se

495 1142 655 1215 habendi
683 1143 729 1214 ad
754 1168 810 1215 res
839 1168 933 1216 suas.
963 1150 1076 1240 Atque
1098 1147 1147 1217 ita
1171 1170 1215 1217 ex
1240 1143 1348 1217 rebus
1366 1142 1645 1243 precedentium
1664 1142 1863 1216 dictionum
1880 1159 1917 1217 et
1931 1149 2103 1245 proprie·

496 1263 629 1335 tatibus
652 1289 717 1362 per
734 1263 900 1360 obliquos
917 1265 1012 1337 circa
1028 1289 1088 1337 eas
1104 1264 1369 1357 determinatis,
1397 1262 1561 1361 quaedam
1585 1288 1665 1335 unae
1682 1288 1739 1336 res
1754 1279 1949 1363 compactae
1966 1266 2103 1341 intelli·

382 1451 385 1456 .
495 1398 641 1480 guntur.
670 1385 769 1482 Saepe
791 1399 912 1455 autem
928 1385 1104 1481 contingit
1120 1385 1158 1457 in
1182 1409 1257 1457 uno
1284 1384 1468 1457 intellectu
1490 1383 1610 1483 plures
1634 1383 1711 1457 lieri
1731 1384 2004 1480 conjunctiones
2032 1403 2101 1461 aut

494 1502 687 1575 divisiones
703 1505 775 1575 sive
791 1504 1068 1601 disjunctiones3
1098 1530 1166 1579 nec
1183 1520 1304 1579 tamen
1320 1504 1404 1578 ideo
1423 1507 1540 1577 unitas
1555 1503 1693 1577 tollitur
1708 1503 1928 1596 intellectus,
1950 1508 2038 1604 quia
2055 1510 2096 1582 in

494 1638 572 1695 toto
597 1624 778 1697 intellectu
800 1628 905 1697 unius
927 1626 1192 1723 conjunctionis
1209 1650 1351 1698 summa
1370 1637 1436 1698 est.
1455 1624 1565 1698 Verbi
1588 1624 1713 1721 gratia,
1733 1625 1764 1696 si
1778 1624 1896 1698 dicam
1916 1654 1924 1696 :
1946 1626 2095 1702 «homo

492 1743 682 1850 ambulans
696 1746 758 1842 qui
772 1746 894 1836 currit,
907 1777 924 1812 »
941 1745 998 1819 vel
1018 1776 1036 1814 «
1049 1745 1162 1818 bomo
1179 1744 1341 1818 ambulat
1358 1746 1421 1843 qui
1437 1745 1590 1835 currit»
1607 1744 1688 1816 duae
1701 1759 1785 1816 sunt
1799 1745 2089 1841 conjunctiones,

491 1888 565 1935 una
590 1863 737 1960 quidem
753 1888 876 1937 cursus
892 1865 939 1937 ad
955 1864 1142 1937 hominem
1158 1867 1197 1936 in
1217 1889 1262 1937 eo
1279 1864 1380 1963 qnod
1405 1863 1535 1936 dicitur
1554 1862 1667 1936 bomo
1687 1866 1750 1962 qui
1766 1864 1895 1957 currit,
1913 1865 2025 1938 altera
2042 1867 2092 1940 ad

491 1982 677 2055 hominem
702 2000 907 2057 currentem
935 2009 1019 2056 cum
1048 1984 1252 2082 adjungitur
1279 1983 1453 2058 ambulat.
1488 1986 1571 2055 Haec
1597 1998 1650 2055 est
1681 1984 1779 2056 enim
1805 1997 1902 2055 recta
1923 2001 2091 2058 constru-

491 2102 620 2174 ctionis
638 2104 772 2175 series:
795 2134 813 2173 (ι
832 2105 945 2176 bomo
963 2105 1026 2201 qui
1043 2106 1156 2176 currit
1177 2103 1385 2203 ambulans,
1409 2103 1523 2176 homo
1544 2103 1609 2200 qui
1634 2104 1745 2175 currit
1763 2101 1937 2189 ambulat,
1958 2134 1976 2169 n
1995 2118 2033 2176 et
2050 2104 2090 2178 fit

490 2223 525 2294 in
555 2249 696 2297 summa
721 2226 831 2298 totius
861 2226 1034 2297 orationis
1064 2248 1133 2297 una
1168 2225 1351 2324 copulatio
1378 2221 1632 2297 ambulationis
1659 2224 1793 2296 scilicet
1827 2222 1874 2295 ad
1899 2222 2090 2298 hominem

490 2342 596 2416 talem
614 2344 651 2416 id
669 2361 722 2419 est
738 2361 957 2418 currentem.
976 2345 1048 2417 Sed
1063 2359 1099 2418 et
1116 2345 1146 2416 si
1162 2344 1280 2419 dicam
1301 2375 1319 2414 n
1330 2345 1443 2418 bomo
1459 2342 1523 2441 qui
1539 2342 1651 2416 currit
1669 2358 1723 2415 est
1739 2343 1853 2416 bomo
1875 2346 1938 2443 qui
1955 2344 2089 2418 ambu-

488 2464 555 2556 lat,
576 2494 594 2534 n
615 2480 687 2537 tam
704 2469 739 2537 in
755 2467 936 2566 praedicati
955 2467 1120 2539 oratione
1137 2490 1247 2563 quam
1264 2467 1301 2538 in
1320 2465 1472 2563 subjecti
1489 2488 1561 2537 una
1581 2488 1701 2562 perse
1718 2462 1758 2537 fit
1774 2464 1995 2561 conjunctio.
2014 2466 2088 2539 Sed

408 2605 417 2617 ’
487 2585 569 2681 quia
595 2584 642 2657 ad
666 2585 735 2656 hoc
759 2586 863 2657 luerit
886 2601 926 2658 ut
950 2586 997 2658 de
1021 2586 1107 2686 ipsis
1133 2610 1257 2657 rursus
1284 2585 1322 2657 in
1344 2608 1486 2657 summa
1509 2583 1619 2655 totius
1641 2583 1899 2682 propositionis
1924 2609 1997 2657 una
2023 2584 2088 2659 fiat

486 2706 709 2800 conjunctio,
729 2705 887 2777 hominis
902 2706 1037 2778 scilicet
1052 2706 1115 2803 qui
1133 2704 1295 2778 ambulat
1308 2706 1354 2778 ad
1371 2706 1557 2778 bominem
1574 2704 1638 2802 qni
1652 2706 1777 2795 currit,
1796 2729 1912 2776 unum
1928 2704 2087 2779 reddunt

483 2822 719 2895 intellectum.
736 2827 827 2895 Cum
841 2825 960 2922 itaque
976 2825 1097 2924 plures
1112 2824 1387 2921 conjunctiones
1397 2825 1435 2896 in
1452 2849 1528 2896 uno
1545 2822 1727 2896 intellectu
1744 2824 1793 2895 ita
1806 2823 2025 2896 conveniunt
2042 2840 2086 2897 ut

485 2944 548 3014 uni
567 2942 790 3015 subserviant
806 2968 947 3036 omnes,
965 2958 1002 3016 et
1016 2958 1165 3044 propter
1179 2944 1253 3017 hoo
1268 2944 1342 3016 istae
1360 2943 1541 3017 habentur
1557 2959 1596 3016 ut
1613 2968 1685 3016 una
1701 2969 1745 3015 ex
1762 2943 1813 3016 eis
1829 2943 2080 3034 constituatur,

482 3088 596 3136 unum
623 3089 768 3139 necesse
792 3080 846 3139 est
869 3065 1091 3139 intellectum
1118 3091 1196 3140 esse
1226 3066 1273 3141 ad
1297 3090 1408 3164 quem
1433 3064 1642 3138 habendum
1666 3089 1742 3137 uno
1768 3066 1898 3137 mentis
1923 3063 2081 3162 impulsu

482 3186 654 3258 continue
678 3189 822 3258 animus
845 3185 1017 3259 tenditur.
1038 3187 1272 3288 Multiplicem
1295 3209 1381 3259 vero
1404 3184 1625 3257 intellectum
1644 3183 1798 3256 dicimus
1820 3184 1952 3257 multos
1977 3182 2083 3256 intel·

482 3301 594 3376 lectus
617 3304 664 3378 ab
686 3306 843 3379 invicem
858 3305 1072 3397 dissolutos,
1093 3320 1133 3378 ut
1149 3308 1179 3380 si
1205 3306 1323 3379 dicum
1343 3305 1482 3376 «homo
1497 3304 1662 3401 lignum»
1681 3302 1738 3375 vel
1757 3301 1962 3375 «rationale
1984 3326 2083 3374 mor·

483 3423 565 3516 tale,
577 3452 594 3492 n
616 3426 674 3498 vel
693 3455 710 3495 n
726 3427 860 3498 animal
871 3455 888 3495 n
905 3440 941 3500 et
955 3425 1202 3525 postmodum,
1219 3425 1406 3524 paululum
1431 3424 1632 3522 quiescens,
1651 3420 1811 3494 addam:
1833 3421 2048 3511 irrationale,
2059 3452 2078 3488 n

481 3542 616 3616 divisos
640 3546 842 3619 intellectus
866 3570 934 3619 nec
958 3547 1006 3619 ad
1029 3572 1139 3620 unam
1157 3572 1234 3619 rem
1251 3545 1527 3646 concipiendam
1552 3544 1808 3617 convenientes
1831 3543 1926 3616 binis
1952 3541 2079 3615 dictio·

481 3663 587 3737 nibus
613 3664 837 3756 demonstro,
856 3692 898 3739 ex
916 3690 990 3740 una
1012 3691 1154 3765 quaque
1172 3665 1306 3738 scilicet
1322 3665 1480 3739 dictione
1502 3689 1541 3738 ro
1564 3689 1629 3738 sua
1651 3679 1847 3763 concepta,
1865 3662 2001 3736 scilicet
2016 3687 2078 3735 ne·

480 3807 663 3880 quaquam
691 3788 743 3859 rei
775 3787 921 3859 alterius
946 3786 1095 3861 alteram
1120 3810 1198 3859 rem
1229 3784 1436 3885 copulando
1461 3799 1501 3858 ut
1527 3809 1641 3857 unum
1665 3781 1851 3881 quoddam
1878 3781 2079 3854 intellectus

481 3901 660 3976 conficiat.
681 3908 720 3977 ln
738 3906 885 4003 singulis
901 3908 1035 4007 quippe
1052 3905 1352 4006 conceptionibus
1368 3907 1406 3978 in
1422 3931 1461 3980 se
1477 3906 1607 3979 iterum
1622 3903 1765 3978 animus
1784 3902 1892 3996 redit,
1911 3904 2013 4000 quasi
2037 3903 2076 3973 in

481 4021 630 4116 singulis
645 4039 785 4096 motum
802 4026 1041 4123 intelligentiae
1054 4052 1126 4099 suae
1144 4028 1310 4119 inchoet;
1331 4051 1398 4100 nec
1413 4026 1497 4101 ideo
1513 4025 1685 4098 continue
1702 4022 1749 4098 ab
1769 4047 1844 4094 uno
1860 4021 1906 4095 ad
1924 4023 2076 4096 alterum

480 4140 652 4233 decurrit,
673 4167 716 4216 ac
733 4168 799 4242 per
814 4144 887 4217 boc
907 4144 1024 4216 unitas
1043 4144 1284 4243 intelligentiae
1298 4146 1440 4219 tollitur
1453 4160 1491 4221 et
1505 4144 1731 4221 continuatio
1748 4142 1984 4216 interciditur.
1995 4146 2075 4215 Haec

482 4260 528 4334 de
545 4264 684 4336 unitate
701 4288 743 4337 ac
760 4263 1020 4363 multiplicitate
1038 4262 1287 4336 intellectuum
1301 4265 1386 4336 satis
1402 4266 1446 4338 sit
1462 4264 1501 4338 in
1517 4264 1787 4365 presentiarum
1803 4261 1947 4336 dixisse.

977 4448 1051 4540 Qui
1063 4448 1148 4518 sani
1165 4445 1381 4540 intellectus,
1400 4449 1464 4547 qui
1478 4451 1583 4519 cassi.

527 4614 631 4684 Nunc
646 4612 739 4685 ordo
757 4627 823 4706 eet,
839 4613 939 4709 juxta
957 4612 1135 4713 propositi
1151 4611 1263 4684 nostri
1282 4612 1595 4710 praetitulationem
1608 4611 1827 4712 distinguere
1844 4613 1908 4711 qui
1922 4612 2000 4685 sani
2019 4612 2073 4685 vel

477 4732 568 4805 cassi
595 4733 812 4825 intellectus,
838 4733 902 4831 qui
921 4733 1030 4806 etiam
1052 4733 1128 4805 veri
1154 4730 1212 4804 vel
1235 4730 1314 4805 falsi
1337 4731 1484 4805 dicendi
1503 4731 1588 4804 sint.
1609 4734 1725 4805 Sanos
1749 4731 1897 4830 quidem
1922 4731 2073 4806 dicimus

477 4851 678 4926 intellectus
694 4878 760 4953 per
780 4877 1033 4952 quoscumque
1055 4852 1105 4924 ita
1125 4865 1167 4925 ut
1187 4876 1263 4925 sese
1279 4876 1336 4925 res
1360 4850 1470 4925 habet
1489 4850 1729 4944 attendimus,
1755 4854 1829 4925 sive
1850 4851 1902 4925 illi
1926 4849 2072 4947 quidem

477 4971 549 5044 sint
572 4972 751 5072 simplices
775 4974 850 5047 sive
876 4973 1081 5073 compositi.
1116 4971 1215 5045 Cassi
1237 4996 1324 5044 vero
1348 4972 1565 5046 econtrario
1588 4971 1774 5068 dicuntur,
1800 4986 1873 5044 tam
1893 4970 2069 5069 simplices

477 5114 588 5188 qnam
612 5093 815 5194 compositi,
840 5117 932 5191 quos
955 5092 1175 5191 frequentius
1197 5093 1388 5194 opiniones
1410 5115 1519 5192 quam
1542 5090 1745 5166 intellectus
1765 5113 1895 5166 vocare
1918 5111 2067 5162 consue·
