4559 6100
458 497 504 568 76
1052 505 1173 581 PETRI
1198 504 1427 580 tammam

457 669 691 744 nihilominus
708 689 868 746 errarent
885 703 893 746 ε
912 701 997 750 cum
1018 693 1137 752 autern
1168 680 1253 752 loris
1279 694 1382 772 sunt,
1409 680 1605 779 plurimum
1621 691 1792 776 prosunt,
1818 701 1894 751 non
1919 703 2042 754 verum

457 788 612 863 dicendo
635 791 735 888 quod
759 794 940 887 nesciunt,
959 797 1023 870 sed
1039 798 1226 871 adrerum
1242 797 1474 896 quaerendum
1492 796 1672 887 carnales,
1695 796 1795 869 etad
1814 821 1941 870 verum
1957 801 2044 872 acci·

456 910 629 1006 piendum
645 911 843 1009 spirituales
859 915 1064 990 Catholicos
1078 918 1282 990 excitando.
1297 923 1448 989 Utamur
1463 940 1548 1012 ergo
1565 914 1752 1005 haereticis,
1770 940 1844 987 non
1862 931 2042 989 uteorum

456 1028 698 1127 approbemus
707 1056 859 1122 errores,
869 1036 932 1108 sed
947 1051 987 1107 ut
997 1036 1212 1109 catholicam
1225 1036 1451 1135 disciplinam
1466 1035 1638 1107 adversus
1652 1058 1780 1106 eorum
1793 1034 1939 1107 insidias
1949 1059 2043 1108 asse·

456 1163 585 1241 rentes,
603 1150 843 1247 vigilantiores
862 1168 897 1226 et
913 1156 1091 1228 cautiores
1106 1157 1231 1249 simus,
1250 1156 1315 1226 etsi
1331 1179 1393 1227 eos
1410 1153 1623 1227 adsalutem
1642 1176 1810 1225 revocare
1829 1177 1901 1225 non
1914 1178 2044 1252 possu-

457 1292 548 1341 mus.
568 1297 586 1337 ιι
605 1269 782 1360 Isidorus,
802 1271 845 1343 de
862 1276 1008 1344 Summo
1023 1273 1134 1365 bono,
1154 1273 1217 1346 lib.
1233 1277 1261 1366 l,
1282 1298 1363 1372 cap.
1384 1277 1457 1345 ιιι1
1476 1300 1484 1343 :
1507 1301 1525 1341 a
1544 1274 1673 1344 Sancta
1687 1270 1844 1343 Ecclesia
1861 1288 2043 1345 exercetur

458 1387 645 1485 sapientia,
663 1414 748 1461 cum
765 1405 922 1463 tentatur
939 1391 1075 1482 verbis,
1094 1406 1279 1464 exercetur
1295 1393 1482 1490 patientia,
1501 1415 1584 1463 cum
1601 1405 1755 1462 tentatur
1771 1389 1908 1486 gladiis.
1928 1395 2043 1465 Causa

457 1507 638 1603 pravitatis
654 1507 826 1581 haeretica
843 1509 1007 1583 doctrina
1022 1524 1075 1582 est
1091 1524 1288 1609 propagata
1306 1511 1486 1600 Ecclesiae3
1507 1534 1592 1583 nam
1608 1523 1714 1582 antea
1731 1508 1884 1607 simplici
1902 1523 2043 1581 tantum

455 1623 527 1697 fide
542 1625 696 1722 vigebat.
715 1630 971 1701 Haeretieorum
987 1653 1073 1727 ergo
1089 1630 1277 1701 occasione
1290 1629 1476 1728 propagati
1490 1642 1574 1701 sunt
1589 1627 1756 1700 doctores
1769 1626 1806 1698 in
1823 1625 1909 1719 fide,
1928 1640 1964 1698 et
1979 1652 2045 1726 per

455 1768 605 1819 acumen
622 1745 809 1820 haeresium
826 1747 935 1820 hodie
949 1763 1140 1821 creverunt
1162 1749 1332 1844 magistri.
1354 1777 1372 1816 u
1399 1746 1502 1818 Unde
1527 1760 1564 1817 et
1584 1745 1696 1817 sancti
1718 1738 1884 1816 doctores
1898 1769 1981 1816 cum
1995 1746 2043 1817 ad

456 1866 758 1959 exercitationem,
780 1882 819 1937 ut
838 1867 974 1939 dictum
994 1882 1060 1959 est,
1081 1866 1254 1956 fidelium,
1275 1867 1366 1941 adeo
1384 1866 1599 1942 necessarias
1615 1888 1690 1939 esse
1707 1862 1955 1937 haereticorum
1971 1861 2044 1937 dis·

455 1985 658 2080 putationes
675 1987 731 2058 vel
747 1987 995 2084 inquisitiones
1011 1986 1254 2080 attenderent,
1274 1987 1413 2059 ratione
1430 1986 1549 2085 potius
1565 2008 1674 2082 quarn
1684 1997 1859 2083 potestate
1872 2006 1934 2053 eos
1944 2005 2045 2053 coer·

455 2104 528 2175 ceri
547 2120 763 2198 sanxerunt,
781 2120 817 2178 et
832 2131 900 2178 nos
920 2108 1021 2204 quasi
1040 2122 1146 2180 tantae
1161 2107 1315 2179 victoriae
1332 2103 1531 2195 desiderio,
1551 2103 1598 2175 ad
1620 2126 1727 2173 sacrae
1749 2101 1906 2173 studium
1923 2100 2045 2173 erudi-

454 2224 561 2295 tionis
576 2241 659 2296 sunt
674 2226 900 2323 potissimum
925 2225 1117 2298 adhortati.
1144 2224 1259 2313 Quale
1280 2240 1332 2296 est
1357 2222 1446 2296 illud
1469 2222 1677 2319 Hieronymi
1691 2222 1742 2292 ad
1754 2222 2040 2319 Nepotianum':

456 2370 474 2405 α
489 2342 610 2434 Disce,
637 2344 774 2439 inquit,
795 2343 884 2439 quid
899 2342 1053 2435 doceas,
1073 2359 1112 2414 nt
1128 2344 1242 2442 possis
1260 2343 1442 2415 adhortari
1460 2343 1497 2412 in
1524 2340 1690 2413 doctrina
1706 2364 1825 2431 sacra,
1853 2355 1890 2412 et
1903 2351 2045 2412 contra·

452 2460 609 2532 dicentes
623 2462 825 2554 revincere,
842 2478 986 2560 paratus
999 2487 1142 2561 semper
1157 2462 1203 2535 ad
1219 2462 1498 2534 satisfactionem
1516 2461 1616 2532 omni
1632 2461 1793 2558 poscenti
1809 2460 1987 2531 rationem
1999 2459 2046 2532 dc

453 2602 496 2650 ea
512 2602 591 2675 quae
605 2580 641 2652 in
658 2595 694 2653 te
707 2595 760 2653 est
776 2605 850 2681 spe.
875 2610 893 2649 u
910 2583 1105 2679 Gregorius
1120 2581 1350 2654 Bonihcio':
1376 2608 1394 2649 r
1413 2580 1448 2651 si
1466 2581 1532 2672 ita,
1550 2593 1590 2651 ut
1608 2578 1811 2670 audieram,
1833 2577 2044 2673 magnitudo

452 2711 569 2769 vestra
591 2699 791 2771 intentione
811 2700 960 2773 sollicita
977 2699 1023 2773 de
1043 2703 1172 2772 animae
1189 2725 1262 2773 suae
1275 2701 1346 2773 vita
1361 2700 1546 2798 cogitaret,
1563 2721 1789 2797 nequaquam
1806 2696 1894 2767 mihi
1909 2695 1956 2768 de
1971 2694 2044 2767 lide

452 2838 517 2895 sua
533 2840 598 2913 per
614 2818 801 2915 epistolas,
813 2819 883 2892 sed
901 2845 966 2918 per
978 2822 1206 2921 semetipsam
1220 2833 1384 2920 posceret
1401 2818 1636 2917 respondere,
1662 2832 1702 2888 ut
1721 2831 1757 2889 et
1772 2841 1839 2888 vos
1850 2814 1896 2887 de
1923 2832 2045 2887 nostra

452 2933 612 3028 ratione,
641 2950 677 3008 et
705 2961 772 3009 nos
801 2937 846 3011 de
871 2954 984 3011 vestra
1012 2939 1221 3012 credulitate
1247 2937 1494 3034 gauderemus.
1529 2940 1618 3008 Nam
1636 2960 1703 3008 nos
1724 2935 1805 3007 licet
1822 2935 1859 3006 in
1876 2934 2045 3007 omnihus

452 3055 591 3147 causis,
610 3056 646 3126 in
663 3054 719 3128 his
735 3058 911 3158 praecipue
929 3085 1010 3157 quae
1024 3061 1091 3132 Dei
1104 3059 1189 3151 sint,
1214 3059 1354 3131 ratione
1372 3058 1482 3154 magis
1498 3056 1743 3151 constringere
1758 3054 1926 3127 homines
1937 3079 2044 3152 quam

452 3176 665 3247 auctoritate
687 3176 906 3249 festinamus.
925 3206 943 3245 n
958 3167 1059 3251 idern
1072 3179 1266 3250 Dominico
1288 3179 1480 3276 episeopo⁸
1497 3205 1506 3249 r
1524 3207 1541 3242 ι
1561 3179 1778 3272 Quanquam
1802 3174 2046 3252 desideremus

451 3314 579 3365 omnes
592 3293 776 3367 haereticos
791 3319 812 3368 a
827 3297 1011 3370 catholicis
1027 3296 1275 3371 sacerdotibus
1291 3297 1413 3393 rigore
1428 3319 1571 3393 semper
1587 3294 1799 3391 rationeque
1814 3295 2008 3392 compesci.
2026 3325 2043 3360 s

451 3410 569 3506 idem,
587 3415 622 3484 in
637 3417 839 3510 pastorali,
858 3442 938 3517 cap.
958 3423 1046 3490 ω’
1065 3447 1074 3491 :
1094 3448 1112 3487 «
1132 3418 1240 3490 Aliter
1257 3416 1478 3491 admonendi
1494 3430 1578 3487 suot
1592 3414 1700 3511 hujus
1716 3413 1826 3487 seculi
1842 3414 2043 3512 sapientes,

449 3547 557 3629 atque
569 3534 671 3606 aliter
683 3534 843 3607 hebetes.
861 3536 944 3608 lllos
958 3538 1169 3634 plerumque
1182 3539 1329 3610 rationis
1341 3549 1566 3632 argumenta,
1583 3535 1670 3606 istos
1682 3556 1945 3628 nonnunquam
1971 3557 2047 3604 me·

449 3651 520 3723 lius
551 3653 713 3751 exempla
734 3668 961 3725 convertunt.
979 3654 1050 3726 lllis
1071 3657 1239 3727 nimirum
1267 3654 1413 3754 prodest
1433 3670 1474 3726 nt
1497 3656 1533 3725 in
1551 3654 1625 3726 suis
1641 3650 1914 3748 allegationibus
1943 3651 2046 3720 victi‘

450 3786 699 3868 permaneant,
718 3773 792 3843 istis
806 3796 891 3844 vero
908 3773 1101 3870 aliquando
1117 3773 1248 3845 sufficit
1261 3773 1500 3846 utlaudabilia
1514 3773 1668 3846 aliorum
1682 3770 1770 3843 faeta
1784 3783 2042 3864 cognoscant.»

451 3889 618 3961 Nicolaus
641 3895 754 3989 Papa,
778 3890 825 3964 ad
849 3893 1013 3965 consulta
1036 3892 1289 3989 Bulgarorum,
1309 3917 1389 3991 cap.
1411 3918 1492 3963 xer:
1517 3923 1533 3960 κ
1553 3897 1606 3964 De
1623 3893 1673 3963 eis
1689 3890 1751 3988 qui
1771 3887 2047 3961 Christianitatis

450 4008 590 4080 bonum
608 4011 786 4110 suscipere
802 4025 974 4102 renuunt,
991 4037 1066 4084 non
1083 4013 1181 4085 alind
1193 4036 1383 4112 possumus
1398 4012 1552 4084 scribere
1569 4010 1695 4102 vobis,
1724 4009 1791 4080 nisi
1807 4023 1848 4080 ut
1872 4008 1919 4080 ad
1936 4006 2047 4080 fidem

450 4130 657 4201 necessariis
673 4131 842 4222 monitis,
872 4145 908 4203 et
925 4130 1247 4224 exhortationihus,
1268 4147 1303 4204 et
1319 4133 1458 4204 ratione
1482 4156 1545 4203 eos
1568 4130 1689 4228 potius
1710 4150 1820 4225 quam
1838 4127 1874 4197 vi
1897 4127 2047 4197 convin-

451 4249 553 4321 catis.
563 4276 581 4315 u
594 4248 764 4341 Isidorus,
783 4249 826 4320 de
842 4255 989 4322 Sammo
1001 4256 1102 4323 Bono
1117 4251 1182 4324 lib.
1200 4255 1261 4323 11⁷:
1278 4250 1411 4323 «Fides
1429 4272 1659 4347 nequaquam
1674 4249 1709 4318 ri
1720 4258 1966 4341 extorquetur,
1983 4244 2047 4317 scd

395 4364 401 4375 '
449 4370 587 4441 ratione
616 4383 723 4466 atque
753 4370 922 4469 exemplis
943 4370 1125 4444 suadetur.
1153 4375 1179 4441 A
1210 4370 1342 4470 quibus
1375 4385 1496 4443 autem
1526 4367 1676 4464 exigitur
1706 4364 1895 4455 violenter,
1922 4387 2046 4462 perse·

449 4513 571 4561 verare
597 4491 634 4559 iu
658 4489 709 4560 eis
735 4513 810 4561 non
835 4505 974 4588 potest,
1007 4491 1194 4590 exemplo,
1218 4506 1257 4563 ut
1284 4492 1333 4562 ait
1357 4490 1524 4588 quidam,
1544 4484 1693 4561 novellae
1719 4484 1859 4557 arboris
1887 4484 1987 4579 cujus
2015 4483 2046 4554 si

450 4611 530 4707 quis
546 4632 719 4681 cacumen
736 4610 911 4682 violenter
927 4611 1157 4710 impresserit,
1177 4612 1313 4697 denuo,
1330 4610 1419 4682 dum
1436 4609 1587 4694 laxatur,
1608 4609 1645 4677 in
1667 4604 1704 4678 id
1721 4603 1821 4701 quod
1835 4604 1949 4676 luerat
1963 4627 2048 4674 con·

447 4729 568 4801 sestinr
590 4729 826 4801 revertitur.»
846 4730 998 4802 Hilarius
1023 4729 1067 4802 de
1086 4733 1274 4820 Trr’ur'tate,
1295 4729 1358 4802 lib.
1379 4732 1440 4799 xtt
1461 4756 1469 4799 ε
1492 4731 1677 4826 «Oportet
1693 4746 1757 4795 eos
1777 4723 1840 4820 qui
1863 4722 2045 4795 Christum

478 5043 677 5110 'matta
686 5046 804 5107 itatis.
813 5046 934 5108 -¹eptst.
950 5057 1036 5103 run,
1050 5043 1129 5107 (ηιμ,
1140 5050 1160 5095 t
1173 5042 1216 5105 tt,
1269 5044 1312 5094 tn.
1323 5042 1354 5103 r,
1365 5044 1438 5105 aptat.
1449 5054 1474 5093 v.
1488 5066 1516 5079 —
1529 5042 1605 5104 theu.
1619 5040 1645 5090 P.
1661 5052 1704 5100 ιιι,
1720 5050 1773 5102 cap.
1787 5049 1822 5087 rr.
1840 5060 1868 5073 -
1879 5036 1889 5068 ⁸
1900 5032 2045 5083 ambaesius

408 5190 417 5202 ·
446 5125 574 5188 p.lt,col.
586 5125 785 5188 aon-mnne
799 5126 841 5176 un.
856 5124 896 5184 ll,
909 5126 980 5188 epist.
997 5123 1216 5186 atita-qm,
1266 5119 1594 5186 joma-’oppam
1606 5134 1632 5184 p.
1645 5121 1698 5171 19².
