4559 6100
1119 369 1490 484 Mtutstttl

673 720 1083 929 unum
1179 712 1926 928 ABAELARDI

733 1167 1078 1260 FRAGMENTA
1109 1168 1453 1258 THEOLOGIAE
1486 1165 1864 1259 cfltttstltNAE.

1162 1496 1430 1513 μ

536 1768 608 1826 Cum
633 1784 701 1844 pars
717 1764 818 1824 ultima
835 1763 992 1822 voluminis
1008 1762 1097 1836 hujus
1115 1763 1287 1837 jamdudum
1309 1765 1385 1843 typis
1411 1762 1547 1822 mandata
1563 1773 1643 1835 erat,
1658 1761 1822 1820 inciderunt
1844 1760 1875 1819 in
1891 1779 1998 1820 manus
2017 1762 2103 1842 frag-

447 1935 451 1941 ,
494 1872 592 1919 menta
608 1858 756 1936 quaedam,
774 1872 802 1916 et
820 1857 870 1916 illa
890 1857 1008 1934 quidem
1028 1876 1088 1915 non
1105 1857 1257 1917 mediocris
1271 1858 1368 1937 pretii,
1386 1859 1539 1933 Theologtae
1553 1858 1721 1916 Christiana·
1735 1854 1828 1914 nostri
1845 1852 2006 1929 abaelardi,
2024 1875 2094 1932 qua

491 1952 570 2031 apud
590 1952 792 2011 bibliothecam
810 1951 1007 2010 cassinensem
1027 1964 1140 2028 reperta
1158 1952 1204 2008 vir
1224 1953 1295 2010 clar.
1310 1950 1396 2029 Luigi
1417 1951 1495 2008 Tosti
1514 1950 1624 2027 primus
1641 1948 1672 2007 in
1687 1946 1903 2022 lucem'edidit,
1919 1946 1958 2006 ad
1981 1945 2095 2008 calcem

490 2046 559 2106 libri
571 2046 726 2105 doctissimi
744 2045 791 2104 cui
805 2044 905 2103 titulus
921 2057 963 2102 est
980 2049 1076 2103 Storia
1091 2048 1125 2100 di
1137 2044 1287 2102 Abaelordo
1304 2066 1321 2102 e
1338 2048 1387 2101 dei
1403 2047 1466 2101 suoi
1483 2045 1580 2119 tempi,
1595 2043 1713 2120 Napoli,
1729 2041 1925 2115 totuin-8⁰,
1942 2062 2012 2122 pag.
2030 2046 2093 2101 286

489 2151 519 2198 et
535 2159 601 2217 sqq.
616 2143 687 2212 Quae
703 2138 820 2216 quidem
836 2136 889 2196 etsi
909 2157 974 2195 sero
989 2137 1177 2206 innotuerint,
1192 2158 1247 2197 neo
1261 2130 1326 2196 ideo
1338 2150 1405 2216 apte
1425 2156 1479 2196 suo
1492 2141 1556 2194 loco
1571 2136 1718 2213 potuerint
1732 2135 1853 2214 apponi,
1868 2155 1902 2193 ea
1916 2150 2098 2214 praepostere

489 2232 579 2293 inseri
595 2250 681 2308 quam
696 2251 815 2308 prorsus
829 2230 921 2288 omitti
935 2230 1101 2300 maluimus,
1112 2230 1369 2310 produt-imusque,
1380 2243 1411 2288 ut
1423 2231 1537 2289 occasio
1549 2229 1616 2288 data
1629 2242 1684 2303 est,
1697 2231 1781 2308 quasi
1794 2230 1825 2288 in
1839 2231 1985 2300 extremis,
2004 2242 2096 2289 ante·

488 2343 577 2404 quam
593 2324 719 2402 incoepto
734 2323 818 2402 operi
832 2323 919 2380 finem
932 2321 1127 2400 imponamus.

536 2916 575 3017 [u
589 2918 659 2990 Sed
689 2943 811 2990 rursus
836 2917 982 3014 singuiis
1013 2917 1088 2989 istis
1119 2915 1336 2988 difficittimae
1367 2931 1562 2988 occurrunt
1590 2916 1829 3013 objectiones,
1861 2930 1903 2988 ut
1929 2931 2087 3015 utroque

483 3065 597 3113 cornu
623 3039 777 3136 graviter
803 3038 913 3111 fidem
936 3052 1099 3110 nostram
1123 3053 1309 3136 oppugnet
1332 3036 1535 3136 complexio
1545 3042 1617 3110 ¹....
1634 3035 1672 3136 o]

532 3222 653 3288 Potest
685 3216 798 3289 iacere
821 3220 918 3288 Deus
943 3231 984 3287 ut
1009 3215 1068 3288 ille
1095 3216 1251 3288 salvetur
1276 3216 1337 3312 qui
1368 3240 1442 3287 non
1470 3230 1520 3287 est
1546 3215 1754 3304 salvandus,
1784 3217 1841 3289 vel
1869 3242 1979 3315 quem
2006 3242 2082 3290 non

482 3350 533 3409 est
546 3334 686 3406 bonum
702 3337 848 3426 salvari3
866 3361 952 3433 ergo
969 3349 1087 3434 potest
1105 3335 1219 3407 iacere
1237 3335 1274 3406 id
1291 3335 1486 3432 quodgnon
1503 3350 1555 3407 est
1571 3336 1709 3407 bonum
1727 3359 1809 3408 eum
1828 3327 2082 3424 iacere.'Quod

481 3456 579 3527 enim
603 3479 678 3526 non
701 3455 800 3547 iacit,
820 3480 894 3525 non
912 3469 964 3525 est
979 3455 1119 3526 bonum
1139 3480 1223 3525 eum
1241 3455 1355 3527 iacere
1370 3483 1379 3544 3
1402 3455 1561 3552 alioquin
1577 3455 1771 3528 dimitteret
1787 3454 1824 3527 id
1842 3456 1961 3527 lacero
1977 3456 2077 3553 quod

480 3590 533 3646 est
557 3575 695 3646 bonum
721 3599 804 3644 eum
829 3574 956 3644 iacere.
983 3575 1020 3643 Si
1046 3573 1173 3645 melius
1194 3590 1285 3645 esset
1309 3589 1438 3646 omues'
1455 3574 1621 3647 homines
1646 3576 1772 3648 salvari
1796 3600 1906 3672 quam
1925 3575 2077 3673 aliquis,

409 3767 413 3772 ,
479 3710 515 3766 et
537 3698 634 3767 Deus
659 3693 748 3766 illud
771 3708 892 3793 posset
916 3693 1017 3790 quod
1045 3692 1173 3766 melius
1198 3710 1309 3782 esset,
1335 3708 1370 3765 ot
1392 3696 1493 3792 quod
1519 3696 1636 3766 minus
1665 3694 1805 3767 bouum
1829 3709 1884 3767 est
1923 3695 2075 3790 iaceret,

479 3817 602 3912 utique
624 3840 700 3887 non
723 3809 814 3886 esset
837 3813 990 3912 perfecte
1014 3812 1144 3885 bouus.
1169 3813 1204 3883 Si
1228 3838 1303 3884 non
1327 3828 1446 3912 potest
1468 3819 1564 3887 Deus
1586 3816 1701 3888 iacere
1725 3817 1798 3888 nisi'
1813 3816 1915 3914 quod
1933 3816 2075 3888 bonum

478 3949 533 4006 est
559 3959 642 4006 eum
667 3934 799 4023 iacere,
822 3958 896 4005 nou
919 3947 1038 4033 potest
1055 3933 1191 4006 salvare
1214 3957 1297 4003 eum
1320 3915 1429 4031 quem
1453 3960 1526 4007 non
1549 3935 1711 4024 salvabit,
1735 3938 1820 4034 quia
1840 3961 1925 4008 eum
1950 3937 2073 4034 utique

477 4079 553 4126 non
575 4068 628 4127 est
645 4052 787 4125 bonum
804 4052 944 4124 salvari.
967 4057 1049 4124 Duo
1072 4067 1156 4125 sunt
1176 4065 1331 4148 egentes,
1354 4079 1509 4150 quorum
1528 4070 1678 4154 uterque
1699 4081 1800 4154 aeque
1819 4055 1949 4153 dignos
1973 4056 2074 4128 elee-

476 4199 646 4272 mosyua3
673 4173 773 4245 alteri
800 4172 859 4244 illa
884 4172 1003 4261 datur,
1032 4174 1117 4270 quia
1139 4172 1251 4244 dividi
1276 4198 1351 4244 non
1377 4188 1510 4272 potest,
1535 4200 1602 4247 nec
1628 4177 1789 4273 utrisque
1814 4176 1978 4248 sufficere
2002 4201 2074 4275 po·

474 4311 569 4369 test:
590 4294 654 4368 sed
678 4318 907 4391 nequaquam
929 4294 1019 4365 tatio
1038 4308 1091 4365 est
1106 4319 1172 4368 our
1189 4294 1239 4365 illi
1256 4293 1361 4366 detur
1378 4297 1498 4393 potius
1519 4322 1630 4394 quam
1646 4297 1720 4391 isti,
1741 4321 1808 4369 neo
1833 4298 1940 4396 igitur
1961 4298 2072 4369 ratio·

502 4574 509 4606 ¹
525 4571 587 4623 lllde
598 4583 682 4633 supra,
694 4584 752 4633 pag.
764 4573 807 4622 561
822 4570 895 4632 hujus
908 4570 1047 4619 votumtnts.
1060 4566 1119 4629 Qua
1130 4570 1200 4618 unets
1214 4569 1409 4618 tuteruuduntur
1421 4572 1473 4633 jam
1484 4572 1550 4621 edtta
1560 4578 1639 4622 erant.
