4559 6100
323 1022 783 1422 Parni
868 1110 1723 1471 ABAELARDI,
1818 1092 1908 1573 ἰ
2006 1294 2011 1305 ·

751 1672 1298 1841 tununnensis

535 2063 936 2156 ‚turnonncrio
973 2066 1049 2154 in
1090 2013 1490 2165 ruuotounu.

836 2326 938 2377 nrum
966 2330 1005 2405 ru·
1024 2329 1058 2381 111
1087 2329 1208 2379 aranos.

272 2640 343 2703 Hoc
354 2661 445 2727 opus,
465 2636 506 2702 ad
518 2637 607 2726 quod
621 2637 774 2704 lectorem
784 2640 902 2705 referre
910 2639 993 2705 solet
1003 2639 1204 2715 Aboelardus,
1217 2663 1300 2730 sape
1312 2641 1353 2704 ab
1367 2661 1407 2704 eo
1418 2638 1547 2704 dirersis
1561 2636 1660 2702 titulis
1675 2638 1821 2729 designa·

232 2750 296 2799 tum
315 2750 375 2800 est.
394 2734 432 2799 In
453 2734 592 2800 Historia
606 2735 828 2801 Calamitntum
844 2752 975 2802 vocatur
1006 2737 1179 2827 Troetoius
1194 2737 1234 2801 de
1250 2737 1426 2803 Unitate⁴et
1445 2735 1606 2799 Trinitate
1621 2735 1767 2815 Divinn;
1787 2739 1820 2799 in

230 2829 366 2920 Epistola
382 2829 425 2895 ad
441 2831 633 2920 Episcopum
648 2833 868 2916 Parisiensem,
888 2833 1084 2922 Opusculum
1100 2834 1140 2898 de
1153 2835 1235 2900 Fide
1250 2847 1368 2898 sancta
1385 2830 1579 2912 Trinitatis;
1597 2832 1630 2894 in
1648 2833 1819 2897 Commen-

229 2928 306 2992 tario
323 2927 365 2993 de
380 2927 522 3017 Epistola
539 2929 582 2994 ad
597 2931 772 3012 Romanos,
793 2931 990 3020 Opusculum
1011 2930 1196 3023 Theologioe
1215 2949 1249 2998 et
1269 2931 1438 3021 saepissime
1459 2927 1656 3018 Theologr‘a,
1675 2953 1739 3018 quo
1762 2932 1821 2995 sub

229 3023 444 3090 uomineillud
458 3022 602 3091 indicant
615 3042 648 3093 et
662 3025 733 3093 loca
749 3029 816 3114 ejus
828 3027 971 3095 referunt
986 3031 1027 3095 Ι).
1044 3030 1240 3109 Bernartius,
1256 3026 1443 3095 Guilielmus
1460 3050 1478 3090 a
1496 3026 1537 3091 D.
1555 3025 1772 3109 Theoderico,
1790 3045 1822 3093 et

228 3121 405 3186 Gualterius
421 3145 439 3185 a
455 3123 497 3187 D.
514 3123 656 3190 Victore.
673 3126 812 3192 Diversa
832 3150 960 3216 quoque
975 3129 1009 3193 in
1026 3128 1189 3194 codicibus
1205 3126 1350 3213 ejusdem
1370 3125 1475 3216 operis
1490 3123 1710 3212 inscriptiones
1725 3141 1818 3189 sunt:

229 3216 400 3307 appellatur
415 3219 449 3281 in
464 3218 576 3285 codice
586 3222 752 3288 Victorino
771 3226 836 3289 iia
851 3223 947 3288 Liber
961 3248 1059 3313 super
1073 3209 1202 3290 sarram
1217 3233 1410 3313 scripturam
1418 3247 1432 3302 ,·
1451 3224 1484 3285 in
1500 3218 1611 3285 codice
1627 3222 1831 3302 Eumaeum,-

228 3312 422 3379 Introdnctto
446 3316 492 3380 od
523 3317 752 3408 Theologiam;
772 3343 875 3409 neque
903 3321 1085 3387 dubitamus
1107 3325 1185 3410 quin
1208 3322 1295 3387 idem
1313 3319 1394 3384 illud
1409 3320 1450 3383 sit
1464 3341 1502 3382 ac
1518 3339 1598 3405 opus
1618 3317 1652 3380 in
1668 3317 1820 3408 Catalogo

228 3407 379 3475 bbrorum
396 3414 683 3504 manuscriptorum
697 3415 821 3506 Angliae
837 3434 870 3482 et
886 3417 1063 3482 Hiberniae¹
1078 3419 1123 3482 sic
1139 3418 1339 3505 designatum
1355 3439 1363 3479 ι
1382 3413 1477 3477 Liber
1487 3414 1527 3475 cle
1539 3413 1693 3476 Essentia
1709 3414 1820 3477 divina

229 3520 261 3567 et
274 3506 312 3568 de
327 3507 500 3591 Trinitate,
514 3509 601 3576 Part.
616 3513 660 3592 H,
676 3512 751 3578 cod.
772 3516 834 3592 42;
849 3513 1051 3593 Scholarius,
1063 3512 1151 3576 Part.
1165 3515 1213 3593 11,
1233 3510 1307 3575 dod.
1327 3516 1427 3576 8670.
1440 3506 1582 3571 Titulum
1598 3510 1821 3596 assumpsimus

229 3602 270 3664 ab
283 3604 455 3669 Amhoesio
473 3604 642 3687 delectum,
657 3631 724 3696 quo
741 3610 783 3673 ab
800 3623 892 3674 atate
906 3608 1030 3674 decima
1046 3610 1181 3697 septima
1198 3632 1279 3697 opus
1294 3624 1342 3672 est
1358 3606 1545 3671 indicatum.

270 3698 336 3764 Nos
355 3701 391 3764 in
414 3703 570 3789 prooemio
594 3704 689 3770 docet
708 3704 897 3772 Abalardus
919 3706 997 3794 quid
1020 3706 1081 3772 sibi
1111 3707 1330 3796 proposuerit,
1351 3700 1584 3772 conscribendo
1610 3700 1767 3788 aliquam,
1786 3719 1822 3767 ut

229 3798 285 3877 ait,
303 3819 400 3861 sacrm
427 3797 613 3865 eruditionis
628 3823 804 3884 summam,
821 3804 911 3893 qnasi
927 3802 1043 3868 divinoe
1066 3804 1229 3892 scripturae
1249 3801 1540 3890 introductionem
1555 3797 1674 3864 scilicet
1688 3813 1725 3862 ut
1740 3802 1822 3887 peti·

227 3891 304 3956 tioni
313 3891 542 3983 discipulorum
551 3897 755 3981 satisfaceret,
769 3900 825 3988 qui
839 3923 914 3966 cum
924 3898 1061 3989 plurima
1078 3898 1119 3965 ab
1133 3922 1174 3964 eo
1186 3899 1227 3964 de
1243 3898 1445 3988 philosophia
1456 3913 1488 3960 et
1497 3893 1699 3990 saecularibus
1711 3895 1821 3960 litteris

227 3990 338 4078 scripta
347 3989 494 4082 legissent
503 4007 536 4057 et
544 3993 589 4058 eis
598 3993 775 4062 admodum
786 3996 867 4063 lecta
877 3996 1079 4086 placuissent,
1088 3998 1348 4063 existimaverunt
1357 4017 1426 4059 rem
1435 3993 1545 4058 utilem
1556 4008 1587 4056 et
1594 3993 1662 4055 viro
1674 3991 1821 4081 religioso

228 4082 353 4172 dignam
370 4084 456 4169 iore,
474 4088 501 4152 si
521 4089 686 4180 ingenium
701 4093 735 4157 in
752 4093 918 4160 dialectica
936 4094 1145 4159 exercitatum
1161 4094 1302 4159 Domirm
1317 4105 1534 4170 consecraret,
1552 4087 1821 4176 validioribusque

229 4181 355 4246 rationis
369 4184 524 4271 praesidiis
538 4184 635 4253 fidem
658 4189 849 4256 catholicam
865 4191 948 4256 tueri
963 4213 1001 4255 ac
1016 4190 1205 4258 confirmare
1220 4189 1373 4255 studeret.
1392 4190 1464 4252 Huc
1480 4188 1576 4252 etiam
1597 4183 1734 4250 redeunt
1749 4209 1821 4274 quae
1891 4255 1898 4274 Ι

170 4355 176 4368 Ι
229 4275 340 4358 Noster
364 4278 398 4343 in
424 4280 564 4348 Historia
588 4285 813 4351 Calamitatum
840 4286 967 4351 narrat²
995 4310 1003 4352 t
1037 4319 1049 4344 α
1074 4288 1138 4376 Ipsi
1165 4286 1315 4351 accidisse
1340 4300 1376 4348 ut
1404 4283 1446 4349 ad
1473 4286 1577 4373 ipsum
1605 4281 1681 4347 fidei
1704 4298 1821 4347 nostrae

229 4372 467 4441 iimdamentum
482 4379 631 4445 humanae
640 4385 772 4449 rationis
788 4381 1047 4450 similitudinibus
1061 4382 1279 4448 disserendum
1297 4383 1403 4472 primo
1416 4404 1449 4446 se
1463 4379 1647 4469 applicaret,
1662 4394 1695 4443 et
1709 4401 1821 4467 quem-

229 4469 299 4535 dam
311 4472 496 4564 Theologiae
508 4493 679 4545 tractatum
696 4479 737 4545 de
752 4481 882 4545 Unitate
899 4497 931 4545 et
945 4480 1099 4545 Trinitate
1116 4478 1224 4546 divina
1236 4478 1433 4546 scholaribus
1449 4479 1512 4542 suis
1530 4491 1749 4566 componeret,
1767 4479 1821 4564 qni

228 4565 378 4634 humanas
399 4588 432 4636 et
455 4572 690 4665 philosophicas
713 4577 853 4642 rationes
880 4577 1103 4665 requirebant,
1127 4594 1161 4643 et
1181 4576 1252 4666 plus
1281 4601 1352 4666 quae
1376 4575 1508 4664 intelligi
1533 4596 1630 4663 quam
1658 4595 1729 4661 quse
1758 4572 1822 4638 dici

229 4682 352 4750 possent
367 4666 596 4758 efflagitabant.
615 4705 628 4729 s
642 4674 751 4756 Quum
763 4672 817 4738 iiia
829 4674 899 4739 loca
914 4672 1085 4739 contuleris
1100 4697 1138 4738 ac
1152 4675 1397 4763 comparaveris,
1411 4671 1614 4737 manifestum
1625 4669 1684 4733 tibi
1693 4692 1822 4759 prorsus

229 4759 385 4828 ridebitur
403 4765 488 4832 hanc
511 4768 696 4860 Theologiae
710 4771 986 4840 Introductionem
1011 4771 1151 4860 primum
1172 4793 1239 4856 eqse
1263 4770 1479 4861 theologicum
1496 4791 1577 4859 opus
1592 4768 1633 4832 ab
1651 4765 1821 4830 abalardo

229 4855 461 4938 eiumbratum
474 4886 576 4953 neque
592 4867 694 4933 multo
705 4885 848 4960 tempore
865 4871 1076 4960 compositum
1091 4867 1185 4934 fuisse
1196 4885 1363 4960 postquam
1376 4867 1428 4932 ille
1445 4868 1614 4956 primume
1628 4863 1821 4928 monasterio

230 4953 268 5018 i).
283 4955 424 5045 Dionysii
440 4958 634 5045 discesserit,
654 4981 687 5029 et
704 4964 792 5031 idem
809 4989 877 5030 esse
893 4964 992 5053 quod,
1011 4965 1162 5032 Alberico
1178 4981 1210 5030 et
1225 4964 1353 5030 liutulfo
1370 4962 1607 5041 accusantibus,
1625 4960 1821 5024 damnaverit

258 5179 383 5243 'oronim
397 5188 467 5247 1697,
479 5189 563 5238 in-ioi.
574 5193 620 5227 -¹
633 5189 692 5241 i'ius
702 5199 721 5240 t.
735 5191 755 5242 i.
769 5195 842 5255 huius
848 5195 973 5257 editionis,
989 5207 1014 5255 p.
1030 5194 1068 5243 iii.

848 5291 854 5300 ·
1686 5283 1697 5337 l
