4559 6100
456 524 529 596 tao
818 618 821 623 ¹
1059 464 1189 597 esrai
1214 522 1448 598 annulum

457 675 573 770 exigat
595 688 736 748 tantum
757 689 798 747 ut
822 675 868 747 sit
889 672 997 768 illud,
1024 690 1060 749 et
1081 679 1318 769 ecouiers03
1342 691 1378 749 et
1401 675 1473 748 hoc
1496 673 1645 774 quidem
1669 670 1783 746 modo
1806 694 1882 743 uon
1905 683 2053 768 possunt

457 798 528 870 dici
544 796 642 870 idem
656 799 855 874 substantia
867 813 903 872 et
919 824 1066 899 corpus,
1081 800 1139 873 vet
1157 800 1281 874 album
1297 816 1332 874 et
1348 798 1496 892 durum,
1512 800 1595 873 licet
1611 799 1683 872 sint
1694 796 1792 871 idem
1808 792 2050 868 essentialiter.

457 920 592 992 Omnia
621 944 707 1019 ergo
734 946 813 1021 quae
836 918 963 993 eadem
989 935 1074 994 sunt
1099 919 1336 1014 diffinitione,
1363 922 1491 995 eadem
1512 936 1596 993 sunt
1625 917 1869 1008 essentialiter,
1896 911 1959 987 sed
1980 938 2053 985 non

460 1054 739 1135 convertuntur,
760 1058 796 1114 et
811 1039 1012 1114 secundum
1025 1041 1091 1114 has
1106 1041 1256 1141 quidem
1268 1055 1408 1114 tantum
1422 1041 1512 1115 duas
1527 1039 1804 1138 significationes
1815 1034 2056 1135 suprapositas

461 1158 607 1233 relative
621 1163 779 1262 supponi
798 1163 889 1235 solet
909 1161 981 1235 hoc
1004 1187 1209 1263 pronomen
1229 1161 1332 1261 quod
1348 1176 1401 1235 est
1419 1192 1437 1231 a
1449 1162 1560 1256 idem,
1576 1190 1594 1231 n
1610 1161 1681 1234 hoc
1702 1174 1754 1233 est
1778 1170 1841 1231 aut
1857 1152 2055 1228 seeundum

462 1278 685 1352 identitatem
702 1282 859 1375 numeri,
878 1295 941 1355 aut
957 1283 1158 1355 secundum
1175 1282 1396 1355 identitatem
1413 1281 1650 1355 diffinitionis.
1667 1284 1759 1353 Cum
1776 1279 1872 1351 enim
1889 1275 2055 1361 dicimus,

465 1401 621 1472 «Mulier
637 1399 821 1475 damnavit
837 1403 1015 1476 mundum
1026 1416 1062 1475 et
1074 1403 1201 1476 eadem
1216 1404 1376 1495 salvavit,
1390 1431 1409 1472 n
1428 1403 1505 1476 duo
1525 1418 1609 1476 sunt
1622 1426 1748 1475 sensus
1767 1427 1776 1470 τ
1795 1422 1890 1471 unus
1911 1393 2056 1494 quidem

463 1519 595 1610 salsus,
620 1522 650 1593 si
677 1522 725 1595 ad
745 1522 969 1595 identitatem
995 1525 1137 1596 numeri
1162 1522 1225 1597 fiat
1250 1524 1395 1618 relatio,
1424 1539 1464 1598 ut
1485 1523 1650 1596 videlicet
1675 1519 1803 1594 eadem
1825 1514 2058 1618 personaliter

463 1665 505 1713 ac
527 1666 682 1715 nurnero
698 1643 827 1716 mulier
845 1642 1061 1741 intelligatur
1076 1658 1112 1717 et
1128 1642 1318 1718 damnasse
1333 1658 1369 1716 et
1384 1644 1557 1716 salvasse:
1577 1643 1667 1716 alius
1684 1665 1808 1714 sensus
1825 1662 1944 1726 verris,
1964 1637 1992 1708 si
2011 1634 2057 1707 ad

463 1760 686 1837 identitatem
706 1763 931 1837 diffinitionis
948 1780 1175 1864 supponatur
1196 1795 1214 1834 a
1227 1765 1338 1858 idem,
1353 1797 1371 1832 n
1390 1779 1430 1837 ut
1446 1764 1612 1837 videlicet
1627 1761 1854 1836 tantumdem
1871 1755 2055 1854 significet,

463 1897 640 1979 quantum
657 1907 791 1956 nomen
803 1883 962 1957 mulieris
973 1884 1183 1984 simpliciter
1194 1884 1407 1985 repetitum,
1425 1885 1584 1957 «mulier
1596 1882 1832 1968 damnavit,»
1851 1893 1887 1950 et
1904 1906 1922 1945 tt
1932 1875 2059 1949 mulier

463 2000 612 2075 salvavit
632 2029 642 2074 ε
660 2034 678 2069 n
702 2003 802 2102 quod
820 2004 968 2101 quidem
985 2030 1112 2078 rerum
1128 2017 1182 2078 est
1196 2030 1262 2106 per
1276 2010 1387 2078 Evam
1405 2018 1441 2078 et
1457 2005 1620 2078 Mariam.

512 2118 615 2193 ldem
629 2146 718 2195 vero
739 2123 972 2197 similitudine
988 2126 1159 2198 dicuutur
1173 2125 1340 2223 quaelibet
1356 2125 1509 2198 discreta
1527 2120 1773 2210 essentialiter,
1792 2142 1871 2217 quae
1887 2118 1925 2189 in
1942 2116 2060 2214 aliquo

464 2240 618 2313 invicem
640 2242 769 2315 similia
791 2257 888 2336 sunt,
914 2259 954 2317 ut
976 2246 1113 2344 species
1138 2244 1237 2318 idem
1261 2259 1345 2318 sunt
1370 2246 1407 2317 in
1434 2267 1582 2341 genere,
1607 2242 1664 2315 vel
1691 2237 1879 2312 individua
1902 2236 2000 2308 idem
2024 2236 2060 2307 in

462 2362 594 2460 specie,
621 2363 696 2437 sive
717 2389 846 2457 unum,
873 2365 931 2438 vel
953 2364 1121 2464 quaelibet
1143 2366 1181 2437 in
1207 2365 1329 2465 aliquo
1354 2363 1607 2439 convenientia
1632 2362 1760 2435 eadem
1784 2359 1966 2450 dicuntur,
1993 2356 2062 2429 hoe

463 2495 516 2553 est
539 2482 682 2556 similia.
716 2483 821 2557 Unde
841 2484 1087 2583 Porphyrius:
1108 2514 1127 2556 a
1140 2486 1429 2585 Partieipatione,
1455 2486 1586 2582 inquit,
1613 2482 1744 2583 speciei
1761 2478 1881 2579 plures
1898 2477 2062 2551 homines

464 2625 583 2691 unus3
604 2626 698 2675 unus
714 2616 835 2676 autem
852 2618 888 2676 et
904 2607 1109 2677 communis
1124 2604 1399 2704 particularibus
1415 2604 1548 2705 plures.
1564 2634 1581 2671 a

513 2721 674 2793 Dicimus
698 2722 807 2794 etiam
830 2720 928 2794 idem
944 2747 1011 2821 pro
1033 2723 1355 2813 incommunicato,
1378 2739 1418 2797 ut
1434 2748 1577 2822 semper
1595 2721 1693 2794 idem
1710 2724 1808 2792 Deus
1829 2733 1896 2809 est,
1921 2717 1992 2789 hoc
2010 2733 2064 2790 est

463 2862 666 2937 numquam
680 2841 718 2912 in
737 2841 860 2939 aliquo
881 2842 1050 2915 alteratus
1067 2843 1123 2916 vel
1144 2859 1380 2944 permutatus,
1399 2846 1483 2943 quia
1502 2844 1591 2916 nibil
1609 2864 1779 2940 umquam
1797 2854 1925 2912 natura
1941 2839 2079 2911 divini,

392 3055 395 3066 Ι
464 2959 557 3031 tatis¹
572 2959 610 3030 in
633 2984 671 3032 se
691 2958 813 3055 habet,
833 2986 907 3061 quo
925 2961 1121 3062 aliquando
1143 2979 1282 3058 careat,
1301 2965 1359 3037 vel
1379 2979 1496 3054 caret,
1515 2963 1615 3064 quod
1634 2962 1763 3036 habeat
1785 2959 1951 3034 efficacia
1966 2958 2065 3032 vale·

464 3080 641 3173 tudinem,
656 3084 749 3155 siout
760 3082 905 3156 eadem¹
920 3108 1000 3182 quae
1017 3086 1114 3158 idem
1130 3087 1263 3159 valent.
1286 3084 1386 3159 ldem
1401 3088 1524 3184 itaque
1539 3088 1612 3159 sire
1630 3109 1745 3157 unum
1761 3083 1923 3181 quinque
1939 3105 2062 3179 supra·

465 3201 570 3273 dictis
594 3201 713 3275 modis
733 3203 876 3295 dicitur,
904 3204 987 3279 licet
1007 3231 1099 3306 saepe
1123 3204 1333 3301 eademres
1353 3206 1420 3280 sub
1445 3206 1608 3307 pluribus
1632 3230 1675 3278 es
1700 3204 1774 3276 istis
1796 3201 1914 3275 modis
1938 3201 2063 3292 cadat,

466 3333 508 3392 ut
529 3320 697 3395 videlicet
721 3337 797 3397 tam
822 3324 894 3398 hoc
915 3349 1024 3424 quam
1047 3324 1109 3398 illo
1132 3323 1245 3398 modo
1261 3328 1374 3426 possit
1396 3326 1468 3399 dici
1490 3326 1619 3400 eadem
1634 3348 1721 3397 cum
1743 3323 1879 3421 aliquo.
1904 3321 2066 3394 Totidem

466 3441 575 3514 etiam
605 3440 725 3516 modis
750 3442 904 3517 dicimus
934 3445 1137 3539 diversum,
1171 3446 1245 3518 sive
1273 3445 1463 3535 differens,
1493 3471 1576 3518 cum
1597 3444 1763 3518 videlicet
1792 3441 1905 3515 modo
1929 3439 2068 3515 diversa

468 3561 635 3636 dicantur
660 3564 907 3657 essentialiter,
934 3565 973 3637 id
995 3579 1048 3638 est
1071 3590 1245 3659 numero,
1270 3566 1383 3639 modo
1410 3567 1641 3666 proprietate,
1669 3563 1736 3638 vel.
1751 3562 1984 3651 diffinitione,
2012 3561 2066 3632 vel

468 3681 715 3772 similitudine,
736 3683 790 3756 vel
808 3685 1022 3758 mutatione.

518 3803 680 3876 Dicimus
700 3817 824 3876 autem
839 3828 884 3875 ea
906 3801 1128 3876 abinvicem
1150 3805 1384 3879 essentialiter
1407 3806 1560 3899 diversa,
1580 3827 1816 3903 quaecumque
1837 3803 1887 3875 ita
1908 3801 1955 3875 ab
1979 3803 2064 3874 invi·

468 3946 551 3995 cem
580 3921 766 4014 dissident,
796 3937 835 3996 ut
861 3923 934 3997 hoc
958 3947 1033 3995 non
1057 3924 1102 3996 sit
1128 3924 1238 4019 illud,
1265 3942 1306 3998 ut
1332 3930 1496 4000 Socrates
1523 3938 1678 3998 nonest
1706 3924 1818 4015 Plato,
1847 3948 1916 3996 nec
1943 3946 2070 3994 manns

468 4043 626 4115 Socratis
652 4044 830 4116 Socrates.
858 4045 915 4116 Sic
940 4043 1048 4116 etiam
1074 4044 1241 4143 quaelibet
1265 4046 1445 4146 disparata
1471 4047 1612 4119 diversa
1637 4044 1871 4118 essentialiter
1894 4042 2066 4132 dicimus,

470 4187 555 4234 cum
582 4161 748 4237 videlicet
773 4165 925 4238 essentia
949 4164 1057 4237 unius
1082 4190 1158 4238 non
1183 4167 1229 4239 sit
1254 4168 1406 4241 essentia
1433 4168 1593 4260 alterius,
1621 4165 1787 4265 quamvis
1812 4180 1932 4237 tamen
1956 4163 2003 4236 sit
2025 4162 2070 4234 de

471 4284 624 4357 essentia
639 4285 797 4376 alterius,
821 4299 862 4358 ut
877 4307 1006 4356 manus
1023 4283 1070 4357 de
1089 4284 1250 4378 homine,
1274 4288 1329 4360 rel
1347 4288 1466 4386 paries
1483 4285 1529 4360 de
1544 4287 1670 4360 domo.
1694 4287 1793 4359 Sicut
1808 4309 1896 4384 ergo
1910 4287 2071 4356 Socrates

470 4403 570 4476 aliud
595 4419 649 4478 est
667 4406 899 4479 essentialiter
922 4428 1032 4503 quam
1054 4405 1176 4500 Plato;
1195 4407 1245 4482 ita
1265 4432 1394 4481 manus
1412 4408 1569 4480 Socratis
1591 4431 1702 4506 quam
1719 4408 1897 4498 Socrates,
1922 4420 1959 4478 et
1978 4429 2072 4501 quae·

471 4523 559 4596 libet
585 4549 668 4624 pars
693 4551 805 4623 quam
826 4550 934 4599 suum
954 4540 1086 4599 totum.
1107 4528 1315 4601 Secundum
1343 4553 1453 4626 quam
1475 4527 1623 4626 quidem
1648 4527 1897 4625 acceptionem
1920 4524 2071 4597 dicimus

471 4668 548 4718 rem
571 4643 679 4718 aliam
698 4645 910 4746 simplicem,
929 4645 1037 4719 aliam
1058 4650 1321 4749 compositam,
1349 4674 1434 4722 cum
1458 4648 1625 4721 videlicet
1641 4647 1677 4720 id
1697 4646 1798 4746 quod
1822 4646 1973 4744 simplex
1998 4658 2068 4731 est,

471 4765 608 4837 nonsit
625 4766 742 4864 ipsum
754 4766 1018 4865 compositum,
1036 4767 1119 4842 licet
1134 4770 1180 4842 sit
1192 4770 1240 4844 de
1257 4772 1337 4871 ipso
1355 4772 1570 4869 composito.
1591 4767 1725 4840 Omnia
1740 4792 1826 4865 ergo
1842 4764 2071 4839 essentialiter

470 4885 610 4960 diversa
634 4885 803 4981 dicimus,
828 4912 908 4987 quae
933 4888 982 4961 ita
1004 4888 1051 4963 ab
1075 4892 1230 4965 invicem
1250 4905 1335 4965 sunt
1358 4906 1510 4984 remota,
1539 4903 1580 4961 ut
1599 4889 1671 4962 hoc
1690 4913 1765 4961 non
1784 4888 1829 4960 sit
1848 4887 1952 4960 illud.
1976 4889 2071 4957 Hanc

501 5167 508 5194 ¹
519 5161 549 5212 lu
560 5163 635 5215 cdltts
644 5166 754 5218 cosam.
