4559 6100
915 495 1147 576 DlALOGUS.
1754 488 1824 563 667

233 648 352 723 adhuc
369 654 575 751 temporalis
591 652 637 726 ad
651 653 912 725 correctionem
929 670 1103 743 servetur,
1123 650 1215 722 siout
1232 646 1328 721 idern
1343 646 1428 719 alibi
1441 658 1700 717 commemorat
1715 656 1830 715 vester
1884 650 1890 665 '

235 770 413 869 propbeta
426 772 549 845 dicens
568 801 576 845 ε
599 801 617 841 e
633 773 815 870 castigans
829 772 1010 869 castigavit
1027 795 1085 843 rue
1102 770 1278 842 Dominus
1294 766 1451 840 etmorti
1465 790 1540 837 non
1552 763 1698 838 tradidit
1713 789 1785 836 rue.
1810 793 1827 830 2>

236 892 309 961 Nec
323 915 381 963 me
393 916 502 990 super
515 893 643 966 animae
659 917 747 965 mcae
765 893 877 966 salute
892 890 1111 990 inquirendo
1127 888 1259 962 deiide
1275 902 1337 961 tua
1350 910 1413 958 seu
1429 884 1501 958 fide
1515 909 1595 958 mea
1611 883 1832 956 consuluisse

235 1010 320 1081 satis
337 1009 503 1083 arbitror.
522 1016 561 1083 ln
581 1036 650 1110 qua
666 1012 812 1109 quidem
828 1026 957 1084 nostrae
974 1007 1245 1083 consultationis
1264 1006 1455 1078 collatione
1472 1003 1509 1076 id
1527 1018 1645 1077 actum
1662 1026 1738 1074 esse
1754 1026 1833 1101 per·

238 1127 373 1224 pend0,
391 1143 432 1201 ut
448 1155 516 1203 nec
535 1131 746 1204 auctoritate
765 1132 852 1228 legis
867 1144 949 1220 tuae,
972 1130 1038 1202 etsi
1054 1151 1132 1200 eam
1155 1150 1178 1200 a
1193 1130 1271 1198 Deo
1288 1124 1409 1197 datam
1429 1123 1600 1221 recipias,
1619 1145 1835 1218 cognoscere

238 1247 366 1343 possis,
390 1247 436 1321 ad
458 1249 534 1345 ejus
550 1250 726 1322 sarcinam
744 1275 803 1322 me
816 1248 948 1322 debere
964 1248 1193 1337 submittere,
1212 1261 1382 1342 tanquam
1399 1243 1448 1315 iili
1467 1266 1577 1341 quam
1597 1240 1703 1313 nobis
1719 1264 1836 1313 erem·
1950 1232 1957 1249 ⁸

238 1362 300 1463 plo
314 1367 369 1437 sui
390 1366 456 1440 lob
474 1369 669 1467 praescribit
687 1368 756 1466 legi
772 1370 966 1467 quicquam
986 1367 1225 1440 necessarium
1241 1366 1287 1436 sit
1303 1362 1401 1452 addi,
1420 1376 1481 1434 aut
1500 1362 1549 1434 itti
1567 1386 1711 1432 morum
1731 1359 1838 1432 disci-

239 1482 346 1581 ptine
367 1508 476 1582 quam
497 1487 544 1561 de
556 1487 747 1560 virtutibus
761 1486 805 1559 ad
819 1487 1078 1560 beatitudinem
1090 1482 1348 1558 sufficientibus
1364 1482 1515 1581 posteris
1529 1480 1713 1581 prophetae
1727 1481 1839 1552 nostri

127 1620 131 1629 ’
243 1602 476 1702 reliquerunt.
492 1611 545 1679 De
559 1631 633 1702 quo
650 1631 748 1679 nunc
765 1621 926 1705 superest
941 1606 1124 1705 praesentis
1136 1604 1269 1702 judicis
1283 1603 1496 1675 sententiam
1512 1599 1650 1692 audire,
1669 1598 1726 1671 vei
1739 1597 1838 1696 quod

243 1723 333 1794 mibi
350 1739 526 1822 superest,
546 1740 676 1798 nostrae
692 1726 932 1823 inquisitionis
952 1749 1100 1825 operam
1116 1723 1163 1799 ad
1180 1723 1420 1796 Christianum
1436 1720 1639 1793 transferre.

292 1839 443 1941 [innan]
462 1847 630 1917 Asserunt
650 1843 759 1919 ambo
777 1845 890 1918 nostri
909 1844 1037 1941 judicii
1056 1844 1272 1916 sententiam
1293 1843 1471 1941 excipere.
1492 1844 1567 1938 Ego
1584 1865 1671 1913 vero
1688 1841 1841 1939 cupidus

244 1959 406 2034 discendi
428 1965 561 2059 magis,
577 1987 694 2060 quam
713 1963 921 2059 judicandi,
950 1965 1114 2036 omnium
1139 1963 1240 2062 prius
1265 1963 1422 2035 rationes
1446 1986 1504 2032 me
1527 1959 1765 2032 velle‘audire
1787 1984 1843 2032 re-

244 2078 423 2176 spondeo,
444 2096 483 2153 ut
505 2096 607 2154 tanto
630 2107 743 2155 essem
760 2081 945 2155 discretior
962 2083 999 2153 in
1019 2081 1230 2178 judicando,
1254 2094 1391 2179 quanto
1415 2082 1609 2179 sapientior
1631 2079 1754 2152 fierem
1781 2103 1844 2151 au·

245 2197 395 2288 diendo,
419 2199 520 2295 juxta
544 2200 653 2290 illud,
681 2201 781 2297 quod
804 2224 911 2298 supra
929 2202 1098 2289 memini,
1119 2200 1319 2273 secundum
1341 2200 1472 2272 summi
1500 2199 1672 2297 sapientis
1697 2221 1844 2297 prover-

246 2315 347 2388 bium
358 2322 386 2388 ¹:
400 2347 419 2386 rr
435 2319 590 2392 Audiens
605 2322 747 2418 sapiens
764 2321 960 2419 sapientior
975 2321 1056 2407 erit,
1076 2336 1111 2391 et
1124 2320 1325 2417 intelligens
1342 2318 1584 2415 gubernacula
1600 2317 1809 2416 possidebit.
1826 2347 1844 2385 n

252 2441 290 2508 ln
315 2461 389 2534 quo
406 2463 533 2512 omnes
550 2440 683 2538 pariter
699 2453 940 2530 assenserunt,
958 2439 1089 2513 eodem
1105 2442 1247 2514 accensi
1264 2438 1443 2512 desiderio
1460 2438 1636 2512 discendi.

298 2558 441 2630 Parmos.
472 2563 542 2655 Age
569 2583 680 2650 nunc,
708 2557 919 2643 Christiane,
937 2557 1117 2657 alloquor,
1144 2573 1185 2631 ut
1207 2574 1246 2631 tu
1270 2560 1494 2656 inquisitioni
1525 2583 1613 2630 meae
1645 2556 1846 2630 secundum

250 2678 426 2776 propositi
451 2679 564 2751 nostri
588 2678 837 2751 conditionem
861 2678 1090 2777 respondeas.
1120 2681 1228 2776 Cujus
1249 2677 1396 2775 quidem
1423 2677 1478 2751 lex
1503 2692 1605 2750 tauto
1635 2677 1744 2750 debet
1770 2680 1853 2750 esse'

251 2795 443 2893 perfectior
462 2812 498 2870 et
522 2799 811 2871 remuneratione
829 2798 950 2896 potior
972 2797 1121 2896 ejusque
1143 2798 1308 2872 doctrina
1330 2797 1591 2891 rationabilior,
1615 2813 1752 2896 quanto
1771 2798 1847 2896 ipsa

251 2927 306 2986 est
332 2917 522 3012 posterior.
555 2921 701 2989 Frustra
727 2918 862 3015 quippe
894 2917 1032 3016 populo
1064 2920 1203 3017 priores
1238 2919 1334 3013 leges
1368 2916 1622 3011 scriberentur,
1659 2918 1727 2990 nisi
1761 2917 1850 3015 quid

252 3032 299 3106 ad
323 3030 495 3107 docuinae
509 3035 767 3134 perfectionem
793 3036 845 3108 eis
869 3034 1073 3109 adderetur.
1093 3035 1203 3125 Quod
1226 3034 1375 3133 quidam
1399 3052 1606 3108 nostrorum
1631 3037 1668 3108 in
1687 3035 1848 3109 secundo

254 3152 451 3224 Rhetorice
475 3152 664 3250 diiigenter
687 3153 920 3226 considerans
940 3178 1024 3227 cum
1049 3155 1095 3228 de
1115 3156 1304 3227 contrariis
1323 3154 1462 3252 legibus
1486 3180 1630 3229 causam
1655 3156 1846 3245 formaret,

254 3270 512 3345 attendendum
527 3297 603 3345 esse
622 3273 802 3373 praecepit,
817 3287 897 3346 utra
908 3272 963 3345 lex
975 3275 1154 3372 posterior
1175 3272 1258 3346 data
1274 3274 1338 3345 sit:
1356 3304 1373 3340 α
1392 3298 1476 3345 nam
1487 3289 1683 3373 postrema,
1699 3276 1816 3372 inquit
1824 3279 1848 3368 ¹,

256 3415 406 3489 quaeque
422 3394 626 3488 gravissima
643 3407 708 3466 est.
722 3422 741 3463 a

305 3514 511 3586 Cnmsrrarr.
546 3513 657 3586 Miror
690 3529 725 3588 te
750 3516 797 3589 ab
823 3516 879 3589 his
911 3540 990 3612 quae
1015 3516 1052 3587 in
1081 3516 1233 3588 exordio
1258 3516 1438 3615 professus
1464 3541 1524 3610 es,
1549 3517 1597 3589 ita
1624 3513 1854 3615 impudenter

257 3630 454 3704 dissonare.
485 3635 576 3705 Cum
613 3634 711 3706 enirn
739 3636 988 3734 praemisisses,
1018 3650 1054 3707 tc
1081 3636 1373 3733 inquisitionibus
1400 3637 1469 3708 tuis
1502 3637 1676 3735 reperisse
1711 3625 1854 3708 Judaeos

257 3752 405 3840 stultos,
433 3750 653 3825 Christianos
679 3754 847 3845 insanos,
877 3754 1111 3855 postmodum
1143 3755 1274 3827 dixeris
1303 3770 1338 3828 te
1366 3780 1441 3827 non
1472 3754 1518 3828 ad
1548 3755 1854 3828 concertationem

258 3870 491 3961 contendere,
516 3871 581 3944 sed
602 3871 648 3944 ad
671 3873 925 3971 inquirendam
945 3875 1132 3948 veritatem
1156 3876 1337 3967 conferre,
1358 3898 1429 3971 qua
1448 3876 1586 3948 ratione
1607 3899 1706 3949 nunc
1721 3873 1767 3946 ab
1784 3873 1853 3967 his,

259 4014 352 4087 quos
374 3990 483 4064 etiam
506 3991 652 4064 insanos
673 3993 849 4091 reperisti,
870 3994 1017 4066 tandem
1040 3996 1198 4068 veritatis
1222 3994 1424 4066 doctrinam
1448 3997 1654 4096 exspectes?
1673 3995 1857 4092 Numquid

256 4107 331 4204 jam
355 4124 437 4208 post
460 4110 709 4210 inquisitiones
725 4126 817 4202 tuas,
837 4137 964 4186 eorum
988 4113 1164 4185 insaniam
1189 4113 1371 4186 arbitraris
1387 4138 1539 4207 cessare,
1559 4130 1597 4186 ut
1614 4116 1689 4211 jam
1711 4114 1759 4187 ad
1776 4139 1858 4186 eru·

260 4229 436 4304 ditionem
456 4245 556 4306 tuam
575 4232 714 4328 possint
728 4230 916 4305 sufficere?
933 4235 1036 4305 Certe
1053 4233 1083 4304 si
1098 4231 1300 4305 christiane
1316 4232 1401 4306 fidei
1418 4247 1551 4306 sectam
1568 4234 1750 4307 arbitraris
1767 4235 1861 4306 insa·

262 4348 360 4420 niam
371 4362 407 4420 et
420 4372 484 4420 eos
500 4350 562 4446 qui
578 4349 673 4422 hanc
689 4365 871 4424 sectantur
884 4350 1037 4449 deputas
1052 4351 1211 4436 insanos,
1230 4350 1314 4424 vide
1330 4365 1367 4423 tu
1383 4352 1634 4451 philosophus,
1651 4353 1697 4425 de
1709 4354 1859 4425 summis

263 4464 332 4539 ittis
345 4470 553 4540 Graecorum
568 4467 792 4568 pbilosophis
808 4470 896 4566 quid
912 4471 1162 4543 aestimandum
1177 4471 1234 4563 sit,
1250 4471 1313 4567 qui
1327 4470 1387 4543 illa
1402 4471 1485 4545 rudi
1500 4487 1536 4545 et
1551 4474 1685 4546 inculta
1699 4474 1860 4546 virorum

135 4663 139 4669 ,
263 4584 479 4684 simplicium
495 4587 763 4686 praedicatione,
784 4590 821 4661 id
837 4589 1167 4687 coapostolorum,
1186 4615 1314 4662 omnes
1330 4590 1377 4663 ad
1392 4590 1488 4664 banc
1501 4595 1665 4666 conversi
1680 4594 1763 4666 facti
1777 4606 1861 4664 sunt

265 4705 494 4777 insanissimi.
514 4710 697 4779 intantum
716 4730 802 4778 vero
821 4706 917 4805 apud
937 4710 1080 4782 Graecos
1097 4710 1175 4781 haec
1193 4723 1332 4802 nostra,
1352 4724 1393 4781 ut
1411 4709 1520 4800 dicis,
1547 4714 1685 4784 insania
1704 4710 1861 4783 radicata

266 4834 322 4892 eat
346 4833 382 4894 et
406 4820 635 4910 confirmata,
664 4838 704 4894 ut
727 4820 778 4894 ibi
797 4837 870 4896 tam
894 4824 1098 4919 evangelica
1122 4847 1232 4922 quam
1255 4824 1452 4931 apostolica
1476 4826 1641 4901 doctrina
1659 4826 1863 4926 conscripta

301 5091 1014 5158 ¹Pror.,rap.r,r.5.-²ctc.,1rweut.1ttrt,tt,ta.
