4559 6100
568 494 573 499 ’
667 536 961 613 ruvnooucrto
989 539 1048 614 sn
1072 540 1375 615 rnuoucouu.
1580 564 1587 581 ·
1749 538 1820 618 tu

226 679 373 776 quidem
381 706 521 778 verum,
533 686 563 758 si
577 686 670 760 istud
683 717 702 757 n
710 688 813 761 aliter
825 714 934 787 quam
945 693 1043 763 Deus
1052 690 1221 790 providit,
1228 720 1246 757 u
1256 691 1450 764 reseramus
1458 682 1504 765 ad
1512 691 1697 788 possibile;
1709 693 1821 768 alium

226 798 371 895 falsum,
399 805 428 876 si
449 804 495 877 ad
513 808 652 878 evenire
678 808 953 906 conjungamus.
983 812 1019 882 Si
1047 811 1144 884 enim
1172 809 1335 883 dicamus
1354 811 1439 908 quia
1460 834 1536 882 rem
1552 813 1695 885 evenire
1719 815 1821 887 aliter

227 943 335 1016 quam
354 927 452 996 Deus
470 927 645 1024 providit,
663 926 735 1003 hcc
752 943 868 1003 totum
887 945 941 1003 est
955 931 1142 1030 possibile,
1167 930 1296 1003 falsum
1318 946 1391 1022 est,
1418 931 1508 1003 sicut
1525 944 1561 1005 et
1584 956 1661 1004 rem
1678 935 1821 1007 evenire

227 1038 329 1114 aliter
344 1067 454 1140 quam
470 1048 606 1141 evenit,
627 1046 699 1119 hoc
717 1062 832 1121 totum
851 1050 978 1123 salsum
993 1066 1060 1124 est.
1078 1052 1219 1123 sivero
1237 1051 1287 1123 ita
1303 1050 1482 1141 dicamus,
1503 1050 1602 1149 quod
1615 1050 1705 1124 illud
1722 1054 1821 1151 quod

227 1162 420 1236 evenitest
435 1165 605 1264 possibile
629 1168 731 1240 aliter
751 1194 861 1266 quam
883 1174 980 1243 Deus
1007 1170 1165 1270 providit
1180 1170 1237 1242 vel
1256 1195 1365 1268 quam
1391 1171 1530 1264 evenit,
1556 1170 1628 1243 boc
1655 1185 1728 1265 est,
1751 1173 1821 1245 alio

226 1280 339 1355 modo
353 1308 464 1381 quam
479 1289 576 1358 Deus
588 1286 715 1361 habuit
730 1288 766 1360 in
779 1313 842 1361 sua
858 1289 1104 1389 providentia,
1124 1286 1182 1362 vel
1199 1315 1308 1387 quam
1325 1290 1499 1381 evenerit,
1517 1290 1679 1389 prolecto
1697 1316 1822 1364 verum

226 1415 302 1493 est,
323 1402 387 1476 sed
403 1404 453 1477 nil
470 1406 516 1478 ad
533 1406 777 1505 supradictam
792 1408 971 1504 regulam,
993 1434 1077 1482 cum
1102 1408 1266 1482 videlicet
1283 1408 1453 1506 possedite
1479 1434 1555 1482 non
1580 1410 1754 1483 referatur
1775 1411 1822 1484 ad

225 1532 343 1592 totum
358 1525 574 1597 antecedens
590 1528 777 1626 praemissae
798 1529 1062 1625 consequentiae
1075 1528 1169 1600 illius
1185 1554 1194 1599 ε
1212 1530 1249 1600 Si
1269 1552 1326 1601 res
1345 1529 1465 1601 evcnit
1481 1527 1584 1601 aliter
1596 1553 1705 1627 quam
1726 1535 1822 1604 Deus

227 1640 405 1735 providit,
422 1648 520 1717 Deus
536 1645 681 1719 fallitur.
700 1649 761 1719 Sin
777 1661 900 1722 autem
917 1648 985 1720 toti
996 1648 1196 1746 applicetur
1211 1646 1437 1722 antecedenti
1445 1647 1634 1746 possibile,
1650 1662 1690 1721 ut
1705 1649 1823 1747 supra·

226 1777 425 1836 memorata
442 1765 564 1862 regula
580 1782 751 1862 servetur,
770 1768 900 1841 salsum
915 1782 982 1861 est,
999 1783 1039 1840 ut
1050 1768 1218 1860 diximus,
1233 1768 1332 1865 quod
1348 1767 1518 1868 possibile
1534 1770 1578 1842 sit
1594 1768 1819 1858 nocturum,

226 1879 327 1976 quod
350 1907 407 1956 res
426 1886 545 1958 evenit
567 1886 670 1960 aliter
686 1911 798 1987 quam
821 1889 953 1962 evenit.
976 1888 1082 1961 Unde
1104 1913 1189 1961 cum
1209 1887 1281 1961 hcc
1302 1887 1506 1962 nullatenus
1522 1887 1670 1987 probari
1687 1890 1820 1988 possit,

226 2023 456 2100 nequaquam
474 2006 633 2104 recipere
648 2008 811 2104 cogimur
825 2007 926 2104 quod
943 2007 1112 2107 possibile
1127 2008 1174 2080 sit
1190 2012 1308 2080 Deum
1318 2007 1403 2080 falli.
1416 2010 1508 2081 Sunt
1523 2009 1637 2106 etqui
1653 2007 1824 2105 objiciant

225 2119 423 2222 quodlicet
435 2124 604 2223 possibile
620 2127 667 2198 sit
682 2148 739 2199 res
755 2126 858 2199 aliter
871 2128 1014 2200 evenire
1028 2149 1138 2225 quam
1154 2127 1444 2225 Deusprovidit,
1464 2141 1584 2200 tamen
1602 2142 1739 2200 certum
1755 2142 1820 2213 est,

226 2237 411 2337 inquiunt,
427 2245 511 2340 quia
536 2270 612 2317 non
639 2247 806 2319 evenient
820 2247 939 2337 aliter,
962 2245 1025 2319 sed
1047 2248 1171 2320 omnia
1193 2247 1242 2317 ita
1268 2246 1452 2344 sicutipse
1470 2247 1649 2344 providit,
1669 2247 1823 2321 necullo

225 2380 309 2430 casu
323 2359 624 2437 disturbabuntur
639 2367 726 2464 quin
743 2367 794 2438 ita
806 2367 985 2439 eveniant.
1004 2369 1096 2436 Cum
1110 2388 1219 2462 ergn,
1239 2366 1360 2456 aiunt,
1380 2389 1464 2437 eum
1484 2366 1547 2462 qui
1567 2365 1759 2438 salvandus
1772 2381 1823 2439 est

225 2479 468 2573 providitesse
480 2484 711 2579 salvandum,
724 2485 780 2558 vel
791 2486 828 2558 id
841 2485 941 2583 quod
954 2485 1113 2558 futurum
1123 2498 1178 2557 est
1191 2483 1385 2585 providerit
1400 2508 1477 2557 esse
1493 2483 1671 2577 futurum,
1684 2510 1749 2557 cur
1759 2485 1824 2558 ali·
1849 2560 1851 2565 ,

226 2620 299 2693 qua
310 2597 403 2673 fiunt
417 2626 437 2675 a
453 2603 559 2677 nobis
573 2619 613 2676 ut
629 2606 679 2678 ita
693 2605 880 2697 eveniant,
902 2630 981 2702 quae
999 2618 1140 2678 constat
1155 2603 1359 2676 nullatenus
1374 2602 1542 2701 impediri
1559 2604 1615 2675 vel
1632 2603 1823 2677 disturbari

226 2740 348 2814 posse,
371 2736 411 2793 ut
427 2721 565 2796 dictum
582 2724 662 2796 est?
686 2724 756 2796 Sed
774 2725 937 2824 prolecto
959 2724 997 2797 id
1013 2740 1109 2798 recte
1128 2723 1340 2821 objicerent,
1355 2723 1384 2794 si
1403 2737 1551 2820 possent
1566 2722 1686 2797 dicere
1707 2729 1824 2797 Deum

225 2835 302 2908 baec
316 2840 365 2912 ita
382 2843 581 2940 providisse
597 2858 655 2935 ut,
673 2844 852 2941 quidquid
867 2845 1082 2936 laceremus,
1098 2845 1148 2917 ita
1166 2857 1289 2916 tamen
1306 2855 1346 2915 ut
1360 2842 1547 2940 provisum
1557 2858 1610 2914 est
1626 2843 1822 2916 evenirent.

226 2956 332 3030 Verbi
358 2962 491 3058 gratia,
510 2962 539 3034 si
555 2963 605 3036 ita
621 2963 837 3063 providisset
856 2964 1015 3063 aliquem
1039 2962 1273 3055 salvandum,
1299 2975 1362 3056 ut,
1381 2962 1455 3034 sive
1478 2961 1572 3034 bene
1587 2976 1728 3058 ageret,
1753 2963 1826 3036 sive

226 3076 341 3171 male,
356 3092 476 3154 tamen
492 3082 701 3176 salvaretur,
715 3083 845 3157 frustra
860 3085 920 3158 ille
932 3108 1057 3158 revera
1072 3097 1284 3183 operaretur
1294 3105 1360 3179 per
1376 3106 1456 3179 quae
1471 3080 1599 3154 salvari
1617 3081 1822 3156 intenderit.

225 3199 271 3268 tt
286 3221 374 3272 vero
390 3225 475 3273 cum
489 3206 586 3275 Deus
603 3228 678 3276 non
696 3203 814 3275 solum
830 3228 916 3276 eum
930 3203 1076 3297 salvari,
1094 3202 1344 3294 verumetiam
1359 3225 1517 3299 perque
1533 3201 1729 3274 salvaretur
1742 3227 1826 3300 pro-

225 3315 366 3412 viderit,
384 3333 459 3393 tam
474 3322 622 3395 salvatio
640 3323 752 3422 ipsius
762 3347 874 3421 quam
885 3346 995 3420 opera
1009 3323 1047 3394 in
1064 3321 1186 3395 divina
1200 3320 1343 3392 luerunt
1356 3318 1595 3416 providentia,
1613 3344 1656 3393 ac
1673 3345 1738 3417 per
1754 3320 1825 3393 hcc

226 3459 371 3511 necesse
391 3455 445 3513 est
464 3456 516 3531 ut,
533 3443 635 3539 juxta
651 3442 746 3516 hanc
762 3443 829 3514 Dei
845 3441 1125 3541 providentiam,
1140 3463 1252 3539 opera
1266 3462 1414 3537 quoque
1436 3437 1641 3538 precedant
1658 3462 1724 3537 per
1746 3464 1825 3536 quae

226 3556 416 3632 salvemur.
436 3563 536 3634 Sicut
551 3578 671 3636 autem
696 3562 875 3663 quidquid
900 3562 1058 3661 providit
1078 3566 1192 3651 Deus,
1213 3574 1355 3635 constat
1371 3559 1537 3652 evenire,
1556 3583 1624 3631 nec
1651 3557 1826 3632 ullatenus
1896 3617 1899 3624 .

227 3675 442 3772 disturbari,
464 3705 506 3755 ac
519 3707 586 3782 per
601 3683 674 3755 boc
689 3683 818 3756 frustra
831 3681 1012 3781 quoslibet
1026 3682 1092 3754 niti
1104 3682 1143 3753 in
1156 3678 1292 3778 aliquid
1307 3703 1356 3752 ne
1372 3679 1525 3768 eveniat,
1540 3676 1641 3775 quod
1654 3677 1692 3748 in
1705 3677 1826 3751 divina

227 3795 413 3893 praefixum
424 3814 479 3873 est
489 3802 737 3901 providentia3
752 3803 802 3875 ita
817 3826 839 3873 e
858 3802 1039 3876 contrario
1053 3800 1183 3873 irmtra
1199 3797 1349 3897 quilibet
1362 3798 1526 3869 nituntur
1543 3810 1583 3868 ut
1595 3795 1730 3893 aliquid
1744 3821 1826 3869 eve·

226 3916 301 3987 nint
313 3918 415 4014 quod
427 3923 525 3994 Deus
543 3947 620 3994 non
642 3920 822 4022 providit,
841 3935 878 3995 et
890 3946 966 3993 non
982 3918 1101 3993 solum
1112 3920 1182 4011 illi,
1201 3943 1328 3992 verum
1347 3918 1456 3991 etiam
1481 3916 1540 3990 isti
1564 3925 1670 4013 agere
1682 3917 1825 3990 irratio·

228 4033 394 4110 rabiliter
406 4040 598 4133 videntur,
613 4041 699 4115 salsa
713 4041 974 4114 existimatione
989 4037 1143 4138 decepti.
1163 4037 1272 4125 Quod
1289 4038 1386 4110 enim
1411 4037 1492 4134 quis
1518 4058 1561 4110 ea
1577 4034 1625 4108 de
1649 4058 1758 4108 causa
1772 4036 1827 4108 vel

228 4155 428 4231 intentione
442 4159 548 4252 facit,
566 4174 606 4232 ut
622 4161 720 4233 aliud
744 4161 829 4233 inde
849 4159 1011 4252 eveniat,
1025 4159 1055 4231 si
1071 4155 1160 4230 illud
1181 4156 1267 4230 inde
1280 4181 1357 4232 non
1373 4169 1427 4228 est
1441 4168 1668 4247 eventurum,
1689 4179 1827 4252 nequa-

229 4298 339 4371 quam
356 4278 509 4377 provide
534 4278 587 4372 fit,
606 4280 669 4354 sed
692 4280 806 4379 magis
817 4279 1022 4372 indiscrete,
1043 4301 1125 4351 cum
1141 4276 1232 4350 illud
1249 4289 1396 4375 propter
1413 4274 1485 4348 hoc
1500 4297 1729 4372 nequaquam
1754 4275 1828 4370 geri

121 4417 128 4428 ·
228 4399 434 4489 conveniat,
448 4412 483 4470 et
494 4411 592 4473 recu
608 4401 762 4473 intentio
777 4426 855 4474 non
871 4400 916 4473 sit
929 4422 1040 4497 qmm
1054 4397 1221 4495 deceptio
1236 4397 1366 4470 mentis
1378 4395 1583 4480 comitatur,
1599 4394 1638 4468 in
1649 4393 1706 4465 bis
1721 4393 1825 4464 etiam

228 4535 310 4611 quae
327 4513 387 4611 pia
401 4513 597 4592 devotione
606 4519 710 4594 liunt.
730 4520 840 4593 Verbi
852 4520 982 4617 gratia,
1001 4532 1056 4592 est
1075 4516 1202 4614 aliquis
1215 4516 1279 4614 qui
1293 4512 1510 4614 pauperibus
1521 4510 1715 4609 providens
1730 4535 1825 4606 quae·

228 4632 315 4706 dam
330 4648 520 4734 praeparat,
532 4650 573 4707 ut
586 4636 636 4708 eis
651 4635 736 4710 inde
752 4613 951 4710 necessaria
960 4638 1154 4722 ministrem
1167 4634 1231 4704 sed
1246 4635 1368 4727 aliquo
1384 4654 1467 4704 casu
1482 4643 1693 4728 preventus,
1710 4628 1828 4728 perdit

228 4750 309 4847 illa,
328 4775 398 4827 nec
419 4754 497 4852 ejus
515 4755 662 4828 devotio
683 4779 792 4856 quem
807 4753 1018 4830 intendebat
1030 4752 1198 4826 ellectum
1211 4751 1456 4848 consequitur.
1476 4748 1659 4847 Numquid
1672 4747 1732 4819 hic
1752 4748 1827 4843 ejus

230 4888 423 4972 apparatus
438 4889 588 4975 propter
599 4877 805 4949 alimoniam
822 4899 1024 4976 pauperum
1047 4873 1174 4964 nonu,
1192 4869 1414 4946 rationabilis
1425 4883 1478 4942 est
1493 4868 1682 4958 dicendus,
1700 4881 1736 4938 et
1751 4891 1825 4939 uon

231 4994 345 5090 magis
357 5018 425 5093 pro
438 4995 540 5068 nullo
551 5010 606 5070 est
617 4995 826 5088 habendus,
845 5020 928 5068 curn
946 4994 1111 5068 videlicet
1122 5015 1190 5091 pro
1205 5016 1251 5064 eo
1266 4989 1366 5063 fieret
1376 5013 1444 5088 pro
1456 5012 1531 5084 quc
1548 5010 1623 5058 non
1639 4984 1828 5085 oportebat

226 5114 352 5211 ipsum
369 5112 466 5209 lieri,
482 5129 525 5190 ut
544 5117 660 5215 magis
684 5116 886 5216 superfluus
903 5139 1013 5214 quam
1037 5110 1259 5187 necessarius
1277 5107 1408 5183 debeat
1432 5100 1632 5205 appellari?
1657 5105 1829 5193 Quamvis
