4559 6100
470 515 541 587 33
1067 457 1194 585 rursu
1220 511 1458 587 13331131

468 691 568 760 num,
586 695 603 735 1
620 690 728 765 quern
745 678 1004 763 cognoverant,
1025 693 1042 735 3
1055 664 1189 738 habere
1208 666 1245 737 in
1258 666 1398 755 notitia,
1416 694 1434 732 1
1454 663 1525 737 hoc
1538 677 1592 737 est
1607 664 1761 736 retinere
1776 658 1815 731 in
1838 654 2010 729 memoria
2026 651 2058 723 ei

466 786 695 879 cohaerendo,
717 785 894 859 «tradidit
914 785 993 858 illos
1015 785 1052 857 in
1072 785 1269 885 reprobum
1285 810 1443 877 sensum,
1458 813 1476 852 1
1496 784 1647 870 honest,
1667 784 1716 855 ita
1732 779 1875 880 penitus
1891 773 2059 852 excaecari

466 909 641 1008 permisit,
656 922 694 980 ut
704 907 854 980 omnino
864 906 1104 999 consentiant,
1118 936 1136 973 «
1147 920 1188 977 ut
1199 905 1373 993 saciant»
1390 904 1429 976 id
1440 918 1492 976 est
1507 928 1617 1003 opere
1628 902 1801 1002 impleant
1812 929 1829 967 «
1840 923 1882 971 ea
1892 920 1972 996 quae
1982 918 2057 966 non

465 1028 699 1121 conveniunt,
715 1057 732 1094 r
752 1051 826 1099 non
842 1026 960 1099 solum
972 1049 1051 1122 quae
1063 1025 1157 1098 mala
1173 1038 1255 1097 sunt
1273 1023 1370 1123 apud
1382 1029 1512 1113 Deum,
1526 1022 1590 1096 sed
1606 1047 1686 1121 qnae
1697 1019 1788 1094 nulli
1803 1017 1993 1091 hominum
2006 1012 2059 1085 di·

466 1149 623 1248 sciplinae
634 1145 871 1238 concordant,
890 1158 953 1218 331
970 1143 1090 1243 aliqua
1107 1145 1246 1216 ratione
1262 1144 1423 1217 excusari
1433 1144 1540 1216 etiam
1551 1143 1650 1243 apud
1662 1142 1793 1240 impios
1808 1139 1961 1211 valeant.
1976 1133 2058 1206 11133

466 1266 548 1340 (1133
568 1266 756 1366 «repletos
770 1266 870 1338 omui
887 1263 1130 1356 immunditia,
1143 1264 1241 1336 »hoc
1255 1279 1322 1355 est,
1337 1288 1412 1335 non
1431 1263 1600 1336 omnibus
1613 1261 1719 1335 simul
1733 1272 1872 1332 tantum
1889 1253 2055 1356 peccatis,

465 1387 529 1460 sed
543 1387 689 1485 singulis
705 1386 881 1486 repletos3
898 1386 946 1457 ita
962 1383 1096 1457 scilicet
1115 1398 1155 1456 31
1167 1408 1391 1483 unaquaeque
1406 1384 1574 1482 iniquitas
1590 1383 1627 1455 in
1645 1382 1696 1454 eis
1711 1381 1817 1479 plena
1844 1391 1880 1450 et
1902 1374 2056 1474 perfecta

465 1508 676 1605 reperiatur.
708 1505 811 1578 Unde
838 1504 956 1577 statim
980 1502 1228 1577 enumerando
1253 1503 1450 1576 subdividit
1467 1502 1664 1603 iniquitatis
1690 1517 1821 1598 partes,
1840 1494 1970 1595 quibus
1995 1516 2057 1564 eos

462 1626 591 1726 repleri
606 1626 776 1699 ostendit.
1603 1702 1608 1712 ,

434 1765 439 1770 ’
513 1747 689 1819 «Malitia.
703 1775 720 1814 r
741 1751 930 1846 Perquam
945 1746 1090 1819 student
1105 1747 1184 1820 aliis
1200 1747 1374 1820 damnum
1393 1746 1535 1820 inferre.
1566 1776 1584 1812 e
1608 1744 1824 1818 Fornicatio.
1849 1768 1867 1808 >r
1893 1743 1979 1828 Qua
2004 1750 2057 1808 est

464 1866 583 1940 omnis
595 1867 737 1941 illicitus
749 1867 976 1957 concubitus,
993 1883 1091 1941 extra
1108 1892 1256 1940 uxorem
1272 1866 1449 1940 videlicet.
1478 1896 1496 1936 3
1518 1867 1684 1951 Avaritia,
1706 1892 1724 1933 n
1751 1862 1788 1935 id
1807 1874 1860 1935 est
1880 1856 2055 1931 immode-

464 2001 544 2059 rato
558 2001 780 2061 terrenorum
795 1987 985 2060 desiderio.
1003 1988 1244 2085 «Nequitia»
1264 1992 1344 2076 Qua
1358 1987 1492 2060 3131133
1501 2008 1732 2084 corrumpere
1744 1980 1913 2080 gaudent,
1925 1976 2055 2076 quibus

466 2131 542 2179 non
559 2107 687 2180 sufficit
705 2123 745 2180 ut
763 2108 829 2180 soli
847 2108 1060 2181 moriantur.
1080 2107 1297 2180 «invidia»
1317 2112 1370 2181 De
1393 2107 1500 2180 bonis
1522 2107 1667 2182 alterius
1688 2101 1862 2176 dolendo.
1890 2129 1908 2169 «
1932 2099 2055 2170 Homi-

463 2226 576 2300 cidiis.
592 2256 610 2296 n
629 2233 716 2301 Tam
729 2252 839 2328 opere
855 2229 885 2299 si
902 2242 1064 2327 possunt,
1083 2253 1194 2328 quam
1211 2227 1408 2300 voluntate.
1432 2220 1712 2300 «Contentione.
1730 2253 1747 2289 ν
1766 2228 1896 2322 Aperte
1917 2219 2055 2292 veritati

462 2346 757 2421 contradicendo.
777 2375 795 2415 «
810 2348 917 2435 Dolo,
929 2378 946 2413 s
964 2346 1002 2419 id
1013 2360 1066 2420 est
1082 2347 1323 2438 simulatione,
1342 2347 1491 2445 quando
1508 2347 1643 2420 scilicet
1656 2342 1795 2418 occulte
1811 2341 1908 2416 aliud
1925 2340 2052 2437 agitur,

459 2478 495 2538 31
510 2466 608 2540 aliud
626 2468 826 2541 simulatur.
847 2466 1105 2563 «Malignitate.
1118 2495 1136 2534 1
1153 2471 1191 2538 13
1204 2467 1315 2565 ipsos,
1329 2481 1365 2538 et
1379 2466 1627 2540 benefactores
1640 2490 1737 2538 suos.
1754 2494 1772 2531 «
1788 2465 2020 2553 Susurrones,
2035 2488 2053 2527 1

450 2586 494 2682 id
505 2601 559 2658 est
567 2586 730 2673 latenter,
744 2611 828 2660 cum
838 2601 959 2686 aperte
970 2609 1046 2658 non
1056 2585 1190 2678 valent,
1207 2585 1448 2675 detrahentes,
1462 2600 1498 2659 et
1507 2611 1591 2659 cum
1604 2585 1736 2658 audent
1745 2585 1852 2656 etiarn
1865 2584 1901 2655 in
1914 2596 2050 2682 aperto.

460 2693 763 2779 «Detractoresa'»
783 2710 826 2778 Et
839 2730 903 2804 per
918 2705 990 2776 hoc
1006 2728 1080 2777 non
1093 2704 1211 2777 solum
1228 2705 1437 2778 hominibus
1455 2705 1588 2803 quibus
1614 2703 1821 2793 detrahunt,
1849 2702 1904 2775 vel
1923 2726 2054 2774 nocere

456 2824 597 2911 volunt,
614 2826 863 2898 verumetiam
884 2856 902 2891 α
914 2828 992 2896 Deo
1009 2823 1175 2917 odibiles,
1192 2823 1486 2918 contumeliosos,
1502 2852 1520 2891 1
1537 2823 1725 2897 inserendo
1744 2823 1917 2896 conviria.
1945 2851 1963 2889 1
1981 2823 2057 2892 Su-

459 2943 604 3042 perbos.
619 2973 637 3012 »
660 2944 871 3044 Appetendo
885 2968 961 3017 esse
973 2968 1082 3042 super
1097 2945 1266 3043 aequales.
1292 2945 1487 3016 «illatos»
1507 2944 1718 3044 appetendo
1738 2942 1870 3042 aequari
1891 2941 2055 3039 superio-

457 3063 570 3137 ribus.
593 3069 834 3139 «loventores
852 3065 1045 3158 malorum,
1064 3094 1083 3134 n
1103 3065 1141 3137 id
1153 3080 1204 3138 est
1221 3066 1418 3163 cogitantes
1429 3088 1566 3137 novum
1578 3065 1724 3163 aliquod
1744 3061 1915 3164 peccandi
1942 3084 2054 3157 genus

456 3183 584 3282 inquo
602 3184 879 3258 delectarentur.
912 3214 930 3254 3
953 3185 1166 3258 Parentibus
1184 3210 1259 3258 non
1277 3184 1500 3258 obedientes.
1530 3215 1548 3252 »
1584 3188 1628 3257 Et
1649 3187 1686 3258 in
1709 3185 1781 3257 hoc
1798 3180 2000 3270 inhumani,
2020 3194 2055 3251 31

456 3303 538 3377 13113
554 3306 639 3405 ipsis
652 3305 915 3378 indomitiores.
938 3306 1195 3406 «lnsipientes.
1214 3335 1232 3374 »
1249 3311 1328 3379 lam
1345 3331 1388 3379 ex
1408 3304 1670 3378 consuetudine
1692 3305 1777 3378 mali
1799 3302 2054 3378 discretionem

455 3422 545 3497 boni
567 3449 643 3498 non
669 3424 857 3499 habentes.
887 3456 906 3492 e
929 3427 1208 3525 lncompositos,
1235 3458 1253 3495 3
1275 3440 1451 3526 quantum
1478 3424 1524 3497 ad
1547 3426 1759 3498 exteriorem
1785 3424 1965 3515 habitum,
1991 3422 2054 3519 qui

455 3543 548 3617 male
566 3544 740 3619 ordinatae
758 3546 888 3618 mentis
905 3546 1065 3619 nuntius.
1089 3548 1204 3619 «Sine
1215 3544 1420 3636 allectione,
1437 3575 1455 3615 1
1473 3547 1607 3619 33111331
1632 3544 1802 3619 naturalis
1825 3542 2055 3641 benignitatis

456 3663 493 3734 in
520 3665 706 3762 proximos
731 3666 787 3736 sui
815 3665 968 3761 generis.
999 3694 1017 3733 1
1036 3665 1121 3738 Sine
1145 3665 1404 3754 misericordia,
1423 3695 1442 3734 »
1467 3666 1503 3739 id
1520 3680 1572 3738 est
1588 3666 1838 3765 compassione
1855 3664 2053 3736 alienarum

458 3783 695 3854 miseriarum.
716 3784 832 3856 «Sine
845 3782 992 3873 soedere,
1007 3810 1025 3851 u
1045 3783 1083 3855 id
1099 3798 1153 3856 est
1169 3799 1297 3858 mutuo
1315 3787 1470 3859 caritatis
1496 3785 1641 3858 vinculo
1664 3786 1702 3858 in
1728 3785 1882 3884 aliquos,
1912 3780 1968 3854 vel
1992 3779 2054 3854 ali·

457 3901 560 3998 cujus
575 3904 670 4000 pacti
689 3902 954 3975 observatione.
981 3903 1048 3992 Qui
1071 3904 1180 3977 etiam
1204 3904 1242 3976 in
1266 3919 1400 3979 tantam
1424 3905 1584 3980 devoluti
1604 3919 1688 3980 sunt
1712 3905 1998 3991 exoecationem,
2014 3914 2055 3972 ut

332 4031 344 4041 ‘
460 4044 533 4093 non
550 4047 615 4121 per
630 4024 877 4122 paenitentiam
895 4021 1012 4096 redire
1026 4023 1154 4118 sciant,
1174 4048 1248 4097 non
1258 4024 1333 4121 jam
1350 4025 1599 4124 intelligentes,
1615 4025 1650 4099 id
1663 4040 1717 4099 est
1739 4050 1813 4098 non
1829 4023 2053 4098 attendentes

458 4139 514 4212 vel
532 4157 713 4216 curantes.
739 4171 757 4212 3
776 4144 957 4232 Quoniam
976 4145 1038 4241 qui
1065 4143 1148 4218 talia
1163 4145 1279 4241 agunt
1304 4143 1404 4242 digni
1429 4161 1515 4219 sunt
1534 4160 1694 4239 morte,»
1724 4145 1891 4218 videlicet
1906 4157 2051 4233 aeterna,

457 4285 541 4333 cum
559 4261 596 4334 id
616 4275 735 4360 agant,
752 4263 916 4359 quamvis
934 4263 1108 4360 justitiam
1120 4264 1187 4336 Dei
1203 4265 1369 4362 primitus
1386 4266 1651 4363 cognovissent,
1666 4267 1705 4339 id
1721 4279 1787 4356 est,
1805 4264 1882 4362 ejus
1893 4262 2052 4335 debitam

457 4380 653 4454 vindictam
670 4382 715 4455 de
731 4381 879 4479 singulis
894 4384 1063 4482 peccatis.
1092 4412 1110 4452 3
1127 4383 1198 4457 Sed
1222 4397 1257 4456 et
1279 4385 1342 4482 qni
1365 4386 1608 4459 consentiunt.
1623 4416 1641 4453 s
1657 4387 1868 4460 Consentire
1884 4382 1944 4455 hic
1964 4381 2053 4454 dicit

457 4524 530 4572 non
561 4502 723 4574 resistere
745 4500 902 4602 aliquem
924 4518 1072 4602 peccato
1090 4504 1254 4594 alterius,
1280 4528 1364 4576 curn
1384 4507 1497 4605 possit
1513 4521 1549 4579 et
1568 4507 1710 4580 debeat.
1732 4505 1926 4579 Multorum
1954 4501 2052 4575 enirn

456 4618 606 4692 fortasse
621 4625 718 4694 Dens
731 4622 893 4695 resistere
905 4612 1059 4722 peccatis
1075 4638 1210 4723 posset,
1221 4618 1459 4698 disturbando
1469 4627 1616 4721 scilicet,
1634 4651 1682 4700 ne
1699 4624 1838 4716 fierent,
1855 4649 1923 4697 uec
1934 4637 2053 4695 tamen

455 4737 577 4829 debet,
600 4739 716 4840 culpis
741 4742 872 4813 nostris
891 4742 1125 4840 erigentibus,
1155 4745 1212 4816 vel
1233 4744 1320 4843 ipsis
1346 4746 1501 4843 peccatis
1523 4747 1560 4819 13
1584 4745 1710 4819 melius
1725 4743 1882 4818 utendo:
1898 4743 2054 4839 ideoque

456 4861 662 4933 consentire
677 4860 833 4960 peccatis
845 4848 946 4933 nullo
962 4861 1075 4934 modo
1093 4862 1268 4936 dicendus
1284 4877 1349 4937 est.
1373 4865 1581 4938 Notandum
1603 4888 1689 4938 vero
1713 4888 1788 4936 non
1814 4863 1862 4936 de
1884 4860 2056 4934 omnibus

455 4978 682 5081 philosophis
703 4978 759 5052 rel
776 4980 929 5052 naturali
947 4979 1027 5079 lege
1050 4981 1233 5054 utentibus
1251 4981 1346 5075 lianc
1363 4986 1636 5058 excaecationem
1655 4985 1711 5058 131
1737 4983 1908 5057 malitiam
1929 4979 2057 5082 praedi·

454 5111 549 5172 ctam
561 5125 638 5174 esse
655 5097 936 5196 intelligendam,
954 5124 1038 5173 cum
1051 5101 1213 5201 plerique
1224 5099 1368 5175 illorum
1383 5119 1454 5176 tam
1473 5103 1546 5178 fide
1559 5129 1668 5203 quam
1688 5103 1850 5177 moribus
1862 5106 1939 5175 Deo
1956 5123 2057 5173 acce·
