<?xml version="1.0" encoding="UTF-8"?>
<!DOCTYPE html PUBLIC "-//W3C//DTD XHTML 1.0 Transitional//EN"
    "http://www.w3.org/TR/xhtml1/DTD/xhtml1-transitional.dtd">
<html xmlns="http://www.w3.org/1999/xhtml" xml:lang="en" lang="en">
 <head>
  <title>
</title>
<meta http-equiv="Content-Type" content="text/html;charset=utf-8" />
  <meta name='ocr-system' content='tesseract 3.04.00' />
  <meta name='ocr-capabilities' content='ocr_page ocr_carea ocr_par ocr_line ocrx_word'/>
</head>
<body>
  <div class='ocr_page' id='page_1' title='image "./petriablardiope00despgoog_0762.png"; bbox 0 0 4559 6100; ppageno 0'>
   <div class='ocr_carea' id='block_1_1' title="bbox 485 495 1488 577">
    <p class='ocr_par' dir='ltr' id='par_1_1' title="bbox 485 495 1488 577">
     <span class='ocr_line' id='line_1_1' title="bbox 485 495 1488 577; baseline 0 -6"><span class='ocrx_word' id='word_1_1' title='bbox 485 495 558 571; x_wconf 74' lang='lat' dir='ltr'><strong>ott</strong></span> <span class='ocrx_word' id='word_1_2' title='bbox 1093 501 1222 575; x_wconf 80' lang='lat' dir='ltr'><strong>PE&#39;l&#39;lil</strong></span> <span class='ocrx_word' id='word_1_3' title='bbox 1253 499 1488 577; x_wconf 67' lang='lat' dir='ltr'><strong>tumtum</strong></span> 
     </span>
    </p>
   </div>
   <div class='ocr_carea' id='block_1_2' title="bbox 462 647 2116 5068">
    <p class='ocr_par' dir='ltr' id='par_1_2' title="bbox 463 647 2086 2308">
     <span class='ocr_line' id='line_1_2' title="bbox 483 647 2085 752; baseline 0.004 -32"><span class='ocrx_word' id='word_1_4' title='bbox 483 647 695 747; x_wconf 84' lang='lat' dir='ltr'><strong>opinionem</strong></span> <span class='ocrx_word' id='word_1_5' title='bbox 719 648 830 746; x_wconf 90' lang='lat' dir='ltr'><strong>possit</strong></span> <span class='ocrx_word' id='word_1_6' title='bbox 857 651 996 743; x_wconf 89' lang='lat' dir='ltr'><strong>venire,</strong></span> <span class='ocrx_word' id='word_1_7' title='bbox 1020 666 1057 723; x_wconf 91' lang='lat' dir='ltr'><strong>et</strong></span> <span class='ocrx_word' id='word_1_8' title='bbox 1080 651 1127 724; x_wconf 92' lang='lat' dir='ltr'><strong>de</strong></span> <span class='ocrx_word' id='word_1_9' title='bbox 1152 653 1263 752; x_wconf 93' lang='lat' dir='ltr'><strong>ipsius</strong></span> <span class='ocrx_word' id='word_1_10' title='bbox 1285 651 1506 727; x_wconf 72' lang='lat' dir='ltr'><strong>auctoritatis</strong></span> <span class='ocrx_word' id='word_1_11' title='bbox 1529 650 1650 724; x_wconf 84' lang='lat' dir='ltr'><strong>¹verbis</strong></span> <span class='ocrx_word' id='word_1_12' title='bbox 1666 650 1846 750; x_wconf 76' lang='lat' dir='ltr'>pleraeque</span> <span class='ocrx_word' id='word_1_13' title='bbox 1867 651 2085 750; x_wconf 82' lang='lat' dir='ltr'><strong>quaestiones</strong></span> 
     </span>
     <span class='ocr_line' id='line_1_3' title="bbox 484 767 2083 872; baseline 0.003 -33"><span class='ocrx_word' id='word_1_14' title='bbox 484 780 688 863; x_wconf 81' lang='lat' dir='ltr'><strong>emergunt,</strong></span> <span class='ocrx_word' id='word_1_15' title='bbox 709 781 750 840; x_wconf 90' lang='lat' dir='ltr'><strong>ut</strong></span> <span class='ocrx_word' id='word_1_16' title='bbox 767 767 814 840; x_wconf 87' lang='lat' dir='ltr'><strong>de</strong></span> <span class='ocrx_word' id='word_1_17' title='bbox 829 767 914 867; x_wconf 88' lang='lat' dir='ltr'><strong>ipsis</strong></span> <span class='ocrx_word' id='word_1_18' title='bbox 934 771 1034 869; x_wconf 91' lang='lat' dir='ltr'><strong>prius</strong></span> <span class='ocrx_word' id='word_1_19' title='bbox 1055 796 1166 869; x_wconf 87' lang='lat' dir='ltr'><strong>quam</strong></span> <span class='ocrx_word' id='word_1_20' title='bbox 1184 797 1250 871; x_wconf 88' lang='lat' dir='ltr'><strong>per</strong></span> <span class='ocrx_word' id='word_1_21' title='bbox 1266 773 1343 872; x_wconf 90' lang='lat' dir='ltr'><strong>ipsa</strong></span> <span class='ocrx_word' id='word_1_22' title='bbox 1359 769 1596 869; x_wconf 79' lang='lat' dir='ltr'><strong>judicandum</strong></span> <span class='ocrx_word' id='word_1_23' title='bbox 1616 770 1673 844; x_wconf 88' lang='lat' dir='ltr'><strong>sit.</strong></span> <span class='ocrx_word' id='word_1_24' title='bbox 1696 776 1782 844; x_wconf 90' lang='lat' dir='ltr'><strong>Post</strong></span> <span class='ocrx_word' id='word_1_25' title='bbox 1797 773 1978 844; x_wconf 87' lang='lat' dir='ltr'><strong>rationem</strong></span> <span class='ocrx_word' id='word_1_26' title='bbox 1994 794 2083 845; x_wconf 85' lang='lat' dir='ltr'><strong>vero</strong></span> 
     </span>
     <span class='ocr_line' id='line_1_4' title="bbox 485 886 2084 989; baseline 0.004 -30"><span class='ocrx_word' id='word_1_27' title='bbox 485 886 677 978; x_wconf 81' lang='lat' dir='ltr'><strong>redditam,</strong></span> <span class='ocrx_word' id='word_1_28' title='bbox 694 887 802 959; x_wconf 88' lang='lat' dir='ltr'><strong>etiam</strong></span> <span class='ocrx_word' id='word_1_29' title='bbox 818 889 847 959; x_wconf 90' lang='lat' dir='ltr'><strong>si</strong></span> <span class='ocrx_word' id='word_1_30' title='bbox 864 890 956 963; x_wconf 87' lang='lat' dir='ltr'><strong>ratio</strong></span> <span class='ocrx_word' id='word_1_31' title='bbox 972 916 1048 964; x_wconf 92' lang='lat' dir='ltr'><strong>non</strong></span> <span class='ocrx_word' id='word_1_32' title='bbox 1065 893 1123 982; x_wconf 90' lang='lat' dir='ltr'><strong>sit,</strong></span> <span class='ocrx_word' id='word_1_33' title='bbox 1142 891 1207 964; x_wconf 92' lang='lat' dir='ltr'><strong>sed</strong></span> <span class='ocrx_word' id='word_1_34' title='bbox 1219 892 1397 983; x_wconf 86' lang='lat' dir='ltr'><strong>videatur,</strong></span> <span class='ocrx_word' id='word_1_35' title='bbox 1412 890 1510 963; x_wconf 85' lang='lat' dir='ltr'><strong>nulla</strong></span> <span class='ocrx_word' id='word_1_36' title='bbox 1526 892 1674 988; x_wconf 78' lang='lat' dir='ltr'><strong>quaestio</strong></span> <span class='ocrx_word' id='word_1_37' title='bbox 1687 904 1863 982; x_wconf 84' lang='lat' dir='ltr'><strong>remanet,</strong></span> <span class='ocrx_word' id='word_1_38' title='bbox 1882 891 1969 989; x_wconf 88' lang='lat' dir='ltr'><strong>quia</strong></span> <span class='ocrx_word' id='word_1_39' title='bbox 1983 890 2084 965; x_wconf 84' lang='lat' dir='ltr'><strong>nulla</strong></span> 
     </span>
     <span class='ocr_line' id='line_1_5' title="bbox 486 997 2083 1109; baseline 0.001 -28"><span class='ocrx_word' id='word_1_40' title='bbox 486 1006 662 1081; x_wconf 78' lang='lat' dir='ltr'><strong>dubitatio</strong></span> <span class='ocrx_word' id='word_1_41' title='bbox 681 1022 854 1105; x_wconf 81' lang='lat' dir='ltr'>superest.</span> <span class='ocrx_word' id='word_1_42' title='bbox 869 1010 1003 1083; x_wconf 81' lang='lat' dir='ltr'>Tecum</span> <span class='ocrx_word' id='word_1_43' title='bbox 1019 997 1106 1085; x_wconf 84' lang='lat' dir='ltr'><strong>vero</strong></span> <span class='ocrx_word' id='word_1_44' title='bbox 1122 1025 1222 1084; x_wconf 90' lang='lat' dir='ltr'><strong>tanto</strong></span> <span class='ocrx_word' id='word_1_45' title='bbox 1240 1012 1360 1084; x_wconf 89' lang='lat' dir='ltr'><strong>minus</strong></span> <span class='ocrx_word' id='word_1_46' title='bbox 1375 1035 1421 1084; x_wconf 81' lang='lat' dir='ltr'><strong>ex</strong></span> <span class='ocrx_word' id='word_1_47' title='bbox 1436 1012 1649 1085; x_wconf 90' lang='lat' dir='ltr'><strong>auctoritate</strong></span> <span class='ocrx_word' id='word_1_48' title='bbox 1661 1010 1841 1109; x_wconf 82' lang='lat' dir='ltr'><strong>agendum</strong></span> <span class='ocrx_word' id='word_1_49' title='bbox 1858 1023 1924 1103; x_wconf 89' lang='lat' dir='ltr'><strong>est,</strong></span> <span class='ocrx_word' id='word_1_50' title='bbox 1945 1024 2083 1108; x_wconf 91' lang='lat' dir='ltr'><strong>quanto</strong></span> 
     </span>
     <span class='ocr_line' id='line_1_6' title="bbox 487 1127 2084 1231; baseline 0.003 -34"><span class='ocrx_word' id='word_1_51' title='bbox 487 1127 641 1225; x_wconf 88' lang='lat' dir='ltr'><strong>amplius</strong></span> <span class='ocrx_word' id='word_1_52' title='bbox 655 1128 785 1200; x_wconf 87' lang='lat' dir='ltr'><strong>rationi</strong></span> <span class='ocrx_word' id='word_1_53' title='bbox 799 1128 960 1203; x_wconf 87' lang='lat' dir='ltr'><strong>inniteris</strong></span> <span class='ocrx_word' id='word_1_54' title='bbox 975 1144 1011 1203; x_wconf 90' lang='lat' dir='ltr'><strong>et</strong></span> <span class='ocrx_word' id='word_1_55' title='bbox 1026 1133 1212 1231; x_wconf 81' lang='lat' dir='ltr'><strong>scripturae</strong></span> <span class='ocrx_word' id='word_1_56' title='bbox 1226 1131 1475 1215; x_wconf 84' lang='lat' dir='ltr'><strong>auctoritatem</strong></span> <span class='ocrx_word' id='word_1_57' title='bbox 1491 1131 1611 1204; x_wconf 92' lang='lat' dir='ltr'><strong>minus</strong></span> <span class='ocrx_word' id='word_1_58' title='bbox 1624 1131 1800 1229; x_wconf 74' lang='lat' dir='ltr'><strong>agnoscis.</strong></span> <span class='ocrx_word' id='word_1_59' title='bbox 1820 1135 1933 1202; x_wconf 90' lang='lat' dir='ltr'><strong>Nemo</strong></span> <span class='ocrx_word' id='word_1_60' title='bbox 1947 1132 2084 1231; x_wconf 84' lang='lat' dir='ltr'>quippe</span> 
     </span>
     <span class='ocr_line' id='line_1_7' title="bbox 463 1246 2086 1351; baseline 0.001 -32"><span class='ocrx_word' id='word_1_61' title='bbox 463 1298 466 1307; x_wconf 90' lang='lat'><strong>.</strong></span> <span class='ocrx_word' id='word_1_62' title='bbox 486 1246 587 1343; x_wconf 83' lang='lat' dir='ltr'><strong>argui</strong></span> <span class='ocrx_word' id='word_1_63' title='bbox 605 1247 672 1319; x_wconf 92' lang='lat' dir='ltr'><strong>nisi</strong></span> <span class='ocrx_word' id='word_1_64' title='bbox 691 1272 732 1318; x_wconf 84' lang='lat' dir='ltr'><strong>er</strong></span> <span class='ocrx_word' id='word_1_65' title='bbox 749 1249 928 1322; x_wconf 85' lang='lat' dir='ltr'><strong>concessis</strong></span> <span class='ocrx_word' id='word_1_66' title='bbox 950 1265 1086 1349; x_wconf 89' lang='lat' dir='ltr'><strong>potest,</strong></span> <span class='ocrx_word' id='word_1_67' title='bbox 1111 1276 1181 1324; x_wconf 90' lang='lat' dir='ltr'><strong>nec</strong></span> <span class='ocrx_word' id='word_1_68' title='bbox 1195 1251 1265 1325; x_wconf 91' lang='lat' dir='ltr'><strong>nisi</strong></span> <span class='ocrx_word' id='word_1_69' title='bbox 1278 1276 1346 1351; x_wconf 89' lang='lat' dir='ltr'><strong>per</strong></span> <span class='ocrx_word' id='word_1_70' title='bbox 1365 1272 1409 1325; x_wconf 87' lang='lat' dir='ltr'><strong>ea</strong></span> <span class='ocrx_word' id='word_1_71' title='bbox 1425 1275 1505 1350; x_wconf 86' lang='lat' dir='ltr'><strong>quae</strong></span> <span class='ocrx_word' id='word_1_72' title='bbox 1524 1251 1652 1350; x_wconf 82' lang='lat' dir='ltr'><strong>recipit</strong></span> <span class='ocrx_word' id='word_1_73' title='bbox 1667 1249 1936 1323; x_wconf 87' lang='lat' dir='ltr'><strong>convincendus</strong></span> <span class='ocrx_word' id='word_1_74' title='bbox 1958 1263 2027 1338; x_wconf 86' lang='lat' dir='ltr'><strong>est,</strong></span> <span class='ocrx_word' id='word_1_75' title='bbox 2047 1264 2086 1322; x_wconf 90' lang='lat' dir='ltr'><strong>et</strong></span> 
     </span>
     <span class='ocr_line' id='line_1_8' title="bbox 488 1365 2084 1466; baseline 0.003 -28"><span class='ocrx_word' id='word_1_76' title='bbox 488 1365 590 1439; x_wconf 88' lang='lat' dir='ltr'><strong>aliter</strong></span> <span class='ocrx_word' id='word_1_77' title='bbox 614 1380 755 1458; x_wconf 88' lang='lat' dir='ltr'><strong>tecum,</strong></span> <span class='ocrx_word' id='word_1_78' title='bbox 782 1365 882 1440; x_wconf 86' lang='lat' dir='ltr'><strong>aliter</strong></span> <span class='ocrx_word' id='word_1_79' title='bbox 911 1368 1101 1442; x_wconf 91' lang='lat' dir='ltr'><strong>uobiscum</strong></span> <span class='ocrx_word' id='word_1_80' title='bbox 1124 1370 1172 1442; x_wconf 88' lang='lat' dir='ltr'><strong>ad</strong></span> <span class='ocrx_word' id='word_1_81' title='bbox 1200 1371 1355 1444; x_wconf 80' lang='lat' dir='ltr'><strong>invicem</strong></span> <span class='ocrx_word' id='word_1_82' title='bbox 1379 1369 1647 1466; x_wconf 84' lang='lat' dir='ltr'><strong>confligendum</strong></span> <span class='ocrx_word' id='word_1_83' title='bbox 1674 1384 1739 1442; x_wconf 90' lang='lat' dir='ltr'><strong>est.</strong></span> <span class='ocrx_word' id='word_1_84' title='bbox 1768 1368 1865 1458; x_wconf 88' lang='lat' dir='ltr'><strong>Quid</strong></span> <span class='ocrx_word' id='word_1_85' title='bbox 1888 1369 2084 1465; x_wconf 82' lang='lat' dir='ltr'><strong>Gregorius</strong></span> 
     </span>
     <span class='ocr_line' id='line_1_9' title="bbox 485 1485 2082 1590; baseline 0.003 -32"><span class='ocrx_word' id='word_1_86' title='bbox 485 1499 548 1558; x_wconf 90' lang='lat' dir='ltr'><strong>aut</strong></span> <span class='ocrx_word' id='word_1_87' title='bbox 562 1486 671 1557; x_wconf 89' lang='lat' dir='ltr'><strong>ceteri</strong></span> <span class='ocrx_word' id='word_1_88' title='bbox 686 1485 854 1559; x_wconf 88' lang='lat' dir='ltr'><strong>doctores</strong></span> <span class='ocrx_word' id='word_1_89' title='bbox 870 1488 998 1579; x_wconf 86' lang='lat' dir='ltr'><strong>nostri,</strong></span> <span class='ocrx_word' id='word_1_90' title='bbox 1016 1489 1103 1587; x_wconf 90' lang='lat' dir='ltr'><strong>quid</strong></span> <span class='ocrx_word' id='word_1_91' title='bbox 1120 1491 1229 1562; x_wconf 88' lang='lat' dir='ltr'><strong>etiarn</strong></span> <span class='ocrx_word' id='word_1_92' title='bbox 1245 1491 1321 1590; x_wconf 89' lang='lat' dir='ltr'><strong>ipse</strong></span> <span class='ocrx_word' id='word_1_93' title='bbox 1335 1490 1498 1564; x_wconf 90' lang='lat' dir='ltr'><strong>Christus</strong></span> <span class='ocrx_word' id='word_1_94' title='bbox 1514 1489 1572 1563; x_wconf 86' lang='lat' dir='ltr'><strong>vel</strong></span> <span class='ocrx_word' id='word_1_95' title='bbox 1590 1494 1732 1587; x_wconf 81' lang='lat' dir='ltr'><strong>Moyses</strong></span> <span class='ocrx_word' id='word_1_96' title='bbox 1747 1503 1894 1580; x_wconf 85' lang='lat' dir='ltr'><strong>astruat,</strong></span> <span class='ocrx_word' id='word_1_97' title='bbox 1915 1489 2082 1563; x_wconf 92' lang='lat' dir='ltr'><strong>nondum</strong></span> 
     </span>
     <span class='ocr_line' id='line_1_10' title="bbox 486 1605 2081 1708; baseline 0.003 -30"><span class='ocrx_word' id='word_1_98' title='bbox 486 1605 531 1678; x_wconf 90' lang='lat' dir='ltr'><strong>ad</strong></span> <span class='ocrx_word' id='word_1_99' title='bbox 551 1619 586 1679; x_wconf 93' lang='lat' dir='ltr'><strong>te</strong></span> <span class='ocrx_word' id='word_1_100' title='bbox 602 1606 781 1705; x_wconf 88' lang='lat' dir='ltr'><strong>pertinere</strong></span> <span class='ocrx_word' id='word_1_101' title='bbox 799 1608 988 1699; x_wconf 89' lang='lat' dir='ltr'><strong>novimus,</strong></span> <span class='ocrx_word' id='word_1_102' title='bbox 1014 1624 1052 1681; x_wconf 94' lang='lat' dir='ltr'><strong>ut</strong></span> <span class='ocrx_word' id='word_1_103' title='bbox 1069 1634 1111 1682; x_wconf 82' lang='lat' dir='ltr'><strong>ex</strong></span> <span class='ocrx_word' id='word_1_104' title='bbox 1129 1610 1291 1708; x_wconf 89' lang='lat' dir='ltr'><strong>ipsorum</strong></span> <span class='ocrx_word' id='word_1_105' title='bbox 1307 1609 1411 1682; x_wconf 89' lang='lat' dir='ltr'><strong>dictis</strong></span> <span class='ocrx_word' id='word_1_106' title='bbox 1430 1609 1477 1682; x_wconf 90' lang='lat' dir='ltr'><strong>ad</strong></span> <span class='ocrx_word' id='word_1_107' title='bbox 1498 1607 1608 1683; x_wconf 84' lang='lat' dir='ltr'><strong>fidem</strong></span> <span class='ocrx_word' id='word_1_108' title='bbox 1631 1610 1783 1708; x_wconf 82' lang='lat' dir='ltr'><strong>cogaris.</strong></span> <span class='ocrx_word' id='word_1_109' title='bbox 1803 1610 1899 1681; x_wconf 89' lang='lat' dir='ltr'><strong>Inter</strong></span> <span class='ocrx_word' id='word_1_110' title='bbox 1915 1633 1996 1697; x_wconf 90' lang='lat' dir='ltr'><strong>nos,</strong></span> <span class='ocrx_word' id='word_1_111' title='bbox 2017 1610 2081 1708; x_wconf 90' lang='lat' dir='ltr'><strong>qui</strong></span> 
     </span>
     <span class='ocr_line' id='line_1_11' title="bbox 483 1725 2081 1826; baseline 0.003 -30"><span class='ocrx_word' id='word_1_112' title='bbox 483 1725 556 1797; x_wconf 90' lang='lat' dir='ltr'><strong>hoc</strong></span> <span class='ocrx_word' id='word_1_113' title='bbox 579 1726 785 1824; x_wconf 90' lang='lat' dir='ltr'><strong>recipimus,</strong></span> <span class='ocrx_word' id='word_1_114' title='bbox 812 1725 951 1799; x_wconf 89' lang='lat' dir='ltr'><strong>habeut</strong></span> <span class='ocrx_word' id='word_1_115' title='bbox 974 1729 1042 1801; x_wconf 92' lang='lat' dir='ltr'><strong>ista</strong></span> <span class='ocrx_word' id='word_1_116' title='bbox 1064 1727 1206 1820; x_wconf 90' lang='lat' dir='ltr'><strong>locum,</strong></span> <span class='ocrx_word' id='word_1_117' title='bbox 1227 1743 1262 1800; x_wconf 87' lang='lat' dir='ltr'><strong>et</strong></span> <span class='ocrx_word' id='word_1_118' title='bbox 1287 1729 1442 1802; x_wconf 84' lang='lat' dir='ltr'><strong>maxime</strong></span> <span class='ocrx_word' id='word_1_119' title='bbox 1467 1727 1669 1802; x_wconf 91' lang='lat' dir='ltr'><strong>rationibus</strong></span> <span class='ocrx_word' id='word_1_120' title='bbox 1687 1750 1954 1826; x_wconf 85' lang='lat' dir='ltr'><strong>nonnunquam</strong></span> <span class='ocrx_word' id='word_1_121' title='bbox 1971 1726 2081 1801; x_wconf 87' lang='lat' dir='ltr'><strong>iidem</strong></span> 
     </span>
     <span class='ocr_line' id='line_1_12' title="bbox 484 1844 2082 1947; baseline 0.001 -29"><span class='ocrx_word' id='word_1_122' title='bbox 484 1844 713 1919; x_wconf 85' lang='lat' dir='ltr'><strong>astruendam</strong></span> <span class='ocrx_word' id='word_1_123' title='bbox 737 1869 813 1917; x_wconf 91' lang='lat' dir='ltr'><strong>esse</strong></span> <span class='ocrx_word' id='word_1_124' title='bbox 831 1846 888 1919; x_wconf 90' lang='lat' dir='ltr'><strong>vel</strong></span> <span class='ocrx_word' id='word_1_125' title='bbox 905 1846 1189 1938; x_wconf 78' lang='lat' dir='ltr'><strong>defendendam,</strong></span> <span class='ocrx_word' id='word_1_126' title='bbox 1210 1848 1257 1921; x_wconf 86' lang='lat' dir='ltr'><strong>de</strong></span> <span class='ocrx_word' id='word_1_127' title='bbox 1278 1848 1410 1947; x_wconf 92' lang='lat' dir='ltr'><strong>quibus</strong></span> <span class='ocrx_word' id='word_1_128' title='bbox 1431 1848 1579 1947; x_wconf 91' lang='lat' dir='ltr'><strong>quidem</strong></span> <span class='ocrx_word' id='word_1_129' title='bbox 1602 1848 1770 1940; x_wconf 89' lang='lat' dir='ltr'><strong>memini,</strong></span> <span class='ocrx_word' id='word_1_130' title='bbox 1789 1861 1914 1920; x_wconf 85' lang='lat' dir='ltr'><strong>contra</strong></span> <span class='ocrx_word' id='word_1_131' title='bbox 1932 1847 2082 1945; x_wconf 90' lang='lat' dir='ltr'><strong>eosqui</strong></span> 
     </span>
     <span class='ocr_line' id='line_1_13' title="bbox 484 1964 2081 2066; baseline 0.002 -30"><span class='ocrx_word' id='word_1_132' title='bbox 484 1964 595 2038; x_wconf 81' lang='lat' dir='ltr'><strong>iidem</strong></span> <span class='ocrx_word' id='word_1_133' title='bbox 618 1965 817 2037; x_wconf 86' lang='lat' dir='ltr'><strong>rationibus</strong></span> <span class='ocrx_word' id='word_1_134' title='bbox 839 1967 1084 2064; x_wconf 76' lang='lat' dir='ltr'><strong>vestigandam</strong></span> <span class='ocrx_word' id='word_1_135' title='bbox 1107 1991 1183 2040; x_wconf 89' lang='lat' dir='ltr'><strong>esse</strong></span> <span class='ocrx_word' id='word_1_136' title='bbox 1204 1968 1405 2065; x_wconf 87' lang='lat' dir='ltr'><strong>denegant,</strong></span> <span class='ocrx_word' id='word_1_137' title='bbox 1424 1965 1605 2041; x_wconf 87' lang='lat' dir='ltr'><strong>secundus</strong></span> <span class='ocrx_word' id='word_1_138' title='bbox 1627 1968 1736 2040; x_wconf 87' lang='lat' dir='ltr'><strong>etiam</strong></span> <span class='ocrx_word' id='word_1_139' title='bbox 1763 1966 1955 2066; x_wconf 72' lang='lat' dir='ltr'><strong>Tloeologrie</strong></span> <span class='ocrx_word' id='word_1_140' title='bbox 1979 1966 2081 2039; x_wconf 79' lang='lat' dir='ltr'><strong>Citri-</strong></span> 
     </span>
     <span class='ocr_line' id='line_1_14' title="bbox 482 2084 2081 2187; baseline 0.001 -30"><span class='ocrx_word' id='word_1_141' title='bbox 482 2088 608 2157; x_wconf 64' lang='lat' dir='ltr'><strong>attane</strong></span> <span class='ocrx_word' id='word_1_142' title='bbox 624 2084 716 2157; x_wconf 91' lang='lat' dir='ltr'><strong>liber</strong></span> <span class='ocrx_word' id='word_1_143' title='bbox 729 2099 803 2157; x_wconf 85' lang='lat' dir='ltr'><strong>tam</strong></span> <span class='ocrx_word' id='word_1_144' title='bbox 828 2086 959 2159; x_wconf 73' lang='lat' dir='ltr'><strong>virtute</strong></span> <span class='ocrx_word' id='word_1_145' title='bbox 981 2088 1165 2160; x_wconf 89' lang='lat' dir='ltr'><strong>rationum</strong></span> <span class='ocrx_word' id='word_1_146' title='bbox 1186 2112 1296 2185; x_wconf 86' lang='lat' dir='ltr'><strong>quam</strong></span> <span class='ocrx_word' id='word_1_147' title='bbox 1316 2088 1528 2162; x_wconf 87' lang='lat' dir='ltr'><strong>auctoritate</strong></span> <span class='ocrx_word' id='word_1_148' title='bbox 1545 2087 1760 2186; x_wconf 87' lang='lat' dir='ltr'><strong>scriptorum</strong></span> <span class='ocrx_word' id='word_1_149' title='bbox 1777 2087 1919 2187; x_wconf 88' lang='lat' dir='ltr'><strong>plenius</strong></span> <span class='ocrx_word' id='word_1_150' title='bbox 1939 2085 2081 2161; x_wconf 89' lang='lat' dir='ltr'><strong>disserit</strong></span> 
     </span>
     <span class='ocr_line' id='line_1_15' title="bbox 483 2204 1790 2308; baseline 0 -29"><span class='ocrx_word' id='word_1_151' title='bbox 483 2220 520 2279; x_wconf 89' lang='lat' dir='ltr'><strong>et</strong></span> <span class='ocrx_word' id='word_1_152' title='bbox 536 2204 686 2279; x_wconf 87' lang='lat' dir='ltr'><strong>rebelles</strong></span> <span class='ocrx_word' id='word_1_153' title='bbox 701 2207 896 2279; x_wconf 75' lang='lat' dir='ltr'><strong>convincit.</strong></span> <span class='ocrx_word' id='word_1_154' title='bbox 918 2211 1022 2280; x_wconf 86' lang='lat' dir='ltr'><strong>Nunc</strong></span> <span class='ocrx_word' id='word_1_155' title='bbox 1037 2207 1083 2280; x_wconf 90' lang='lat' dir='ltr'><strong>ad</strong></span> <span class='ocrx_word' id='word_1_156' title='bbox 1100 2209 1340 2306; x_wconf 90' lang='lat' dir='ltr'><strong>propositum,</strong></span> <span class='ocrx_word' id='word_1_157' title='bbox 1360 2210 1389 2282; x_wconf 90' lang='lat' dir='ltr'><strong>si</strong></span> <span class='ocrx_word' id='word_1_158' title='bbox 1405 2208 1536 2308; x_wconf 88' lang='lat' dir='ltr'><strong>placet,</strong></span> <span class='ocrx_word' id='word_1_159' title='bbox 1556 2224 1790 2283; x_wconf 89' lang='lat' dir='ltr'><strong>revertamur.</strong></span> 
     </span>
    </p>

    <p class='ocr_par' dir='ltr' id='par_1_3' title="bbox 478 2325 2080 2905">
     <span class='ocr_line' id='line_1_16' title="bbox 534 2325 2080 2429; baseline 0.002 -31"><span class='ocrx_word' id='word_1_160' title='bbox 534 2331 677 2400; x_wconf 78' lang='lat' dir='ltr'><strong>Panos.</strong></span> <span class='ocrx_word' id='word_1_161' title='bbox 705 2330 820 2400; x_wconf 92' lang='lat' dir='ltr'><strong>lrnmo</strong></span> <span class='ocrx_word' id='word_1_162' title='bbox 836 2328 921 2425; x_wconf 89' lang='lat' dir='ltr'><strong>quia</strong></span> <span class='ocrx_word' id='word_1_163' title='bbox 939 2329 1056 2428; x_wconf 90' lang='lat' dir='ltr'><strong>placet</strong></span> <span class='ocrx_word' id='word_1_164' title='bbox 1071 2343 1107 2401; x_wconf 88' lang='lat' dir='ltr'><strong>ct</strong></span> <span class='ocrx_word' id='word_1_165' title='bbox 1125 2353 1233 2427; x_wconf 88' lang='lat' dir='ltr'><strong>super</strong></span> <span class='ocrx_word' id='word_1_166' title='bbox 1250 2330 1373 2402; x_wconf 86' lang='lat' dir='ltr'><strong>omnia</strong></span> <span class='ocrx_word' id='word_1_167' title='bbox 1394 2329 1536 2429; x_wconf 88' lang='lat' dir='ltr'><strong>placere</strong></span> <span class='ocrx_word' id='word_1_168' title='bbox 1558 2343 1721 2429; x_wconf 88' lang='lat' dir='ltr'><strong>oportet,</strong></span> <span class='ocrx_word' id='word_1_169' title='bbox 1747 2325 1871 2428; x_wconf 91' lang='lat' dir='ltr'><strong>quoad</strong></span> <span class='ocrx_word' id='word_1_170' title='bbox 1889 2352 2080 2426; x_wconf 91' lang='lat' dir='ltr'><strong>possumus</strong></span> 
     </span>
     <span class='ocr_line' id='line_1_17' title="bbox 481 2446 2077 2548; baseline 0.001 -28"><span class='ocrx_word' id='word_1_171' title='bbox 481 2446 697 2539; x_wconf 86' lang='lat' dir='ltr'><strong>adnitamur,</strong></span> <span class='ocrx_word' id='word_1_172' title='bbox 714 2460 751 2519; x_wconf 89' lang='lat' dir='ltr'><strong>et</strong></span> <span class='ocrx_word' id='word_1_173' title='bbox 768 2448 917 2520; x_wconf 88' lang='lat' dir='ltr'><strong>verioris</strong></span> <span class='ocrx_word' id='word_1_174' title='bbox 934 2449 1058 2520; x_wconf 77' lang='lat' dir='ltr'><strong>ethicae</strong></span> <span class='ocrx_word' id='word_1_175' title='bbox 1080 2448 1308 2522; x_wconf 89' lang='lat' dir='ltr'><strong>documentis</strong></span> <span class='ocrx_word' id='word_1_176' title='bbox 1330 2448 1446 2548; x_wconf 83' lang='lat' dir='ltr'><strong>legem</strong></span> <span class='ocrx_word' id='word_1_177' title='bbox 1463 2448 1643 2521; x_wconf 86' lang='lat' dir='ltr'><strong>noscitare</strong></span> <span class='ocrx_word' id='word_1_178' title='bbox 1669 2472 1845 2521; x_wconf 91' lang='lat' dir='ltr'><strong>conemur</strong></span> <span class='ocrx_word' id='word_1_179' title='bbox 1866 2448 2077 2534; x_wconf 82' lang='lat' dir='ltr'><strong>naturalem.</strong></span> 
     </span>
     <span class='ocr_line' id='line_1_18' title="bbox 481 2565 2080 2667; baseline 0.003 -30"><span class='ocrx_word' id='word_1_180' title='bbox 481 2565 590 2654; x_wconf 88' lang='lat' dir='ltr'><strong>Quod</strong></span> <span class='ocrx_word' id='word_1_181' title='bbox 605 2580 701 2638; x_wconf 90' lang='lat' dir='ltr'><strong>recte</strong></span> <span class='ocrx_word' id='word_1_182' title='bbox 717 2578 753 2638; x_wconf 92' lang='lat' dir='ltr'><strong>et</strong></span> <span class='ocrx_word' id='word_1_183' title='bbox 766 2566 895 2639; x_wconf 90' lang='lat' dir='ltr'><strong>ordine</strong></span> <span class='ocrx_word' id='word_1_184' title='bbox 911 2569 1116 2640; x_wconf 90' lang='lat' dir='ltr'><strong>consumari</strong></span> <span class='ocrx_word' id='word_1_185' title='bbox 1135 2566 1335 2659; x_wconf 86' lang='lat' dir='ltr'><strong>credimus,</strong></span> <span class='ocrx_word' id='word_1_186' title='bbox 1353 2569 1383 2640; x_wconf 92' lang='lat' dir='ltr'><strong>si</strong></span> <span class='ocrx_word' id='word_1_187' title='bbox 1395 2569 1498 2666; x_wconf 79' lang='lat' dir='ltr'><strong>juxta</strong></span> <span class='ocrx_word' id='word_1_188' title='bbox 1514 2567 1814 2667; x_wconf 88' lang='lat' dir='ltr'><strong>comprehensam</strong></span> <span class='ocrx_word' id='word_1_189' title='bbox 1831 2591 1852 2638; x_wconf 88' lang='lat' dir='ltr'><strong>a</strong></span> <span class='ocrx_word' id='word_1_190' title='bbox 1875 2582 1909 2640; x_wconf 91' lang='lat' dir='ltr'><strong>te</strong></span> <span class='ocrx_word' id='word_1_191' title='bbox 1917 2569 2080 2667; x_wconf 88' lang='lat' dir='ltr'><strong>superius</strong></span> 
     </span>
     <span class='ocr_line' id='line_1_19' title="bbox 478 2674 2077 2786; baseline 0.001 -28"><span class='ocrx_word' id='word_1_192' title='bbox 478 2684 604 2758; x_wconf 66' lang='lat' dir='ltr'><strong>ethica</strong></span> <span class='ocrx_word' id='word_1_193' title='bbox 620 2709 816 2778; x_wconf 87' lang='lat' dir='ltr'><strong>summam,</strong></span> <span class='ocrx_word' id='word_1_194' title='bbox 832 2686 933 2783; x_wconf 94' lang='lat' dir='ltr'><strong>quod</strong></span> <span class='ocrx_word' id='word_1_195' title='bbox 950 2688 995 2759; x_wconf 90' lang='lat' dir='ltr'><strong>sit</strong></span> <span class='ocrx_word' id='word_1_196' title='bbox 1012 2712 1195 2759; x_wconf 89' lang='lat' dir='ltr'><strong>summum</strong></span> <span class='ocrx_word' id='word_1_197' title='bbox 1210 2686 1364 2780; x_wconf 89' lang='lat' dir='ltr'><strong>honum,</strong></span> <span class='ocrx_word' id='word_1_198' title='bbox 1383 2701 1507 2786; x_wconf 85' lang='lat' dir='ltr'><strong>etqua</strong></span> <span class='ocrx_word' id='word_1_199' title='bbox 1523 2674 1608 2760; x_wconf 86' lang='lat' dir='ltr'><strong>illuc</strong></span> <span class='ocrx_word' id='word_1_200' title='bbox 1629 2688 1688 2759; x_wconf 87' lang='lat' dir='ltr'><strong>via</strong></span> <span class='ocrx_word' id='word_1_201' title='bbox 1702 2686 1987 2786; x_wconf 88' lang='lat' dir='ltr'><strong>perveniendum</strong></span> <span class='ocrx_word' id='word_1_202' title='bbox 2008 2688 2077 2777; x_wconf 88' lang='lat' dir='ltr'><strong>sit,</strong></span> 
     </span>
     <span class='ocr_line' id='line_1_20' title="bbox 481 2803 1880 2905; baseline 0.001 -30"><span class='ocrx_word' id='word_1_203' title='bbox 481 2803 766 2893; x_wconf 86' lang='lat' dir='ltr'><strong>discusserimus,</strong></span> <span class='ocrx_word' id='word_1_204' title='bbox 783 2818 824 2877; x_wconf 92' lang='lat' dir='ltr'><strong>ut</strong></span> <span class='ocrx_word' id='word_1_205' title='bbox 839 2806 885 2877; x_wconf 92' lang='lat' dir='ltr'><strong>sit</strong></span> <span class='ocrx_word' id='word_1_206' title='bbox 898 2805 1065 2878; x_wconf 88' lang='lat' dir='ltr'><strong>videlicet</strong></span> <span class='ocrx_word' id='word_1_207' title='bbox 1080 2808 1117 2878; x_wconf 94' lang='lat' dir='ltr'><strong>in</strong></span> <span class='ocrx_word' id='word_1_208' title='bbox 1136 2806 1191 2878; x_wconf 83' lang='lat' dir='ltr'><strong>liis</strong></span> <span class='ocrx_word' id='word_1_209' title='bbox 1206 2806 1332 2879; x_wconf 82' lang='lat' dir='ltr'><strong>ethicte</strong></span> <span class='ocrx_word' id='word_1_210' title='bbox 1347 2814 1479 2880; x_wconf 75' lang='lat' dir='ltr'><strong>nosttae</strong></span> <span class='ocrx_word' id='word_1_211' title='bbox 1494 2820 1664 2880; x_wconf 87' lang='lat' dir='ltr'><strong>tractatus</strong></span> <span class='ocrx_word' id='word_1_212' title='bbox 1680 2805 1880 2905; x_wconf 85' lang='lat' dir='ltr'><strong>bipartitus.</strong></span> 
     </span>
    </p>

    <p class='ocr_par' dir='ltr' id='par_1_4' title="bbox 462 2922 2116 3625">
     <span class='ocr_line' id='line_1_21' title="bbox 530 2922 2080 3026; baseline 0.001 -30"><span class='ocrx_word' id='word_1_213' title='bbox 530 2927 735 2997; x_wconf 76' lang='lat' dir='ltr'><strong>Cnnrsrrsn.</strong></span> <span class='ocrx_word' id='word_1_214' title='bbox 755 2924 928 3026; x_wconf 85' lang='lat' dir='ltr'><strong>Approbo</strong></span> <span class='ocrx_word' id='word_1_215' title='bbox 941 2939 1061 2999; x_wconf 89' lang='lat' dir='ltr'><strong>tecum</strong></span> <span class='ocrx_word' id='word_1_216' title='bbox 1078 2926 1177 3024; x_wconf 91' lang='lat' dir='ltr'><strong>quod</strong></span> <span class='ocrx_word' id='word_1_217' title='bbox 1195 2926 1341 3025; x_wconf 87' lang='lat' dir='ltr'><strong>probas.</strong></span> <span class='ocrx_word' id='word_1_218' title='bbox 1359 2926 1431 2999; x_wconf 88' lang='lat' dir='ltr'><strong>Sed</strong></span> <span class='ocrx_word' id='word_1_219' title='bbox 1447 2927 1534 3026; x_wconf 86' lang='lat' dir='ltr'><strong>quia</strong></span> <span class='ocrx_word' id='word_1_220' title='bbox 1542 2927 1643 3023; x_wconf 81' lang='lat' dir='ltr'><strong>juxta</strong></span> <span class='ocrx_word' id='word_1_221' title='bbox 1661 2926 1856 3024; x_wconf 86' lang='lat' dir='ltr'><strong>superioris</strong></span> <span class='ocrx_word' id='word_1_222' title='bbox 1867 2922 2080 2998; x_wconf 88' lang='lat' dir='ltr'><strong>condictum</strong></span> 
     </span>
     <span class='ocr_line' id='line_1_22' title="bbox 481 3034 2116 3150; baseline 0.001 -33"><span class='ocrx_word' id='word_1_223' title='bbox 481 3045 658 3143; x_wconf 88' lang='lat' dir='ltr'><strong>propositi</strong></span> <span class='ocrx_word' id='word_1_224' title='bbox 672 3034 938 3121; x_wconf 77' lang='lat' dir='ltr'><strong>confundendae</strong></span> <span class='ocrx_word' id='word_1_225' title='bbox 957 3061 1039 3119; x_wconf 89' lang='lat' dir='ltr'><strong>sunt</strong></span> <span class='ocrx_word' id='word_1_226' title='bbox 1061 3061 1191 3120; x_wconf 86' lang='lat' dir='ltr'><strong>nostrae</strong></span> <span class='ocrx_word' id='word_1_227' title='bbox 1207 3072 1291 3120; x_wconf 89' lang='lat' dir='ltr'><strong>cum</strong></span> <span class='ocrx_word' id='word_1_228' title='bbox 1308 3047 1434 3121; x_wconf 88' lang='lat' dir='ltr'><strong>vestris</strong></span> <span class='ocrx_word' id='word_1_229' title='bbox 1449 3047 1653 3137; x_wconf 77' lang='lat' dir='ltr'><strong>sententiae,</strong></span> <span class='ocrx_word' id='word_1_230' title='bbox 1674 3060 1714 3119; x_wconf 89' lang='lat' dir='ltr'><strong>ut</strong></span> <span class='ocrx_word' id='word_1_231' title='bbox 1735 3047 1879 3146; x_wconf 90' lang='lat' dir='ltr'><strong>potiora</strong></span> <span class='ocrx_word' id='word_1_232' title='bbox 1897 3044 2081 3119; x_wconf 85' lang='lat' dir='ltr'><strong>valeamus</strong></span> <span class='ocrx_word' id='word_1_233' title='bbox 2110 3145 2116 3150; x_wconf 14' lang='grc' dir='ltr'><strong><em>ἡ</em></strong></span> 
     </span>
     <span class='ocr_line' id='line_1_23' title="bbox 481 3162 2080 3268; baseline 0.003 -32"><span class='ocrx_word' id='word_1_234' title='bbox 481 3162 624 3261; x_wconf 82' lang='lat' dir='ltr'><strong>eligere,</strong></span> <span class='ocrx_word' id='word_1_235' title='bbox 642 3179 680 3238; x_wconf 90' lang='lat' dir='ltr'><strong>et</strong></span> <span class='ocrx_word' id='word_1_236' title='bbox 695 3180 734 3239; x_wconf 92' lang='lat' dir='ltr'><strong>tu</strong></span> <span class='ocrx_word' id='word_1_237' title='bbox 758 3191 803 3239; x_wconf 80' lang='lat' dir='ltr'><strong>er</strong></span> <span class='ocrx_word' id='word_1_238' title='bbox 822 3167 1032 3263; x_wconf 85' lang='lat' dir='ltr'><strong>antiquitate</strong></span> <span class='ocrx_word' id='word_1_239' title='bbox 1048 3166 1134 3265; x_wconf 83' lang='lat' dir='ltr'><strong>legis</strong></span> <span class='ocrx_word' id='word_1_240' title='bbox 1151 3166 1335 3260; x_wconf 87' lang='lat' dir='ltr'><strong>naturalis,</strong></span> <span class='ocrx_word' id='word_1_241' title='bbox 1357 3167 1515 3268; x_wconf 86' lang='lat' dir='ltr'><strong>primurn</strong></span> <span class='ocrx_word' id='word_1_242' title='bbox 1538 3165 1604 3240; x_wconf 88' lang='lat' dir='ltr'><strong>tibi</strong></span> <span class='ocrx_word' id='word_1_243' title='bbox 1620 3166 1742 3239; x_wconf 89' lang='lat' dir='ltr'><strong>locum</strong></span> <span class='ocrx_word' id='word_1_244' title='bbox 1759 3165 1961 3258; x_wconf 80' lang='lat' dir='ltr'><strong>vindicasti,</strong></span> <span class='ocrx_word' id='word_1_245' title='bbox 1976 3179 2080 3240; x_wconf 91' lang='lat' dir='ltr'><strong>tuum</strong></span> 
     </span>
     <span class='ocr_line' id='line_1_24' title="bbox 480 3285 2079 3385; baseline 0.003 -31"><span class='ocrx_word' id='word_1_246' title='bbox 480 3291 557 3375; x_wconf 86' lang='lat' dir='ltr'><strong>est,</strong></span> <span class='ocrx_word' id='word_1_247' title='bbox 575 3285 637 3382; x_wconf 91' lang='lat' dir='ltr'><strong>qui</strong></span> <span class='ocrx_word' id='word_1_248' title='bbox 661 3286 802 3384; x_wconf 90' lang='lat' dir='ltr'><strong>priore,</strong></span> <span class='ocrx_word' id='word_1_249' title='bbox 828 3301 868 3360; x_wconf 93' lang='lat' dir='ltr'><strong>ut</strong></span> <span class='ocrx_word' id='word_1_250' title='bbox 890 3286 999 3380; x_wconf 89' lang='lat' dir='ltr'><strong>dicis,</strong></span> <span class='ocrx_word' id='word_1_251' title='bbox 1024 3287 1121 3385; x_wconf 83' lang='lat' dir='ltr'><strong>lege,</strong></span> <span class='ocrx_word' id='word_1_252' title='bbox 1146 3287 1219 3358; x_wconf 87' lang='lat' dir='ltr'><strong>hoe</strong></span> <span class='ocrx_word' id='word_1_253' title='bbox 1240 3301 1311 3379; x_wconf 91' lang='lat' dir='ltr'><strong>cst,</strong></span> <span class='ocrx_word' id='word_1_254' title='bbox 1336 3286 1490 3359; x_wconf 86' lang='lat' dir='ltr'><strong>naturali</strong></span> <span class='ocrx_word' id='word_1_255' title='bbox 1513 3298 1705 3359; x_wconf 87' lang='lat' dir='ltr'><strong>contentus</strong></span> <span class='ocrx_word' id='word_1_256' title='bbox 1726 3309 1785 3377; x_wconf 89' lang='lat' dir='ltr'><strong>es,</strong></span> <span class='ocrx_word' id='word_1_257' title='bbox 1811 3299 1848 3361; x_wconf 88' lang='lat' dir='ltr'><strong>et</strong></span> <span class='ocrx_word' id='word_1_258' title='bbox 1872 3309 1916 3357; x_wconf 91' lang='lat' dir='ltr'><strong>ea</strong></span> <span class='ocrx_word' id='word_1_259' title='bbox 1940 3299 2079 3358; x_wconf 85' lang='lat' dir='ltr'><strong>tantum</strong></span> 
     </span>
     <span class='ocr_line' id='line_1_25' title="bbox 462 3404 2078 3510; baseline 0.002 -36"><span class='ocrx_word' id='word_1_260' title='bbox 462 3505 465 3510; x_wconf 23' lang='lat'><em>⁴</em></span> <span class='ocrx_word' id='word_1_261' title='bbox 480 3404 602 3498; x_wconf 88' lang='lat' dir='ltr'><strong>uteris,</strong></span> <span class='ocrx_word' id='word_1_262' title='bbox 621 3419 701 3478; x_wconf 89' lang='lat' dir='ltr'><strong>tuas</strong></span> <span class='ocrx_word' id='word_1_263' title='bbox 718 3406 931 3480; x_wconf 87' lang='lat' dir='ltr'><strong>veltuorum</strong></span> <span class='ocrx_word' id='word_1_264' title='bbox 949 3431 1057 3506; x_wconf 90' lang='lat' dir='ltr'><strong>super</strong></span> <span class='ocrx_word' id='word_1_265' title='bbox 1073 3408 1146 3479; x_wconf 90' lang='lat' dir='ltr'><strong>hoc</strong></span> <span class='ocrx_word' id='word_1_266' title='bbox 1162 3408 1199 3478; x_wconf 93' lang='lat' dir='ltr'><strong>in</strong></span> <span class='ocrx_word' id='word_1_267' title='bbox 1217 3406 1378 3480; x_wconf 89' lang='lat' dir='ltr'><strong>medium</strong></span> <span class='ocrx_word' id='word_1_268' title='bbox 1394 3406 1554 3505; x_wconf 81' lang='lat' dir='ltr'><strong>pmferre</strong></span> <span class='ocrx_word' id='word_1_269' title='bbox 1570 3407 1763 3481; x_wconf 88' lang='lat' dir='ltr'><strong>sententias</strong></span> <span class='ocrx_word' id='word_1_270' title='bbox 1784 3420 1821 3479; x_wconf 92' lang='lat' dir='ltr'><strong>et</strong></span> <span class='ocrx_word' id='word_1_271' title='bbox 1844 3405 2078 3505; x_wconf 89' lang='lat' dir='ltr'><strong>postmodum</strong></span> 
     </span>
     <span class='ocr_line' id='line_1_26' title="bbox 482 3526 1554 3625; baseline 0.003 -30"><span class='ocrx_word' id='word_1_272' title='bbox 482 3538 706 3618; x_wconf 89' lang='lat' dir='ltr'><strong>nostrarum,</strong></span> <span class='ocrx_word' id='word_1_273' title='bbox 727 3527 756 3598; x_wconf 94' lang='lat' dir='ltr'><strong>si</strong></span> <span class='ocrx_word' id='word_1_274' title='bbox 779 3527 817 3598; x_wconf 95' lang='lat' dir='ltr'><strong>in</strong></span> <span class='ocrx_word' id='word_1_275' title='bbox 836 3529 957 3625; x_wconf 87' lang='lat' dir='ltr'><strong>aliquo</strong></span> <span class='ocrx_word' id='word_1_276' title='bbox 979 3527 1223 3618; x_wconf 88' lang='lat' dir='ltr'><strong>dissentimus,</strong></span> <span class='ocrx_word' id='word_1_277' title='bbox 1242 3528 1400 3599; x_wconf 87' lang='lat' dir='ltr'><strong>rationes</strong></span> <span class='ocrx_word' id='word_1_278' title='bbox 1416 3526 1554 3599; x_wconf 88' lang='lat' dir='ltr'><strong>audire.</strong></span> 
     </span>
    </p>

    <p class='ocr_par' dir='ltr' id='par_1_5' title="bbox 483 3644 2079 4469">
     <span class='ocr_line' id='line_1_27' title="bbox 533 3644 2078 3732; baseline 0.003 -18"><span class='ocrx_word' id='word_1_279' title='bbox 533 3647 676 3717; x_wconf 78' lang='lat' dir='ltr'><strong>Panos.</strong></span> <span class='ocrx_word' id='word_1_280' title='bbox 710 3649 899 3719; x_wconf 88' lang='lat' dir='ltr'><strong>Summum</strong></span> <span class='ocrx_word' id='word_1_281' title='bbox 923 3646 1064 3719; x_wconf 89' lang='lat' dir='ltr'><strong>bonurn</strong></span> <span class='ocrx_word' id='word_1_282' title='bbox 1090 3648 1165 3718; x_wconf 90' lang='lat' dir='ltr'><strong>sive</strong></span> <span class='ocrx_word' id='word_1_283' title='bbox 1191 3645 1301 3719; x_wconf 84' lang='lat' dir='ltr'><strong>finem</strong></span> <span class='ocrx_word' id='word_1_284' title='bbox 1329 3645 1434 3732; x_wconf 88' lang='lat' dir='ltr'><strong>boni,</strong></span> <span class='ocrx_word' id='word_1_285' title='bbox 1463 3644 1536 3718; x_wconf 93' lang='lat' dir='ltr'><strong>hoc</strong></span> <span class='ocrx_word' id='word_1_286' title='bbox 1561 3660 1614 3718; x_wconf 92' lang='lat' dir='ltr'><strong>est</strong></span> <span class='ocrx_word' id='word_1_287' title='bbox 1640 3647 1994 3720; x_wconf 88' lang='lat' dir='ltr'><strong>consummationem</strong></span> <span class='ocrx_word' id='word_1_288' title='bbox 2023 3648 2078 3722; x_wconf 88' lang='lat' dir='ltr'><strong>vel</strong></span> 
     </span>
     <span class='ocr_line' id='line_1_28' title="bbox 483 3763 2079 3866; baseline 0.004 -32"><span class='ocrx_word' id='word_1_289' title='bbox 483 3763 740 3862; x_wconf 84' lang='lat' dir='ltr'><strong>perlectionem</strong></span> <span class='ocrx_word' id='word_1_290' title='bbox 757 3766 1092 3863; x_wconf 74' lang='lat' dir='ltr'><strong>ejus,.delinierunt,</strong></span> <span class='ocrx_word' id='word_1_291' title='bbox 1112 3768 1206 3838; x_wconf 88' lang='lat' dir='ltr'><strong>sicut</strong></span> <span class='ocrx_word' id='word_1_292' title='bbox 1219 3765 1381 3866; x_wconf 86' lang='lat' dir='ltr'><strong>plerique</strong></span> <span class='ocrx_word' id='word_1_293' title='bbox 1394 3779 1602 3839; x_wconf 89' lang='lat' dir='ltr'><strong>nostrorum</strong></span> <span class='ocrx_word' id='word_1_294' title='bbox 1618 3767 1874 3854; x_wconf 90' lang='lat' dir='ltr'><strong>meminerunt,</strong></span> <span class='ocrx_word' id='word_1_295' title='bbox 1894 3793 1968 3865; x_wconf 93' lang='lat' dir='ltr'><strong>quo</strong></span> <span class='ocrx_word' id='word_1_296' title='bbox 1984 3770 2079 3866; x_wconf 92' lang='lat' dir='ltr'><strong>quis·</strong></span> 
     </span>
     <span class='ocr_line' id='line_1_29' title="bbox 483 3886 2079 3985; baseline 0.005 -32"><span class='ocrx_word' id='word_1_297' title='bbox 483 3905 555 3979; x_wconf 92' lang='lat' dir='ltr'><strong>que</strong></span> <span class='ocrx_word' id='word_1_298' title='bbox 575 3908 659 3956; x_wconf 91' lang='lat' dir='ltr'><strong>cum</strong></span> <span class='ocrx_word' id='word_1_299' title='bbox 683 3889 885 3985; x_wconf 88' lang='lat' dir='ltr'><strong>pervenerit</strong></span> <span class='ocrx_word' id='word_1_300' title='bbox 908 3886 1035 3960; x_wconf 90' lang='lat' dir='ltr'><strong>beatus</strong></span> <span class='ocrx_word' id='word_1_301' title='bbox 1058 3901 1123 3977; x_wconf 88' lang='lat' dir='ltr'><strong>est,</strong></span> <span class='ocrx_word' id='word_1_302' title='bbox 1153 3887 1243 3959; x_wconf 88' lang='lat' dir='ltr'><strong>sicut</strong></span> <span class='ocrx_word' id='word_1_303' title='bbox 1260 3911 1280 3960; x_wconf 89' lang='lat' dir='ltr'><strong>e</strong></span> <span class='ocrx_word' id='word_1_304' title='bbox 1297 3886 1478 3960; x_wconf 86' lang='lat' dir='ltr'><strong>contrario</strong></span> <span class='ocrx_word' id='word_1_305' title='bbox 1496 3911 1678 3959; x_wconf 89' lang='lat' dir='ltr'><strong>summurn</strong></span> <span class='ocrx_word' id='word_1_306' title='bbox 1698 3886 1848 3978; x_wconf 89' lang='lat' dir='ltr'><strong>malurn,</strong></span> <span class='ocrx_word' id='word_1_307' title='bbox 1867 3889 1969 3984; x_wconf 88' lang='lat' dir='ltr'><strong>cujus</strong></span> <span class='ocrx_word' id='word_1_308' title='bbox 1987 3911 2079 3961; x_wconf 84' lang='lat' dir='ltr'><strong>asse·</strong></span> 
     </span>
     <span class='ocr_line' id='line_1_30' title="bbox 484 4002 2078 4106; baseline 0.004 -32"><span class='ocrx_word' id='word_1_309' title='bbox 484 4002 583 4075; x_wconf 91' lang='lat' dir='ltr'><strong>cutio</strong></span> <span class='ocrx_word' id='word_1_310' title='bbox 609 4005 778 4078; x_wconf 88' lang='lat' dir='ltr'><strong>miserum</strong></span> <span class='ocrx_word' id='word_1_311' title='bbox 806 4007 901 4082; x_wconf 89' lang='lat' dir='ltr'><strong>facit.</strong></span> <span class='ocrx_word' id='word_1_312' title='bbox 929 4011 1095 4095; x_wconf 90' lang='lat' dir='ltr'><strong>Quorum</strong></span> <span class='ocrx_word' id='word_1_313' title='bbox 1118 4020 1314 4103; x_wconf 89' lang='lat' dir='ltr'><strong>utrumque</strong></span> <span class='ocrx_word' id='word_1_314' title='bbox 1339 4004 1503 4079; x_wconf 89' lang='lat' dir='ltr'><strong>moribus</strong></span> <span class='ocrx_word' id='word_1_315' title='bbox 1528 4030 1790 4106; x_wconf 90' lang='lat' dir='ltr'><strong>promeremur.</strong></span> <span class='ocrx_word' id='word_1_316' title='bbox 1817 4009 1933 4078; x_wconf 83' lang='lat' dir='ltr'><strong>Mones</strong></span> <span class='ocrx_word' id='word_1_317' title='bbox 1957 4021 2078 4080; x_wconf 89' lang='lat' dir='ltr'><strong>autem</strong></span> 
     </span>
     <span class='ocr_line' id='line_1_31' title="bbox 483 4123 2079 4226; baseline 0.004 -32"><span class='ocrx_word' id='word_1_318' title='bbox 483 4123 634 4198; x_wconf 89' lang='lat' dir='ltr'><strong>virtutes</strong></span> <span class='ocrx_word' id='word_1_319' title='bbox 649 4127 706 4199; x_wconf 88' lang='lat' dir='ltr'><strong>vel</strong></span> <span class='ocrx_word' id='word_1_320' title='bbox 724 4128 774 4200; x_wconf 86' lang='lat' dir='ltr'><strong>eis</strong></span> <span class='ocrx_word' id='word_1_321' title='bbox 795 4128 974 4200; x_wconf 86' lang='lat' dir='ltr'><strong>contraria</strong></span> <span class='ocrx_word' id='word_1_322' title='bbox 989 4128 1072 4199; x_wconf 89' lang='lat' dir='ltr'><strong>vitia</strong></span> <span class='ocrx_word' id='word_1_323' title='bbox 1090 4141 1232 4199; x_wconf 89' lang='lat' dir='ltr'><strong>constat</strong></span> <span class='ocrx_word' id='word_1_324' title='bbox 1254 4127 1443 4226; x_wconf 85' lang='lat' dir='ltr'><strong>appellari.</strong></span> <span class='ocrx_word' id='word_1_325' title='bbox 1464 4126 1623 4216; x_wconf 89' lang='lat' dir='ltr'><strong>Quidam</strong></span> <span class='ocrx_word' id='word_1_326' title='bbox 1640 4140 1760 4200; x_wconf 88' lang='lat' dir='ltr'><strong>tamen</strong></span> <span class='ocrx_word' id='word_1_327' title='bbox 1786 4140 1964 4217; x_wconf 90' lang='lat' dir='ltr'><strong>nostrum,</strong></span> <span class='ocrx_word' id='word_1_328' title='bbox 1986 4127 2079 4201; x_wconf 89' lang='lat' dir='ltr'><strong>sicut</strong></span> 
     </span>
     <span class='ocr_line' id='line_1_32' title="bbox 485 4244 2079 4346; baseline 0.005 -33"><span class='ocrx_word' id='word_1_329' title='bbox 485 4256 521 4314; x_wconf 89' lang='lat' dir='ltr'><strong>et</strong></span> <span class='ocrx_word' id='word_1_330' title='bbox 537 4244 573 4316; x_wconf 91' lang='lat' dir='ltr'><strong>in</strong></span> <span class='ocrx_word' id='word_1_331' title='bbox 592 4258 720 4319; x_wconf 89' lang='lat' dir='ltr'><strong>octavo</strong></span> <span class='ocrx_word' id='word_1_332' title='bbox 739 4246 784 4319; x_wconf 84' lang='lat' dir='ltr'><strong>de</strong></span> <span class='ocrx_word' id='word_1_333' title='bbox 806 4250 955 4321; x_wconf 77' lang='lat' dir='ltr'><strong>Ciuitate</strong></span> <span class='ocrx_word' id='word_1_334' title='bbox 977 4246 1139 4319; x_wconf 89' lang='lat' dir='ltr'><strong>meminit</strong></span> <span class='ocrx_word' id='word_1_335' title='bbox 1159 4248 1392 4345; x_wconf 72' lang='lat' dir='ltr'><strong>Augustinus,</strong></span> <span class='ocrx_word' id='word_1_336' title='bbox 1411 4247 1579 4319; x_wconf 85' lang='lat' dir='ltr'><strong>virtutem</strong></span> <span class='ocrx_word' id='word_1_337' title='bbox 1601 4247 1716 4346; x_wconf 88' lang='lat' dir='ltr'><strong>ipsam</strong></span> <span class='ocrx_word' id='word_1_338' title='bbox 1740 4271 1923 4320; x_wconf 88' lang='lat' dir='ltr'><strong>summum</strong></span> <span class='ocrx_word' id='word_1_339' title='bbox 1938 4244 2079 4321; x_wconf 90' lang='lat' dir='ltr'><strong>honum</strong></span> 
     </span>
     <span class='ocr_line' id='line_1_33' title="bbox 486 4362 994 4469; baseline 0.01 -35"><span class='ocrx_word' id='word_1_340' title='bbox 486 4362 666 4459; x_wconf 83' lang='lat' dir='ltr'><strong>dixerunt,</strong></span> <span class='ocrx_word' id='word_1_341' title='bbox 685 4367 744 4440; x_wconf 88' lang='lat' dir='ltr'><strong>alii</strong></span> <span class='ocrx_word' id='word_1_342' title='bbox 759 4368 994 4469; x_wconf 86' lang='lat' dir='ltr'><strong>voluptatem.</strong></span> 
     </span>
    </p>

    <p class='ocr_par' dir='ltr' id='par_1_6' title="bbox 534 4487 1613 4588">
     <span class='ocr_line' id='line_1_34' title="bbox 534 4487 1613 4588; baseline 0.003 -32"><span class='ocrx_word' id='word_1_343' title='bbox 534 4487 738 4562; x_wconf 81' lang='lat' dir='ltr'><strong>Crrnrsrrstr.</strong></span> <span class='ocrx_word' id='word_1_344' title='bbox 760 4493 807 4562; x_wconf 90' lang='lat' dir='ltr'><strong>Ut</strong></span> <span class='ocrx_word' id='word_1_345' title='bbox 822 4488 911 4587; x_wconf 89' lang='lat' dir='ltr'><strong>quid</strong></span> <span class='ocrx_word' id='word_1_346' title='bbox 928 4487 1079 4562; x_wconf 90' lang='lat' dir='ltr'><strong>obsecro</strong></span> <span class='ocrx_word' id='word_1_347' title='bbox 1094 4487 1317 4588; x_wconf 88' lang='lat' dir='ltr'><strong>voluptatem</strong></span> <span class='ocrx_word' id='word_1_348' title='bbox 1335 4487 1613 4563; x_wconf 78' lang='lat' dir='ltr'><strong>intellexerunt?</strong></span> 
     </span>
    </p>

    <p class='ocr_par' dir='ltr' id='par_1_7' title="bbox 483 4597 2079 5068">
     <span class='ocr_line' id='line_1_35' title="bbox 535 4597 2079 4707; baseline -0.002 -26"><span class='ocrx_word' id='word_1_349' title='bbox 535 4607 675 4680; x_wconf 72' lang='lat' dir='ltr'><strong>Prinos.</strong></span> <span class='ocrx_word' id='word_1_350' title='bbox 697 4612 798 4698; x_wconf 87' lang='lat' dir='ltr'><strong>Non,</strong></span> <span class='ocrx_word' id='word_1_351' title='bbox 828 4623 867 4680; x_wconf 92' lang='lat' dir='ltr'><strong>ut</strong></span> <span class='ocrx_word' id='word_1_352' title='bbox 884 4608 1046 4707; x_wconf 88' lang='lat' dir='ltr'><strong>plerique</strong></span> <span class='ocrx_word' id='word_1_353' title='bbox 1074 4610 1269 4701; x_wconf 76' lang='lat' dir='ltr'><strong>aestimant,</strong></span> <span class='ocrx_word' id='word_1_354' title='bbox 1294 4607 1491 4683; x_wconf 88' lang='lat' dir='ltr'><strong>carnalium</strong></span> <span class='ocrx_word' id='word_1_355' title='bbox 1518 4597 1769 4682; x_wconf 85' lang='lat' dir='ltr'><strong>illecebrarum</strong></span> <span class='ocrx_word' id='word_1_356' title='bbox 1793 4607 2020 4682; x_wconf 84' lang='lat' dir='ltr'><strong>inhonestam</strong></span> <span class='ocrx_word' id='word_1_357' title='bbox 2043 4620 2079 4679; x_wconf 90' lang='lat' dir='ltr'><strong>et</strong></span> 
     </span>
     <span class='ocr_line' id='line_1_36' title="bbox 485 4727 2079 4826; baseline 0.001 -29"><span class='ocrx_word' id='word_1_358' title='bbox 485 4739 629 4826; x_wconf 89' lang='lat' dir='ltr'><strong>turpem</strong></span> <span class='ocrx_word' id='word_1_359' title='bbox 643 4727 934 4820; x_wconf 86' lang='lat' dir='ltr'><strong>oblectationem,</strong></span> <span class='ocrx_word' id='word_1_360' title='bbox 948 4727 1010 4799; x_wconf 92' lang='lat' dir='ltr'><strong>sed</strong></span> <span class='ocrx_word' id='word_1_361' title='bbox 1021 4727 1216 4826; x_wconf 85' lang='lat' dir='ltr'><strong>quamdam</strong></span> <span class='ocrx_word' id='word_1_362' title='bbox 1230 4729 1438 4802; x_wconf 87' lang='lat' dir='ltr'><strong>interiorem</strong></span> <span class='ocrx_word' id='word_1_363' title='bbox 1450 4729 1578 4801; x_wconf 84' lang='lat' dir='ltr'><strong>anirnae</strong></span> <span class='ocrx_word' id='word_1_364' title='bbox 1590 4727 1897 4826; x_wconf 82' lang='lat' dir='ltr'><strong>tranquillitatem,</strong></span> <span class='ocrx_word' id='word_1_365' title='bbox 1910 4728 2079 4826; x_wconf 86' lang='lat' dir='ltr'><strong>quainter</strong></span> 
     </span>
     <span class='ocr_line' id='line_1_37' title="bbox 484 4844 2078 4948; baseline 0 -29"><span class='ocrx_word' id='word_1_366' title='bbox 484 4844 635 4920; x_wconf 87' lang='lat' dir='ltr'><strong>adversa</strong></span> <span class='ocrx_word' id='word_1_367' title='bbox 654 4863 689 4920; x_wconf 94' lang='lat' dir='ltr'><strong>et</strong></span> <span class='ocrx_word' id='word_1_368' title='bbox 710 4871 883 4947; x_wconf 84' lang='lat' dir='ltr'><strong>prospera</strong></span> <span class='ocrx_word' id='word_1_369' title='bbox 906 4861 1026 4920; x_wconf 88' lang='lat' dir='ltr'><strong>manet</strong></span> <span class='ocrx_word' id='word_1_370' title='bbox 1042 4849 1176 4947; x_wconf 90' lang='lat' dir='ltr'><strong>quieta,</strong></span> <span class='ocrx_word' id='word_1_371' title='bbox 1197 4862 1233 4921; x_wconf 90' lang='lat' dir='ltr'><strong>et</strong></span> <span class='ocrx_word' id='word_1_372' title='bbox 1246 4849 1403 4948; x_wconf 90' lang='lat' dir='ltr'><strong>propriis</strong></span> <span class='ocrx_word' id='word_1_373' title='bbox 1425 4847 1532 4921; x_wconf 88' lang='lat' dir='ltr'><strong>bonis</strong></span> <span class='ocrx_word' id='word_1_374' title='bbox 1555 4861 1746 4939; x_wconf 84' lang='lat' dir='ltr'><strong>contenta,</strong></span> <span class='ocrx_word' id='word_1_375' title='bbox 1766 4846 1854 4919; x_wconf 90' lang='lat' dir='ltr'><strong>dum</strong></span> <span class='ocrx_word' id='word_1_376' title='bbox 1870 4845 1974 4920; x_wconf 73' lang='lat' dir='ltr'><strong>&#39;nulla</strong></span> <span class='ocrx_word' id='word_1_377' title='bbox 1998 4871 2078 4921; x_wconf 86' lang='lat' dir='ltr'><strong>eam</strong></span> 
     </span>
     <span class='ocr_line' id='line_1_38' title="bbox 483 4966 2079 5068; baseline -0.001 -27"><span class='ocrx_word' id='word_1_378' title='bbox 483 4967 621 5063; x_wconf 84' lang='lat' dir='ltr'><strong>peccati</strong></span> <span class='ocrx_word' id='word_1_379' title='bbox 633 4967 798 5042; x_wconf 85' lang='lat' dir='ltr'><strong>mordeat</strong></span> <span class='ocrx_word' id='word_1_380' title='bbox 811 4969 1041 5042; x_wconf 88' lang='lat' dir='ltr'><strong>couscientia.</strong></span> <span class='ocrx_word' id='word_1_381' title='bbox 1063 4968 1160 5043; x_wconf 78' lang='lat' dir='ltr'><strong>hbsit</strong></span> <span class='ocrx_word' id='word_1_382' title='bbox 1174 4970 1285 5059; x_wconf 88' lang='lat' dir='ltr'><strong>enirn,</strong></span> <span class='ocrx_word' id='word_1_383' title='bbox 1303 4984 1344 5042; x_wconf 84' lang='lat' dir='ltr'><strong>ut</strong></span> <span class='ocrx_word' id='word_1_384' title='bbox 1356 4967 1565 5068; x_wconf 91' lang='lat' dir='ltr'><strong>philosophi</strong></span> <span class='ocrx_word' id='word_1_385' title='bbox 1580 4981 1728 5042; x_wconf 78' lang='lat' dir='ltr'><strong>terrena</strong></span> <span class='ocrx_word' id='word_1_386' title='bbox 1745 4966 1921 5041; x_wconf 80' lang='lat' dir='ltr'><strong>felicitatis</strong></span> <span class='ocrx_word' id='word_1_387' title='bbox 1935 4968 2079 5041; x_wconf 83' lang='lat' dir='ltr'><strong>maximi</strong></span> 
     </span>
    </p>
   </div>
   <div class='ocr_carea' id='block_1_3' title="bbox 484 5092 2077 5194">
    <p class='ocr_par' dir='ltr' id='par_1_8' title="bbox 484 5092 2077 5194">
     <span class='ocr_line' id='line_1_39' title="bbox 484 5092 2077 5194; baseline 0.004 -34"><span class='ocrx_word' id='word_1_388' title='bbox 484 5104 753 5192; x_wconf 87' lang='lat' dir='ltr'><strong>contemptores</strong></span> <span class='ocrx_word' id='word_1_389' title='bbox 772 5108 807 5168; x_wconf 90' lang='lat' dir='ltr'><strong>et</strong></span> <span class='ocrx_word' id='word_1_390' title='bbox 831 5094 1000 5194; x_wconf 77' lang='lat' dir='ltr'><strong>precipui</strong></span> <span class='ocrx_word' id='word_1_391' title='bbox 1016 5095 1133 5169; x_wconf 84' lang='lat' dir='ltr'><strong>carnis</strong></span> <span class='ocrx_word' id='word_1_392' title='bbox 1157 5094 1354 5168; x_wconf 87' lang='lat' dir='ltr'><strong>domitores</strong></span> <span class='ocrx_word' id='word_1_393' title='bbox 1374 5093 1412 5168; x_wconf 91' lang='lat' dir='ltr'><strong>in</strong></span> <span class='ocrx_word' id='word_1_394' title='bbox 1440 5092 1547 5190; x_wconf 90' lang='lat' dir='ltr'><strong>hujus</strong></span> <span class='ocrx_word' id='word_1_395' title='bbox 1570 5093 1649 5167; x_wconf 83' lang='lat' dir='ltr'><strong>vitae</strong></span> <span class='ocrx_word' id='word_1_396' title='bbox 1671 5092 1955 5193; x_wconf 90' lang='lat' dir='ltr'><strong>turpitudinibus</strong></span> <span class='ocrx_word' id='word_1_397' title='bbox 1979 5117 2077 5168; x_wconf 88' lang='lat' dir='ltr'><strong>sum·</strong></span> 
     </span>
    </p>
   </div>
   <div class='ocr_carea' id='block_1_4' title="bbox 0 0 2284 6100">
    <p class='ocr_par' dir='ltr' id='par_1_9' title="bbox 0 0 2284 6100">
     <span class='ocr_line' id='line_1_40' title="bbox 0 0 2284 6100; baseline 0 0"><span class='ocrx_word' id='word_1_398' title='bbox 0 0 2284 6100; x_wconf 95' lang='lat' dir='ltr'><strong> </strong></span> 
     </span>
    </p>
   </div>
  </div>
 </body>
</html>
