4559 6100
473 492 545 565 vlt
1072 492 1200 566 PETRI
1226 492 1462 566 tumulant

472 638 607 714 attendi
634 662 714 712 eam
740 639 941 713 secundum
968 639 1065 714 illius
1093 655 1205 714 status
1233 641 1491 741 proprietatem
1517 663 1625 738 quem
1655 639 1689 712 ei
1718 639 1942 739 copulamus.
1964 639 2091 713 Unde

469 761 565 833 bene
599 758 799 833 secundum
840 761 1081 858 intelligentia
1112 786 1259 860 quoque
1295 785 1371 835 non
1404 775 1559 833 tantum‘
1575 760 1863 833 ‘constructionis
1900 760 2086 833 ordinem

471 881 673 977 subjectum
689 879 842 952 dicimus
863 881 1056 953 terminum
1073 880 1146 979 'per
1170 906 1280 980 quem
1297 880 1478 953 intellectu
1497 880 1616 979 primo
1633 904 1690 952 res
1713 879 1938 952 substituitur
1958 904 2084 977 quam

475 999 606 1073 deinde
628 1002 666 1071 in
689 1001 919 1099 copulatione
939 1001 996 1074 vel
1021 1002 1223 1075 remotione
1239 1001 1390 1098 alicujus
1410 999 1662 1073 deliberemus.
1685 1004 1772 1087 Quae
1788 999 1936 1099 quidem
1951 1024 2086 1099 copu-

475 1122 561 1195 latio
581 1120 638 1192 vel
656 1120 822 1215 remotiO,
841 1122 1049 1218 conjunctio
1071 1122 1130 1194 vel
1150 1121 1343 1219 disjunctio
1364 1121 1557 1221 predicato
1572 1118 1769 1218 perficitur,
1789 1120 1826 1192 in
1849 1144 1920 1219 qua
1936 1120 2084 1193 scilicet

476 1241 731 1338 conjunctione
753 1239 809 1312 vel
832 1242 1031 1314 remotione
1057 1241 1239 1339 praedicati
1262 1241 1308 1315 de
1329 1266 1368 1315 re
1384 1241 1543 1338 subjecta
1562 1239 1601 1312 id
1622 1239 1723 1337 quod
1746 1239 1793 1313 de
1818 1240 1895 1339 ipsa
1916 1239 2082 1312 demon·

346 1398 352 1403 ·
478 1376 590 1435 strare
607 1360 827 1433 intendimus
844 1360 1010 1434 dicimus.
1032 1361 1135 1434 Unde
1150 1386 1233 1433 cum
1248 1361 1426 1434 dicimus:
1449 1364 1636 1436 «Socrates
1649 1360 1784 1433 currit»
1803 1359 1861 1432 vel
1880 1362 2085 1433 «Socrates

478 1505 555 1552 non
575 1480 707 1573 currit,
726 1509 743 1546 s
769 1480 799 1552 si
822 1481 902 1577 quis
919 1479 964 1552 de
985 1506 1059 1579 quo
1080 1480 1274 1578 loquamur
1290 1495 1442 1579 quaerat,
1468 1478 1753 1579 respondemus:
1775 1478 1848 1551 «de
1864 1481 2014 1552 Socrate
2026 1507 2039 1569 ς
2053 1511 2078 1546 ι

477 1616 512 1674 et
535 1600 565 1672 si
591 1598 679 1696 quid
698 1598 743 1670 de
759 1599 839 1697 ipso
855 1598 1017 1672 dicamus
1030 1601 1237 1695 interroget,
1257 1598 1516 1700 respondemus
1535 1623 1707 1672 «currere
1723 1599 1870 1698 ipsum»
1889 1597 1947 1670 vel
1966 1623 2082 1670 anon

478 1743 634 1808 currere,
653 1748 671 1786 u
689 1717 790 1816 quod
803 1718 938 1792 scilicet
953 1718 1001 1792 ad
1018 1720 1287 1818 copulationem
1309 1718 1366 1791 vel
1382 1717 1430 1791 ad
1446 1720 1685 1794 remotionem
1701 1718 1883 1818 predicari
1901 1718 2076 1816 pertinet.

479 1838 583 1910 Unde
604 1853 639 1910 et
657 1837 752 1910 bene
769 1838 969 1911 Aristoteles
993 1864 1060 1938 pro
1079 1838 1296 1939 «praedicari
1312 1838 1383 1911 dici
1396 1869 1415 1906 ν
1438 1840 1564 1928 utitur,
1589 1854 1629 1910 ut
1649 1835 1816 1912 videlicet
1837 1837 2080 1936 praedicatum

478 1957 524 2031 de
549 1957 711 2055 subjecto
733 1957 805 2030 dici
827 1972 974 2048 astruat,
1001 1984 1076 2032 non
1093 1959 1294 2056 subjectum
1311 1958 1359 2031 de
1374 1958 1586 2057 praedicato,
1605 1972 1642 2030 et
1657 1958 1701 2029 sit
1714 1956 1947 2056 predicatum
1969 1958 2078 2054 quod

479 2078 623 2170 dicitur,
645 2092 682 2150 et
703 2077 905 2175 subjectum
932 2078 1073 2177 dequo
1098 2079 1241 2152 dicitur.
1269 2078 1361 2152 lllud
1385 2080 1520 2178 quippe
1543 2077 1676 2150 dicitur
1692 2078 1765 2150 sive
1788 2075 2008 2174 significatur
2028 2077 2078 2149 de

478 2200 599 2296 aliquo
624 2223 690 2296 per
715 2197 815 2297 quod
842 2198 1049 2297 appositum
1078 2198 1125 2272 de
1153 2200 1232 2299 ipso
1260 2198 1394 2297 aliquid
1421 2211 1652 2272 monstratur.
1685 2196 1789 2269 Unde
1818 2212 1855 2269 et
1880 2194 2078 2293 significari

478 2318 712 2416 predicatum
728 2317 827 2410 dicit,
851 2341 935 2390 cum
958 2318 1009 2391 ait
1022 2318 1059 2390 in
1082 2318 1243 2393 secundo
1260 2319 1566 2391 Perilermenim¹
1585 2347 1603 2386 a
1617 2315 1820 2415 significans
1833 2345 1851 2382 r>
1871 2314 2007 2412 aliquid
2026 2315 2079 2389 de

479 2440 613 2538 aliquo,
645 2438 717 2510 hoc
736 2452 791 2510 est
815 2437 1043 2535 praedicando
1067 2441 1276 2531 essentiam,
1299 2440 1390 2513 etin
1415 2439 1544 2512 eudem
1568 2439 1662 2537 ipsas
1683 2435 1959 2537 predicatorum
1982 2461 2077 2508 con·

475 2559 680 2656 junctiones
702 2556 759 2629 vel
784 2558 1001 2632 remotiones
1023 2575 1129 2633 vocat
1151 2561 1408 2659 appositiones.
1436 2559 1535 2631 Sicut
1556 2570 1677 2631 autem
1697 2557 1734 2627 in
1757 2580 1802 2627 eo
1825 2556 1927 2654 quod
1941 2554 2077 2628 dicitur

481 2679 534 2750 vis
560 2676 814 2749 enuntiationis
840 2679 1014 2767 consistit,
1040 2678 1077 2749 in
1103 2703 1178 2774 quo
1204 2681 1279 2777 ipsa
1303 2692 1575 2752 consummatur
1597 2692 1705 2775 atque
1728 2673 1930 2774 perficitur,
1955 2676 2005 2747 ita
2031 2676 2073 2747 in

480 2796 661 2870 intellectu
688 2797 829 2869 termini
852 2798 915 2893 qui
934 2795 1078 2884 dicitur,
1105 2795 1178 2867 boc
1194 2812 1248 2869 est
1262 2798 1488 2894 praedicatur,
1513 2799 1567 2870 vis
1583 2796 1812 2870 deliberantis
1834 2795 2076 2890 intelligentiae

481 2917 721 2990 constituitur.
746 2917 873 2991 Omnis
899 2918 1018 3013 itaque
1043 2915 1262 3009 intellectus,
1287 2918 1361 2990 sive
1387 2918 1538 3017 simplex
1556 2931 1597 2989 ut
1614 2916 1797 3006 «homost
1817 2915 1891 2988 sive
1913 2938 2073 3012 compo-

480 3038 567 3111 situs
584 3052 624 3110 ut
641 3037 783 3110 «homo
800 3035 915 3128 albus,
928 3068 946 3104 >³
962 3035 1160 3109 secuudum
1176 3063 1284 3136 quem
1300 3064 1357 3114 res
1373 3039 1491 3138 aliqua
1507 3063 1590 3112 vere
1607 3036 1797 3111 deliberari
1812 3050 1943 3135 potest,
1960 3059 2074 3109 sanus

480 3174 546 3253 est,
576 3159 728 3233 etiamsi
744 3156 901 3256 quadam
917 3155 1105 3252 significari
1122 3183 1212 3231 voce
1228 3160 1340 3258 possit
1362 3185 1442 3258 quae
1457 3158 1504 3233 de
1520 3157 1621 3232 nullo
1643 3182 1726 3229 vere
1741 3157 1921 3231 enuntiari
1940 3168 2071 3252 queat,

482 3294 521 3353 ut
539 3293 622 3353 sunt
644 3276 792 3350 dividua
808 3276 969 3370 nomina,
988 3277 1092 3351 sicuti
1111 3278 1303 3377 «quisque,
1321 3280 1453 3369 omnis,
1472 3294 1665 3376 uterque.»
1683 3275 1919 3351 Tantumdem
1937 3275 2073 3374 quippe

481 3399 574 3472 valet
586 3401 624 3470 in
644 3394 826 3468 intellectu
846 3425 864 3464 a
877 3397 1028 3495 quisque
1040 3426 1059 3467 u
1078 3397 1134 3470 vel
1155 3426 1173 3467 a
1182 3399 1324 3471 omnis»
1343 3399 1549 3497 simpliciter
1564 3398 1674 3489 dicta,
1695 3397 1915 3496 quantnmsi
1931 3395 2075 3467 dicatur

483 3513 708 3592 «multitudo
724 3516 888 3589 omnium
904 3542 1070 3609 rerum,r
1090 3533 1126 3591 et
1151 3533 1350 3617 «uterque»
1369 3533 1544 3618 quantum
1563 3546 1582 3588 r
1594 3518 1651 3591 isti
1664 3516 1739 3590 duo
1751 3546 1768 3586 υ
1786 3517 1842 3589 vel
1863 3515 1941 3587 «illi
1957 3513 2072 3587 duo.»

481 3642 573 3710 Cum
599 3637 719 3734 itaque
744 3635 1012 3711 multitudinem
1036 3640 1200 3710 omnium
1224 3664 1344 3711 rerum
1366 3637 1582 3713 attendimus
1607 3662 1683 3710 esse
1708 3634 1975 3709 multitudinem
1998 3659 2075 3706 om·

482 3759 583 3828 nium
599 3781 735 3847 rerum,
755 3754 795 3828 fit
810 3754 1022 3830 deliberatio
1041 3756 1242 3832 secundum
1259 3759 1477 3832 intellectum
1493 3757 1626 3830 horum
1644 3759 1835 3830 nominum
1854 3785 1872 3825 a
1888 3756 2070 3854 quisque»

481 3873 539 3947 vel
558 3906 576 3942 r
588 3876 728 3967 omnis,
742 3904 760 3943 u
780 3889 817 3948 et
839 3901 924 3947 oum
944 3876 1163 3951 attendimus
1183 3878 1269 3951 istos
1291 3877 1385 3951 duos
1406 3901 1482 3949 esse
1505 3876 1592 3950 istos
1616 3876 1725 3966 duos,
1745 3873 1944 3949 secundum
1969 3872 2073 3945 intel-

481 3993 616 4066 lectum
639 3994 746 4091 hujus
770 3995 927 4067 nominis
950 3997 1086 4069 relativi
1117 3996 1217 4095 quod
1243 4011 1297 4069 est
1320 4027 1338 4063 α
1354 4011 1517 4092 uterque.
1531 4027 1550 4064 r
1578 3996 1675 4069 Licet
1698 3996 1794 4068 enim
1822 3994 1901 4067 haec
1925 3994 2073 4091 nomina

482 4139 562 4211 quae
578 4113 726 4186 dividua
742 4128 839 4205 sunt,
854 4114 892 4184 in
908 4116 1177 4188 constructione
1192 4115 1358 4188 cumillis
1374 4115 1523 4190 vocibus
1539 4139 1618 4211 quae
1631 4114 1786 4188 dividuae
1802 4138 1878 4187 non
1895 4126 1992 4202 sunt,
2008 4109 2072 4184 sed

483 4235 595 4332 magis
611 4233 828 4327 collective,
848 4231 995 4305 eosdem
1012 4233 1172 4308 habeant
1188 4234 1400 4329 intellectus,
1418 4260 1494 4307 non
1510 4250 1632 4339 tamen
1652 4234 1750 4308 idem
1770 4235 1809 4307 iu
1827 4231 2073 4307 enuntiatione

481 4355 613 4446 valent,
639 4378 723 4427 curn
741 4352 818 4426 haec
832 4354 981 4426 nomina
997 4352 1043 4426 de
1058 4353 1180 4451 aliquo
1195 4355 1386 4455 praedicata
1402 4355 1557 4446 divisim,
1576 4355 1648 4429 hoc
1666 4367 1720 4428 est
1734 4355 1930 4452 sigillatim,
1949 4376 2073 4425 omncs

483 4498 541 4547 res
564 4498 654 4572 quas
679 4474 866 4547 continent
886 4474 1075 4573 copulent,
1101 4475 1199 4549 unde
1223 4476 1371 4549 dividua
1388 4477 1570 4569 dicuntur,
1596 4474 1656 4548 illa
1677 4498 1766 4548 vero
1781 4473 2017 4573 conjunctim,
2036 4468 2071 4543 id

482 4607 536 4666 est
559 4593 684 4666 omnia
698 4593 825 4684 simul,
843 4618 919 4666 non
941 4594 1079 4691 singula
1095 4620 1160 4694 per
1177 4621 1228 4669 se.
1245 4597 1415 4670 Similiter
1431 4611 1468 4670 et
1482 4595 1642 4693 subjecta
1661 4593 1826 4668 eamdem
1842 4595 1916 4668 vim
1931 4596 1969 4665 in
1988 4589 2072 4665 snb·

482 4713 640 4808 jectione
663 4710 876 4786 custodiunt
899 4736 1009 4811 quam
1038 4714 1177 4788 habent
1202 4717 1240 4788 in
1266 4715 1543 4817 poedicatione,
1570 4729 1612 4788 ut
1634 4713 1800 4787 videlicet
1812 4738 1878 4814 per
1904 4716 1970 4786 ista
1995 4735 2072 4807 que

484 4831 631 4904 dividua
655 4847 752 4923 sunt,
778 4831 923 4930 singulte
946 4859 1004 4907 res
1024 4835 1219 4935 predicato
1240 4851 1505 4936 supponantur,
1530 4859 1596 4934 per
1620 4834 1680 4909 illa
1696 4859 1782 4908 vero
1801 4857 1926 4906 omnes
1944 4828 2048 4904 simul
2055 4858 2066 4920 3

516 5110 523 5138 ¹
535 5105 639 5156 aaaron
656 5107 687 5158 cle
697 5109 847 5175 interpret,
858 5122 887 5173 p.
902 5112 943 5164 8⁹.
