4559 6100
430 482 503 555 tat
1030 481 1160 556 PE‘l'lll
1184 477 1422 557 temnunt

431 632 609 733 praecipue
632 634 928 733 potissimumque
951 634 1091 708 fecisset
1107 633 1164 707 vel
1185 635 1292 708 etiam
1313 634 1549 735 praecepisset,
1574 631 1644 705 nisi
1664 655 1709 704 ea
1728 644 1850 705 mente
1866 653 1941 728 qua
1958 627 2030 702 im·

431 752 683 826 mortalitatem
712 754 841 827 animae
865 755 977 848 vidit,
1004 779 1235 854 nequaquam
1259 754 1483 849 iaciendum,
1510 753 1599 853 quin
1626 752 1735 826 etiam
1760 748 2030 850 prohibendum

430 898 507 946 esse
526 873 732 972 judicasset.
754 903 772 943 v
796 879 884 948 ltem
901 890 984 975 post
999 876 1163 967 aliqua¹t
1186 879 1336 949 «Restat
1360 899 1432 948 una
1454 898 1574 968 causa,
1604 872 1651 946 de
1676 897 1749 972 qua
1770 870 1890 946 dicere
1910 896 2029 969 coepe·

430 1019 528 1085 ram,
557 1018 629 1093 qua
656 994 743 1067 utile
771 1010 930 1094 putatur,
961 1011 1001 1071 ut
1024 1022 1063 1070 se
1089 997 1280 1096 quisquam
1305 995 1512 1089 interficiat,
1541 994 1747 1068 scilicetne
1775 991 1812 1064 in
1841 1007 2030 1092 peceatum

430 1115 555 1208 irruat,
583 1115 641 1188 vel
666 1115 873 1190 blandiente
893 1117 1091 1218 voluptate,
1116 1117 1173 1189 vel
1198 1115 1327 1190 dolore
1348 1117 1513 1189 saeviente
1533 1142 1541 1187 :
1561 1138 1672 1214 quant
1693 1136 1838 1186 causam
1857 1112 1887 1185 si
1905 1111 2029 1185 volue-

430 1235 543 1308 rimus
565 1235 768 1331 admittere,
787 1263 832 1311 eo
849 1262 962 1337 usque
982 1262 1170 1338 progressa
1195 1237 1392 1337 perveniet,
1412 1250 1451 1308 ut
1473 1234 1644 1309 hortandi
1666 1234 1737 1306 sint
1755 1233 1923 1306 homines
1941 1247 2029 1304 tune

365 1363 369 1369 “
431 1379 469 1428 se
494 1356 614 1456 potius
639 1357 857 1452 interimere,
887 1383 971 1431 cum
995 1358 1140 1433 lavacro
1164 1372 1293 1430 sauctae
1318 1357 1598 1455 regenerationis
1620 1354 1747 1446 abluti,
1779 1354 2029 1425 universorum

430 1477 677 1550 remissionem
705 1479 910 1578 acceperint
939 1493 1183 1579 peccatorum.
1219 1483 1320 1551 Tunc
1346 1479 1445 1551 enim
1469 1493 1611 1577 tempus
1641 1491 1694 1548 est
1727 1473 1879 1547 cavendi
1905 1474 2028 1546 omnia

357 1677 361 1683 ,
430 1596 546 1671 sutura
563 1611 722 1697 peccata,
747 1623 832 1671 cum
849 1614 934 1672 suut
952 1599 1074 1672 onmia
1091 1598 1208 1672 deleta
1222 1599 1411 1698 preterita.
1430 1626 1448 1667 a
1468 1602 1557 1671 ltem
1578 1624 1586 1670 ε
1604 1626 1622 1665 u
1634 1599 1667 1668 Ο
1680 1609 1818 1667 mentes
1837 1606 1997 1667 amentes
2015 1591 2024 1665 l

430 1717 518 1805 Quis
547 1731 601 1791 est
633 1716 693 1791 hic
721 1732 842 1792 tantus
866 1745 941 1792 non
960 1744 1074 1810 error,
1093 1718 1158 1792 sed
1173 1719 1324 1791 turort»
1355 1722 1504 1790 Constat
1528 1717 1691 1816 ipsorum
1720 1738 1867 1813 quoque
1890 1712 2028 1811 judicio

429 1827 731 1933 philosophorum
757 1835 831 1908 hoo
860 1834 1112 1909 detestandum
1142 1860 1240 1925 esse,
1270 1850 1311 1908 ut
1335 1834 1403 1908 sibi
1432 1835 1551 1932 aliqua
1580 1833 1719 1907 ratione
1746 1855 1875 1904 manus
1901 1829 2029 1927 aliquis

428 1953 586 2050 injiciat,
612 1954 712 2054 quod
737 1956 816 2030 sine
842 1956 914 2031 ulla
937 1957 1079 2056 penitus
1105 1957 1315 2055 exceptione
1349 1957 1625 2042 damnaverunt,
1650 1954 1742 2026 sicut
1759 1952 1835 2050 jam
1861 1976 1968 2050 supra
1985 1977 2028 2023 ex

428 2075 505 2173 ipsa
523 2074 682 2149 Platonis
706 2077 882 2150 sententia
902 2077 1154 2174 cognovimus,
1180 2093 1216 2149 et
1233 2076 1435 2149 Macrobius
1459 2076 1649 2173 diligenter
1670 2088 1744 2146 tam
1768 2073 1900 2173 ipsum,
1919 2096 2028 2170 quam

428 2194 641 2267 Ciceronem
663 2211 820 2291 secutus,
842 2198 1008 2297 exponit,
1032 2222 1077 2270 eo
1100 2197 1234 2271 scilicet
1255 2197 1338 2271 loco
1362 2208 1639 2285 commentatus,
1665 2191 1727 2264 ubi
1754 2192 1877 2264 Cicero
1894 2191 2027 2264 descri-

427 2312 519 2387 bens
535 2316 724 2389 Somnium
744 2317 933 2417 Scipionis,
949 2319 1067 2416 ipsum
1092 2318 1233 2392 inducit
1255 2319 1462 2418 Scipionem
1485 2342 1570 2390 cum
1596 2313 1707 2387 Paulo
1734 2328 1835 2413 patre
1861 2313 1896 2385 ei
1919 2337 2028 2412 appa-

427 2449 528 2507 rente
546 2434 770 2535 loquentem,
790 2452 826 2509 et
841 2438 1104 2511 desiderantem
1123 2463 1269 2537 quoque
1285 2439 1332 2511 ad
1348 2453 1488 2511 aeteruae
1505 2439 1583 2509 vitae
1600 2433 1860 2508 beatitudiuem
1878 2458 2027 2532 quoquo

428 2554 540 2627 modo
556 2580 662 2654 posse
678 2580 894 2656 properare;
914 2581 1023 2655 quam
1040 2558 1106 2630 sibi
1127 2583 1191 2657 per
1207 2583 1314 2632 avum
1331 2584 1436 2632 suum
1454 2558 1675 2631 intellexerat
1689 2553 1895 2646 revelatam,
1919 2567 2027 2651 atque

427 2672 535 2745 bonis
556 2673 761 2772 reipublicae
784 2675 983 2750 rectoribus
999 2701 1019 2748 a
1037 2681 1114 2748 Deo
1128 2702 1205 2750 esse
1222 2681 1258 2750 iu
1273 2677 1374 2750 coelis
1390 2691 1636 2777 praeparatam.
1662 2680 1836 2763 «Quaeso,
1863 2673 2023 2771 inquam,

427 2807 530 2890 pater
555 2794 776 2867 sanctissime
802 2810 910 2894 atque
935 2797 1089 2896 optime,
1115 2797 1288 2895 quoniam
1313 2797 1390 2869 haec
1419 2811 1472 2869 est
1501 2797 1590 2886 vita,
1620 2812 1660 2869 ut
1689 2795 1892 2867 Africanum
1916 2794 2026 2868 audio

428 2910 566 3003 dicere,
587 2912 676 3010 quid
700 2940 824 2989 moror
849 2917 886 2988 in
907 2916 1028 3003 terris,
1047 2917 1134 3015 quin
1159 2917 1246 2990 hinc
1269 2917 1316 2991 ad
1338 2942 1404 2990 vos
1421 2918 1542 2991 venire
1558 2916 1742 3016 propero?
1769 2918 1849 2987 Non
1877 2930 1928 2987 est
1953 2915 2023 3008 ita,

391 3074 396 3085 ·
427 3032 545 3129 inquit
563 3032 637 3124 ille,
663 3034 730 3107 nisi
754 3036 851 3109 euim
874 3063 958 3111 curn
980 3041 1078 3111 Deus
1099 3037 1175 3111 istis
1195 3053 1231 3110 te
1251 3037 1414 3138 corporis
1435 3037 1605 3111 custodiis
1628 3020 1844 3127 liberaverit,
1871 3034 1942 3107 huc
1963 3034 2027 3109 tibi

427 3154 546 3227 aditus
561 3169 684 3254 patere
697 3180 772 3229 non
788 3171 919 3256 potest.
939 3163 1059 3247 Quare
1071 3173 1106 3231 et
1123 3159 1202 3253 tibi,
1219 3159 1334 3251 Publi,
1350 3175 1385 3232 et
1399 3160 1466 3260 piis
1480 3158 1649 3231 omuibus
1663 3156 1874 3229 retinendus
1886 3156 2027 3230 animus

426 3276 464 3347 in
489 3274 654 3350 custodia
672 3278 857 3377 corporis;
877 3304 946 3354 nec
964 3281 1100 3377 injussu
1118 3280 1215 3377 ejus,
1235 3304 1257 3352 a
1274 3306 1349 3379 quo
1366 3280 1425 3352 ille
1442 3294 1494 3353 est
1511 3277 1614 3351 vobis
1632 3278 1751 3366 datus,
1776 3302 1819 3349 ex
1835 3276 2026 3351 hominum

428 3394 500 3469 vit'a
525 3397 756 3494 migrandum
773 3414 839 3491 est,
867 3425 913 3473 ne
930 3426 1062 3474 munus
1078 3403 1296 3498 assignatum
1320 3426 1340 3474 a
1359 3405 1434 3473 Deo
1457 3401 1524 3500 ipsi
1541 3399 1669 3497 fugisse
1694 3396 1932 3471 videamini.»
1951 3403 2025 3473 Ma·

427 3516 575 3589 crobius
597 3543 705 3617 super
725 3518 824 3592 hunc
839 3519 1005 3593 locum':
1028 3551 1045 3589 u
1061 3525 1144 3594 Haec
1158 3537 1253 3595 secta
1270 3537 1306 3594 et
1322 3522 1513 3621 praeceptio
1532 3521 1689 3593 Platonis
1704 3533 1770 3611 est,
1790 3520 1853 3617 qui
1875 3519 1912 3590 iu
1932 3518 2026 3593 Phe

428 3636 526 3710 done
553 3635 680 3710 definit
705 3637 846 3711 homiui
871 3665 948 3712 non
976 3664 1052 3712 esse
1075 3664 1136 3713 sua
1166 3654 1296 3739 sponte
1319 3639 1563 3713 moriendum.
1597 3639 1667 3711 Sed
1693 3638 1730 3710 iu
1754 3638 1884 3710 eodem
1907 3652 2027 3712 tamen

429 3756 573 3852 dialogo
583 3755 680 3828 idem
690 3756 777 3831 dicit
789 3774 942 3832 mortem
956 3758 1295 3858 philosophantibus
1309 3759 1563 3860 appetendam,
1580 3775 1615 3832 et
1627 3761 1741 3859 ipsam
1759 3758 2025 3858 philosophiam

430 3877 701 3951 meditationem
721 3903 797 3952 esse
822 3880 1013 3953 moriendi.
1039 3879 1111 3953 Sed
1130 3880 1228 3953 Plato
1254 3878 1344 3953 duas
1365 3895 1500 3953 mortes
1521 3881 1713 3953 hominum
1731 3880 1845 3973 novit,
1871 3904 1938 3953 nec
1953 3879 2026 3955 hoe

428 4022 526 4070 nuuc
543 4012 666 4097 repeto
682 3998 782 4096 quod
796 4001 959 4099 superius
973 3999 1110 4073 dictum
1126 4015 1193 4091 est,
1212 4000 1301 4074 duas
1318 4027 1394 4075 esse
1411 4016 1558 4091 mortes,
1573 4025 1685 4074 uuam
1703 4002 1844 4091 animae,
1863 4001 2027 4075 animalis

429 4117 589 4207 alteram,
618 4118 682 4190 sed
704 4119 817 4218 ipsius
841 4145 989 4219 quoque
1016 4121 1199 4215 animalis,
1225 4121 1297 4195 hoc
1319 4136 1374 4195 est
1399 4122 1574 4210 hominis,
1603 4121 1693 4195 duas
1716 4122 1841 4194 asserit
1867 4135 2023 4215 mortes,

427 4258 582 4333 quarum
607 4258 719 4307 unam
746 4244 908 4327 natura,¹
928 4238 1075 4309 virtutes
1105 4237 1254 4311 alteram
1285 4252 1464 4338 praestant.
1494 4241 1614 4310 Homo
1640 4238 1737 4310 enim
1767 4236 1918 4308 moritur
1940 4261 2026 4311 cum

427 4353 549 4426 anima
569 4378 702 4453 corpus
728 4355 898 4454 relinquit
919 4357 1078 4430 solutum
1103 4356 1181 4455 lege
1204 4374 1352 4431 naturae.
1381 4358 1476 4430 Mori
1498 4357 1606 4429 etiam
1633 4354 1775 4442 dicitur,
1803 4380 1886 4428 cum
1905 4356 2027 4430 anima

427 4471 547 4547 adhuc
571 4473 609 4545 iu
639 4499 793 4574 corpore
818 4478 1012 4550 constituta
1037 4503 1231 4577 corporeas
1260 4477 1457 4569 illecebras,
1485 4475 1715 4577 philosophia
1741 4473 1909 4564 docente,
1938 4498 2026 4547 con·

427 4593 575 4686 temnit,
603 4609 639 4666 et
662 4594 902 4695 cupiditatum
929 4597 1052 4671 dulces
1078 4598 1223 4673 insidias
1248 4598 1475 4698 reliquasque
1504 4620 1632 4670 omues
1658 4598 1800 4668 exuitur
1826 4595 2023 4695 passiones.

427 4718 529 4788 Hanc
553 4740 640 4813 ergo
661 4730 815 4791 mortem
839 4717 925 4791 dicit
949 4719 1050 4793 Plato
1068 4720 1291 4820 sapientibus
1307 4717 1569 4819 appetendam,
1589 4715 1685 4791 illam
1707 4739 1794 4789 vero
1817 4739 1927 4813 quam
1950 4739 2026 4788 om·

427 4834 533 4908 nibus
546 4848 673 4907 natura
689 4837 889 4931 constituit,
904 4838 999 4935 cogi,
1014 4839 1070 4912 vel
1082 4839 1219 4935 inferri,
1239 4839 1294 4914 vel
1309 4838 1474 4912 accersiri
1489 4851 1597 4931 vetat,
1613 4835 1749 4909 docens
1763 4834 2026 4935 expectandam

457 5111 591 5179 taurum,
606 5116 636 5166 αι
649 5115 727 5168 Cinit.
741 5116 802 5181 Dei,
814 5117 859 5171 lth.
870 5115 892 5179 l,
903 5130 957 5182 ern.
970 5131 1047 5173 xxvrt.
1059 5143 1091 5159 ·-
1101 5120 1110 5151 ¹
1121 5119 1238 5183 Macron,
1251 5120 1281 5170 tx
1291 5119 1378 5170 somn.
1390 5115 1518 5182 &monis
1530 5113 1550 5180 Ι,
1570 5117 1608 5168 t&
