4559 6100
463 524 535 598 598
1064 523 1196 600 ruunt
1223 526 1457 603 temnant

462 674 560 777 quod
576 673 768 747 desiderat.
788 673 847 746 Sic
862 687 899 746 et
913 670 1079 746 infimius
1095 675 1153 747 uri
1168 675 1227 748 vel
1240 678 1352 750 secari
1366 677 1497 751 dicitur
1512 693 1553 751 ut
1569 696 1726 775 sanetur,
1745 697 1783 755 et
1798 685 1968 783 Martyres
1982 690 2059 786 pati

462 813 502 870 ut
524 797 572 870 ad
593 796 776 869 Christum
794 795 1027 894 perveniant3
1051 795 1107 867 vel
1128 794 1289 870 Christus
1311 798 1406 897 ipse,
1429 813 1470 870 ut
1492 824 1561 872 nos
1579 801 1656 897 ejus
1672 803 1841 877 Passione
1860 804 2053 881 salvamur.

461 922 543 991 Non
564 931 684 989 tamen
706 915 789 988 ideo
805 914 1013 1014 simpliciter
1029 915 1229 988 concedere
1244 917 1421 1014 cogimur,
1447 933 1488 990 nt
1507 917 1580 993 boc
1592 921 1733 994 velint:
1758 948 1937 1023 nusquam
1961 929 2061 1000 enim

461 1034 579 1138 passio
597 1035 764 1109 voluntas
778 1059 853 1108 esse
868 1049 1000 1133 potest,
1014 1036 1083 1107 nisi
1100 1035 1163 1107 ubi
1177 1050 1305 1110 contra
1320 1036 1543 1112 voluntatem
1559 1039 1694 1140 aliquid
1707 1043 1770 1135 sit3
1789 1047 2060 1145 necquicquam

462 1160 499 1231 in
517 1182 562 1231 eo
580 1156 726 1254 patitur,
746 1153 809 1226 ubi
827 1177 929 1228 suam
946 1154 1071 1253 implet
1088 1156 1326 1248 voluntatem,
1349 1173 1385 1230 et
1401 1158 1501 1256 quod
1520 1157 1597 1232 fieri
1613 1185 1698 1234 eum
1715 1161 1884 1238 oblectat.
1901 1169 1946 1237 Et
1962 1181 2059 1239 certe

464 1277 653 1378 Apostolus
669 1274 805 1373 quiait¹
819 1300 828 1344 :
843 1275 987 1373 «Cupio
1005 1273 1164 1367 dissolvi,
1180 1290 1217 1348 et
1228 1298 1305 1349 esse
1320 1296 1405 1349 eum
1422 1278 1579 1370 Christ03
1596 1307 1614 1349 u
1624 1280 1663 1354 id
1674 1294 1741 1369 est,
1757 1282 1804 1356 ad
1813 1282 1888 1356 hoc
1896 1286 2003 1377 mori,
2017 1300 2060 1358 ut

463 1397 610 1471 adeum
632 1393 853 1494 perveniam,
878 1393 954 1492 ipse
975 1393 1063 1468 alibi
1083 1398 1388 1469 commemorav:
1412 1426 1429 1466 u
1450 1397 1625 1472 Nolumus
1643 1400 1828 1500 expoliari,
1847 1402 1913 1476 sed
1927 1428 2059 1504 super-

463 1517 594 1607 vestiri,
614 1529 654 1585 ut
668 1511 902 1586 absorbeatur
914 1514 1190 1589 mortaleavita.
1210 1519 1359 1603 »Quam
1374 1518 1482 1589 etiam
1490 1519 1739 1595 sententiama
1754 1524 1914 1595 Domino
1923 1523 2057 1597 dictam

464 1636 588 1710 beatus
596 1634 810 1731 Augustinus
826 1633 1003 1726 meminit,
1022 1634 1087 1706 ubi
1104 1637 1210 1706 Petro
1224 1634 1333 1706 dixit·
1353 1662 1362 1707 z
1385 1665 1403 1704 u
1422 1639 1601 1711 Extendes
1616 1662 1745 1712 manns
1762 1655 1842 1714 tuas
1858 1656 1895 1714 et
1910 1643 2000 1716 alius
2021 1660 2058 1717 te

463 1758 593 1852 cinget,
613 1767 648 1826 et
663 1753 771 1825 ducet
787 1775 860 1850 quo
880 1766 919 1823 tu
935 1776 1012 1823 non
1028 1752 1094 1824 vis.
1115 1781 1134 1819 s
1150 1754 1222 1841 Qui
1244 1754 1350 1827 etiam
1370 1754 1471 1851 juxta
1486 1755 1730 1830 infirmitatem
1743 1758 1909 1833 humanae
1922 1777 2057 1835 natura

463 1888 684 1974 assumptam
710 1872 804 1945 Patri
827 1872 921 1944 ait‘:
944 1899 963 1937 s
981 1872 1017 1943 Si
1032 1870 1204 1971 possibile
1225 1885 1291 1963 est,
1311 1887 1501 1948 transeata
1516 1900 1575 1949 me
1591 1877 1691 1949 Calix
1705 1878 1782 1966 iste,
1807 1890 2056 1954 verumtamen

464 2020 539 2067 non
555 1995 646 2066 sicut
663 2017 730 2091 ego
747 1991 843 2082 volo,
864 1989 928 2062 sed
943 1991 1035 2063 sicut
1048 2003 1100 2062 tu.
1118 2021 1136 2057 s
1154 1995 1320 2088 Magnam
1336 1994 1470 2093 quippe
1485 1995 1612 2068 mortis
1627 1996 1832 2094 passionem
1848 1998 1969 2071 anima
1981 2002 2058 2098 ejus

463 2113 669 2186 naturaiiter
694 2109 922 2201 formidabat,
950 2134 1017 2181 nec
1033 2110 1277 2183 voluntarium
1302 2113 1335 2184 ei
1358 2137 1434 2186 esse
1456 2127 1595 2213 poterat
1618 2114 1720 2211 quod
1743 2115 1887 2215 poenale
1906 2117 2053 2194 sciebat.
2179 2178 2186 2190 .

463 2239 516 2308 De
533 2257 701 2331 quocum
718 2229 802 2303 alibi
818 2231 991 2329 scriptum
1007 2227 1072 2302 sit⁸
1091 2257 1100 2302 ε
1119 2259 1137 2298 v
1155 2229 1308 2304 Oblatus
1318 2246 1372 2305 est
1387 2232 1472 2330 quia
1488 2234 1564 2330 ipse
1579 2233 1716 2320 voluit3
1740 2261 1758 2304 s
1777 2248 1841 2308 aut
1856 2237 2056 2311 secundum

461 2352 663 2429 Divinitatis
685 2367 851 2423 naturam
877 2348 1127 2446 accipiendum
1147 2364 1214 2443 est,
1243 2351 1280 2423 in
1307 2352 1409 2448 cujus
1425 2350 1609 2425 voluntate
1624 2352 1691 2426 tuit
1712 2353 1815 2426 illum
1832 2372 2056 2457 assumptum

461 2475 648 2547 hominem
659 2472 747 2571 pati,
759 2484 821 2542 aut
835 2468 1091 2543 voluitdictum
1101 2483 1155 2541 est
1167 2494 1236 2568 pro
1246 2469 1439 2567 disposuit:
1448 2471 1549 2568 juxta
1564 2470 1653 2543 illud
1672 2473 1903 2546 Psalmistae⁸=
1921 2480 2056 2566 «Quae-

461 2618 617 2692 cumque
627 2591 742 2663 voluit
756 2590 850 2662 iecit.
869 2619 888 2656 >v
899 2591 1046 2663 Constat
1056 2589 1177 2686 itaque
1186 2603 1374 2688 peccatum
1390 2613 1655 2688 nonnunquam
1675 2593 1853 2665 committi
1869 2594 1945 2668 sine
1961 2599 2054 2670 mata

461 2717 604 2816 penitus
618 2713 824 2804 voluntate,
842 2724 883 2782 ut
899 2733 942 2782 cx
957 2708 1030 2782 boc
1050 2708 1229 2807 liquidum
1246 2710 1304 2803 sit,
1327 2708 1428 2807 quod
1445 2724 1633 2808 peecatum
1649 2724 1719 2803 est,
1738 2714 1962 2788 voluntatem
1976 2741 2051 2790 non

460 2837 545 2909 dici.

461 2928 466 2945 .
510 2953 699 3053 Equidem,
727 2949 880 3048 inquies,
906 2948 955 3020 ita
976 2961 1042 3038 est,
1070 2946 1133 3021 ubi
1149 2948 1265 3021 coacti
1281 2971 1483 3047 peccamus,
1502 2948 1566 3022 sed
1583 2973 1658 3021 non
1677 2950 1745 3042 ita,
1773 2949 1837 3023 ubi
1860 2951 2046 3026 volentes:

460 3077 569 3151 veluti
591 3076 621 3147 si
642 3072 714 3146 tale
735 3069 824 3170 qnid
847 3068 1069 3142 committere
1086 3068 1254 3162 velimus,
1280 3069 1379 3166 quod
1398 3091 1627 3167 nequaquam
1644 3068 1777 3143 debere
1792 3095 1815 3145 a
1828 3072 1938 3144 nobis
1953 3098 2051 3146 com·

460 3196 717 3270 mittiscimus.
744 3192 797 3264 lbi
823 3190 956 3288 quippe
980 3186 1075 3261 mola
1098 3188 1157 3261 illa
1189 3189 1356 3262 voluntas
1389 3203 1426 3262 et
1456 3204 1647 3288 peccatum
1667 3190 1766 3263 idem
1788 3211 1864 3264 esse
1896 3193 2049 3284 videtur,

458 3318 560 3391 verbi
583 3316 727 3413 gratia:
758 3311 856 3383 videt
885 3308 1013 3408 aliquis
1034 3308 1240 3402 mulierem,
1262 3310 1300 3381 in
1321 3309 1651 3407 concupiscentiam
1682 3309 1820 3402 incidit,
1845 3325 1883 3384 ct
1898 3311 2053 3387 delectu-
2183 3349 2187 3355 ι
2275 3361 2276 3404 ,

459 3439 557 3510 tione
569 3437 687 3511 carnis
703 3456 806 3505 mens
821 3431 896 3527 ejus
914 3430 1083 3526 tangitur,
1102 3443 1143 3499 ut
1157 3428 1203 3502 ad
1220 3428 1482 3528 turpitudinem
1494 3430 1611 3503 coitus
1627 3429 1858 3504 accendatur.
1868 3435 1952 3504 Haec
1966 3457 2050 3530 ergo
2100 3503 2107 3512 ,

375 3593 379 3604 =
458 3559 623 3631 voluntas
639 3569 674 3627 et
693 3569 798 3651 turpe
812 3548 1030 3623 desiderium
1048 3548 1136 3645 quid
1153 3546 1265 3640 aliud,
1284 3548 1415 3646 inquis,
1434 3561 1489 3621 est
1503 3572 1614 3644 quam
1625 3550 1837 3648 peceatum?

508 3674 750 3775 Respondent
777 3669 865 3768 quid
883 3669 913 3739 si
939 3668 1004 3739 ista
1023 3665 1190 3738 voluntas
1209 3667 1452 3765 temperantia
1466 3668 1599 3740 virtute
1618 3669 1819 3742 refrenetur
1839 3693 1908 3742 nec
1931 3685 2049 3745 tamen

458 3795 701 3891 extinguatur,
720 3790 767 3862 ad
785 3810 946 3890 pugnam
964 3798 1175 3884 permaneat
1189 3797 1225 3858 et
1240 3784 1288 3857 ad
1311 3800 1491 3860 certamen
1512 3787 1678 3884 persistat
1692 3812 1761 3860 nec
1776 3786 1919 3861 deficiat
1934 3790 2051 3864 victa?

459 3913 528 3987 Ubi
552 3914 650 3987 enim
675 3934 813 4011 pugna,
843 3908 873 3979 si
895 3904 1081 4005 pugnandi
1105 3904 1198 3977 desit
1218 3906 1392 3978 materia:
1419 3919 1483 3979 aut
1504 3905 1604 3978 uude
1628 3908 1815 4004 praemium
1839 3908 1992 4004 grande,
2014 3910 2051 3982 ai

457 4058 532 4107 non
559 4035 605 4107 sit
629 4031 729 4131 quod
752 4029 946 4102 toleremus
964 4025 1096 4121 grave?
1123 4028 1215 4098 Cum
1238 4039 1419 4098 certamen
1438 4025 1610 4120 desuerit,
1630 4050 1705 4099 non
1720 4028 1796 4124 jam
1812 4043 1971 4129 superest
1986 4054 2051 4128 pu-

456 4177 581 4249 gnare,
606 4151 670 4226 sed
691 4149 878 4251 praemium
901 4146 1107 4245 percipere3
1134 4143 1196 4216 hie
1219 4158 1343 4217 autem
1365 4144 1563 4243 pugnando
1581 4160 1773 4232 certamus,
1795 4157 1837 4219 ut
1860 4145 1948 4219 alibi
1973 4171 2053 4222 cer-

456 4275 601 4352 taminis
624 4268 903 4369 triumphatores
927 4288 1102 4339 coronam
1116 4264 1379 4366 percipiamus.
1399 4269 1447 4338 Ut
1468 4289 1556 4340 vero
1579 4290 1703 4363 pugna
1724 4266 1781 4358 sit,
1808 4266 1952 4340 hostem
1974 4293 2052 4342 esse

454 4395 643 4488 convenit,
670 4392 732 4491 qui
755 4390 912 4482 resistat,
938 4411 1014 4459 non
1035 4386 1098 4484 qui
1120 4407 1269 4485 prorsus
1285 4382 1440 4459 deficiat.
1466 4389 1549 4458 Hane
1564 4410 1650 4459 vero
1672 4397 1727 4460 est
1747 4400 1871 4460 nostra
1885 4387 2052 4483 volumtas

456 4516 564 4607 mala,
585 4516 631 4588 de
654 4536 727 4611 qua
747 4509 1026 4609 triumphamus,
1053 4531 1137 4579 cum
1165 4529 1247 4578 eam
1274 4503 1403 4578 divim
1426 4503 1679 4603 subjugamus,
1711 4529 1779 4579 nec
1799 4527 1882 4580 eam
1904 4527 2052 4607 prorsus

455 4635 709 4732 extinguimus,
731 4645 771 4702 ut
786 4653 928 4727 semper
941 4626 1151 4722 habeamus,
1170 4639 1298 4699 contra
1314 4649 1426 4724 quam
1441 4625 1668 4699 dimicemus.

504 4755 602 4846 Quid
626 4753 724 4827 enim
747 4773 917 4845 magnum
940 4757 1007 4848 pro
1033 4751 1111 4820 D'eo
1139 4746 1306 4840 iacimus,
1335 4745 1366 4817 si
1391 4744 1482 4819 nihil
1504 4759 1637 4819 nostrae
1657 4746 1837 4821 voluntati
1860 4745 2049 4823 adversum

488 5069 495 5098 ¹
506 5063 606 5131 Pts'ts'p.
615 5061 637 5128 l,
645 5075 700 5127 cap.
712 5074 732 5127 1,
742 5076 766 5114 r.
776 5063 819 5112 tt.
830 5059 876 5097 -'
886 5053 1000 5109 coust.
1011 5052 1044 5117 ll,
1058 5066 1117 5119 cap.
1130 5066 1162 5118 r,
1174 5066 1199 5104 v.
1215 5056 1240 5106 t.
1253 5079 1283 5094 -
1294 5050 1395 5116 usas,
1412 5063 1467 5116 etp.
1484 5065 1541 5116 xxv,
1551 5067 1578 5105 r.
1596 5054 1635 5106 lt.
1647 5059 1697 5093 -⁴
1709 5055 1804 5116 usim,
1817 5066 1872 5120 ap.
1884 5066 1991 5117 mm,
2009 5055 2049 5109 η,

456 5142 589 5207 -⁸1sat‚
606 5156 764 5209 capsum.
777 5146 801 5194 t.
814 5135 973 5191 aarum
986 5147 1096 5200 cntv,v.
1110 5136 1133 5185 ³.
