4559 6100
509 100 523 164 'e
540 104 631 169 aliter
641 99 797 192 sapientia
810 96 871 165 Dei
884 96 1033 164 homines
1047 95 1197 180 liberam,
1208 96 1270 160 nisi
1283 96 1451 161 hominem
1464 97 1637 185 mampemt
1646 108 1871 160 etnaseerettn
1882 92 1926 159 de
1939 93 2091 159 femin?
2104 122 2123 152 ι

505 220 631 307 Quibus
653 216 909 311 respondemus:
930 215 1091 281 «Poterat
1113 215 1265 298 omnino,
1287 213 1345 279 sed
1365 215 1392 279 si
1415 210 1508 280 aliter
1531 208 1667 297 iaceret,
1684 213 1830 281 similiter
1838 208 1957 279 'restrae
1967 213 2125 278 stultitia

510 369 525 397 a
543 336 764 426 displiceret.»

553 452 586 519 Si
602 455 698 544 igitur
720 449 807 543 apud
822 452 899 516 istos
920 470 1002 538 quos
1021 445 1227 538 impudenter
1246 468 1299 512 me
1320 446 1469 537 persequi
1490 445 1674 511 Mamerti
1690 446 1813 537 aliquid
1827 470 1924 514 seem
1939 448 2123 538 Suipturae

509 574 705 640 eontrarium
728 571 920 661 reperim,
941 590 1001 633 eur
1018 568 1143 633 miraris
1163 567 1198 631 in
1220 565 1312 632 dictis
1334 562 1397 630 tais
1417 564 1537 656 aliquid
1552 565 1746 655 reprehendi
1761 568 1914 657 potarisse,
1939 589 2016 631 mm
2031 583 2072 632 te
2086 569 2123 630 in

508 716 606 761 sacrae
619 693 790 783 Scripturas
806 689 988 755 eruditione
1003 687 1207 752 manifestum
1225 685 1265 752 sit
1278 684 1461 751 nudatemts
1475 683 1659 751 laborasse?
1674 684 1760 750 Huic
1778 686 1865 751 enim
1880 684 2120 776 arguimini,

510 835 608 902 quam
626 810 741 876 divinae
755 809 940 875 substantiae
953 807 1103 889 tribuisti,
1121 821 1303 871 sanctorum
1320 821 1449 895 patrum
1469 802 1644 886 Ambrosii,
1661 805 1847 895 Augustini,
1864 804 1980 870 Isidori
1995 807 2121 895 amipta

507 952 714 1021 nequaquam
739 930 954 995 consentiunt.
971 927 1053 1009 Qum
1078 926 1213 991 collecta
1240 923 1315 990 ideo
1338 924 1496 1010 subjtoere
1520 923 1646 1006 curan,
1673 939 1711 987 ut
1734 946 1803 988 non
1828 946 1868 989 ex
1891 947 1965 991 mea
1990 925 2051 991 sed
2079 950 2119 991 er

398 1072 403 1079 ·
507 1053 700 1119 'auctoritate
726 1048 833 1115 divina
860 1047 949 1138 quod
972 1048 1052 1113 mihi
1087 1045 1267 1111 tenendum
1293 1061 1341 1110 est
1373 1043 1557 1109 roboretur.
1592 1044 1709 1107 Beatus
1737 1044 1835 1134 igitur
1864 1045 2058 1111 Ambrosius
2083 1049 2120 1111 'n

508 1171 593 1237 libro
615 1170 655 1235 de
670 1170 754 1235 Fide
785 1168 828 1235 ad
852 1169 1042 1234 Gratianum
1063 1166 1292 1255 imperatorem
1315 1164 1359 1230 sic
1379 1162 1543 1252 loquitur:
1565 1192 1580 1220 s
1593 1164 1664 1253 Ego
1684 1179 1718 1228 et
1744 1179 1837 1253 pater
1855 1186 1957 1230 uum
1989 1188 2116 1232 sam.

421 1346 426 1353 .
505 1288 580 1358 Hoc
596 1289 685 1369 dicit,
702 1313 745 1355 ae
760 1288 955 1380 intelligatur
971 1287 1119 1353 discretio
1134 1286 1311 1376 potestatis.
1325 1285 1432 1348 »Item
1450 1306 1459 1348 t
1473 1283 1609 1348 «Unum
1625 1304 1700 1348 oum
1715 1300 1805 1374 patre
1821 1301 1855 1350 et
1870 1306 1971 1351 mum
1980 1288 2117 1351 eterni·

507 1427 586 1490 tate,
613 1430 715 1475 unum
742 1407 920 1474 divinitate.
946 1407 1022 1472 Non
1048 1408 1136 1473 enim
1161 1422 1253 1496 pater
1268 1405 1335 1495 ipse
1360 1420 1408 1469 est
1424 1403 1479 1492 qai
1496 1398 1596 1484 filiam,
1615 1425 1676 1466 nec
1698 1402 1868 1469 confusum
1887 1405 1977 1495 qood
1997 1429 2114 1487 uuam,

510 1552 571 1595 nec
593 1527 762 1618 multiplex
777 1525 865 1616 quod
881 1525 1080 1591 indifferens.
1105 1525 1234 1590 Etenim
1250 1524 1276 1588 si
1292 1523 1438 1588 omnium
1459 1521 1660 1587 credentium
1681 1539 1750 1587 erat
1764 1546 1823 1588 eor
1837 1546 1939 1588 unum
1953 1541 1990 1590 et
2007 1527 2116 1590 attin

509 1672 587 1732 una,
605 1651 631 1713 si
650 1631 755 1715 oninis
770 1646 826 1735 qui
841 1644 985 1711 adhaeret
1002 1645 1135 1710 domino
1152 1666 1234 1708 unus
1250 1644 1377 1733 spiritns
1393 1657 1459 1723 est,
1483 1641 1540 1707 sed
1556 1642 1606 1706 vir
1621 1659 1655 1708 et
1669 1666 1753 1708 uxor
1772 1644 1807 1707 in
1822 1667 1888 1708 una
1904 1666 2001 1709 earne
2017 1662 2114 1726 sunt,

506 1768 537 1834 si
557 1790 670 1834 omnes
691 1767 854 1847 homines,
871 1781 1027 1853 quantum
1052 1764 1094 1829 ad
1116 1779 1265 1828 naturam
1280 1764 1439 1852 pertinet,
1465 1763 1560 1827 nnius
1582 1763 1768 1828 substantiae
1783 1780 1870 1845 sunt,
1888 1763 1992 1829 mito
2012 1766 2116 1855 magis

508 1904 601 1979 pater
615 1905 648 1954 et
662 1885 745 1953 filius
762 1885 928 1951 divinitate
941 1908 1043 1950 unum
1058 1900 1149 1964 sunt,
1167 1884 1224 1949 ubi
1245 1905 1306 1948 nee
1329 1884 1512 1949 substantiae
1533 1906 1594 1948 nec
1606 1884 1779 1949 voluntatis
1802 1884 1866 1949 nlla
1883 1902 1932 1950 est
1955 1885 2115 1951 ‹lideren-

507 2008 593 2073 tia.»
612 2006 695 2073 Item
714 2030 722 2072 :
740 2037 752 2063 u
771 2005 848 2070 Non
864 2020 912 2071 est
927 2004 1049 2070 diversa
1065 2027 1125 2069 nec
1139 2002 1307 2093 singularis
1322 2002 1496 2092 aequalitas,
1514 2004 1588 2091 quia
1607 2005 1736 2093 aequalis
1751 2028 1850 2071 nemo
1868 2007 1936 2096 ipse
1952 2006 2013 2070 sibi
2029 1990 2115 2071 solus

507 2142 569 2193 est.
582 2124 711 2191 »Itemt
726 2155 740 2182 a
751 2125 838 2189 Deus
847 2141 895 2189 est
909 2146 1030 2189 nomeu
1046 2144 1218 2189 commune
1231 2124 1316 2213 patri
1332 2138 1365 2188 et
1379 2122 1458 2188 filio.
1475 2124 1579 2187 »Item
1594 2147 1602 2188 :
1620 2125 1848 2189 «lemmatum
1863 2142 1990 2215 patrem
2004 2125 2116 2191 Sabel-

508 2245 765 2334 lianaimpietate
783 2258 922 2307 astruere
938 2243 1095 2306 nituntur.
1107 2272 1121 2299 a
1131 2243 1230 2307 Item:
1244 2241 1364 2324 «Quod
1380 2243 1474 2307 unius
1490 2258 1538 2308 est
1553 2241 1737 2308 substantiae
1753 2245 1894 2333 separari
1907 2266 1972 2309 non
1986 2261 2113 2333 potest,

509 2364 568 2430 etsi
593 2386 659 2428 non
685 2362 726 2428 n't
748 2361 973 2451 singularitatis
993 2361 1051 2426 sed
1079 2361 1222 2425 unitatis.
1248 2361 1457 2451 Singularitas
1476 2377 1523 2426 est
1545 2364 1610 2428 sire
1629 2363 1713 2453 patri
1731 2364 1796 2427 sire
1819 2362 1887 2427 filio
1906 2364 1967 2427 sire
1987 2365 2118 2452 spiritui

506 2500 620 2552 saneto
637 2480 804 2574 derogare.
820 2515 835 2540 ι»
855 2480 936 2547 Item
947 2504 981 2547 :s
994 2480 1070 2546 Non
1084 2504 1169 2546 unus
1185 2480 1242 2547 sed
1258 2503 1358 2546 unum
1366 2498 1441 2547 sunt
1455 2498 1548 2573 pater
1563 2498 1596 2547 et
1610 2482 1837 2548 filins.»1tem:
1851 2514 1866 2539 α
1877 2484 1947 2547 Una
1962 2482 2114 2573 agaim,

506 2624 574 2668 una
592 2576 711 2693 gloria3
728 2601 762 2668 ir
782 2624 955 2668 commune
982 2599 1155 2691 derogatam
1180 2599 1334 2691 quicquid
1354 2602 1389 2666 in
1411 2601 1518 2691 aliquo
1534 2598 1695 2692 putaveris
1709 2601 1915 2693 derogatum.
1929 2632 1946 2659 υ
1964 2603 2116 2693 Augusti-

505 2744 569 2788 nus
600 2724 636 2787 in
663 2720 747 2787 libro
765 2722 805 2787 de
835 2721 999 2787 Trinitate
1017 2746 1028 2785 .·
1049 2750 1063 2777 s
1087 2721 1152 2804 Qui
1177 2736 1269 2812 putat
1294 2724 1362 2807 ejus
1383 2744 1451 2787 esse
1476 2724 1582 2787 Deum
1608 2723 1780 2812 potentiae,
1805 2737 1841 2785 ut
1864 2744 1899 2787 se
1921 2722 2028 2811 ipmm
2047 2724 2113 2813 ipse

505 2843 671 2934 genuerit,
697 2864 737 2907 eo
759 2841 899 2907 deterius
916 2858 1020 2923 errat,
1042 2839 1132 2930 quod
1152 2864 1221 2905 non
1246 2842 1314 2930 ipse
1333 2841 1420 2907 solus
1443 2841 1515 2906 talis
1538 2864 1606 2906 non
1629 2858 1697 2923 est,
1721 2840 1779 2907 sed
1800 2864 1860 2906 nec
1883 2838 1949 2906 ula
1970 2858 2113 2908 mmm

505 2961 680 3053 spiritualis
698 2980 805 3050 neque
828 2959 1016 3051 corporalis.
1041 2958 1140 3024 Nulla
1160 2960 1248 3025 enim
1269 2962 1377 3026 anima
1399 2984 1449 3026 res
1475 2976 1540 3043 ast,
1557 2982 1632 3050 quae
1648 2961 1807 3052 seipsam
1833 2962 1955 3053 gignat.
1973 2993 1987 3019 ι
2004 2964 2110 3028 Item:

512 3081 639 3147 «Circa
655 3097 834 3147 creaturam
846 3097 1093 3171 susceptumque
1109 3079 1258 3145 habitum
1278 3082 1427 3173 occupati
1444 3081 1659 3171 equalitatem
1674 3103 1772 3171 quam
1794 3104 1868 3147 cum
1889 3097 1983 3171 patre
2009 3083 2112 3148 hmeo

506 3221 577 3267 non
588 3201 774 3292 intelligitis.
784 3232 798 3258 a
809 3202 911 3266 Item:
927 3229 941 3256 ι
953 3201 1189 3266 (lomenieuter
1203 3200 1439 3268 dicimusillum
1449 3203 1508 3290 qni
1524 3203 1559 3265 in
1568 3221 1666 3265 earne
1679 3204 1828 3291 apparant
1842 3204 2112 3287 manumisisse

505 3336 619 3384 autem
632 3320 723 3385 illum
740 3321 795 3409 qui
811 3343 878 3385 nou
895 3321 1080 3410 apparuit.»
1092 3321 1192 3386 Item:
1206 3317 1329 3387 «Pater
1343 3343 1410 3387 non
1423 3319 1547 3408 judicat
1560 3321 1834 3410 qtremqrtam‚sed
1848 3345 1947 3389 omne
1958 3322 2112 3410 judicium

512 3433 602 3504 dedit
622 3437 709 3522 filio,
733 3459 771 3503 ac
785 3440 812 3505 si
828 3439 966 3522 diceret,
983 3440 1114 3507 Patrem
1136 3463 1235 3508 nemo
1258 3441 1385 3507 videbit
1398 3443 1434 3506 in
1456 3440 1599 3528 juditio,
1618 3440 1679 3506 sed
1695 3463 1807 3508 omnes
1827 3441 1929 3508 lilium
1945 3442 2110 3525 ridebunt,

508 3573 547 3624 ut
561 3557 662 3650 possit
677 3574 710 3624 et
725 3558 767 3623 ab
783 3558 888 3649 impiis
900 3558 1016 3625 rideri.
1027 3591 1042 3618 a
1054 3562 1157 3626 Item:
1172 3589 1188 3618 «
1200 3561 1280 3627 Tres
1294 3563 1353 3627 risi
1369 3577 1458 3642 snut,
1475 3583 1537 3627 neo
1552 3562 1720 3651 ᾳιιίεᾳυαιιι
1734 3562 1862 3628 illorum
1875 3564 1927 3629 tel
1943 3561 2049 3630 forma
2064 3565 2113 3631 vel

507 3693 604 3745 aetate
615 3678 669 3746 rel
691 3692 849 3769 potestate
865 3680 969 3764 major
985 3680 1098 3745 ceteris
1111 3681 1197 3745 risus
1216 3693 1277 3746 est.
1293 3711 1310 3740 ν
1325 3684 1406 3747 Item
1424 3705 1433 3749 :
1455 3709 1471 3739 ι
1483 3685 1565 3747 Orrm
1588 3685 1760 3773 queritur,
1787 3683 1866 3772 quid
1889 3685 1977 3750 tres?
1998 3707 2112 3777 magna

509 3819 639 3890 prorsus
648 3799 759 3890 inopia
774 3799 952 3864 humanum
966 3798 1092 3864 laborat
1107 3798 1285 3890 ingenium.
1301 3801 1431 3866 Dictum
1441 3817 1491 3869 est
1508 3818 1616 3868 autem
1633 3805 1732 3869 :Tres
1748 3825 1905 3894 perseum
1923 3827 1966 3871 aa
1981 3808 2111 3872 omnmo

507 3931 680 3986 taceretur.
693 3951 708 3978 ι
721 3917 803 3985 Item
814 3941 823 3984 t
834 3918 996 3985 «Trinitas
1006 3916 1089 3984 iilius
1098 3918 1189 3985 nullo
1202 3918 1306 3984 modo
1318 3919 1382 3986 dici
1388 3938 1510 4013 potest.
1520 3951 1537 3982 s
1546 3924 1626 3988 Item
1636 3945 1670 3989 :s
1685 3924 1795 3989 Potest
1808 3925 2031 3990 universaliter
2039 3925 2110 4007 diei,

445 4113 450 4120 ¹
505 4035 601 4130 quod
620 4054 654 4104 et
672 4053 765 4129 pater
785 4039 911 4128 spirims
927 4037 1057 4105 etlilius
1069 4039 1212 4130 spiritus,
1235 4054 1269 4104 et
1282 4055 1376 4129 pater
1391 4057 1518 4110 sanctus
1538 4059 1572 4109 et
1586 4041 1668 4108 filius
1685 4043 1872 4111 sanutus&
1890 4046 2003 4135 itaque
2025 4063 2113 4136 pater

506 4176 545 4227 ‘et
558 4157 642 4225 filins
659 4175 706 4225 est
722 4159 849 4248 spiritns
862 4171 1004 4243 sannas,
1020 4174 1128 4249 potest
1142 4158 1296 4250 appellari
1318 4163 1443 4228 trinitas
1462 4164 1591 4255 spirius
1609 4180 1752 4231 sancum.
1770 4165 1835 4231 Sed
1852 4181 1961 4231 tamen
1976 4165 2032 4231 ille
2045 4167 2111 4256 spi-

502 4279 590 4346 ·ritus
615 4296 753 4355 sanetus,
781 4281 836 4369 qni
860 4301 928 4344 non
951 4280 1094 4361 trinitas,
1109 4275 1167 4346 sed
1184 4281 1219 4344 in
1238 4281 1379 4349 minitare
1397 4281 1596 4376 imelligitum
1617 4284 1651 4349 in
1674 4307 1715 4350 eo
1734 4283 1823 4375 qued
1845 4286 1975 4375 proprie
1995 4285 2113 4353 (heieu

510 4400 637 4491 spiritus
655 4415 802 4479 sanetus,
826 4398 960 4466 relative
980 4397 1110 4482 dieitur,
1134 4413 1168 4465 et
1188 4398 1231 4464 ad
1249 4415 1375 4491 patrem
1393 4419 1428 4469 et
1451 4399 1551 4469 ffium
1572 4403 1723 4483 refertam,
1745 4406 1822 4495 quia
1839 4405 1974 4494 spiritus
1987 4424 2113 4474 saumas

510 4535 544 4586 et
557 4511 708 4612 patriast
722 4517 779 4585 filii
795 4533 843 4586 est
858 4520 1002 4611 spiriars3
1018 4517 1075 4586 sed
1087 4518 1163 4586 talis
1177 4519 1291 4586 mietio
1305 4521 1340 4586 in
1351 4523 1419 4589 iroc
1432 4523 1567 4590 namne
1580 4545 1648 4589 nea
1663 4541 1810 4617 apparet.
1820 4551 1836 4583 ι
1845 4523 1928 4590 Item
1937 4548 1973 4591 :s
1984 4529 2112 4594 Diuum
