4559 6100
503 583 549 652 ⁴2
1102 572 1229 645 Pffl'lll
1254 570 1488 645 ABAELARDI

500 728 625 801 Solum
644 718 730 799 vero
745 727 819 798 hoc
835 747 988 815 nomen,
1004 721 1105 821 qnod
1122 736 1174 793 est
1192 743 1363 819 persons,
1382 717 1565 817 pluraliter
1580 719 1812 816 proferimus,
1826 746 1910 795 cum
1926 722 2091 796 videlicet

499 847 619 946 plures
635 844 849 946 proferimus
862 844 1052 942 personas,
1073 865 1149 912 non
1162 844 1257 911 Deos
1272 853 1337 910 aut
1348 837 1517 910 dominos
1536 862 1603 910 nec
1617 838 1727 910 ullam
1740 841 1777 912 in
1795 844 1928 914 certeris
1944 840 2087 942 plurali·

499 981 609 1039 tatem
627 964 830 1063 recipimus.
848 962 953 1034 Unde
975 960 1190 1056 Augustinus
1205 956 1249 1028 de
1267 958 1459 1049 Trinitate,
1478 955 1543 1028 lib.
1567 961 1649 1048 Vll,
1669 982 1749 1058 cap.
1771 964 1864 1031 vn¹:
1886 991 1905 1030 u
1924 966 2027 1034 Pater
2042 958 2088 1031 ad

500 1108 537 1158 se
551 1084 682 1157 dicitur
698 1106 872 1181 persona,
887 1105 964 1154 non
981 1079 1027 1152 ad
1044 1077 1173 1149 Filium
1190 1073 1246 1148 vel
1261 1076 1445 1174 Spiritum.
1462 1105 1480 1142 »
1504 1078 1593 1148 ltem
1617 1104 1627 1149 :
1655 1107 1673 1143 «
1692 1081 1771 1149 Hoc
1786 1078 1902 1151 solum
1919 1103 1993 1151 non
2013 1062 2085 1171 ost,
2164 1066 2167 1075 ’

500 1202 613 1301 quod,
623 1226 708 1275 cum
718 1200 858 1273 dicatur
866 1198 911 1272 de
919 1198 1066 1295 singulis
1078 1195 1124 1270 ad
1133 1221 1186 1290 se,
1194 1194 1376 1294 pluraliter
1386 1219 1461 1266 non
1472 1194 1697 1291 singulariter
1705 1197 1878 1296 accipitur
1886 1199 1923 1271 in
1932 1219 2086 1271 summa.

499 1322 659 1397 Dicimus
674 1323 814 1419 itaque:
827 1324 929 1391 Pater
937 1332 990 1390 est
1001 1342 1169 1417 persona,
1184 1328 1221 1388 et
1232 1314 1341 1386 Filius
1356 1328 1409 1386 est
1419 1338 1586 1414 persona,
1600 1315 1750 1413 Spiritus
1762 1333 1906 1390 sanctus
1914 1341 2085 1418 persona3

501 1445 602 1514 Pater
620 1457 740 1514 tamen
764 1452 799 1511 et
824 1438 932 1510 Filius
951 1453 988 1510 et
1014 1437 1167 1535 Spiritus
1187 1450 1331 1508 sanctus
1354 1459 1429 1506 non
1454 1448 1539 1507 sunt
1556 1456 1626 1506 una
1642 1459 1815 1533 persona,
1833 1436 1897 1509 sed
1914 1435 2047 1536 plures.
2068 1468 2086 1506 u

497 1564 661 1648 Quarum
686 1558 836 1657 quidem
861 1573 982 1630 tamen
1009 1579 1246 1655 personarum
1271 1555 1362 1626 sicut
1388 1552 1515 1625 eadem
1545 1578 1692 1653 prorsus
1717 1569 1771 1629 est
1794 1555 2014 1646 substantia,
2038 1558 2088 1630 ita

497 1679 778 1752 indeterminans
791 1692 844 1750 est
862 1675 993 1774 glorie,
1015 1674 1166 1747 indivisa
1183 1673 1345 1772 operatio
1361 1696 1404 1744 ac
1421 1670 1600 1746 voluntas.

546 1798 641 1869 Hac’
653 1808 774 1868 autem
794 1793 879 1866 fidei
897 1817 1038 1866 summa
1061 1792 1158 1865 circa
1175 1792 1350 1865 unitatem
1368 1814 1411 1862 ac
1436 1790 1629 1863 trinitatem
1646 1794 1850 1892 proposita,
1870 1810 2033 1895 superest
2049 1810 2087 1868 ut

498 1914 669 1989 adversus
707 1912 957 2011 inquisitiones
985 1911 1250 2003 dubitantium,
1288 1909 1457 2006 congruis
1488 1910 1586 1982 eam'
1612 1910 1886 1985 similitudinum
1918 1914 2088 2013 exemplis

498 2033 733 2109 defendamus
757 2048 864 2129 atque
889 2048 1099 2104 astruamus.
1120 2029 1217 2118 Quid
1232 2031 1329 2101 euim
1351 2029 1399 2101 ud
1417 2028 1619 2101 doctrinam
1636 2030 1736 2127 loqui
1757 2032 1921 2131 proficit,
1940 2035 1968 2106 si
1988 2032 2087 2132 quod

497 2151 629 2226 docere
644 2151 812 2225 volumus
823 2151 955 2249 exponi
970 2174 1046 2222 non
1063 2162 1180 2249 potest
1192 2163 1232 2220 ut
1246 2148 1461 2244 intelligatur
1473 2146 1489 2219 i
1503 2145 1613 2235 Quod
1629 2148 1817 2246 diligenter
1833 2149 1958 2224 beatus
1973 2165 2088 2226 atten-

496 2271 586 2346 dens
614 2272 829 2367 Augustinus
849 2294 934 2341 cum
959 2267 1209 2341 difficillimum
1234 2265 1281 2339 de
1305 2266 1475 2338 Trinitate
1502 2265 1604 2338 illurn
1623 2291 1804 2365 exponere
1822 2269 1929 2341 vellet
1942 2268 2085 2360 locum,

496 2390 594 2490 quod
618 2390 785 2465 videlicet
811 2387 1035 2484 Evangelista
1059 2391 1216 2459 loannes
1244 2410 1393 2457 exorsus
1413 2400 1483 2475 est,
1515 2384 1680 2456 dicens‘:
1703 2416 1721 2453 α
1746 2390 1788 2458 ln
1813 2389 1990 2487 principio
2012 2407 2088 2464 erat

500 2509 670 2602 Verbum,
690 2522 725 2581 et
733 2507 892 2580 Verbum
909 2521 985 2580 erat
1000 2505 1098 2605 apud
1115 2509 1246 2595 Deum,
1258 2519 1294 2576 et
1308 2508 1404 2576 Deus
1419 2516 1495 2575 erat
1510 2502 1687 2597 Verbum,
1700 2532 1718 2568 ι
1740 2510 1848 2578 «Hoc
1864 2507 1991 2606 inquit,
2008 2510 2085 2581 ani·

496 2630 599 2700 malis
630 2627 744 2699 bomo
773 2652 850 2698 non
877 2626 1041 2724 percipit.
1067 2623 1164 2711 Quid
1193 2646 1280 2718 ergo
1311 2622 1462 2694 iratres?
1481 2622 1674 2695 Silebimus
1698 2623 1814 2696 binc?
1842 2629 1962 2713 Quare
2000 2652 2085 2725 ergo

496 2747 686 2838 scribitur,
706 2746 734 2816 si
754 2743 902 2817 siletur?
919 2757 981 2816 aut
997 2767 1109 2840 quare
1128 2739 1295 2829 auditur,
1317 2741 1348 2810 si
1372 2764 1448 2812 non
1470 2743 1688 2840 exponitur?
1709 2743 1781 2815 Sed
1804 2758 1843 2815 ut
1867 2746 1956 2843 quid
1978 2772 2087 2846 erpo·

499 2864 619 2956 nitur,
638 2865 759 2936 sinon
776 2859 1010 2956 intelligitur?
1028 2865 1153 2957 ltaque
1169 2858 1342 2957 quoniam
1360 2884 1485 2932 rursus
1501 2884 1576 2931 non
1597 2858 1725 2933 dubito
1743 2863 1781 2934 in
1797 2887 1950 2936 numero
1969 2881 2085 2940 vestro

496 2981 674 3085 quosdam
696 3006 790 3074 esse,
812 2978 985 3078 aquibus
1008 2978 1122 3079 possit
1144 3002 1219 3051 non
1238 2976 1356 3051 solum
1372 2980 1575 3078 expositum
1595 2980 1696 3080 capi,
1722 2980 1786 3055 sed
1810 2997 2000 3082 antequam
2025 3011 2085 3060 ex·

496 3118 652 3203 ponatur
668 3100 834 3196 intelligi3
855 3124 932 3172 non
948 3097 1124 3172 fraudabo
1143 3098 1285 3195 eosqui
1305 3113 1456 3195 possunt
1477 3122 1624 3198 capere,
1642 3098 1732 3173 dum
1753 3102 1862 3175 timeo
1885 3106 2086 3203 superfluus

496 3247 573 3297 esse
592 3220 739 3294 auribus
756 3244 883 3293 eorum
900 3221 963 3318 qui
982 3245 1057 3292 non
1074 3234 1227 3320 possunt
1240 3243 1381 3317 capere.
1404 3243 1432 3285 u.

550 3342 709 3428 Primum
725 3340 845 3436 itaque
858 3338 965 3411 nobis
981 3338 1231 3412 disserendum
1246 3340 1419 3432 occurrit,
1433 3341 1522 3438 quid
1535 3341 1603 3414 sibi
1626 3342 1709 3415 velit
1733 3342 1771 3415 in
1795 3367 1868 3417 una
1889 3343 2087 3422 divinitatis

496 3470 622 3534 natura
638 3481 875 3558 personarum
890 3458 957 3529 ista
973 3456 1168 3548 distinctio,
1193 3472 1233 3529 ut
1248 3458 1375 3532 eadem
1392 3460 1524 3533 scilicet
1541 3468 1657 3554 Pater,
1675 3463 1804 3535 eadem
1817 3462 1939 3555 Filius,
1957 3467 2084 3542 eadem

496 3579 647 3677 Spiritus
663 3589 808 3649 sanctus
825 3577 870 3647 sit
890 3575 1079 3675 appellata.
1102 3577 1242 3649 Deinde
1259 3577 1412 3675 qualiter
1429 3605 1499 3652 una
1517 3584 1662 3680 penitus
1683 3596 1719 3655 et
1742 3581 1927 3655 individua
1944 3581 2085 3683 perma-

495 3711 605 3770 nente
627 3694 846 3784 substantia,
863 3696 1014 3767 Trinitas
1034 3720 1271 3794 personarum
1296 3711 1403 3793 queat
1424 3700 1613 3796 assignari,
1637 3716 1674 3773 et
1690 3701 1790 3798 qnod
1815 3700 1861 3773 de
1881 3703 2017 3777 unitate
2042 3731 2085 3780 ac

495 3814 666 3887 Trinitate
689 3813 811 3885 divina
830 3827 915 3885 ante
931 3816 1200 3913 proposuimus,
1220 3829 1347 3887 contra
1362 3815 1591 3890 vehementes
1608 3817 1874 3918 philosophicas
1895 3821 2084 3922 impugna·

496 3935 612 4006 tiones
635 3931 791 4004 delendi.
813 3932 958 4005 Videtur
975 3946 1095 4006 autem
1115 3934 1223 4007 nobis
1244 3937 1478 4034 suprapositis
1495 3937 1602 4008 trium
1619 3963 1856 4036 personarum
1876 3942 2086 4017 nominibus

495 4052 626 4124 summi
639 4049 728 4123 boni
739 4052 910 4149 perfectio
927 4050 1114 4149 diligenter
1130 4077 1208 4125 esse
1223 4052 1423 4152 descripta,
1439 4069 1479 4125 ut
1491 4080 1576 4128 cum
1591 4056 1756 4129 videlicet
1767 4058 1979 4154 praedicatur
1989 4063 2085 4135 Deus

495 4195 571 4243 esse
585 4175 686 4242 Pater
699 4184 734 4241 et
744 4169 853 4241 Filius
868 4183 903 4242 et
919 4171 1069 4269 Spiritus
1084 4186 1251 4259 sanctus,
1277 4196 1361 4243 eum
1379 4197 1563 4246 summum
1577 4174 1718 4248 bonum
1734 4190 1843 4274 atque
1861 4177 1898 4248 in
1916 4179 2084 4254 omnibns

493 4288 691 4388 perlectum
705 4288 775 4360 bac
791 4287 1019 4359 distinctione
1030 4289 1209 4362 Trinitatis
1222 4290 1473 4389 intelligamus.

544 4408 655 4478 Patris
678 4408 813 4505 quippe
842 4407 991 4480 nomine
1016 4405 1147 4480 divinae
1179 4408 1369 4505 majestatis
1390 4413 1553 4510 potentis
1579 4412 1803 4510 designatur,
1823 4439 1895 4512 qua
1920 4414 2084 4489 videlicet

493 4525 667 4626 quidquid
688 4523 771 4597 velit
795 4524 937 4598 efficere
952 4537 1090 4624 potest,
1109 4526 1206 4600 unde
1223 4531 1440 4626 Augustinus
1459 4531 1498 4602 in
1514 4532 1786 4604 anctoritate:
1805 4538 1963 4631 «Neque
1985 4534 2083 4605 enim

492 4644 666 4718 veraciter
683 4657 832 4716 vocatur
853 4643 1103 4744 omnipotens,
1117 4647 1186 4719 nisi
1196 4649 1371 4744 quoniam
1387 4674 1611 4749 quaecunque
1628 4650 1703 4723 vult
1719 4666 1854 4751 potest,
1872 4677 1940 4724 nec
1957 4650 2085 4724 volun·

492 4777 551 4837 ate
571 4762 773 4862 cujuspiam
790 4777 960 4835 creaturae
984 4762 1177 4837 voluntatis
1202 4767 1463 4866 omnipotentis
1482 4770 1680 4869 impeditur
1704 4770 1863 4845 effectus.
1888 4770 2028 4844 »ldem
2045 4771 2081 4841 in

523 5084 528 5111 ¹
540 5078 619 5144 opp„
631 5087 649 5129 t.
662 5076 728 5140 Vlll,
739 5080 786 5130 col.
800 5081 854 5131 tot.
870 5106 898 5117 -
909 5082 919 5112 ¹
929 5081 1000 5131 Nunc
1012 5088 1107 5134 ouum.
1125 5083 1185 5135 cod.
1199 5083 1313 5138 liet—¹
1322 5085 1371 5138 Stc.
1388 5087 1450 5140 eoa.
1463 5088 1524 5139 tter.
1537 5089 1663 5151 coturnis
1674 5089 1751 5138 suom
1762 5086 1966 5140 &milbodium
1975 5085 2081 5135 Amb-

491 5157 592 5221 ⁴toan.,
606 5172 694 5221 caput.
715 5173 737 5210 v.
759 5161 780 5210 l.
796 5184 825 5195 -
838 5161 847 5192 ⁸
861 5158 936 5225 opp,
946 5168 967 5210 t.
985 5159 1024 5218 vt,
1038 5163 1086 5212 col.
1099 5166 1156 5214 232.
