4559 6100
1 4490 7 4555 ι

742 547 995 622 THEOlthlll
1019 551 1293 625 efltttsrttltt.
1486 613 1488 617 .
1742 558 1812 629 407

223 695 481 796 redemptionis
494 698 627 775 ¹mundi
643 697 903 788 animadvertat
920 698 1183 775 deflectendum
1200 728 1288 790 esse,
1310 701 1410 803 quod
1427 703 1524 777 Plato
1542 708 1677 797 asserit,
1697 711 1814 780 Deum

223 818 367 919 inipso
383 817 510 894 mundi
532 818 794 918 compositione
812 817 903 892 duas
924 819 1167 917 longitudines
1187 821 1225 894 in
1247 823 1403 921 speciem
1425 854 1449 920 χ
1467 823 1527 895 chi
1549 850 1669 921 graecae
1692 826 1815 899 littene
1868 882 1870 885 -
1978 853 1982 862 ⁷

223 937 291 1012 sibi
320 940 474 1014 invicem
501 939 733 1037 applicuisse,
765 959 1001 1038 curvasseque
1026 941 1064 1012 in
1090 940 1240 1033 orbern,
1270 954 1309 1013 ut
1335 942 1454 1041 ipsum
1477 942 1605 1014 mundi
1629 944 1814 1042 perliceret

129 1147 133 1158 ι
223 1056 385 1155 globum,
408 1059 511 1156 quasi
530 1058 678 1154 mystice
699 1056 887 1156 perhibeat
904 1060 1155 1136 universorum
1178 1059 1370 1134 hominum
1395 1060 1559 1151 salutern,
1582 1087 1691 1160 quam
1709 1064 1819 1162 ipsius

223 1176 352 1252 mundi
373 1200 495 1254 verum
520 1176 752 1274 intelligimus
774 1179 1086 1271 constitutionem,
1100 1261 1103 1267 ¹
1117 1181 1154 1252 in
1179 1180 1257 1280 ipsa
1279 1180 1488 1254 Dominicae‘
1503 1183 1629 1254 Crucis
1653 1184 1819 1282 passione
1917 1199 1921 1214 ·

223 1311 510 1374 consummatam
527 1295 654 1370 luisse?
672 1296 780 1386 Quod
798 1298 826 1370 si
845 1312 1066 1374 sacramenta
1084 1323 1158 1372 non
1177 1314 1426 1400 susceperunt,
1445 1300 1510 1399 qni
1526 1315 1610 1374 ante
1622 1300 1817 1375 adrentum

222 1415 414 1492 salvatoris
440 1417 644 1505 extiterunt,
672 1442 756 1490 curn
782 1442 900 1515 neque
925 1416 971 1490 de
996 1416 1066 1490 lob
1093 1419 1216 1514 gentili
1242 1419 1281 1491 id
1302 1418 1450 1492 credere
1472 1444 1658 1517 cogamur,
1681 1445 1749 1492 uec
1770 1423 1819 1493 ita

222 1536 283 1610 lex
302 1534 479 1614 omuibus
495 1535 581 1632 data
602 1536 781 1628 videatur,
808 1538 900 1612 sicut
924 1535 1157 1634 Evangelium
1180 1538 1269 1628 tuit,
1286 1535 1352 1613 sed
1376 1538 1444 1611 soli
1470 1538 1603 1630 israeli,
1631 1539 1695 1638 qui
1721 1539 1818 1612 solus

100 1743 104 1750 ι
221 1679 266 1729 ex
292 1654 462 1728 omnibus
489 1656 631 1754 populis
662 1657 781 1755 primo
810 1671 960 1729 vocatus
990 1669 1064 1749 est,
1096 1656 1174 1753 lege
1202 1671 1370 1757 accepta,
1402 1671 1543 1731 utnon
1571 1659 1621 1730 ita
1649 1658 1821 1756 generalis

221 1773 439 1871 intelligatur
464 1774 553 1871 legis
569 1774 760 1863 institutio,
787 1774 881 1847 sicut
900 1789 953 1847 est
971 1776 1226 1872 Evangelium3
1250 1791 1312 1850 aut
1331 1778 1449 1876 prima
1473 1778 1629 1868 vocatio,
1656 1778 1748 1851 sicut
1765 1794 1819 1851 est

218 1893 394 1968 secunda.
419 1892 523 1970 Unde
546 1897 686 1992 Moyses
709 1895 825 1993 capite
857 1897 1124 1969 Deuteronomii
1151 1922 1198 1968 xv
1224 1895 1271 1969 ad
1300 1897 1405 1970 lsrael
1432 1897 1536 1970 dicit¹
1564 1920 1574 1971 r
1602 1901 1818 1994 «interroga

219 2012 267 2086 de
284 2012 419 2088 diebus
441 2014 601 2110 antiquis
624 2040 666 2089 ex
691 2014 759 2090 die
774 2039 848 2112 quo
873 2016 1006 2088 creavit
1025 2019 1123 2088 Deus
1146 2016 1347 2109 bominem,
1371 2017 1401 2089 si
1427 2016 1518 2094 sacta
1544 2034 1597 2090 est
1621 2016 1816 2115 aliquando

219 2131 472 2230 hujuscemodi
497 2157 575 2225 res,
606 2149 646 2205 ut
669 2133 811 2207 audiret
837 2135 993 2234 populus
1021 2160 1146 2208 rocem
1176 2137 1244 2208 Dei
1268 2135 1450 2234 loquentis
1476 2135 1524 2209 de
1551 2136 1672 2208 medio
1701 2138 1814 2234 ignis,

219 2249 314 2326 sicut
333 2265 373 2323 tu
396 2249 527 2324 audisti
548 2267 584 2326 et
599 2252 732 2342 vidisti,
754 2254 784 2325 si
805 2254 887 2326 lecit
903 2258 1001 2328 Deus
1022 2269 1062 2328 ut
1083 2254 1343 2353 ingrederetur,
1366 2269 1402 2328 et
1424 2255 1564 2329 tolleret
1584 2254 1652 2327 sibi
1674 2271 1816 2352 gentem

219 2371 267 2443 de
291 2369 413 2444 medio
436 2371 625 2445 nationum
650 2396 715 2471 per
731 2373 830 2470 signa
850 2387 959 2470 atque
983 2386 1162 2472 portenta,
1186 2372 1391 2446 ridentibus
1412 2374 1525 2447 oculis
1547 2375 1628 2460 tuis,
1653 2388 1693 2445 ut
1709 2373 1816 2446 scires

219 2490 393 2587 quoniam
421 2491 505 2589 ipse.
522 2506 575 2562 cst
591 2494 702 2579 Deus,
730 2505 766 2564 et
793 2516 868 2564 non
886 2492 976 2564 alius
996 2490 1042 2564 de
1058 2491 1150 2566 coelo
1173 2508 1209 2566 te
1236 2493 1319 2566 lecit
1341 2492 1466 2566 audire
1487 2518 1614 2565 vocem
1633 2516 1750 2581 suam,
1776 2509 1817 2566 ut

218 2609 367 2682 doceret
383 2623 430 2700 te,
447 2610 532 2707 quia
550 2608 675 2683 dilexit
689 2625 809 2709 patres
825 2624 920 2700 tuos,
940 2626 977 2685 et
999 2611 1103 2709 elegit
1118 2637 1222 2685 senes
1235 2638 1362 2686 eorum
1378 2628 1461 2711 post
1479 2635 1556 2684 eos.
1574 2641 1592 2680 r
1612 2617 1702 2683 ltem
1719 2611 1815 2683 idem

217 2728 337 2827 capite
356 2729 485 2802 xxru':
513 2729 705 2827 «Populus
726 2744 870 2802 sanctus
885 2755 924 2802 es
939 2731 1098 2804 Domino
1117 2735 1195 2803 Deo
1221 2745 1299 2803 tuo.
1322 2736 1371 2804 'le
1392 2731 1497 2829 elegit
1520 2731 1698 2802 Dominus
1720 2735 1816 2803 Deus

161 2931 164 2936 A
217 2863 318 2940 tuns,
335 2862 374 2920 ut
385 2849 434 2922 sis
447 2850 481 2922 ei
493 2850 649 2948 populus
660 2848 849 2949 peculiaris
865 2849 911 2923 de
927 2851 1067 2924 cunctis
1081 2850 1224 2951 populis
1243 2852 1306 2950 qui
1326 2866 1412 2923 sunt
1430 2865 1701 2949 superterram,
1720 2863 1813 2921 etc.»

217 2968 363 3040 illucet
376 2966 467 3040 illud
479 2983 535 3041 est
551 2969 781 3042 Psalmistae⁸2
799 2999 816 3038 ιι
834 2973 915 3042 Νοιι
932 2970 1016 3043 iecit
1033 2971 1151 3043 taliter
1166 2971 1266 3042 omni
1282 2971 1437 3064 nationi,
1455 2985 1490 3043 et
1505 2969 1642 3069 judicia
1660 2992 1724 3041 sua
1740 2992 1814 3041 non

216 3088 584 3163 manifestavitillis.»
608 3089 712 3161 Nulla
737 3091 857 3189 itaque
883 3093 1023 3163 ratione
1042 3090 1202 3188 cogendi
1226 3089 1404 3183 ridemur,
1429 3105 1469 3162 ut
1489 3089 1536 3163 de
1553 3091 1666 3163 salute
1690 3090 1815 3161 talium

213 3206 427 3281 diffidamus
454 3208 658 3303 gentilium,
686 3209 858 3306 quiante
884 3206 1078 3281 adventum
1109 3208 1334 3281 Redemtoris
1356 3207 1459 3280 nullo
1484 3207 1571 3304 legis
1595 3207 1729 3305 scripto
1756 3208 1814 3278 in-

213 3325 358 3415 structi,
378 3324 600 3417 naturaliter,
616 3324 717 3421 juxta
734 3324 959 3423 Apostolum,
985 3349 1028 3398 ea
1051 3350 1130 3423 quae
1149 3324 1235 3422 legis
1257 3339 1343 3398 sunt
1360 3324 1548 3414 iacientes,
1568 3325 1636 3423 ipsi
1663 3323 1730 3396 sibi
1756 3322 1812 3395 ler

211 3456 344 3535 erant,
374 3441 439 3540 qui
465 3441 705 3518 ostendebant
736 3468 829 3542 opus
855 3443 943 3540 legis
972 3444 1145 3542 scriptum
1175 3445 1212 3515 in
1241 3443 1411 3516 cordibus
1443 3443 1534 3528 suis,
1567 3442 1811 3515 testimonium

210 3559 391 3635 reddente
417 3561 486 3633 illis
509 3561 730 3634 conscientia
751 3562 926 3660 ipsorum.
953 3562 1051 3634 Sicut
1074 3586 1231 3660 namque
1253 3563 1425 3663 scriptum
1449 3576 1504 3635 est
1526 3562 1564 3634 in
1592 3559 1744 3659 epistola
1766 3560 1817 3631 ad

209 3682 417 3756 Romanu*
434 3708 445 3752 .-
465 3710 484 3748 α
499 3684 579 3755 Νοιι
598 3680 695 3753 enim
709 3680 892 3754 auditores
911 3678 997 3776 legis
1009 3681 1094 3778 justi
1109 3694 1193 3753 sunt
1209 3679 1307 3781 apud
1324 3685 1456 3775 Deum,
1475 3680 1539 3753 sed
1556 3679 1709 3753 factores
1726 3677 1813 3775 legis¹

203 3799 535 3900 justificdruntur:
566 3824 650 3874 cum
672 3801 769 3873 enim
805 3815 927 3896 gentes
954 3826 1034 3899 quae
1064 3800 1180 3896 legem
1208 3826 1283 3874 non
1312 3800 1448 3875 habent
1482 3798 1708 3891 naturaliter,
1733 3822 1812 3896 que

206 3920 306 4016 logis
339 3935 424 3995 sunt
447 3920 600 4011 iaciunt,
641 3917 820 4016 ejusmodi
841 3920 958 4015 legem
982 3945 1057 3992 non
1082 3919 1281 4011 babentes,
1320 3920 1387 4020 ipsi
1418 3918 1487 3992 sibi
1522 3932 1606 3993 sunt
1636 3920 1717 4010 lex,
1749 3920 1813 4016 qui

208 4039 417 4114 ostendunt
444 4065 535 4139 opus
563 4037 655 4134 legis
679 4039 854 4137 scriptum
882 4040 919 4110 in
946 4038 1119 4113 cordibus
1144 4040 1240 4129 suis,
1269 4040 1515 4114 testimonium
1544 4036 1718 4112 reddente
1745 4036 1812 4111 illis

204 4159 438 4237 conscientia
451 4160 658 4258 ipsorum.»
680 4160 722 4231 Et
742 4171 825 4256 post
844 4157 984 4257 aliqua'
1005 4186 1013 4230 ι
1033 4157 1289 4233 «Arbitramur
1303 4159 1401 4233 enirn
1420 4156 1606 4254 justificari
1625 4157 1812 4231 hominem

203 4304 280 4379 per
302 4277 415 4353 iidem
427 4279 505 4351 sine
520 4275 692 4377 operibus
713 4275 811 4375 legis.
833 4281 886 4349 ln
902 4277 1107 4351 ludaeorum
1127 4282 1224 4351 Deus
1241 4278 1404 4351 tantum?
1422 4303 1544 4351 nonne
1565 4291 1601 4351 et
1616 4275 1811 4351 Gentium?

203 4401 337 4475 immo
353 4414 390 4471 et
405 4397 575 4473 Gentium
595 4423 605 4466 z
624 4396 798 4494 quoniam
824 4396 972 4494 quidem
998 4424 1091 4472 uuus
1115 4402 1214 4471 Deus
1234 4398 1297 4495 qui
1313 4396 1481 4493 justificat
1502 4396 1810 4469 circumcisionem

200 4546 251 4593 ex
270 4518 351 4593 fide
366 4532 402 4593 et
417 4517 632 4618 preputium
648 4540 713 4615 per
733 4514 856 4591 fidem.
875 4545 892 4586 r
912 4521 1001 4592 ltem
1022 4544 1031 4589 ε
1051 4517 1181 4606 «Quid
1204 4517 1300 4590 enim
1322 4517 1506 4616 Scriptura
1523 4514 1639 4589 dicit?
1653 4512 1812 4587 Credidit

199 4638 400 4714 Abrabam
421 4642 521 4728 Deo,
554 4651 590 4709 et
619 4649 824 4736 reputatum
851 4651 904 4711 est
925 4637 962 4711 ei
988 4636 1034 4709 ad
1063 4637 1250 4734 justitiam.
1279 4667 1298 4704 ιι
1326 4639 1371 4709 Et
1400 4660 1579 4709 rursum:
1608 4665 1626 4701 a
1653 4634 1811 4706 Dicimus

195 4760 554 4859 quiarsputataest
570 4754 719 4831 Abrabae
736 4754 890 4833 fidesod
904 4755 1088 4853 justitiam.
1108 4756 1307 4844 Quomodo
1328 4769 1495 4855 reputate
1506 4754 1638 4829 estllu
1655 4755 1808 4826 circum

231 5067 377 5131 Φινῆι,
387 5078 442 5129 cap.
455 5078 489 5127 rr,
500 5077 523 5115 r.
532 5064 746 5126 tt.—²Deuter.,
756 5078 811 5128 cap.
820 5078 863 5128 ru,
877 5078 900 5115 r.
914 5066 938 5117 6·
950 5090 979 5103 -
990 5063 1107 5117 ’Proto
1119 5077 1206 5126 curn,
1216 5077 1239 5113 r.
1252 5067 1292 5117 20.
1307 5092 1333 5102 -
1350 5066 1451 5117 Ἰἰοιιι1
1463 5076 1517 5125 cap.
1530 5076 1561 5125 u,
1575 5075 1596 5109 r,
1613 5063 1649 5111 tt.
1665 5083 1693 5096 ··
1705 5063 1715 5092 ⁸
1726 5061 1807 5121 itone,

189 5146 680 5210 cap.rrr,r,2tt,-⁸lton.rr,r.t.
1772 5160 1775 5169 ·
