4559 6100
473 502 521 573 11
632 452 636 459 ’
1075 499 1204 570 11111
1233 499 1466 571 innisum

474 649 673 749 specialiter
693 649 841 718 nomine
864 650 977 720 Patris
1003 648 1125 721 divina
1148 651 1306 748 potentia
1331 649 1542 735 declaratur,
1565 649 1658 719 sicut
1685 652 1834 722 nomine
1851 650 1929 722 Filii
1946 653 2067 724 divine

474 769 648 868 sapientia
666 766 898 863 significatur.
921 772 980 841 Est
996 782 1117 841 autem
1140 769 1262 841 divina
1283 769 1470 866 sapientia,
1486 766 1664 863 quaedam,
1685 781 1724 838 ut
1742 769 1790 841 ita
1806 768 1937 857 dicam,
1959 774 2069 870 ipsius

476 889 542 961 Dei
568 887 741 986 potentia,
770 910 841 983 qua
857 885 1023 959 videlicet
1037 887 1085 960 ab
1103 890 1204 960 omni
1221 888 1290 960 sibi
1307 886 1445 959 fallacia
1467 886 1520 957 vel
1537 910 1659 958 errore
1677 887 1867 984 providere
1881 900 2014 987 potest,
2034 909 2069 965 et

476 1009 523 1080 ita
540 1008 711 1079 veraciter
735 1028 816 1077 curn
841 966 906 1077 isla
929 1006 1126 1104 dijudicare
1139 1023 1176 1079 et
1191 1005 1387 1079 scrutando
1406 1021 1611 1104 penetrare,
1632 1021 1672 1077 ut
1699 1008 1737 1078 in
1761 1008 1861 1080 nullo
1877 1008 1997 1108 decipi
2013 1014 2067 1082 vel

475 1152 591 1200 errare
611 1127 734 1225 possit.
754 1126 935 1225 Sapientia
950 1127 1070 1223 itaque
1087 1125 1209 1198 divina
1233 1127 1394 1224 potentia
1410 1138 1464 1198 est
1482 1124 1541 1196 illa
1558 1125 1706 1199 facultas
1726 1125 1975 1211 discernendi,
2005 1155 2070 1226 per

477 1272 586 1344 quam
605 1277 622 1314 1
642 1247 765 1318 omnia
781 1244 895 1317 oculis
913 1246 989 1343 ejus
1009 1244 1107 1318 nuda
1124 1259 1259 1317 suntet
1275 1249 1427 1345 aperta¹,
1451 1275 1468 1309 »
1495 1268 1562 1315 nec
1578 1244 1777 1343 quidquam
1793 1248 2002 1343 ignorantiae
2019 1248 2070 1319 illi

477 1370 587 1466 possit
605 1369 732 1441 inesse.
765 1367 865 1438 Sicut
892 1368 990 1439 enim
1016 1369 1218 1439 sanativum
1243 1382 1306 1440 aut
1330 1368 1462 1437 durum
1482 1389 1525 1437 ex
1556 1368 1725 1464 potentiis
1750 1366 1968 1464 quibusdam
1996 1369 2067 1441 dici

480 1487 680 1560 Aristoteles
700 1488 854 1576 astruit¹,
885 1489 984 1586 quod
1008 1487 1173 1560 videlicet
1200 1488 1277 1584 ipsa
1307 1486 1547 1559 incommodis
1576 1488 1649 1558 suis
1670 1488 1833 1560 resistere
1860 1488 1991 1579 valent,
2021 1493 2068 1562 ita

478 1608 649 1706 sapientia
669 1605 809 1678 ratione
824 1605 981 1704 quadam
1000 1607 1161 1706 potentia
1182 1604 1325 1697 dicitur,
1351 1606 1434 1702 quia
1460 1606 1604 1678 sauaciae
1627 1605 1760 1678 scilicet
1783 1608 1837 1679 vel
1860 1609 2069 1703 ignorantiae

480 1728 663 1814 resistitur,
682 1727 802 1797 necin
819 1724 939 1821 aliquo
957 1752 1021 1825 per
1037 1751 1197 1798 errorem
1211 1750 1313 1798 mens
1326 1740 1455 1797 caecata
1470 1725 1613 1798 labitur.
1630 1726 1687 1797 Sic
1700 1741 1737 1797 et
1748 1728 1922 1799 visionem
1941 1743 2069 1825 poten-

480 1846 565 1917 tiam
577 1843 781 1943 quandnm,
800 1846 928 1918 sicute
941 1848 1124 1918 contraroi
1138 1847 1333 1917 caecitatem
1345 1846 1593 1943 impotentiam
1612 1846 1850 1917 nominamus.
1869 1846 1967 1917 idem
1981 1870 2071 1941 qun·

479 1988 549 2060 que
567 1962 612 2036 de
638 1965 787 2037 scientia
805 1965 976 2062 qualibet,
995 1991 1075 2062 quae
1102 1966 1191 2038 visio
1211 1965 1375 2063 quaedam
1401 1964 1531 2036 mentis
1555 1979 1620 2056 est,
1647 1962 1746 2035 etde
1775 1965 1974 2060 ignorantia
1999 1965 2071 2037 dici

479 2085 657 2154 convenit.
673 2087 764 2155 Cum
782 2085 888 2180 igitur
901 2087 1073 2185 sapientia
1090 2085 1269 2183 qnaedam,
1289 2096 1328 2156 ut
1350 2084 1485 2157 dictum
1502 2099 1568 2175 est,
1593 2085 1638 2155 sit
1655 2084 1815 2182 potentia
1836 2111 1844 2153 ε
1863 2084 1954 2155 sicut
1972 2087 2069 2155 enim

479 2225 612 2273 aereum
629 2201 782 2298 sigillum
810 2218 864 2276 est
882 2205 1068 2303 quoddam
1088 2231 1148 2296 aes,
1179 2204 1290 2301 liquet
1310 2204 1472 2303 profecto
1489 2201 1648 2276 divinam
1664 2204 1876 2302 sapientiam
1892 2227 1933 2275 ex
1949 2203 2072 2275 divina

479 2320 640 2414 potentia
657 2344 734 2391 esee
752 2347 856 2396 suum
881 2322 1028 2415 babere,
1047 2323 1189 2396 adeam
1208 2323 1343 2395 scilicet
1365 2322 1649 2395 similitudimem
1672 2348 1745 2421 qua
1771 2323 1925 2420 sigillum
1941 2346 2071 2395 arreum

480 2460 608 2508 111111
631 2437 763 2510 dicitur
786 2463 877 2530 csse,
898 2440 997 2537 quod
1024 2455 1075 2513 est
1099 2443 1175 2539 ejus
1202 2444 1351 2514 materia
1367 2443 1423 2515 vel
1445 2444 1580 2541 species
1602 2468 1645 2515 11
1670 2466 1813 2538 genere,
1842 2442 1941 2538 quod
1971 2444 2072 2538 quasi

481 2558 627 2627 materia
640 2559 771 2654 speciei
782 2558 911 2632 dicitnr
927 2585 1017 2650 esse,
1037 2576 1076 2632 ut
1089 2561 1222 2633 animal
1238 2561 1406 2634 hominis.
1426 2563 1525 2634 Sicut
1536 2562 1633 2635 enim
1650 2586 1691 2634 er
1708 2586 1753 2633 eo
1768 2560 1866 2658 quod
1880 2576 2073 2632 estaereum

479 2674 633 2770 sigillum
653 2678 760 2773 exigit
776 2681 977 2752 necessario
994 2694 1034 2750 ut
1049 2682 1162 2771 aessit,
1183 2696 1276 2752 etex
1293 2682 1452 2777 eoquod
1468 2681 1593 2773 homo,
1612 2696 1653 2753 nt
1668 2680 1798 2791 animal
1822 2681 1879 2770 sit,
1909 2680 1972 2751 sed
1997 2705 2073 2750 non

480 2819 501 2865 e
516 2798 721 2888 contrari0;
736 2798 785 2869 ita
799 2796 920 2871 divina
937 2801 1123 2900 sapientis,
1140 2815 1284 2897 quaeest
1302 2802 1460 2900 potentia
1474 2801 1714 2893 discernendi,
1727 2802 1835 2898 exigit
1847 2800 1946 2897 quod
1961 2802 2005 2871 sit
2020 2800 2076 2870 di·

483 2915 563 2984 vina
574 2916 748 3013 potentia,
763 2941 838 2988 non
853 2943 873 2990 e
890 2921 1086 2992 contrario.
1101 2922 1247 3021 Quippe
1259 2937 1299 2993 ut
1315 2946 1362 2993 aes
1375 2936 1445 2992 tam
1457 2921 1503 2993 ad
1511 2946 1643 2993 aereum
1656 2919 1810 3016 sigillum
1825 2944 1934 3017 quam
1946 2919 1992 2991 ad
2007 2920 2074 2990 alia

481 3058 518 3105 se
535 3033 655 3128 babet,
675 3050 710 3108 et
725 3036 857 3110 animal
872 3039 918 3111 ad
934 3039 1121 3113 hominem
1138 3067 1246 3139 quarn
1264 3040 1392 3115 adalia
1409 3042 1466 3131 sit,
1492 3057 1527 3115 et
1540 3042 1701 3139 potentia
1716 3040 1837 3113 divina
1854 3056 1926 3112 tam
1941 3036 1986 3111 ad
2002 3038 2073 3109 dis·

481 3154 701 3228 cernendum
720 3180 828 3254 quam
847 3158 893 3230 ad
910 3159 1135 3258 operandum
1152 3162 1315 3234 sehabet
1335 3189 1343 3232 :
1361 3179 1396 3234 et
1413 3164 1504 3234 sicut
1520 3187 1650 3233 aereum
1671 3160 1824 3259 sigillum
1841 3159 1887 3232 de
1907 3161 1982 3256 ipsa
1996 3162 2074 3228 reris

481 3273 675 3347 substantia
695 3276 750 3347 vel
765 3280 917 3351 essentia
935 3280 1064 3353 dicitur
1081 3307 1170 3374 esse,
1187 3307 1273 3354 cum
1291 3308 1367 3355 esse
1385 3282 1547 3355 videlicet
1558 3307 1689 3354 arreum
1703 3282 1856 3379 sigillum
1870 3280 1913 3351 sit
1929 3303 2006 3350 esse
2027 3303 2074 3348 aes

481 3394 689 3489 quoddam,
709 3412 746 3469 et
761 3423 838 3472 esse
854 3400 1067 3495 bominem,
1090 3403 1126 3475 id
1149 3418 1202 3475 est
1229 3403 1363 3476 animal
1387 3401 1615 3492 rationabile,
1638 3404 1683 3473 sit
1702 3425 1778 3473 csse
1798 3400 1929 3473 animal
1958 3399 2074 3495 qnod·

481 3512 565 3585 1111
575 3517 597 3602 ³,
624 3517 675 3587 ita
702 3533 737 3587 et
767 3519 891 3591 divina
919 3523 1091 3620 sapientia
1115 3521 1161 3594 de
1178 3523 1307 3594 divinae
1325 3525 1491 3621 potentiae
1510 3522 1640 3594 dieitur
1656 3546 1732 3593 esse
1761 3519 2076 3605 substantiarum

482 3631 646 3702 videlicet
675 3656 752 3703 esse
784 3638 1017 3733 sapientiam,
1047 3640 1084 3709 id
1117 3654 1170 3711 est
1195 3643 1391 3737 potentiam
1420 3640 1663 3727 discernendi,
1697 3642 1742 3711 sit
1776 3663 1851 3712 esse
1879 3639 2076 3735 potentiam

483 3749 698 3843 quamdam,
718 3753 818 3848 quod
836 3770 889 3824 est
905 3755 1031 3827 Filium
1049 3756 1094 3828 de
1114 3757 1313 3832 substantia
1331 3764 1443 3833 Patris
1465 3788 1555 3856 esse,
1573 3762 1630 3834 rel
1647 3762 1785 3859 abipso
1802 3759 1958 3854 genitum
1982 3780 2073 3826 esso.

483 3870 572 3938 Nam
598 3882 634 3938 et
659 3871 795 3966 species
812 3896 854 3943 ex
873 3898 1001 3967 genere
1027 3881 1126 3972 quasi
1153 3880 1247 3975 gigni
1267 3881 1321 3951 vel
1348 3882 1463 3954 creari
1480 3881 1686 3981 philosophi
1706 3879 1843 3966 dicunt,
1873 3875 2077 3946 secundum

482 3983 553 4055 hoe
567 3985 713 4077 scilicet,
727 3989 830 4085 quod
844 4017 887 4062 11
902 3993 993 4090 ipso,
1012 4010 1050 4066 ut
1063 3994 1277 4086 dictumest,
1289 4001 1608 4074 essecontrabunt.
1621 3999 1801 4087 Boethius,
1818 3997 1854 4067 in
1866 3994 1969 4082 libro
1977 3997 2078 4062 Divi-

482 4107 634 4195 sionum,
653 4132 765 4201 genus
781 4111 816 4181 in
835 4113 970 4209 species
988 4118 1090 4211 quasi
1106 4117 1143 4188 in
1158 4118 1332 4215 quasdam
1349 4146 1370 4191 1
1388 4146 1426 4193 11
1449 4121 1720 4218 quodammodo
1739 4117 2005 4217 procreationes
2021 4113 2079 4182 di-

485 4221 555 4294 vidi
573 4228 727 4297 asserit‘.
745 4232 836 4302 Cum
849 4248 969 4304 antem
980 4238 1115 4332 species
1130 4262 1171 4308 ex
1189 4263 1318 4334 genere
1335 4241 1448 4312 creari
1465 4265 1527 4312 seu
1550 4240 1647 4336 gigni
1668 4238 1846 4326 dicantur,
1863 4258 1938 4305 non
1957 4246 2077 4302 tamen

483 4342 567 4414 idco
583 4369 727 4417 necesse
743 4359 796 4420 est
812 4375 924 4445 genus
940 4356 1075 4451 species
1089 4380 1173 4428 suas
1188 4371 1366 4457 tempore,
1387 4359 1444 4431 vel
1471 4384 1536 4457 per
1558 4358 1780 4431 existentiam
1805 4351 2017 4453 praecedere,
2038 4365 2080 4420 ut

485 4459 647 4536 videlicet
668 4467 786 4563 ipsum
815 4471 911 4568 prius
937 4497 1013 4544 esse
1038 4477 1226 4571 contigerit
1255 4504 1366 4575 quam
1392 4479 1480 4551 illas.
1508 4484 1700 4576 Nunquam
1721 4476 1855 4549 etenim
1878 4494 1990 4567 genus
2012 4469 2079 4539 nisi

485 4604 548 4676 per
563 4582 720 4680 aliquam
738 4591 893 4686 speciem
910 4617 1011 4664 suam
1029 4619 1103 4668 esse
1126 4598 1316 4693 contingit,
1347 4600 1402 4671 vel
1427 4598 1604 4671 ullatenus
1628 4595 1759 4670 animal
1784 4594 1862 4676 snit,
1887 4604 2082 4686 antequam

484 4702 656 4776 rationale
674 4704 731 4777 vel
748 4708 952 4783 irrationale
970 4714 1086 4804 luserit,
1108 4730 1142 4786 et
1166 4717 1215 4788 ita
1234 4718 1397 4815 qnaedam
1417 4720 1553 4817 species
1569 4743 1652 4791 cnm
1669 4717 1742 4788 suis
1759 4710 1948 4809 generibus
1973 4711 2084 4780 simul

517 5016 522 5041 ¹
537 5013 622 5072 ltebr„
634 5028 687 5078 cap.
703 5029 735 5076 ιν,
749 5031 771 5066 t.
790 5023 826 5070 13.
845 5045 875 5056 -
888 5021 1000 5083 ’cutm
1014 5036 1068 5085 cap.
1082 5038 1132 5084 nn,
1149 5028 1166 5086 s
1187 5030 1209 5076 t.
1224 5052 1252 5062 ·-
1307 5027 1436 5078 Erroribus
1450 5025 1884 5078 11111111111111111111111111-
1902 5019 1974 5069 ‘ltin
1989 5019 2096 5084 Diris„

486 5087 524 5139 ³S.
539 5090 711 5146 1111111111
728 5101 831 5161 eptstota
846 5102 876 5151 11
897 5102 1061 5155 1111111111
1073 5110 1212 5169 pontificem
1223 5110 1254 5159 de
1308 5110 1381 5175 Opp,
1391 5125 1416 5174 p.
1428 5114 1486 5163 6³9.
