<?xml version="1.0" encoding="UTF-8"?>
<!DOCTYPE html PUBLIC "-//W3C//DTD XHTML 1.0 Transitional//EN"
    "http://www.w3.org/TR/xhtml1/DTD/xhtml1-transitional.dtd">
<html xmlns="http://www.w3.org/1999/xhtml" xml:lang="en" lang="en">
 <head>
  <title>
</title>
<meta http-equiv="Content-Type" content="text/html;charset=utf-8" />
  <meta name='ocr-system' content='tesseract 3.04.00' />
  <meta name='ocr-capabilities' content='ocr_page ocr_carea ocr_par ocr_line ocrx_word'/>
</head>
<body>
  <div class='ocr_page' id='page_1' title='image "./petriablardiope00despgoog_0261.png"; bbox 0 0 4559 6100; ppageno 0'>
   <div class='ocr_carea' id='block_1_1' title="bbox 9 3574 12 3665">
    <p class='ocr_par' dir='ltr' id='par_1_1' title="bbox 9 3506 14 3665">
     <span class='ocr_line' id='line_1_1' title="bbox 9 3574 12 3665; baseline 0 -118"><span class='ocrx_word' id='word_1_1' title='bbox 9 3574 12 3665; x_wconf 49' lang='grc' dir='ltr'>Ι</span> 
     </span>
    </p>
   </div>
   <div class='ocr_carea' id='block_1_2' title="bbox 671 527 1796 609">
    <p class='ocr_par' dir='ltr' id='par_1_2' title="bbox 671 527 1796 609">
     <span class='ocr_line' id='line_1_2' title="bbox 671 527 1796 609; baseline 0.008 -9"><span class='ocrx_word' id='word_1_2' title='bbox 671 530 714 603; x_wconf 86' lang='grc' dir='ltr'><strong>ΙΝ</strong></span> <span class='ocrx_word' id='word_1_3' title='bbox 739 529 986 605; x_wconf 78' lang='lat' dir='ltr'><strong>EPlS&#39;l&#39;OLth</strong></span> <span class='ocrx_word' id='word_1_4' title='bbox 1011 531 1072 603; x_wconf 79' lang='grc'><strong>11)</strong></span> <span class='ocrx_word' id='word_1_5' title='bbox 1097 527 1324 602; x_wconf 78' lang='lat' dir='ltr'><strong>ROMANOS.</strong></span> <span class='ocrx_word' id='word_1_6' title='bbox 1724 535 1796 609; x_wconf 77' lang='lat'><strong>239</strong></span> 
     </span>
    </p>
   </div>
   <div class='ocr_carea' id='block_1_3' title="bbox 197 675 1800 1620">
    <p class='ocr_par' dir='ltr' id='par_1_3' title="bbox 197 675 1800 1620">
     <span class='ocr_line' id='line_1_3' title="bbox 198 675 1794 782; baseline 0.003 -30"><span class='ocrx_word' id='word_1_7' title='bbox 198 703 266 780; x_wconf 90' lang='lat' dir='ltr'><strong>pro</strong></span> <span class='ocrx_word' id='word_1_8' title='bbox 283 676 385 752; x_wconf 87' lang='lat' dir='ltr'><strong>malis</strong></span> <span class='ocrx_word' id='word_1_9' title='bbox 401 675 574 751; x_wconf 86' lang='lat' dir='ltr'><strong>reddatur</strong></span> <span class='ocrx_word' id='word_1_10' title='bbox 596 678 779 779; x_wconf 78' lang='lat' dir='ltr'>operibus.</span> <span class='ocrx_word' id='word_1_11' title='bbox 799 678 886 753; x_wconf 88' lang='lat' dir='ltr'><strong>ldco</strong></span> <span class='ocrx_word' id='word_1_12' title='bbox 902 681 938 752; x_wconf 94' lang='lat' dir='ltr'><strong>in</strong></span> <span class='ocrx_word' id='word_1_13' title='bbox 953 680 1005 754; x_wconf 91' lang='lat' dir='ltr'><strong>eis</strong></span> <span class='ocrx_word' id='word_1_14' title='bbox 1018 677 1116 756; x_wconf 85' lang='lat' dir='ltr'><strong>nulla</strong></span> <span class='ocrx_word' id='word_1_15' title='bbox 1129 703 1282 778; x_wconf 87' lang='lat' dir='ltr'><strong>operum</strong></span> <span class='ocrx_word' id='word_1_16' title='bbox 1296 679 1466 753; x_wconf 88' lang='lat' dir='ltr'><strong>discretio</strong></span> <span class='ocrx_word' id='word_1_17' title='bbox 1479 683 1691 779; x_wconf 80' lang='lat' dir='ltr'><strong>requiretur,</strong></span> <span class='ocrx_word' id='word_1_18' title='bbox 1710 686 1794 782; x_wconf 86' lang='lat' dir='ltr'><strong>quia</strong></span> 
     </span>
     <span class='ocr_line' id='line_1_4' title="bbox 200 797 1797 898; baseline 0.003 -26"><span class='ocrx_word' id='word_1_19' title='bbox 200 799 337 872; x_wconf 89' lang='lat' dir='ltr'><strong>nullam</strong></span> <span class='ocrx_word' id='word_1_20' title='bbox 372 797 597 897; x_wconf 88' lang='lat' dir='ltr'><strong>intelligendi</strong></span> <span class='ocrx_word' id='word_1_21' title='bbox 630 799 832 873; x_wconf 68' lang='lat' dir='ltr'><strong>facultatem</strong></span> <span class='ocrx_word' id='word_1_22' title='bbox 861 799 1033 874; x_wconf 76' lang='lat' dir='ltr'><strong>diuinitus</strong></span> <span class='ocrx_word' id='word_1_23' title='bbox 1064 811 1295 897; x_wconf 84' lang='lat' dir='ltr'><strong>acceperunt.</strong></span> <span class='ocrx_word' id='word_1_24' title='bbox 1326 802 1522 898; x_wconf 71' lang='lat' dir='ltr'>Propterea</span> <span class='ocrx_word' id='word_1_25' title='bbox 1551 825 1638 897; x_wconf 89' lang='lat' dir='ltr'><strong>ergo</strong></span> <span class='ocrx_word' id='word_1_26' title='bbox 1671 827 1797 876; x_wconf 86' lang='lat' dir='ltr'><strong>eorum</strong></span> 
     </span>
     <span class='ocr_line' id='line_1_5' title="bbox 199 901 1799 1020; baseline 0.002 -28"><span class='ocrx_word' id='word_1_27' title='bbox 199 943 355 1019; x_wconf 88' lang='lat' dir='ltr'><strong>corpora</strong></span> <span class='ocrx_word' id='word_1_28' title='bbox 377 933 621 994; x_wconf 85' lang='lat' dir='ltr'><strong>resurrectura</strong></span> <span class='ocrx_word' id='word_1_29' title='bbox 645 944 721 993; x_wconf 89' lang='lat' dir='ltr'><strong>non</strong></span> <span class='ocrx_word' id='word_1_30' title='bbox 738 933 835 1010; x_wconf 89' lang='lat' dir='ltr'><strong>sunt,</strong></span> <span class='ocrx_word' id='word_1_31' title='bbox 859 901 946 1019; x_wconf 85' lang='lat' dir='ltr'><strong>quia</strong></span> <span class='ocrx_word' id='word_1_32' title='bbox 969 945 1037 993; x_wconf 92' lang='lat' dir='ltr'><strong>nec</strong></span> <span class='ocrx_word' id='word_1_33' title='bbox 1059 920 1147 1020; x_wconf 88' lang='lat' dir='ltr'><strong>ipsis</strong></span> <span class='ocrx_word' id='word_1_34' title='bbox 1169 917 1384 994; x_wconf 80' lang='lat' dir='ltr'><strong>animalibus</strong></span> <span class='ocrx_word' id='word_1_35' title='bbox 1405 935 1467 990; x_wconf 88' lang='lat' dir='ltr'><strong>aut</strong></span> <span class='ocrx_word' id='word_1_36' title='bbox 1489 920 1636 1017; x_wconf 81' lang='lat' dir='ltr'><strong>aequitas</strong></span> <span class='ocrx_word' id='word_1_37' title='bbox 1658 936 1719 994; x_wconf 89' lang='lat' dir='ltr'><strong>aut</strong></span> <span class='ocrx_word' id='word_1_38' title='bbox 1735 924 1799 995; x_wconf 92' lang='lat' dir='ltr'><strong>ini·</strong></span> 
     </span>
     <span class='ocr_line' id='line_1_6' title="bbox 198 1036 1798 1139; baseline 0.003 -28"><span class='ocrx_word' id='word_1_39' title='bbox 198 1040 316 1139; x_wconf 78' lang='lat' dir='ltr'><strong>quites</strong></span> <span class='ocrx_word' id='word_1_40' title='bbox 332 1038 409 1126; x_wconf 86' lang='lat' dir='ltr'><strong>fuit,</strong></span> <span class='ocrx_word' id='word_1_41' title='bbox 432 1062 502 1138; x_wconf 89' lang='lat' dir='ltr'><strong>pro</strong></span> <span class='ocrx_word' id='word_1_42' title='bbox 515 1063 588 1136; x_wconf 90' lang='lat' dir='ltr'><strong>qua</strong></span> <span class='ocrx_word' id='word_1_43' title='bbox 606 1040 658 1112; x_wconf 90' lang='lat' dir='ltr'><strong>eis</strong></span> <span class='ocrx_word' id='word_1_44' title='bbox 676 1054 739 1112; x_wconf 89' lang='lat' dir='ltr'><strong>aut</strong></span> <span class='ocrx_word' id='word_1_45' title='bbox 760 1053 891 1113; x_wconf 75' lang='grc'><strong>11111111</strong></span> <span class='ocrx_word' id='word_1_46' title='bbox 911 1038 1100 1116; x_wconf 79' lang='lat' dir='ltr'><strong>beatitudo</strong></span> <span class='ocrx_word' id='word_1_47' title='bbox 1124 1040 1169 1110; x_wconf 93' lang='lat' dir='ltr'><strong>sit</strong></span> <span class='ocrx_word' id='word_1_48' title='bbox 1184 1036 1430 1129; x_wconf 86' lang='lat' dir='ltr'><strong>retribuenda,</strong></span> <span class='ocrx_word' id='word_1_49' title='bbox 1453 1039 1508 1111; x_wconf 84' lang='lat' dir='ltr'><strong>vel</strong></span> <span class='ocrx_word' id='word_1_50' title='bbox 1529 1053 1681 1137; x_wconf 65' lang='lat' dir='ltr'><strong>puna.»</strong></span> <span class='ocrx_word' id='word_1_51' title='bbox 1698 1040 1798 1114; x_wconf 91' lang='lat' dir='ltr'><strong>ldem</strong></span> 
     </span>
     <span class='ocr_line' id='line_1_7' title="bbox 197 1157 1795 1259; baseline 0.002 -27"><span class='ocrx_word' id='word_1_52' title='bbox 197 1162 237 1232; x_wconf 86' lang='lat' dir='ltr'><strong>in</strong></span> <span class='ocrx_word' id='word_1_53' title='bbox 253 1157 347 1232; x_wconf 94' lang='lat' dir='ltr'><strong>libro</strong></span> <span class='ocrx_word' id='word_1_54' title='bbox 364 1162 608 1252; x_wconf 72' lang='lat' dir='ltr'><strong>Quaestionum</strong></span> <span class='ocrx_word' id='word_1_55' title='bbox 626 1163 809 1248; x_wconf 83' lang='lat' dir='ltr'><strong>LXXXIII,</strong></span> <span class='ocrx_word' id='word_1_56' title='bbox 828 1184 910 1259; x_wconf 87' lang='lat' dir='ltr'><strong>cap.</strong></span> <span class='ocrx_word' id='word_1_57' title='bbox 930 1162 1011 1232; x_wconf 61' lang='grc' dir='ltr'><strong>ιη’</strong></span> <span class='ocrx_word' id='word_1_58' title='bbox 1030 1187 1039 1230; x_wconf 80' lang='lat' dir='ltr'><strong>r</strong></span> <span class='ocrx_word' id='word_1_59' title='bbox 1056 1189 1073 1227; x_wconf 79' lang='lat' dir='ltr'><strong>n</strong></span> <span class='ocrx_word' id='word_1_60' title='bbox 1090 1163 1188 1231; x_wconf 90' lang='lat' dir='ltr'><strong>Deus</strong></span> <span class='ocrx_word' id='word_1_61' title='bbox 1200 1159 1317 1257; x_wconf 89' lang='lat' dir='ltr'><strong>justus</strong></span> <span class='ocrx_word' id='word_1_62' title='bbox 1332 1173 1386 1231; x_wconf 90' lang='lat' dir='ltr'><strong>est</strong></span> <span class='ocrx_word' id='word_1_63' title='bbox 1402 1157 1601 1255; x_wconf 86' lang='lat' dir='ltr'><strong>gubernans</strong></span> <span class='ocrx_word' id='word_1_64' title='bbox 1620 1161 1795 1254; x_wconf 84' lang='lat' dir='ltr'><strong>universa,</strong></span> 
     </span>
     <span class='ocr_line' id='line_1_8' title="bbox 198 1277 1796 1378; baseline 0.002 -27"><span class='ocrx_word' id='word_1_65' title='bbox 198 1277 336 1353; x_wconf 90' lang='lat' dir='ltr'><strong>nullam</strong></span> <span class='ocrx_word' id='word_1_66' title='bbox 350 1302 496 1378; x_wconf 83' lang='lat' dir='ltr'><strong>poenam</strong></span> <span class='ocrx_word' id='word_1_67' title='bbox 511 1280 685 1377; x_wconf 85' lang='lat' dir='ltr'><strong>cuiquam</strong></span> <span class='ocrx_word' id='word_1_68' title='bbox 701 1281 786 1352; x_wconf 91' lang='lat' dir='ltr'><strong>sinit</strong></span> <span class='ocrx_word' id='word_1_69' title='bbox 802 1280 981 1353; x_wconf 87' lang='lat' dir='ltr'><strong>immerito</strong></span> <span class='ocrx_word' id='word_1_70' title='bbox 1000 1279 1129 1376; x_wconf 86' lang='lat' dir='ltr'><strong>infligi,</strong></span> <span class='ocrx_word' id='word_1_71' title='bbox 1149 1278 1290 1354; x_wconf 89' lang='lat' dir='ltr'><strong>nullum</strong></span> <span class='ocrx_word' id='word_1_72' title='bbox 1305 1280 1492 1378; x_wconf 74' lang='lat' dir='ltr'><strong>premium</strong></span> <span class='ocrx_word' id='word_1_73' title='bbox 1507 1280 1687 1353; x_wconf 87' lang='lat' dir='ltr'><strong>immerito</strong></span> <span class='ocrx_word' id='word_1_74' title='bbox 1705 1280 1796 1354; x_wconf 89' lang='lat' dir='ltr'><strong>dari.</strong></span> 
     </span>
     <span class='ocr_line' id='line_1_9' title="bbox 199 1397 1800 1501; baseline 0.002 -30"><span class='ocrx_word' id='word_1_75' title='bbox 199 1397 368 1471; x_wconf 77' lang='lat' dir='ltr'><strong>Meritum</strong></span> <span class='ocrx_word' id='word_1_76' title='bbox 395 1413 521 1471; x_wconf 86' lang='lat' dir='ltr'><strong>autem</strong></span> <span class='ocrx_word' id='word_1_77' title='bbox 543 1424 660 1499; x_wconf 80' lang='lat' dir='ltr'><strong>poeuae</strong></span> <span class='ocrx_word' id='word_1_78' title='bbox 683 1415 892 1501; x_wconf 86' lang='lat' dir='ltr'><strong>peecatum,</strong></span> <span class='ocrx_word' id='word_1_79' title='bbox 919 1415 957 1476; x_wconf 87' lang='lat' dir='ltr'><strong>et</strong></span> <span class='ocrx_word' id='word_1_80' title='bbox 983 1401 1152 1472; x_wconf 85' lang='lat' dir='ltr'><strong>meritum</strong></span> <span class='ocrx_word' id='word_1_81' title='bbox 1182 1399 1321 1498; x_wconf 85' lang='lat' dir='ltr'><strong>praemii</strong></span> <span class='ocrx_word' id='word_1_82' title='bbox 1347 1413 1443 1471; x_wconf 87' lang='lat' dir='ltr'><strong>recte</strong></span> <span class='ocrx_word' id='word_1_83' title='bbox 1473 1399 1607 1473; x_wconf 88' lang='lat' dir='ltr'><strong>factum</strong></span> <span class='ocrx_word' id='word_1_84' title='bbox 1637 1415 1703 1473; x_wconf 89' lang='lat' dir='ltr'><strong>est.</strong></span> <span class='ocrx_word' id='word_1_85' title='bbox 1729 1407 1800 1475; x_wconf 83' lang='grc'><strong>1111</strong></span> 
     </span>
     <span class='ocr_line' id='line_1_10' title="bbox 199 1517 1799 1620; baseline 0.003 -30"><span class='ocrx_word' id='word_1_86' title='bbox 199 1532 388 1616; x_wconf 87' lang='lat' dir='ltr'><strong>peccatum</strong></span> <span class='ocrx_word' id='word_1_87' title='bbox 403 1531 466 1591; x_wconf 87' lang='lat' dir='ltr'><strong>aut</strong></span> <span class='ocrx_word' id='word_1_88' title='bbox 480 1533 576 1592; x_wconf 85' lang='lat' dir='ltr'><strong>recte</strong></span> <span class='ocrx_word' id='word_1_89' title='bbox 594 1517 728 1593; x_wconf 88' lang='lat' dir='ltr'><strong>factum</strong></span> <span class='ocrx_word' id='word_1_90' title='bbox 745 1521 915 1620; x_wconf 85' lang='lat' dir='ltr'><strong>imputari</strong></span> <span class='ocrx_word' id='word_1_91' title='bbox 931 1520 1101 1618; x_wconf 87' lang='lat' dir='ltr'><strong>cuiquam</strong></span> <span class='ocrx_word' id='word_1_92' title='bbox 1115 1533 1211 1591; x_wconf 89' lang='lat' dir='ltr'><strong>recte</strong></span> <span class='ocrx_word' id='word_1_93' title='bbox 1227 1532 1357 1618; x_wconf 84' lang='lat' dir='ltr'><strong>potest,</strong></span> <span class='ocrx_word' id='word_1_94' title='bbox 1374 1519 1436 1616; x_wconf 92' lang='lat' dir='ltr'><strong>qui</strong></span> <span class='ocrx_word' id='word_1_95' title='bbox 1448 1518 1536 1590; x_wconf 90' lang='lat' dir='ltr'><strong>nihil</strong></span> <span class='ocrx_word' id='word_1_96' title='bbox 1548 1521 1694 1619; x_wconf 88' lang='lat' dir='ltr'><strong>propria</strong></span> <span class='ocrx_word' id='word_1_97' title='bbox 1707 1521 1799 1595; x_wconf 86' lang='lat' dir='ltr'><strong>feee-</strong></span> 
     </span>
    </p>
   </div>
   <div class='ocr_carea' id='block_1_4' title="bbox 69 1635 1793 1738">
    <p class='ocr_par' dir='ltr' id='par_1_4' title="bbox 69 1635 1793 1738">
     <span class='ocr_line' id='line_1_11' title="bbox 69 1635 1793 1738; baseline 0 -31"><span class='ocrx_word' id='word_1_98' title='bbox 69 1635 77 1644; x_wconf 70' lang='grc'><em>’</em></span> <span class='ocrx_word' id='word_1_99' title='bbox 198 1637 246 1708; x_wconf 88' lang='lat' dir='ltr'><strong>rit</strong></span> <span class='ocrx_word' id='word_1_100' title='bbox 253 1635 456 1717; x_wconf 81' lang='lat' dir='ltr'><strong>voluntate.</strong></span> <span class='ocrx_word' id='word_1_101' title='bbox 473 1641 535 1711; x_wconf 87' lang='lat' dir='ltr'><strong>Est</strong></span> <span class='ocrx_word' id='word_1_102' title='bbox 545 1662 632 1736; x_wconf 89' lang='lat' dir='ltr'><strong>ergo</strong></span> <span class='ocrx_word' id='word_1_103' title='bbox 645 1653 681 1711; x_wconf 87' lang='lat' dir='ltr'><strong>et</strong></span> <span class='ocrx_word' id='word_1_104' title='bbox 697 1653 936 1738; x_wconf 84' lang='lat' dir='ltr'><strong>peccatumet</strong></span> <span class='ocrx_word' id='word_1_105' title='bbox 951 1653 1048 1712; x_wconf 86' lang='grc'><strong>11111</strong></span> <span class='ocrx_word' id='word_1_106' title='bbox 1061 1637 1197 1711; x_wconf 87' lang='lat' dir='ltr'><strong>factum</strong></span> <span class='ocrx_word' id='word_1_107' title='bbox 1214 1637 1251 1708; x_wconf 92' lang='lat' dir='ltr'><strong>in</strong></span> <span class='ocrx_word' id='word_1_108' title='bbox 1266 1637 1380 1710; x_wconf 90' lang='lat' dir='ltr'><strong>libero</strong></span> <span class='ocrx_word' id='word_1_109' title='bbox 1391 1637 1587 1711; x_wconf 82' lang='lat' dir='ltr'><strong>voluntatis</strong></span> <span class='ocrx_word' id='word_1_110' title='bbox 1602 1639 1793 1712; x_wconf 84' lang='lat' dir='ltr'><strong>arbitrio.»</strong></span> 
     </span>
    </p>
   </div>
   <div class='ocr_carea' id='block_1_5' title="bbox 146 1757 1805 4973">
    <p class='ocr_par' dir='ltr' id='par_1_5' title="bbox 176 1757 1803 4010">
     <span class='ocr_line' id='line_1_12' title="bbox 251 1757 1799 1856; baseline 0 -22"><span class='ocrx_word' id='word_1_111' title='bbox 251 1757 421 1834; x_wconf 79' lang='lat' dir='ltr'><strong>Boethius</strong></span> <span class='ocrx_word' id='word_1_112' title='bbox 435 1772 555 1836; x_wconf 87' lang='lat' dir='ltr'><strong>autem</strong></span> <span class='ocrx_word' id='word_1_113' title='bbox 564 1759 658 1832; x_wconf 81' lang='lat' dir='ltr'><strong>libro</strong></span> <span class='ocrx_word' id='word_1_114' title='bbox 674 1763 721 1830; x_wconf 92' lang='lat' dir='ltr'><strong>lll</strong></span> <span class='ocrx_word' id='word_1_115' title='bbox 735 1759 903 1833; x_wconf 84' lang='lat' dir='ltr'><strong>editionis</strong></span> <span class='ocrx_word' id='word_1_116' title='bbox 916 1758 1084 1854; x_wconf 76' lang='lat' dir='ltr'><strong>mcuudae</strong></span> <span class='ocrx_word' id='word_1_117' title='bbox 1104 1761 1143 1831; x_wconf 83' lang='lat' dir='ltr'><strong>in</strong></span> <span class='ocrx_word' id='word_1_118' title='bbox 1159 1758 1460 1848; x_wconf 80' lang='lat' dir='ltr'><strong>Perifrermenias,</strong></span> <span class='ocrx_word' id='word_1_119' title='bbox 1481 1758 1570 1856; x_wconf 90' lang='lat' dir='ltr'><strong>quid</strong></span> <span class='ocrx_word' id='word_1_120' title='bbox 1586 1761 1629 1831; x_wconf 92' lang='lat' dir='ltr'><strong>sit</strong></span> <span class='ocrx_word' id='word_1_121' title='bbox 1645 1759 1799 1834; x_wconf 85' lang='lat' dir='ltr'><strong>liberum</strong></span> 
     </span>
     <span class='ocr_line' id='line_1_13' title="bbox 200 1877 1798 1979; baseline 0.004 -30"><span class='ocrx_word' id='word_1_122' title='bbox 200 1877 389 1950; x_wconf 74' lang='lat' dir='ltr'><strong>arbitrium</strong></span> <span class='ocrx_word' id='word_1_123' title='bbox 420 1878 609 1975; x_wconf 88' lang='lat' dir='ltr'><strong>diligenter</strong></span> <span class='ocrx_word' id='word_1_124' title='bbox 639 1881 802 1979; x_wconf 89' lang='lat' dir='ltr'><strong>aperiens</strong></span> <span class='ocrx_word' id='word_1_125' title='bbox 828 1882 908 1954; x_wconf 87' lang='lat' dir='ltr'><strong>ait:</strong></span> <span class='ocrx_word' id='word_1_126' title='bbox 937 1911 956 1948; x_wconf 78' lang='lat' dir='ltr'><strong>e</strong></span> <span class='ocrx_word' id='word_1_127' title='bbox 980 1885 1053 1954; x_wconf 83' lang='lat' dir='ltr'><strong>Nos</strong></span> <span class='ocrx_word' id='word_1_128' title='bbox 1079 1880 1179 1952; x_wconf 89' lang='lat' dir='ltr'><strong>enim</strong></span> <span class='ocrx_word' id='word_1_129' title='bbox 1205 1878 1360 1952; x_wconf 89' lang='lat' dir='ltr'><strong>liberum</strong></span> <span class='ocrx_word' id='word_1_130' title='bbox 1389 1878 1577 1952; x_wconf 85' lang='lat' dir='ltr'><strong>arbitrium</strong></span> <span class='ocrx_word' id='word_1_131' title='bbox 1604 1882 1798 1979; x_wconf 89' lang='lat' dir='ltr'><strong>ponimus,</strong></span> 
     </span>
     <span class='ocr_line' id='line_1_14' title="bbox 202 1996 1797 2100; baseline 0.004 -31"><span class='ocrx_word' id='word_1_132' title='bbox 202 1996 302 2071; x_wconf 87' lang='lat' dir='ltr'><strong>nullo</strong></span> <span class='ocrx_word' id='word_1_133' title='bbox 319 1998 540 2072; x_wconf 81' lang='lat' dir='ltr'><strong>extrinsecus</strong></span> <span class='ocrx_word' id='word_1_134' title='bbox 557 2014 731 2099; x_wconf 81' lang='lat' dir='ltr'><strong>cogente,</strong></span> <span class='ocrx_word' id='word_1_135' title='bbox 749 2001 786 2072; x_wconf 91' lang='lat' dir='ltr'><strong>in</strong></span> <span class='ocrx_word' id='word_1_136' title='bbox 807 2000 843 2073; x_wconf 95' lang='lat' dir='ltr'><strong>id</strong></span> <span class='ocrx_word' id='word_1_137' title='bbox 860 1999 961 2100; x_wconf 92' lang='lat' dir='ltr'><strong>quod</strong></span> <span class='ocrx_word' id='word_1_138' title='bbox 977 2025 1046 2100; x_wconf 93' lang='lat' dir='ltr'><strong>pro</strong></span> <span class='ocrx_word' id='word_1_139' title='bbox 1071 1999 1179 2073; x_wconf 91' lang='lat' dir='ltr'><strong>nobis</strong></span> <span class='ocrx_word' id='word_1_140' title='bbox 1195 1998 1400 2072; x_wconf 87' lang='lat' dir='ltr'><strong>faciendum</strong></span> <span class='ocrx_word' id='word_1_141' title='bbox 1416 1998 1474 2071; x_wconf 91' lang='lat' dir='ltr'><strong>vel</strong></span> <span class='ocrx_word' id='word_1_142' title='bbox 1501 2023 1576 2071; x_wconf 90' lang='lat' dir='ltr'><strong>non</strong></span> <span class='ocrx_word' id='word_1_143' title='bbox 1594 2000 1797 2075; x_wconf 82' lang='lat' dir='ltr'><strong>faciendum</strong></span> 
     </span>
     <span class='ocr_line' id='line_1_15' title="bbox 197 2116 1799 2219; baseline 0.003 -29"><span class='ocrx_word' id='word_1_144' title='bbox 197 2116 446 2215; x_wconf 86' lang='lat' dir='ltr'><strong>judicantibus</strong></span> <span class='ocrx_word' id='word_1_145' title='bbox 466 2119 846 2219; x_wconf 76' lang='lat' dir='ltr'><strong>perpendentibusque</strong></span> <span class='ocrx_word' id='word_1_146' title='bbox 867 2119 1062 2193; x_wconf 82' lang='lat' dir='ltr'><strong>videatur:</strong></span> <span class='ocrx_word' id='word_1_147' title='bbox 1087 2119 1134 2194; x_wconf 89' lang='lat' dir='ltr'><strong>ad</strong></span> <span class='ocrx_word' id='word_1_148' title='bbox 1158 2143 1268 2217; x_wconf 88' lang='lat' dir='ltr'><strong>quam</strong></span> <span class='ocrx_word' id='word_1_149' title='bbox 1289 2144 1367 2192; x_wconf 88' lang='lat' dir='ltr'><strong>rem</strong></span> <span class='ocrx_word' id='word_1_150' title='bbox 1388 2133 1605 2218; x_wconf 70' lang='lat' dir='ltr'><strong>presumpta</strong></span> <span class='ocrx_word' id='word_1_151' title='bbox 1622 2122 1720 2219; x_wconf 87' lang='lat' dir='ltr'><strong>prius</strong></span> <span class='ocrx_word' id='word_1_152' title='bbox 1736 2148 1799 2195; x_wconf 89' lang='lat' dir='ltr'><strong>co-</strong></span> 
     </span>
     <span class='ocr_line' id='line_1_16' title="bbox 199 2235 1799 2337; baseline 0.003 -28"><span class='ocrx_word' id='word_1_153' title='bbox 199 2238 365 2335; x_wconf 88' lang='lat' dir='ltr'><strong>gnitione</strong></span> <span class='ocrx_word' id='word_1_154' title='bbox 390 2235 646 2337; x_wconf 87' lang='lat' dir='ltr'><strong>perficiendam</strong></span> <span class='ocrx_word' id='word_1_155' title='bbox 662 2253 698 2311; x_wconf 90' lang='lat' dir='ltr'><strong>et</strong></span> <span class='ocrx_word' id='word_1_156' title='bbox 721 2239 897 2337; x_wconf 85' lang='lat' dir='ltr'><strong>agendam</strong></span> <span class='ocrx_word' id='word_1_157' title='bbox 913 2239 1092 2333; x_wconf 78' lang='lat' dir='ltr'><strong>venimus,</strong></span> <span class='ocrx_word' id='word_1_158' title='bbox 1116 2253 1157 2310; x_wconf 91' lang='lat' dir='ltr'><strong>ut</strong></span> <span class='ocrx_word' id='word_1_159' title='bbox 1175 2238 1211 2310; x_wconf 92' lang='lat' dir='ltr'><strong>id</strong></span> <span class='ocrx_word' id='word_1_160' title='bbox 1229 2238 1330 2336; x_wconf 92' lang='lat' dir='ltr'><strong>quod</strong></span> <span class='ocrx_word' id='word_1_161' title='bbox 1351 2238 1396 2310; x_wconf 90' lang='lat' dir='ltr'><strong>sit</strong></span> <span class='ocrx_word' id='word_1_162' title='bbox 1412 2263 1455 2310; x_wconf 82' lang='lat' dir='ltr'><strong>ex</strong></span> <span class='ocrx_word' id='word_1_163' title='bbox 1478 2238 1584 2312; x_wconf 88' lang='lat' dir='ltr'><strong>nobis</strong></span> <span class='ocrx_word' id='word_1_164' title='bbox 1606 2264 1648 2310; x_wconf 80' lang='lat' dir='ltr'><strong>cr</strong></span> <span class='ocrx_word' id='word_1_165' title='bbox 1674 2256 1799 2314; x_wconf 90' lang='lat' dir='ltr'><strong>nostro</strong></span> 
     </span>
     <span class='ocr_line' id='line_1_17' title="bbox 198 2355 1795 2460; baseline 0 -32"><span class='ocrx_word' id='word_1_166' title='bbox 198 2356 419 2460; x_wconf 87' lang='lat' dir='ltr'><strong>principium</strong></span> <span class='ocrx_word' id='word_1_167' title='bbox 424 2356 560 2453; x_wconf 79' lang='lat' dir='ltr'><strong>judicio</strong></span> <span class='ocrx_word' id='word_1_168' title='bbox 568 2357 810 2453; x_wconf 90' lang='lat' dir='ltr'><strong>sumat,nullo</strong></span> <span class='ocrx_word' id='word_1_169' title='bbox 819 2359 1038 2431; x_wconf 85' lang='lat' dir='ltr'><strong>extrinsecus</strong></span> <span class='ocrx_word' id='word_1_170' title='bbox 1046 2370 1108 2444; x_wconf 84' lang='lat' dir='ltr'><strong>aut</strong></span> <span class='ocrx_word' id='word_1_171' title='bbox 1116 2356 1295 2430; x_wconf 81' lang='lat' dir='ltr'><strong>uiolenter</strong></span> <span class='ocrx_word' id='word_1_172' title='bbox 1305 2369 1527 2453; x_wconf 70' lang='lat' dir='ltr'><strong>cogente&#39;aut</strong></span> <span class='ocrx_word' id='word_1_173' title='bbox 1540 2355 1795 2457; x_wconf 80' lang='lat' dir='ltr'><strong>impediente.»</strong></span> 
     </span>
     <span class='ocr_line' id='line_1_18' title="bbox 199 2475 1800 2576; baseline 0.004 -30"><span class='ocrx_word' id='word_1_174' title='bbox 199 2480 292 2548; x_wconf 88' lang='lat' dir='ltr'><strong>ltem</strong></span> <span class='ocrx_word' id='word_1_175' title='bbox 314 2502 323 2546; x_wconf 87' lang='lat'><strong>:</strong></span> <span class='ocrx_word' id='word_1_176' title='bbox 345 2503 367 2545; x_wconf 83' lang='lat' dir='ltr'><strong>n</strong></span> <span class='ocrx_word' id='word_1_177' title='bbox 383 2479 456 2548; x_wconf 87' lang='lat' dir='ltr'><strong>Nos</strong></span> <span class='ocrx_word' id='word_1_178' title='bbox 470 2491 592 2549; x_wconf 88' lang='lat' dir='ltr'><strong>autem</strong></span> <span class='ocrx_word' id='word_1_179' title='bbox 608 2475 763 2552; x_wconf 90' lang='lat' dir='ltr'><strong>liberum</strong></span> <span class='ocrx_word' id='word_1_180' title='bbox 778 2477 972 2551; x_wconf 82' lang='lat' dir='ltr'><strong>voluntatis</strong></span> <span class='ocrx_word' id='word_1_181' title='bbox 995 2477 1184 2550; x_wconf 86' lang='lat' dir='ltr'><strong>arbitrium</strong></span> <span class='ocrx_word' id='word_1_182' title='bbox 1201 2502 1277 2549; x_wconf 93' lang='lat' dir='ltr'><strong>non</strong></span> <span class='ocrx_word' id='word_1_183' title='bbox 1298 2476 1334 2549; x_wconf 91' lang='lat' dir='ltr'><strong>id</strong></span> <span class='ocrx_word' id='word_1_184' title='bbox 1357 2476 1512 2549; x_wconf 88' lang='lat' dir='ltr'><strong>dicimus</strong></span> <span class='ocrx_word' id='word_1_185' title='bbox 1527 2477 1628 2575; x_wconf 91' lang='lat' dir='ltr'><strong>quod</strong></span> <span class='ocrx_word' id='word_1_186' title='bbox 1648 2480 1800 2576; x_wconf 88' lang='lat' dir='ltr'><strong>quisque</strong></span> 
     </span>
     <span class='ocr_line' id='line_1_19' title="bbox 195 2594 1800 2695; baseline 0.003 -29"><span class='ocrx_word' id='word_1_187' title='bbox 195 2594 367 2689; x_wconf 87' lang='lat' dir='ltr'><strong>voluerit,</strong></span> <span class='ocrx_word' id='word_1_188' title='bbox 393 2594 456 2668; x_wconf 86' lang='lat' dir='ltr'><strong>scd</strong></span> <span class='ocrx_word' id='word_1_189' title='bbox 472 2595 574 2695; x_wconf 91' lang='lat' dir='ltr'><strong>quod</strong></span> <span class='ocrx_word' id='word_1_190' title='bbox 599 2598 751 2695; x_wconf 88' lang='lat' dir='ltr'><strong>quisque</strong></span> <span class='ocrx_word' id='word_1_191' title='bbox 768 2596 907 2695; x_wconf 86' lang='lat' dir='ltr'><strong>judicio</strong></span> <span class='ocrx_word' id='word_1_192' title='bbox 926 2610 963 2669; x_wconf 88' lang='lat' dir='ltr'><strong>et</strong></span> <span class='ocrx_word' id='word_1_193' title='bbox 980 2597 1246 2670; x_wconf 83' lang='lat' dir='ltr'><strong>examinatione</strong></span> <span class='ocrx_word' id='word_1_194' title='bbox 1267 2596 1464 2692; x_wconf 84' lang='lat' dir='ltr'><strong>collegerit.</strong></span> <span class='ocrx_word' id='word_1_195' title='bbox 1495 2597 1661 2695; x_wconf 77' lang='lat' dir='ltr'><strong>Alioquin</strong></span> <span class='ocrx_word' id='word_1_196' title='bbox 1687 2597 1800 2672; x_wconf 90' lang='lat' dir='ltr'><strong>multa</strong></span> 
     </span>
     <span class='ocr_line' id='line_1_20' title="bbox 196 2714 1801 2815; baseline 0.001 -27"><span class='ocrx_word' id='word_1_197' title='bbox 196 2738 348 2815; x_wconf 89' lang='lat' dir='ltr'><strong>quoque</strong></span> <span class='ocrx_word' id='word_1_198' title='bbox 381 2715 549 2790; x_wconf 84' lang='lat' dir='ltr'><strong>animalia</strong></span> <span class='ocrx_word' id='word_1_199' title='bbox 577 2715 764 2789; x_wconf 89' lang='lat' dir='ltr'><strong>habebunt</strong></span> <span class='ocrx_word' id='word_1_200' title='bbox 792 2715 948 2788; x_wconf 89' lang='lat' dir='ltr'><strong>liberum</strong></span> <span class='ocrx_word' id='word_1_201' title='bbox 972 2714 1170 2790; x_wconf 85' lang='lat' dir='ltr'><strong>voluntatis</strong></span> <span class='ocrx_word' id='word_1_202' title='bbox 1197 2714 1396 2789; x_wconf 88' lang='lat' dir='ltr'><strong>arbitrium.</strong></span> <span class='ocrx_word' id='word_1_203' title='bbox 1430 2716 1492 2788; x_wconf 87' lang='lat' dir='ltr'><strong>llla</strong></span> <span class='ocrx_word' id='word_1_204' title='bbox 1517 2717 1614 2788; x_wconf 87' lang='lat' dir='ltr'><strong>enim</strong></span> <span class='ocrx_word' id='word_1_205' title='bbox 1638 2717 1801 2802; x_wconf 85' lang='lat' dir='ltr'><strong>videmus</strong></span> 
     </span>
     <span class='ocr_line' id='line_1_21' title="bbox 195 2833 1801 2936; baseline 0.001 -29"><span class='ocrx_word' id='word_1_206' title='bbox 195 2849 331 2934; x_wconf 86' lang='lat' dir='ltr'><strong>sponte</strong></span> <span class='ocrx_word' id='word_1_207' title='bbox 351 2834 518 2934; x_wconf 75' lang='lat' dir='ltr'><strong>quedam</strong></span> <span class='ocrx_word' id='word_1_208' title='bbox 540 2835 716 2934; x_wconf 75' lang='lat' dir='ltr'><strong>refugere,</strong></span> <span class='ocrx_word' id='word_1_209' title='bbox 740 2833 958 2934; x_wconf 90' lang='lat' dir='ltr'><strong>quibusdam</strong></span> <span class='ocrx_word' id='word_1_210' title='bbox 980 2851 1110 2936; x_wconf 90' lang='lat' dir='ltr'><strong>sponte</strong></span> <span class='ocrx_word' id='word_1_211' title='bbox 1126 2861 1355 2909; x_wconf 84' lang='lat' dir='ltr'><strong>concurrere.</strong></span> <span class='ocrx_word' id='word_1_212' title='bbox 1377 2835 1486 2925; x_wconf 89' lang='lat' dir='ltr'><strong>Quod</strong></span> <span class='ocrx_word' id='word_1_213' title='bbox 1506 2838 1535 2908; x_wconf 92' lang='lat' dir='ltr'><strong>si</strong></span> <span class='ocrx_word' id='word_1_214' title='bbox 1552 2835 1642 2912; x_wconf 85' lang='lat' dir='ltr'><strong>velle</strong></span> <span class='ocrx_word' id='word_1_215' title='bbox 1667 2838 1801 2936; x_wconf 88' lang='lat' dir='ltr'><strong>aliquid</strong></span> 
     </span>
     <span class='ocr_line' id='line_1_22' title="bbox 195 2953 1801 3042; baseline 0.001 -16"><span class='ocrx_word' id='word_1_216' title='bbox 195 2954 256 3028; x_wconf 80' lang='lat' dir='ltr'><strong>vel</strong></span> <span class='ocrx_word' id='word_1_217' title='bbox 279 2954 379 3028; x_wconf 89' lang='lat' dir='ltr'><strong>nolle</strong></span> <span class='ocrx_word' id='word_1_218' title='bbox 399 2954 473 3028; x_wconf 87' lang='lat' dir='ltr'><strong>hoc</strong></span> <span class='ocrx_word' id='word_1_219' title='bbox 487 2969 585 3029; x_wconf 87' lang='lat' dir='ltr'><strong>recte</strong></span> <span class='ocrx_word' id='word_1_220' title='bbox 599 2954 704 3028; x_wconf 89' lang='lat' dir='ltr'><strong>liberi</strong></span> <span class='ocrx_word' id='word_1_221' title='bbox 724 2955 862 3029; x_wconf 82' lang='lat' dir='ltr'><strong>arbitrii</strong></span> <span class='ocrx_word' id='word_1_222' title='bbox 877 2953 1056 3028; x_wconf 82' lang='lat' dir='ltr'><strong>vocabulo</strong></span> <span class='ocrx_word' id='word_1_223' title='bbox 1073 2968 1276 3042; x_wconf 90' lang='lat' dir='ltr'><strong>teneretur,</strong></span> <span class='ocrx_word' id='word_1_224' title='bbox 1297 2980 1374 3028; x_wconf 92' lang='lat' dir='ltr'><strong>non</strong></span> <span class='ocrx_word' id='word_1_225' title='bbox 1391 2955 1508 3028; x_wconf 90' lang='lat' dir='ltr'><strong>solum</strong></span> <span class='ocrx_word' id='word_1_226' title='bbox 1525 2954 1596 3028; x_wconf 88' lang='lat' dir='ltr'><strong>hoo</strong></span> <span class='ocrx_word' id='word_1_227' title='bbox 1619 2970 1712 3030; x_wconf 87' lang='lat' dir='ltr'><strong>esset</strong></span> <span class='ocrx_word' id='word_1_228' title='bbox 1733 2956 1801 3029; x_wconf 92' lang='lat' dir='ltr'><strong>ho·</strong></span> 
     </span>
     <span class='ocr_line' id='line_1_23' title="bbox 193 3066 1801 3174; baseline 0.004 -29"><span class='ocrx_word' id='word_1_229' title='bbox 193 3074 323 3163; x_wconf 89' lang='lat' dir='ltr'><strong>minis,</strong></span> <span class='ocrx_word' id='word_1_230' title='bbox 343 3075 407 3148; x_wconf 85' lang='lat' dir='ltr'><strong>sed</strong></span> <span class='ocrx_word' id='word_1_231' title='bbox 423 3066 632 3149; x_wconf 77' lang='lat' dir='ltr'><strong>caeterorum</strong></span> <span class='ocrx_word' id='word_1_232' title='bbox 649 3100 797 3174; x_wconf 91' lang='lat' dir='ltr'><strong>quoquc</strong></span> <span class='ocrx_word' id='word_1_233' title='bbox 811 3076 1036 3167; x_wconf 86' lang='lat' dir='ltr'><strong>animalium,</strong></span> <span class='ocrx_word' id='word_1_234' title='bbox 1054 3075 1187 3173; x_wconf 90' lang='lat' dir='ltr'><strong>quibus</strong></span> <span class='ocrx_word' id='word_1_235' title='bbox 1202 3076 1299 3148; x_wconf 88' lang='lat' dir='ltr'><strong>banc</strong></span> <span class='ocrx_word' id='word_1_236' title='bbox 1314 3076 1418 3148; x_wconf 89' lang='lat' dir='ltr'><strong>liberi</strong></span> <span class='ocrx_word' id='word_1_237' title='bbox 1433 3074 1571 3147; x_wconf 89' lang='lat' dir='ltr'><strong>arbitrii</strong></span> <span class='ocrx_word' id='word_1_238' title='bbox 1587 3091 1801 3174; x_wconf 84' lang='lat' dir='ltr'><strong>potestatem</strong></span> 
     </span>
     <span class='ocr_line' id='line_1_24' title="bbox 190 3192 1801 3294; baseline 0.001 -28"><span class='ocrx_word' id='word_1_239' title='bbox 190 3192 328 3266; x_wconf 85' lang='lat' dir='ltr'><strong>abesse</strong></span> <span class='ocrx_word' id='word_1_240' title='bbox 355 3195 437 3293; x_wconf 92' lang='lat' dir='ltr'><strong>quis</strong></span> <span class='ocrx_word' id='word_1_241' title='bbox 463 3194 625 3268; x_wconf 77' lang='lat' dir='ltr'><strong>nesciat</strong></span> <span class='ocrx_word' id='word_1_242' title='bbox 650 3194 720 3267; x_wconf 88' lang='lat' dir='ltr'><strong>Sed</strong></span> <span class='ocrx_word' id='word_1_243' title='bbox 745 3210 799 3267; x_wconf 88' lang='lat' dir='ltr'><strong>est</strong></span> <span class='ocrx_word' id='word_1_244' title='bbox 822 3193 978 3267; x_wconf 89' lang='lat' dir='ltr'><strong>liberum</strong></span> <span class='ocrx_word' id='word_1_245' title='bbox 999 3195 1201 3285; x_wconf 85' lang='lat' dir='ltr'><strong>arbitrium,</strong></span> <span class='ocrx_word' id='word_1_246' title='bbox 1224 3194 1326 3291; x_wconf 92' lang='lat' dir='ltr'><strong>quod</strong></span> <span class='ocrx_word' id='word_1_247' title='bbox 1350 3195 1428 3294; x_wconf 86' lang='lat' dir='ltr'><strong>ipsa</strong></span> <span class='ocrx_word' id='word_1_248' title='bbox 1452 3218 1598 3292; x_wconf 89' lang='lat' dir='ltr'><strong>quoque</strong></span> <span class='ocrx_word' id='word_1_249' title='bbox 1627 3194 1801 3268; x_wconf 80' lang='lat' dir='ltr'><strong>vocabula</strong></span> 
     </span>
     <span class='ocr_line' id='line_1_25' title="bbox 187 3306 1803 3413; baseline 0 -28"><span class='ocrx_word' id='word_1_250' title='bbox 187 3312 378 3413; x_wconf 88' lang='lat' dir='ltr'><strong>produnt,</strong></span> <span class='ocrx_word' id='word_1_251' title='bbox 408 3312 564 3387; x_wconf 89' lang='lat' dir='ltr'><strong>liberum</strong></span> <span class='ocrx_word' id='word_1_252' title='bbox 592 3314 698 3387; x_wconf 91' lang='lat' dir='ltr'><strong>nobis</strong></span> <span class='ocrx_word' id='word_1_253' title='bbox 721 3312 769 3388; x_wconf 88' lang='lat' dir='ltr'><strong>de</strong></span> <span class='ocrx_word' id='word_1_254' title='bbox 796 3314 982 3387; x_wconf 76' lang='lat' dir='ltr'><strong>voluntate</strong></span> <span class='ocrx_word' id='word_1_255' title='bbox 1003 3315 1194 3411; x_wconf 87' lang='lat' dir='ltr'><strong>judicium.</strong></span> <span class='ocrx_word' id='word_1_256' title='bbox 1220 3315 1524 3410; x_wconf 88' lang='lat' dir='ltr'><strong>Quotiescumque</strong></span> <span class='ocrx_word' id='word_1_257' title='bbox 1552 3314 1649 3385; x_wconf 89' lang='lat' dir='ltr'><strong>eninr</strong></span> <span class='ocrx_word' id='word_1_258' title='bbox 1676 3306 1803 3412; x_wconf 80' lang='lat' dir='ltr'><strong>imagi·</strong></span> 
     </span>
     <span class='ocr_line' id='line_1_26' title="bbox 186 3433 1802 3532; baseline 0 -26"><span class='ocrx_word' id='word_1_259' title='bbox 186 3434 368 3507; x_wconf 83' lang='lat' dir='ltr'><strong>nationes</strong></span> <span class='ocrx_word' id='word_1_260' title='bbox 390 3433 513 3507; x_wconf 88' lang='lat' dir='ltr'><strong>animo</strong></span> <span class='ocrx_word' id='word_1_261' title='bbox 541 3447 778 3526; x_wconf 87' lang='lat' dir='ltr'><strong>concurrunt,</strong></span> <span class='ocrx_word' id='word_1_262' title='bbox 804 3448 841 3506; x_wconf 91' lang='lat' dir='ltr'><strong>et</strong></span> <span class='ocrx_word' id='word_1_263' title='bbox 859 3433 1082 3507; x_wconf 83' lang='lat' dir='ltr'><strong>uoluntatem</strong></span> <span class='ocrx_word' id='word_1_264' title='bbox 1102 3433 1255 3524; x_wconf 88' lang='lat' dir='ltr'><strong>irritant,</strong></span> <span class='ocrx_word' id='word_1_265' title='bbox 1278 3456 1339 3505; x_wconf 89' lang='lat' dir='ltr'><strong>eas</strong></span> <span class='ocrx_word' id='word_1_266' title='bbox 1363 3433 1456 3505; x_wconf 89' lang='lat' dir='ltr'><strong>ratio</strong></span> <span class='ocrx_word' id='word_1_267' title='bbox 1481 3433 1684 3532; x_wconf 87' lang='lat' dir='ltr'><strong>perpendit,</strong></span> <span class='ocrx_word' id='word_1_268' title='bbox 1703 3434 1802 3506; x_wconf 82' lang='lat' dir='ltr'><strong>etde</strong></span> 
     </span>
     <span class='ocr_line' id='line_1_27' title="bbox 183 3550 1802 3652; baseline 0.001 -27"><span class='ocrx_word' id='word_1_269' title='bbox 183 3551 249 3625; x_wconf 86' lang='lat' dir='ltr'><strong>bis</strong></span> <span class='ocrx_word' id='word_1_270' title='bbox 273 3552 442 3651; x_wconf 86' lang='lat' dir='ltr'><strong>judicat:</strong></span> <span class='ocrx_word' id='word_1_271' title='bbox 461 3568 498 3627; x_wconf 98' lang='grc'><strong>11</strong></span> <span class='ocrx_word' id='word_1_272' title='bbox 520 3552 622 3652; x_wconf 93' lang='lat' dir='ltr'><strong>quod</strong></span> <span class='ocrx_word' id='word_1_273' title='bbox 643 3554 676 3627; x_wconf 91' lang='lat' dir='ltr'><strong>ei</strong></span> <span class='ocrx_word' id='word_1_274' title='bbox 697 3554 824 3627; x_wconf 88' lang='lat' dir='ltr'><strong>melius</strong></span> <span class='ocrx_word' id='word_1_275' title='bbox 839 3552 981 3626; x_wconf 81' lang='lat' dir='ltr'><strong>videtur</strong></span> <span class='ocrx_word' id='word_1_276' title='bbox 998 3578 1083 3627; x_wconf 90' lang='lat' dir='ltr'><strong>cum</strong></span> <span class='ocrx_word' id='word_1_277' title='bbox 1104 3552 1253 3627; x_wconf 84' lang='lat' dir='ltr'><strong>arbitrio</strong></span> <span class='ocrx_word' id='word_1_278' title='bbox 1274 3550 1507 3651; x_wconf 86' lang='lat' dir='ltr'><strong>perpenderit</strong></span> <span class='ocrx_word' id='word_1_279' title='bbox 1526 3564 1562 3623; x_wconf 88' lang='lat' dir='ltr'><strong>et</strong></span> <span class='ocrx_word' id='word_1_280' title='bbox 1580 3551 1802 3648; x_wconf 84' lang='lat' dir='ltr'><strong>judicatione</strong></span> 
     </span>
     <span class='ocr_line' id='line_1_28' title="bbox 182 3670 1802 3773; baseline 0 -28"><span class='ocrx_word' id='word_1_281' title='bbox 182 3673 408 3771; x_wconf 82' lang='lat' dir='ltr'><strong>collegerit,</strong></span> <span class='ocrx_word' id='word_1_282' title='bbox 435 3673 530 3747; x_wconf 87' lang='lat' dir='ltr'><strong>facit.</strong></span> <span class='ocrx_word' id='word_1_283' title='bbox 559 3679 675 3773; x_wconf 82' lang='lat' dir='ltr'><strong>Atque</strong></span> <span class='ocrx_word' id='word_1_284' title='bbox 699 3672 781 3747; x_wconf 87' lang='lat' dir='ltr'><strong>ideo</strong></span> <span class='ocrx_word' id='word_1_285' title='bbox 806 3671 972 3771; x_wconf 85' lang='lat' dir='ltr'><strong>quaedam</strong></span> <span class='ocrx_word' id='word_1_286' title='bbox 995 3672 1115 3746; x_wconf 89' lang='lat' dir='ltr'><strong>dulcia</strong></span> <span class='ocrx_word' id='word_1_287' title='bbox 1138 3687 1175 3745; x_wconf 88' lang='lat' dir='ltr'><strong>et</strong></span> <span class='ocrx_word' id='word_1_288' title='bbox 1200 3671 1356 3771; x_wconf 89' lang='lat' dir='ltr'><strong>speciem</strong></span> <span class='ocrx_word' id='word_1_289' title='bbox 1380 3670 1541 3744; x_wconf 88' lang='lat' dir='ltr'><strong>utilitatis</strong></span> <span class='ocrx_word' id='word_1_290' title='bbox 1565 3673 1802 3745; x_wconf 84' lang='lat' dir='ltr'><strong>monstrantia</strong></span> 
     </span>
     <span class='ocr_line' id='line_1_29' title="bbox 178 3790 1802 3893; baseline 0.001 -29"><span class='ocrx_word' id='word_1_291' title='bbox 178 3792 420 3891; x_wconf 83' lang='lat' dir='ltr'><strong>spemimus,</strong></span> <span class='ocrx_word' id='word_1_292' title='bbox 449 3792 614 3893; x_wconf 67' lang='lat' dir='ltr'><strong>maedam</strong></span> <span class='ocrx_word' id='word_1_293' title='bbox 644 3817 767 3867; x_wconf 87' lang='lat' dir='ltr'><strong>amara</strong></span> <span class='ocrx_word' id='word_1_294' title='bbox 797 3792 882 3865; x_wconf 88' lang='grc'><strong>11111</strong></span> <span class='ocrx_word' id='word_1_295' title='bbox 907 3791 1090 3884; x_wconf 89' lang='lat' dir='ltr'><strong>nolentes,</strong></span> <span class='ocrx_word' id='word_1_296' title='bbox 1118 3806 1238 3865; x_wconf 91' lang='lat' dir='ltr'><strong>tamen</strong></span> <span class='ocrx_word' id='word_1_297' title='bbox 1270 3791 1406 3863; x_wconf 88' lang='lat' dir='ltr'><strong>fortiter</strong></span> <span class='ocrx_word' id='word_1_298' title='bbox 1436 3790 1652 3863; x_wconf 87' lang='lat' dir='ltr'><strong>sustinemus</strong></span> <span class='ocrx_word' id='word_1_299' title='bbox 1674 3818 1683 3862; x_wconf 80' lang='lat' dir='ltr'><strong>r</strong></span> <span class='ocrx_word' id='word_1_300' title='bbox 1709 3791 1802 3865; x_wconf 86' lang='lat' dir='ltr'><strong>adeo</strong></span> 
     </span>
     <span class='ocr_line' id='line_1_30' title="bbox 176 3909 1803 4010; baseline -0.001 -25"><span class='ocrx_word' id='word_1_301' title='bbox 176 3936 266 3985; x_wconf 88' lang='lat' dir='ltr'><strong>non</strong></span> <span class='ocrx_word' id='word_1_302' title='bbox 304 3911 348 3984; x_wconf 91' lang='lat' dir='ltr'><strong>in</strong></span> <span class='ocrx_word' id='word_1_303' title='bbox 369 3912 575 4006; x_wconf 83' lang='lat' dir='ltr'><strong>voluntate,</strong></span> <span class='ocrx_word' id='word_1_304' title='bbox 602 3912 726 3987; x_wconf 89' lang='lat' dir='ltr'><strong>sedin</strong></span> <span class='ocrx_word' id='word_1_305' title='bbox 751 3910 972 4010; x_wconf 88' lang='lat' dir='ltr'><strong>judicatione</strong></span> <span class='ocrx_word' id='word_1_306' title='bbox 994 3911 1189 3985; x_wconf 79' lang='lat' dir='ltr'><strong>voluntatis</strong></span> <span class='ocrx_word' id='word_1_307' title='bbox 1207 3910 1362 3984; x_wconf 89' lang='lat' dir='ltr'><strong>liberum</strong></span> <span class='ocrx_word' id='word_1_308' title='bbox 1385 3923 1526 3983; x_wconf 88' lang='lat' dir='ltr'><strong>constat</strong></span> <span class='ocrx_word' id='word_1_309' title='bbox 1548 3909 1748 4004; x_wconf 86' lang='lat' dir='ltr'><strong>arbitrium,</strong></span> <span class='ocrx_word' id='word_1_310' title='bbox 1766 3928 1803 3984; x_wconf 92' lang='lat' dir='ltr'><strong>et</strong></span> 
     </span>
    </p>

    <p class='ocr_par' dir='ltr' id='par_1_6' title="bbox 146 4030 1805 4973">
     <span class='ocr_line' id='line_1_31' title="bbox 174 4030 1802 4132; baseline 0 -29"><span class='ocrx_word' id='word_1_311' title='bbox 174 4056 264 4104; x_wconf 88' lang='lat' dir='ltr'><strong>non</strong></span> <span class='ocrx_word' id='word_1_312' title='bbox 295 4032 343 4103; x_wconf 88' lang='lat' dir='ltr'><strong>in</strong></span> <span class='ocrx_word' id='word_1_313' title='bbox 363 4032 631 4130; x_wconf 85' lang='lat' dir='ltr'><strong>imaginatione,</strong></span> <span class='ocrx_word' id='word_1_314' title='bbox 653 4032 718 4106; x_wconf 84' lang='lat' dir='ltr'><strong>sed</strong></span> <span class='ocrx_word' id='word_1_315' title='bbox 741 4033 780 4105; x_wconf 88' lang='lat' dir='ltr'><strong>in</strong></span> <span class='ocrx_word' id='word_1_316' title='bbox 803 4033 914 4132; x_wconf 87' lang='lat' dir='ltr'><strong>ipsius</strong></span> <span class='ocrx_word' id='word_1_317' title='bbox 936 4031 1200 4130; x_wconf 87' lang='lat' dir='ltr'><strong>imaginationis</strong></span> <span class='ocrx_word' id='word_1_318' title='bbox 1225 4031 1467 4131; x_wconf 88' lang='lat' dir='ltr'><strong>perpensione</strong></span> <span class='ocrx_word' id='word_1_319' title='bbox 1488 4030 1661 4103; x_wconf 86' lang='lat' dir='ltr'><strong>consistit.</strong></span> <span class='ocrx_word' id='word_1_320' title='bbox 1688 4037 1802 4130; x_wconf 77' lang='lat' dir='ltr'><strong>Atque</strong></span> 
     </span>
     <span class='ocr_line' id='line_1_32' title="bbox 169 4151 1803 4252; baseline 0.001 -29"><span class='ocrx_word' id='word_1_321' title='bbox 169 4151 273 4226; x_wconf 86' lang='lat' dir='ltr'><strong>ideo</strong></span> <span class='ocrx_word' id='word_1_322' title='bbox 308 4151 544 4250; x_wconf 84' lang='lat' dir='ltr'><strong>quarundam</strong></span> <span class='ocrx_word' id='word_1_323' title='bbox 574 4153 757 4226; x_wconf 87' lang='lat' dir='ltr'><strong>actionum</strong></span> <span class='ocrx_word' id='word_1_324' title='bbox 784 4153 946 4252; x_wconf 89' lang='lat' dir='ltr'><strong>nosipsi</strong></span> <span class='ocrx_word' id='word_1_325' title='bbox 974 4152 1151 4252; x_wconf 90' lang='lat' dir='ltr'><strong>principia</strong></span> <span class='ocrx_word' id='word_1_326' title='bbox 1180 4176 1254 4223; x_wconf 91' lang='lat' dir='ltr'><strong>non</strong></span> <span class='ocrx_word' id='word_1_327' title='bbox 1280 4174 1453 4248; x_wconf 89' lang='lat' dir='ltr'><strong>sequaces</strong></span> <span class='ocrx_word' id='word_1_328' title='bbox 1479 4175 1616 4223; x_wconf 89' lang='lat' dir='ltr'><strong>sumus.</strong></span> <span class='ocrx_word' id='word_1_329' title='bbox 1645 4154 1723 4223; x_wconf 89' lang='lat' dir='ltr'><strong>Hoc</strong></span> <span class='ocrx_word' id='word_1_330' title='bbox 1750 4165 1803 4224; x_wconf 92' lang='lat' dir='ltr'><strong>est</strong></span> 
     </span>
     <span class='ocr_line' id='line_1_33' title="bbox 165 4269 1802 4370; baseline -0.001 -24"><span class='ocrx_word' id='word_1_331' title='bbox 165 4273 289 4347; x_wconf 85' lang='lat' dir='ltr'><strong>enirn</strong></span> <span class='ocrx_word' id='word_1_332' title='bbox 313 4272 375 4343; x_wconf 90' lang='lat' dir='ltr'><strong>uti</strong></span> <span class='ocrx_word' id='word_1_333' title='bbox 390 4272 543 4364; x_wconf 87' lang='lat' dir='ltr'><strong>ratione,</strong></span> <span class='ocrx_word' id='word_1_334' title='bbox 564 4273 616 4345; x_wconf 89' lang='lat' dir='ltr'><strong>uti</strong></span> <span class='ocrx_word' id='word_1_335' title='bbox 640 4271 908 4370; x_wconf 80' lang='lat' dir='ltr'><strong>judicatione.»</strong></span> <span class='ocrx_word' id='word_1_336' title='bbox 932 4276 984 4344; x_wconf 84' lang='lat' dir='ltr'><strong>Ex</strong></span> <span class='ocrx_word' id='word_1_337' title='bbox 1004 4272 1060 4343; x_wconf 90' lang='lat' dir='ltr'><strong>his</strong></span> <span class='ocrx_word' id='word_1_338' title='bbox 1079 4273 1200 4370; x_wconf 86' lang='lat' dir='ltr'><strong>itaque</strong></span> <span class='ocrx_word' id='word_1_339' title='bbox 1216 4270 1336 4342; x_wconf 88' lang='lat' dir='ltr'><strong>verbis</strong></span> <span class='ocrx_word' id='word_1_340' title='bbox 1359 4269 1500 4342; x_wconf 87' lang='lat' dir='ltr'><strong>Boethii</strong></span> <span class='ocrx_word' id='word_1_341' title='bbox 1527 4284 1625 4369; x_wconf 90' lang='lat' dir='ltr'><strong>patet</strong></span> <span class='ocrx_word' id='word_1_342' title='bbox 1647 4269 1802 4344; x_wconf 89' lang='lat' dir='ltr'><strong>liberum</strong></span> 
     </span>
     <span class='ocr_line' id='line_1_34' title="bbox 165 4389 1804 4492; baseline -0.001 -27"><span class='ocrx_word' id='word_1_343' title='bbox 165 4391 397 4465; x_wconf 79' lang='lat' dir='ltr'><strong>arbitrium</strong></span> <span class='ocrx_word' id='word_1_344' title='bbox 420 4390 513 4464; x_wconf 90' lang='lat' dir='ltr'><strong>nibil</strong></span> <span class='ocrx_word' id='word_1_345' title='bbox 533 4390 631 4465; x_wconf 88' lang='lat' dir='ltr'><strong>aliud</strong></span> <span class='ocrx_word' id='word_1_346' title='bbox 648 4414 850 4489; x_wconf 88' lang='lat' dir='ltr'><strong>essequam</strong></span> <span class='ocrx_word' id='word_1_347' title='bbox 871 4392 986 4492; x_wconf 90' lang='lat' dir='ltr'><strong>ipsam</strong></span> <span class='ocrx_word' id='word_1_348' title='bbox 1005 4392 1117 4465; x_wconf 91' lang='lat' dir='ltr'><strong>animi</strong></span> <span class='ocrx_word' id='word_1_349' title='bbox 1139 4389 1343 4487; x_wconf 85' lang='lat' dir='ltr'><strong>facultatem</strong></span> <span class='ocrx_word' id='word_1_350' title='bbox 1368 4389 1593 4462; x_wconf 86' lang='lat' dir='ltr'><strong>deliberandi</strong></span> <span class='ocrx_word' id='word_1_351' title='bbox 1614 4414 1657 4462; x_wconf 88' lang='lat' dir='ltr'><strong>ao</strong></span> <span class='ocrx_word' id='word_1_352' title='bbox 1677 4389 1804 4488; x_wconf 89' lang='lat' dir='ltr'><strong>dijudi-</strong></span> 
     </span>
     <span class='ocr_line' id='line_1_35' title="bbox 158 4509 1805 4609; baseline -0.003 -22"><span class='ocrx_word' id='word_1_353' title='bbox 158 4512 297 4587; x_wconf 72' lang='lat' dir='ltr'><strong>eundi</strong></span> <span class='ocrx_word' id='word_1_354' title='bbox 335 4509 378 4584; x_wconf 89' lang='lat' dir='ltr'><strong>id</strong></span> <span class='ocrx_word' id='word_1_355' title='bbox 405 4511 508 4609; x_wconf 90' lang='lat' dir='ltr'><strong>quod</strong></span> <span class='ocrx_word' id='word_1_356' title='bbox 532 4512 619 4585; x_wconf 84' lang='lat' dir='ltr'><strong>velit</strong></span> <span class='ocrx_word' id='word_1_357' title='bbox 644 4512 774 4607; x_wconf 90' lang='lat' dir='ltr'><strong>facere,</strong></span> <span class='ocrx_word' id='word_1_358' title='bbox 804 4536 850 4585; x_wconf 85' lang='lat' dir='ltr'><strong>an</strong></span> <span class='ocrx_word' id='word_1_359' title='bbox 880 4512 1014 4585; x_wconf 88' lang='lat' dir='ltr'><strong>scilicet</strong></span> <span class='ocrx_word' id='word_1_360' title='bbox 1036 4511 1081 4584; x_wconf 88' lang='lat' dir='ltr'><strong>sit</strong></span> <span class='ocrx_word' id='word_1_361' title='bbox 1105 4509 1329 4603; x_wconf 81' lang='lat' dir='ltr'><strong>faciendum,</strong></span> <span class='ocrx_word' id='word_1_362' title='bbox 1357 4534 1404 4582; x_wconf 88' lang='lat' dir='ltr'><strong>an</strong></span> <span class='ocrx_word' id='word_1_363' title='bbox 1433 4535 1508 4582; x_wconf 90' lang='lat' dir='ltr'><strong>non</strong></span> <span class='ocrx_word' id='word_1_364' title='bbox 1536 4511 1637 4607; x_wconf 93' lang='lat' dir='ltr'><strong>quod</strong></span> <span class='ocrx_word' id='word_1_365' title='bbox 1663 4510 1805 4607; x_wconf 84' lang='lat' dir='ltr'><strong>elegerit</strong></span> 
     </span>
     <span class='ocr_line' id='line_1_36' title="bbox 153 4628 1804 4735; baseline -0.004 -28"><span class='ocrx_word' id='word_1_366' title='bbox 153 4630 447 4735; x_wconf 82' lang='lat' dir='ltr'><strong>sequendum.</strong></span> <span class='ocrx_word' id='word_1_367' title='bbox 479 4632 583 4705; x_wconf 88' lang='lat' dir='ltr'><strong>Unde</strong></span> <span class='ocrx_word' id='word_1_368' title='bbox 608 4646 644 4705; x_wconf 90' lang='grc'><strong>11</strong></span> <span class='ocrx_word' id='word_1_369' title='bbox 670 4633 732 4731; x_wconf 91' lang='lat' dir='ltr'><strong>qui</strong></span> <span class='ocrx_word' id='word_1_370' title='bbox 756 4631 846 4704; x_wconf 93' lang='lat' dir='ltr'><strong>nihil</strong></span> <span class='ocrx_word' id='word_1_371' title='bbox 867 4647 950 4706; x_wconf 87' lang='lat' dir='ltr'><strong>actu</strong></span> <span class='ocrx_word' id='word_1_372' title='bbox 970 4632 1169 4725; x_wconf 88' lang='lat' dir='ltr'><strong>deliberat,</strong></span> <span class='ocrx_word' id='word_1_373' title='bbox 1200 4632 1284 4728; x_wconf 89' lang='lat' dir='ltr'><strong>quia</strong></span> <span class='ocrx_word' id='word_1_374' title='bbox 1310 4644 1433 4702; x_wconf 90' lang='lat' dir='ltr'><strong>tamen</strong></span> <span class='ocrx_word' id='word_1_375' title='bbox 1462 4628 1510 4702; x_wconf 87' lang='lat' dir='ltr'><strong>ad</strong></span> <span class='ocrx_word' id='word_1_376' title='bbox 1534 4628 1804 4703; x_wconf 85' lang='lat' dir='ltr'><strong>deliberandum</strong></span> 
     </span>
     <span class='ocr_line' id='line_1_37' title="bbox 152 4747 1803 4855; baseline -0.005 -29"><span class='ocrx_word' id='word_1_377' title='bbox 152 4770 290 4855; x_wconf 72' lang='lat' dir='ltr'><strong>aptans</strong></span> <span class='ocrx_word' id='word_1_378' title='bbox 314 4765 396 4843; x_wconf 83' lang='lat' dir='ltr'><strong>est,</strong></span> <span class='ocrx_word' id='word_1_379' title='bbox 414 4749 530 4824; x_wconf 91' lang='lat' dir='ltr'><strong>libero</strong></span> <span class='ocrx_word' id='word_1_380' title='bbox 549 4776 624 4825; x_wconf 90' lang='lat' dir='ltr'><strong>non</strong></span> <span class='ocrx_word' id='word_1_381' title='bbox 641 4766 738 4825; x_wconf 86' lang='lat' dir='ltr'><strong>caret</strong></span> <span class='ocrx_word' id='word_1_382' title='bbox 753 4750 914 4825; x_wconf 88' lang='lat' dir='ltr'><strong>arbitrio.</strong></span> <span class='ocrx_word' id='word_1_383' title='bbox 933 4755 1051 4841; x_wconf 88' lang='lat' dir='ltr'><strong>Quam</strong></span> <span class='ocrx_word' id='word_1_384' title='bbox 1066 4751 1214 4849; x_wconf 92' lang='lat' dir='ltr'><strong>quidem</strong></span> <span class='ocrx_word' id='word_1_385' title='bbox 1232 4750 1437 4824; x_wconf 88' lang='lat' dir='ltr'><strong>facultatem</strong></span> <span class='ocrx_word' id='word_1_386' title='bbox 1457 4774 1566 4825; x_wconf 91' lang='lat' dir='ltr'><strong>nemo</strong></span> <span class='ocrx_word' id='word_1_387' title='bbox 1587 4751 1663 4821; x_wconf 87' lang='lat' dir='ltr'><strong>sani</strong></span> <span class='ocrx_word' id='word_1_388' title='bbox 1679 4747 1803 4845; x_wconf 87' lang='lat' dir='ltr'><strong>capitis</strong></span> 
     </span>
     <span class='ocr_line' id='line_1_38' title="bbox 146 4864 1804 4973; baseline -0.007 -26"><span class='ocrx_word' id='word_1_389' title='bbox 146 4872 368 4973; x_wconf 71' lang='lat' dir='ltr'><strong>parvrrfis</strong></span> <span class='ocrx_word' id='word_1_390' title='bbox 382 4870 508 4947; x_wconf 85' lang='lat' dir='ltr'><strong>deesse</strong></span> <span class='ocrx_word' id='word_1_391' title='bbox 524 4872 759 4968; x_wconf 81' lang='lat' dir='ltr'><strong>contradicet,</strong></span> <span class='ocrx_word' id='word_1_392' title='bbox 777 4874 852 4947; x_wconf 84' lang='lat' dir='ltr'><strong>sive</strong></span> <span class='ocrx_word' id='word_1_393' title='bbox 868 4873 1011 4946; x_wconf 87' lang='lat' dir='ltr'><strong>furiosis</strong></span> <span class='ocrx_word' id='word_1_394' title='bbox 1027 4886 1090 4947; x_wconf 88' lang='lat' dir='ltr'><strong>aut</strong></span> <span class='ocrx_word' id='word_1_395' title='bbox 1106 4886 1227 4944; x_wconf 89' lang='lat' dir='ltr'><strong>mente</strong></span> <span class='ocrx_word' id='word_1_396' title='bbox 1243 4872 1371 4970; x_wconf 84' lang='lat' dir='ltr'><strong>captis,</strong></span> <span class='ocrx_word' id='word_1_397' title='bbox 1391 4870 1453 4967; x_wconf 93' lang='lat' dir='ltr'><strong>qui</strong></span> <span class='ocrx_word' id='word_1_398' title='bbox 1472 4868 1694 4941; x_wconf 74' lang='lat' dir='ltr'><strong>discretionis</strong></span> <span class='ocrx_word' id='word_1_399' title='bbox 1708 4864 1804 4962; x_wconf 74' lang='lat' dir='ltr'><strong>judi·</strong></span> 
     </span>
    </p>
   </div>
   <div class='ocr_carea' id='block_1_6' title="bbox 182 5120 822 5214">
    <p class='ocr_par' dir='ltr' id='par_1_7' title="bbox 182 5120 822 5214">
     <span class='ocr_line' id='line_1_39' title="bbox 182 5120 822 5214; baseline 0.003 -16"><span class='ocrx_word' id='word_1_400' title='bbox 182 5159 189 5184; x_wconf 71' lang='grc' dir='ltr'>ι</span> <span class='ocrx_word' id='word_1_401' title='bbox 203 5154 287 5214; x_wconf 60' lang='lat' dir='ltr'><strong>reg.</strong></span> <span class='ocrx_word' id='word_1_402' title='bbox 309 5147 426 5209; x_wconf 76' lang='lat' dir='ltr'><strong>Quart.</strong></span> <span class='ocrx_word' id='word_1_403' title='bbox 445 5144 535 5210; x_wconf 81' lang='grc'><strong>11111,</strong></span> <span class='ocrx_word' id='word_1_404' title='bbox 552 5148 629 5213; x_wconf 73' lang='lat' dir='ltr'><strong>epp,</strong></span> <span class='ocrx_word' id='word_1_405' title='bbox 641 5154 659 5198; x_wconf 91' lang='grc'><strong>1.</strong></span> <span class='ocrx_word' id='word_1_406' title='bbox 672 5120 718 5211; x_wconf 73' lang='lat' dir='ltr'><strong>vt,</strong></span> <span class='ocrx_word' id='word_1_407' title='bbox 733 5149 781 5200; x_wconf 82' lang='lat' dir='ltr'><strong>cot.</strong></span> <span class='ocrx_word' id='word_1_408' title='bbox 796 5152 822 5201; x_wconf 87' lang='lat' dir='ltr'><strong>o.</strong></span> 
     </span>
    </p>
   </div>
   <div class='ocr_carea' id='block_1_7' title="bbox 0 0 2290 6100">
    <p class='ocr_par' dir='ltr' id='par_1_8' title="bbox 0 0 2290 6100">
     <span class='ocr_line' id='line_1_40' title="bbox 0 0 2290 6100; baseline 0 0"><span class='ocrx_word' id='word_1_409' title='bbox 0 0 2290 6100; x_wconf 95' lang='lat' dir='ltr'><strong> </strong></span> 
     </span>
    </p>
   </div>
  </div>
 </body>
</html>
