4559 6100
735 500 991 574 THEOLOGlA
1024 502 1295 579 CHRlS‘l'lANA.
1737 501 1810 584 37⁶.

219 649 424 749 arguendus
447 653 505 745 sit,
528 666 590 725 aut
618 652 901 746 convincendus,
928 653 1038 727 etille
1064 654 1174 726 nimia
1197 650 1408 725 confusione
1429 652 1731 750 conteratur,qui
1745 675 1811 752 per

219 770 345 850 eadem
362 772 529 864 vincitur,
549 795 615 871 per
630 796 709 870 quae
723 772 868 845 vincere
884 771 1077 846 nitebatur.
1101 835 1107 842 .

266 888 505 991 Philosophos
532 903 651 964 autern
684 915 799 963 unum
825 891 1092 965 tantummodo·
1112 896 1230 963 Deum
1256 911 1495 987 cognoscere,
1524 914 1618 961 unus
1651 914 1696 962 ex
1722 890 1809 990 ipsis

216 1009 349 1086 Tullius
374 1013 411 1082 in
437 1012 556 1110 primo
582 1011 849 1083 Rhetorirorum
876 1011 1040 1111 perhibet
1063 1011 1216 1084 dicensz
1248 1013 1353 1081 «Eos
1377 1009 1439 1107 qui
1462 1006 1699 1108 philosophiae
1720 1007 1809 1082 dant

217 1153 365 1228 operam
382 1154 455 1202 non
474 1130 637 1203 arbitrari
655 1134 750 1203 Deos
765 1155 882 1222 esse,»
902 1131 991 1203 acsi
1008 1144 1129 1229 aperte
1152 1129 1248 1202 dicat
1268 1155 1276 1201 :
1296 1129 1409 1201 immo
1431 1131 1548 1201 Deum
1573 1151 1707 1220 unum,
1731 1151 1807 1204 non
1831 1219 1838 1240 Ι

216 1248 304 1322 deos
327 1249 459 1349 plures.
490 1255 543 1323 De
566 1250 698 1349 quibus
718 1250 825 1322 etiam
848 1249 1053 1351 Apostolus,
1076 1264 1165 1323 teste
1186 1250 1400 1346 Augustino,
1427 1273 1511 1320 cum
1533 1228 1808 1323 Atheniensibus

214 1366 366 1467 loquens
382 1393 457 1441 rem
476 1392 642 1466 magnam
660 1367 819 1462 dixisset,
838 1385 874 1441 et
890 1394 968 1466 quae
984 1394 1004 1441 a
1023 1369 1147 1469 paucis
1164 1382 1283 1467 posset
1307 1367 1467 1466 intelligi,
1489 1367 1591 1467 quod
1607 1369 1644 1440 in
1663 1367 1725 1441 illo
1742 1370 1808 1442 sci·

213 1485 295 1560 licet
319 1518 336 1557 a
349 1488 515 1582 vivimus,
531 1513 720 1561 movemur
732 1502 768 1559 et
778 1514 915 1583 sumus,
928 1517 946 1557 u
966 1488 1106 1586 adjecit,
1124 1517 1143 1556 u
1153 1489 1244 1561 sicut
1257 1502 1293 1560 et
1307 1488 1412 1560 vestri
1423 1484 1569 1583 quidam
1583 1486 1803 1561 dixerunt¹.»

212 1610 267 1679 De
284 1607 414 1680 talibus
430 1633 570 1681 rursum
587 1608 682 1681 idem
699 1609 888 1707 Apostolus
901 1608 947 1681 ad
966 1612 1149 1682 Romanos
1166 1607 1303 1681 scribit·
1321 1635 1330 1679 ε
1352 1638 1370 1674 α
1384 1604 1493 1696 Quod
1512 1622 1640 1680 notum
1654 1622 1711 1706 est
1722 1610 1802 1700 Dei,

213 1727 442 1800 manifestum
470 1742 523 1800 est
549 1729 617 1802 illis
638 1733 759 1802 :Deus
786 1732 882 1801 enirn
909 1729 977 1801 illis
1004 1728 1241 1803 manifestavit
1270 1754 1279 1801 r
1311 1726 1501 1801 invisibilia
1527 1728 1623 1800 enim
1646 1728 1756 1827 ipsius
1783 1754 1804 1802 a

211 1861 374 1920 creatura
399 1847 528 1920 mundi
556 1873 621 1946 per
654 1873 697 1922 ea
724 1874 804 1948 quae
831 1850 923 1922 lacta
953 1865 1035 1922 sunt
1065 1847 1243 1922 intellecta
1269 1847 1556 1947 conspiciuntur,
1590 1848 1805 1947 sempiterna

209 1990 358 2063 quoque
381 1968 492 2042 virtus
513 1977 588 2067 ejus
611 1983 646 2042 et
662 1969 829 2041 divinitas
849 1996 857 2039 :
878 1970 926 2041 ita
950 1982 990 2040 ut
1006 1970 1075 2042 sint
1098 1966 1379 2058 inexcusabiles,
1400 1968 1486 2065 quia
1505 1990 1589 2040 cum
1613 1969 1803 2066 cognoris·

208 2101 288 2158 sent
304 2092 434 2179 Deum,
450 2113 525 2160 non
540 2090 632 2160 sicut
647 2095 763 2163 Deum
778 2088 1079 2185 glorificaverunt,
1099 2104 1161 2162 aut
1177 2091 1306 2187 gratias
1318 2105 1484 2186 egerunt3
1504 2087 1566 2163 sed
1580 2105 1803 2174 evanuerunt

206 2205 246 2276 in
265 2207 543 2301 cogitationibus
559 2210 675 2279 suis.»
696 2213 768 2280 Nec
788 2209 919 2280 mirum
934 2234 1018 2281 cnm
1034 2223 1069 2281 et
1090 2208 1293 2281 Salomonis
1309 2208 1369 2279 illa
1389 2208 1561 2307 sapientia
1581 2234 1646 2307 per
1667 2233 1803 2282 concu-

206 2325 419 2421 piscentiam
445 2325 676 2424 carnalesque
693 2326 896 2425 voluptates
919 2326 1071 2419 devicta,
1099 2325 1271 2399 idolatriae
1287 2327 1519 2419 consenserit,
1545 2325 1668 2399 divino
1686 2328 1798 2420 cultu,

205 2466 318 2539 quem
341 2445 377 2516 in
394 2446 467 2517 suis
488 2461 524 2519 et
545 2444 699 2544 docebat
720 2461 756 2518 et
781 2445 1009 2545 predicabat,
1033 2444 1217 2518 derelicto.
1244 2445 1300 2518 Ad
1320 2470 1428 2544 quem
1453 2446 1560 2518 etiam
1578 2444 1714 2518 cultum
1735 2448 1802 2532 Dei

206 2564 537 2660 magnificandum,
565 2567 640 2665 ipse
662 2565 761 2663 jussu
791 2567 857 2638 Dei
884 2566 1058 2665 templum
1084 2565 1285 2657 edificavit,
1312 2589 1432 2664 aquo
1460 2580 1561 2664 pater
1587 2566 1663 2662 ejus
1684 2568 1800 2662 justus

203 2675 380 2755 inhibitus
403 2684 479 2756 fuit.
504 2685 600 2757 Deus
616 2699 734 2758 autem
758 2685 922 2785 reprobis
939 2687 1045 2757 etiam
1064 2698 1100 2757 et
1122 2684 1328 2758 infidelibus
1345 2710 1620 2784 nonnumquam
1645 2687 1804 2764 maxima,

204 2799 305 2873 dona
319 2802 511 2896 distribuit,
532 2829 611 2901 quae
628 2803 781 2877 aliorum
799 2804 976 2877 doctrinae·
987 2804 1044 2876 vel
1062 2805 1144 2876 usui
1160 2803 1358 2877 necessaria
1375 2805 1449 2877 sore
1463 2802 1576 2895 videt,
1602 2829 1748 2888 necnon
1763 2822 1800 2880 et

203 2929 271 3019 per
284 2921 460 3021 reprobos
478 2922 589 2995 multa
607 2925 777 2996 miracula
793 2938 976 3022 operatur,
996 2923 1041 2995 de
1058 2922 1190 3022 quibus
1208 2924 1244 2996 iu
1270 2924 1463 3019 Evangelio
1480 2925 1646 3014 Veritas⁸,
1671 2924 1810 3020 «Multi,

201 3039 326 3115 dicent
343 3040 432 3115 mihi
449 3043 486 3114 in
503 3042 561 3117 illa
582 3041 661 3116 die:
682 3044 852 3136 Domine,
872 3044 1039 3136 Domine,
1061 3069 1185 3118 nonne
1199 3044 1235 3115 in
1254 3045 1402 3117 nomine
1421 3059 1483 3117 tuo
1505 3044 1804 3144 prophetavimus.

199 3175 237 3234 et
255 3162 291 3233 in
310 3164 457 3236 nomine
478 3178 541 3235 tuo
556 3162 730 3235 daemnnia
749 3164 931 3260 ejecimus,
951 3176 988 3234 et
1000 3164 1037 3235 in
1062 3165 1211 3236 nomine
1231 3177 1298 3236 tuo
1310 3166 1459 3236 virtutes
1477 3164 1606 3236 multas
1626 3165 1796 3238 lecimus?
1812 3246 1819 3257 ἃ

198 3284 247 3353 Et
265 3292 353 3353 tunc
366 3280 570 3354 confitebor
586 3281 667 3374 illis,
683 3284 858 3380 quianon
876 3283 960 3353 novi
977 3306 1055 3353 vos.
1070 3282 1250 3354 Discedite
1266 3306 1285 3356 a
1301 3307 1359 3354 me
1376 3284 1437 3380 qui
1448 3284 1649 3382 operamini
1664 3286 1796 3382 iniqui·

195 3402 325 3473 tat'em.
344 3430 362 3469 u
387 3405 478 3474 Cum
500 3415 620 3473 autem¹
642 3427 706 3500 per
731 3399 906 3500 reprobos
926 3404 1022 3473 Deus
1040 3415 1103 3472 aut
1120 3401 1294 3474 miracula
1311 3401 1481 3486 ostendit,
1504 3417 1566 3473 aut
1590 3402 1802 3499 prophetias,

193 3519 374 3616 loquitur,
405 3533 466 3592 aut
496 3518 663 3617 qualibet·
691 3543 821 3616 magna
848 3531 1030 3618 operatur,
1075 3544 1150 3591 non
1179 3519 1226 3592 ad
1254 3520 1440 3595 utilitatem
1470 3521 1630 3619 ipsorum
1664 3523 1799 3618 agitur„

193 3638 334 3737 quibus
357 3639 468 3711 utitur
491 3652 675 3736 tamquam
696 3639 957 3729 instrumentis,
985 3638 1049 3711 sed
1074 3639 1194 3737 potius
1218 3639 1392 3728 aliorum,
1411 3663 1504 3737 quos
1529 3639 1795 3740 instruere'per

191 3760 287 3830 istos
312 3758 487 3848 intendat,
513 3759 575 3855 qui
602 3773 638 3830 et
664 3783 731 3857 per
753 3757 924 3855 indiguos
946 3758 1128 3830 ministros
1156 3760 1275 3853 gratiae
1297 3782 1369 3829 suae
1396 3757 1493 3830 dona
1527 3781 1601 3830 non
1628 3758 1794 3834 deserens

191 3878 361 3976 qnotidie
384 3893 605 3950 sacramenta
632 3876 795 3950 Ecclesiae
818 3876 864 3949 ad
885 3878 1151 3949 invocationem
1176 3877 1230 3948 sui
1254 3878 1412 3949 nominis
1428 3877 1625 3975 specialiter
1648 3878 1796 3959 conficit

189 3997 231 4069 in
261 3996 412 4070 salntem
435 3998 672 4071 credentium.
694 4001 787 4068 Bene
803 4011 922 4068 autem
943 4011 979 4067 et
993 4020 1059 4095 per
1075 3996 1242 4092 indignos
1261 4019 1326 4069 seu
1341 3994 1502 4069 infideles
1525 3999 1679 4073 maxima
1695 4004 1797 4075 Deus

188 4136 381 4219 operatur,
406 4123 468 4217 qui
489 4120 606 4194 verbis
626 4120 718 4191 asini
736 4120 949 4218 prophetam
969 4119 1119 4217 docuit⁸,
1139 4120 1232 4191 nesi
1254 4143 1319 4219 per
1338 4145 1486 4217 magnos
1507 4135 1644 4194 tanturn
1662 4148 1792 4220 magna

187 4242 420 4339 operaretur,
449 4240 639 4313 virtutibus
667 4239 871 4337 meritisque
897 4240 1054 4313 hominis
1078 4239 1192 4339 magis
1217 4262 1325 4340 quam
1352 4238 1480 4315 divinae
1497 4244 1614 4340 gratiae
1638 4242 1713 4317 haec
1729 4245 1790 4323 tri·

184 4362 403 4437 buerentur.
1133 4350 1137 4357 ⁵

241 4485 384 4557 Primus
419 4500 537 4558 autem
567 4484 666 4559 ntrnc
703 4486 762 4559 ille
790 4486 1059 4582 antiquissimus
1090 4485 1391 4586 philosophorum
1419 4501 1455 4561 et
1484 4492 1604 4586 magni
1632 4490 1791 4562 nominis

183 4619 361 4677 occurrat
374 4607 582 4695 Mercurius,
601 4632 710 4703 quem
727 4603 962 4705 praecellentia
985 4628 1049 4677 sua
1073 4608 1189 4677 Deum
1204 4630 1350 4704 quoque
1371 4608 1638 4706 appellaverunt
1660 4636 1669 4680 ε
1689 4609 1791 4705 cujus

179 4723 341 4821 quidem
362 4722 606 4798 testimonium
629 4725 676 4798 de
698 4725 929 4822 generatione
948 4724 1052 4798 Verbi
1077 4726 1290 4824 Augustinus
1314 4730 1449 4799 Contra
1466 4730 1620 4827 quinque
1641 4727 1790 4799 hereses

184 5024 186 5027 ¹
214 5042 221 5070 ¹
235 5039 295 5088 Act.
308 5038 405 5101 Apost,
417 5051 470 5101 rap.
483 5048 542 5101 κω,
555 5036 577 5088 r:
591 5040 630 5089 28.
644 5036 779 5101 -2fl'om,
790 5052 844 5103 cap.
857 5050 875 5102 t,
887 5050 910 5089 r.
925 5040 964 5093 19.
976 5032 1125 5100 -2ttnu.‚
1137 5053 1193 5104 cap.
1205 5052 1249 5103 vn,
1260 5053 1283 5091 r.
1296 5043 1335 5093 22.
1345 5040 1541 5104 -⁴Nun.,cap.
1553 5052 1613 5099 xxti,
1623 5052 1644 5088 r.
1654 5038 1771 5102 auserit>

176 5126 242 5170 tura
256 5118 362 5168 artatum
375 5126 458 5183 vocat,
471 5132 520 5171 nou
535 5120 688 5184 prophetans
