4559 6100
951 527 1186 608 Drahonus.
1795 517 1868 591 61ιῦ

268 675 381 751 corde
408 675 569 748 intentus
594 687 631 746 et
655 687 731 746 tam
753 673 915 774 ipsorum
945 679 1147 752 rationibus
1173 698 1283 776 quam
1308 670 1581 746 auctoritatibus
1612 664 1793 759 eruditus,
1821 668 1869 741 ad

269 795 444 870 moralem
458 794 606 868 tandem
620 818 680 866 me
693 793 830 866 contuli
845 794 1126 898 philosophiam,
1144 820 1225 896 quae
1240 793 1406 868 omnium
1421 782 1503 864 finis
1516 803 1569 863 est
1585 789 1867 889 disciplinarum,

270 931 307 991 et
322 929 471 1015 propter
496 938 605 1011 quam
623 926 743 986 cetera
759 915 882 988 omnia
897 919 1119 1017 praelibanda
1138 916 1310 1016 judicavi.
1331 913 1398 986 Hic
1415 911 1461 985 de
1479 907 1741 984 summobono
1765 922 1801 980 et
1822 906 1869 979 de

269 1061 414 1111 summo
438 1034 535 1108 malo
556 1049 595 1108 et
611 1034 658 1107 de
674 1035 731 1106 his
748 1059 829 1134 quae
844 1038 902 1110 vel
919 1038 1066 1112 beatum
1085 1039 1275 1112 homiuem
1294 1033 1352 1107 vel
1374 1033 1546 1107 miserum
1567 1030 1720 1119 iaciunt,
1748 1025 1871 1125 quoad

271 1156 375 1257 potui
403 1156 618 1247 instructus,
650 1155 769 1227 statim
796 1155 895 1255 apud
921 1183 981 1231 me
1006 1159 1165 1232 diversas
1192 1157 1301 1230 etiam
1331 1152 1415 1226 fidei
1442 1165 1573 1241 seems,
1607 1148 1739 1246 quibus
1772 1170 1871 1219 nunc

270 1274 431 1348 mundus
454 1273 590 1345 divisus
614 1286 668 1346 est
697 1274 857 1349 studiose
880 1293 1058 1352 scrutatus
1083 1303 1188 1368 sum,
1217 1271 1451 1349 et'omnibus
1467 1269 1637 1370 inspectis
1660 1283 1697 1340 et
1717 1266 1873 1339 invicem

269 1394 422 1487 collutis,
443 1392 533 1467 illud
549 1395 650 1492 sequi
671 1394 826 1491 decrevi,
847 1400 947 1497 quod
973 1413 1256 1473 consentaneum
1281 1396 1393 1493 magis
1414 1394 1459 1466 sit
1480 1391 1625 1465 rationi.
1648 1387 1796 1462 Contuli
1814 1408 1873 1459 me

269 1516 376 1614 igitur
393 1512 441 1588 ad
463 1514 671 1586 ludaeorum
690 1538 839 1614 quoque
860 1534 896 1591 et
913 1519 1199 1593 Christianorum
1222 1516 1428 1590 doctrinam
1449 1526 1485 1585 et
1508 1525 1745 1607 utrorumque
1762 1505 1872 1579 fidem

270 1647 307 1707 et
326 1633 422 1731 leges
445 1633 518 1705 sive
539 1634 695 1707 rationes
712 1635 956 1710 discutientes.
976 1640 1145 1739 Comperi
1158 1636 1298 1736 judaeos
1315 1633 1455 1725 stultos,
1476 1631 1689 1704 christianos
1701 1628 1870 1715 insanos,

270 1769 312 1826 ut
336 1778 420 1826 cum
449 1753 546 1827 salva
566 1779 655 1854 pace
672 1768 752 1848 tua,
775 1758 839 1854 qui
865 1758 1079 1833 christianus
1106 1758 1253 1849 diceris,
1277 1758 1344 1829 ista
1364 1755 1505 1851 loquar.
1532 1749 1679 1823 Contuli
1704 1747 1766 1820 diu
1788 1770 1874 1818 cum

270 1873 453 1970 utrisque,
484 1885 521 1946 et
545 1887 676 1947 nostra
707 1875 909 1950 collationis
938 1877 1171 1952 altercatione
1197 1875 1364 1950 nondum
1392 1873 1502 1947 finem
1529 1871 1684 1969 adepta,
1714 1866 1872 1966 partium

174 2008 176 2011 ’
270 2016 418 2065 suarum
445 1993 622 2084 rationes,
657 2007 722 2067 tuo
755 1998 982 2070 committere
1008 1999 1234 2072 decrevimus
1259 1994 1420 2069 arbitrio.
1447 1996 1496 2065 Te
1520 1990 1657 2089 quippe
1694 2008 1762 2063 nec
1791 1985 1872 2085 phi·

270 2111 540 2211 losophicarum
553 2113 735 2185 rationum
759 2115 866 2206 vires,
890 2136 959 2190 nec
974 2118 1163 2215 utriusque
1180 2115 1266 2213 legis
1286 2116 1513 2187 munimenta
1538 2112 1662 2198 latere,
1688 2108 1870 2180 novimus.
1972 2135 1974 2138 ⁴

271 2231 475 2304 Christiana
498 2256 656 2329 namque
679 2234 855 2332 professio
877 2237 928 2309 sic
951 2238 1099 2338 propria
1124 2238 1203 2334 lege
1227 2236 1367 2327 nititur,
1394 2258 1504 2331 quam
1520 2235 1663 2303 Novum
1684 2227 1875 2301 nominant

271 2354 553 2445 Testamentum,
573 2364 613 2423 ut
627 2376 799 2452 respuere
813 2367 933 2427 tamen
951 2380 1026 2428 non
1046 2367 1239 2455 praesumat
1254 2354 1466 2451 Antiquam,
1485 2364 1521 2423 et
1536 2349 1722 2444 utriusque
1729 2342 1873 2419 lectioni

272 2471 470 2543 maximum
504 2469 691 2570 impendat
722 2472 895 2547 studium.
926 2474 1090 2572 Aliquem
1117 2474 1225 2547 nobis
1246 2474 1416 2610 judicem·
1435 2467 1627 2570 oportebat
1654 2467 1806 2565 eligere,
1835 2479 1873 2538 ut

272 2588 457 2662 altercatio
482 2602 606 2662 nostra
629 2588 740 2664 finem
757 2593 951 2692 acciperet,
971 2619 1039 2669 nec
1055 2618 1290 2693 quemquam,
1314 2593 1386 2671 nisi
1407 2592 1445 2665 in
1463 2590 1584 2688 aliqua
1608 2588 1738 2660 harum
1764 2584 1874 2657 trium

274 2721 454 2782 sectarum
470 2709 628 2807 reperire
645 2711 841 2808 potuimus.
1883 2782 1886 2787 ⁴

322 2832 372 2901 hc
385 2826 530 2920 deinde,
549 2843 721 2928 tanquam
735 2831 951 2905 adulationis
966 2830 1088 2905 oleum
1104 2830 1279 2927 vendens,
1295 2846 1331 2904 et
1344 2843 1454 2930 caput
1466 2852 1591 2902 meum
1603 2826 1676 2900 hoc
1689 2837 1874 2922 unguento

273 2947 494 3037 demulcens,
517 2949 639 3023 statim
663 2950 782 3023 intulit
809 2978 818 3024 ε
849 2957 996 3040 Quanto
1019 2953 1127 3051 igitur
1152 2953 1287 3051 ingenii
1308 2962 1344 3025 te
1378 2950 1545 3025 acumine
1571 2962 1607 3020 et
1634 2943 1876 3044 quarumlibet

202 3163 206 3172 Ι
273 3056 422 3143 scientia
433 3069 690 3168 scripturarum
708 3071 802 3145 lama
817 3085 872 3145 est
885 3075 1112 3172 praeminere,
1132 3087 1234 3147 tanto
1252 3072 1407 3171 amplius
1422 3072 1459 3143 in
1476 3069 1548 3142 hoc
1561 3066 1702 3165 judicio
1721 3065 1876 3139 favendo

274 3188 349 3261 sive
374 3186 604 3260 defendendo
629 3204 772 3264 constat
792 3192 930 3282 valere,
953 3207 989 3265 et
1005 3193 1252 3289 cujuscunque
1275 3206 1440 3264 nostrum
1463 3186 1652 3261 rebellioni
1678 3184 1876 3258 satisfacere

274 3330 395 3406 posse.
414 3305 523 3394 Quod
546 3331 634 3379 vero
656 3308 790 3405 ingenii
815 3311 867 3382 tui
893 3311 938 3383 sit
959 3335 1133 3405 acumen,
1160 3325 1336 3410 quantum
1353 3306 1581 3409 philosophis
1598 3320 1634 3379 et
1649 3305 1780 3377 divinis
1796 3328 1875 3377 sen»

275 3426 397 3500 tentiis
424 3426 608 3499 memoriae
635 3439 704 3499 tuae
732 3428 921 3502 thesaurus
944 3428 1124 3524 abundet,
1152 3446 1280 3530 praeter
1304 3443 1477 3503 consueta
1502 3425 1706 3500 scholarum
1732 3437 1875 3496 tuarum

275 3546 411 3636 studia,
442 3546 574 3644 quibus
598 3547 637 3619 in
666 3562 816 3646 intraque
844 3550 1012 3624 doctrina
1037 3575 1110 3649 prae
1136 3549 1306 3623 omnibus
1331 3548 1524 3648 magistris,
1550 3546 1657 3620 etiam
1680 3544 1772 3637 tuis,
1803 3544 1876 3616 sive

275 3666 363 3766 ipsis
384 3691 531 3765 quoque
557 3681 781 3766 repertarum
803 3669 1033 3750 scientiarum
1058 3669 1292 3770 scriptoribus
1312 3683 1454 3742 constat
1475 3680 1511 3739 te
1533 3664 1711 3756 floruisse,
1739 3661 1877 3737 certum

274 3810 314 3858 se
330 3784 438 3859 nobis
456 3784 608 3885 prebuit
623 3789 910 3887 experimentum
927 3814 1021 3889 opus
1036 3788 1127 3863 illud
1144 3787 1308 3863 mirabile
1324 3788 1526 3886 theologiae,
1544 3784 1645 3884 quod
1660 3808 1729 3858 nec
1745 3783 1878 3856 invidia

275 3902 368 3977 serre
386 3906 517 4004 potuit,
537 3930 605 3979 nec
623 3907 762 3982 auferre
779 3910 977 4007 prevaluit,
996 3909 1060 3983 sed
1077 3909 1267 4006 gloriosius
1283 3906 1536 4010 persequendo
1554 3904 1686 3978 effecit.

326 4028 417 4097 Tum
436 4048 504 4123 ego
523 4051 533 4096 ε
553 4029 634 4098 Νοιι
655 4026 791 4119 ambio,
820 4029 988 4128 inquam,
1008 4028 1117 4127 hujus
1133 4028 1286 4102 honoris
1311 4029 1482 4127 gratiam,
1511 4048 1624 4124 quam
1651 4022 1741 4096 mihi
1766 4048 1879 4096 reser-

277 4145 403 4238 vastis,
431 4159 474 4217 ιιι
495 4144 718 4245 sapientibus
741 4147 877 4221 scilicet
901 4149 1055 4239 omissis,
1083 4147 1232 4221 stultum
1252 4173 1320 4248 pro
1343 4148 1467 4246 judice
1492 4144 1697 4219 statueritis.
1726 4146 1816 4215 Nam
1844 4157 1880 4216 et

277 4286 346 4359 ego
369 4262 494 4336 similis
503 4266 624 4353 vestri,
648 4268 750 4340 vanis
770 4266 879 4366 hujus
903 4268 1032 4341 mundi
1054 4270 1349 4346 contentionibus
1372 4281 1552 4356 amiratus,
1581 4288 1656 4337 non
1676 4287 1784 4360 grave
1800 4287 1880 4361 per·

277 4379 391 4454 seram
417 4382 558 4475 audire,
588 4384 721 4484 quibus
743 4385 915 4461 oblectari
943 4389 1127 4462 consuevi.
1152 4392 1206 4460 Tu
1228 4403 1349 4462 tamen
1373 4383 1601 4486 philosophe,
1634 4382 1715 4479 qui,
1741 4382 1878 4455 nullam

279 4499 459 4596 professus
484 4502 622 4599 legem,
649 4504 736 4577 solis
760 4506 962 4580 rationibus
986 4507 1098 4598 cedis,
1127 4527 1204 4581 uon
1231 4532 1300 4608 pro
1327 4528 1460 4604 magno
1485 4503 1656 4592 aestimes,
1686 4502 1715 4573 si
1743 4502 1780 4576 in
1808 4500 1880 4573 hoc

279 4641 475 4716 congressu
490 4621 682 4719 prandere
696 4622 864 4697 videaris.
883 4624 960 4697 'libi
978 4627 1114 4726 quippe
1130 4627 1179 4701 ad
1194 4652 1354 4727 pugnam
1371 4625 1447 4698 duo
1465 4635 1551 4698 suut
1567 4621 1695 4719 gladii,
1713 4620 1773 4694 alii
1791 4644 1878 4693 vero

279 4761 355 4810 uuo
370 4751 511 4811 tantum
528 4740 565 4812 in
589 4754 626 4814 te
645 4756 842 4815 armantur.
867 4745 945 4815 Tu'
935 4768 972 4816 m
994 4745 1074 4818 illos
1092 4759 1167 4820 tam
1187 4748 1323 4846 scripto
1344 4767 1454 4845 quam
1471 4744 1611 4817 ratione
1632 4764 1736 4840 agene
1753 4752 1876 4838 poten

277 4854 329 4930 illi
344 4881 433 4932 vero
448 4856 528 4954 tibi,
552 4860 636 4995 quia
650 4860 766 4959 legem
789 4886 865 4935 non
891 4864 1065 4963 sequeris,
1089 4866 1136 4940 de
1156 4865 1234 4965 lege
1249 4865 1340 4939 nihil
1355 4863 1512 4965 objicere
1527 4875 1697 4963 possunt,
1717 4872 1754 4932 et
1775 4872 1878 4932 tanto

278 4976 388 5050 etiam
412 4977 532 5051 minus
556 4978 593 5052 in
619 4993 655 5053 tc
679 4980 879 5055 rationibus
904 4999 1079 5083 possunt,
1106 5003 1244 5084 quanto
1266 5000 1307 5060 tu
1329 4984 1484 5087 amplius
1512 4995 1690 5074 assuetus,
1712 4977 1880 5081 philoso-

278 5094 422 5194 phicam
449 5097 653 5174 uberiorem
682 5099 795 5176 habes
822 5118 1054 5179 armaturam.
1083 5106 1179 5194 Quia
1205 5119 1326 5180 tamen
1354 5104 1428 5178 hoc
1454 5125 1498 5177 ex
1525 5099 1710 5195 condicto,
1738 5114 1776 5174 et
1801 5099 1880 5200 puri
