4559 6100
359 578 367 592 ,
475 496 547 570 180
1074 491 1203 568 PE'lRl
1229 490 1464 570 ABAELARDI

474 643 573 742 laudi
587 641 638 715 ibi
654 653 786 717 eruut:
806 644 853 717 de
868 642 1035 743 qualibus
1051 645 1135 719 alibi
1149 647 1199 719 ait
1215 651 1225 686 ¹
1241 662 1249 718 τ’
1273 675 1292 715 a
1308 650 1386 745 lpse
1402 659 1523 720 autem
1538 643 1655 719 salvus
1668 643 1747 738 erit,
1765 644 1815 715 sic
1831 650 2076 744 tamenquasi.

472 763 723 863 perignem.»
749 765 821 853 Qui
835 789 922 837 vero
941 766 1104 866 perlecta
1133 766 1213 838 vitae
1237 766 1372 838 inventi
1396 765 1553 858 suerum,
1572 765 1627 836 rel
1651 764 1876 862 anteipsum
1892 764 2067 862 judicium

474 883 628 982 purgati,
646 907 722 956 non
741 900 847 958 erunt
861 885 910 958 ibi
923 884 1123 984 judicandi,
1142 886 1181 959 id
1199 900 1250 958 est
1260 885 1465 976 revelandi3
1485 884 1549 957 sed
1570 884 1691 984 potius
1712 909 1796 957 cum
1820 884 1899 984 ipso
1925 885 2066 960 Christo
2087 945 2091 954 .

473 1004 606 1100 pariter
626 1003 855 1100 judicabunt.
877 1006 987 1104 Cujus
1008 1006 1156 1105 quidem
1180 1005 1370 1103 majestatis
1390 1020 1426 1078 et
1444 1004 1564 1101 gloriae
1584 1004 1779 1103 participes
1800 1004 1850 1077 ita
1867 1003 2065 1103 fulgebunt,

473 1136 513 1194 ut
525 1125 644 1197 statim
662 1149 707 1198 ex
724 1126 809 1225 ipsis
822 1140 993 1227 appareat
1006 1127 1097 1200 sicut
1113 1152 1157 1199 ex
1173 1128 1253 1225 ipso
1269 1125 1425 1219 Christo,
1444 1124 1662 1223 quambene
1680 1125 1829 1223 egerint,
1848 1127 1911 1222 qui
1928 1126 1979 1198 eis
2000 1126 2067 1198 ad·

471 1240 663 1340 haeserunt,
682 1268 792 1342 quam
808 1245 901 1318 male
914 1246 978 1344 qui
989 1269 1051 1317 eos
1068 1259 1374 1345 contempserunt.
1387 1249 1431 1317 Et
1445 1245 1495 1318 ita
1503 1245 1570 1345 ipsi
1582 1268 1732 1343 quoque
1745 1259 1916 1343 tanquam
1927 1244 2067 1340 judices

473 1384 556 1433 cum
572 1361 713 1436 Christo
730 1363 952 1458 residebunt,
971 1365 1085 1437 securi
1103 1350 1244 1464 penitus
1256 1364 1302 1437 de
1313 1389 1364 1453 se,
1384 1379 1420 1437 et
1434 1364 1523 1437 alios
1535 1364 1764 1461 judicantes;
1783 1362 1856 1434 boc
1871 1376 1937 1453 est,
1954 1377 1995 1435 ut
2009 1363 2066 1437 di·

472 1495 570 1553 ctum
583 1496 649 1574 est,
670 1484 868 1558 revelantes
881 1510 927 1557 an
941 1484 1034 1556 bene
1051 1485 1201 1557 cumeis
1217 1509 1263 1557 an
1285 1486 1323 1556 in
1340 1483 1509 1556 eosmale
1533 1484 1684 1580 egerint,
1707 1496 1748 1553 ut
1768 1482 1917 1580 praemio
1936 1483 2066 1555 exhoc

472 1597 528 1671 vel
546 1624 654 1699 poena
670 1602 769 1700 digni
781 1603 865 1675 sint.
880 1601 1037 1703 Reprobi
1051 1587 1152 1695 vcro,
1169 1603 1233 1700 qui
1250 1604 1287 1675 iu
1302 1601 1510 1675 infidelitate
1527 1625 1591 1675 sua
1607 1601 1828 1694 moriuntur,
1844 1600 1919 1698 jam
1936 1601 2065 1699 inipso

472 1718 568 1790 exitu
582 1744 648 1792 suo
659 1720 810 1818 judicati
835 1738 932 1811 sunt,
960 1722 996 1795 id
1019 1737 1072 1796 est
1096 1720 1255 1815 revelati,
1282 1747 1351 1794 nec
1374 1722 1521 1794 ulterius
1539 1720 1750 1819 generaliter
1766 1718 1949 1792 revelandi
1967 1735 2063 1807 sunt,

469 1837 569 1932 juxta
585 1839 675 1911 illud
694 1843 856 1915 Veritatis
868 1846 902 1914 ¹:
926 1843 1030 1931 «Qui
1055 1866 1130 1914 non
1158 1841 1285 1934 credit,
1308 1842 1384 1938 jam
1396 1840 1576 1939 judicatus
1602 1853 1669 1912 est.
1685 1866 1704 1907 n
1722 1839 1751 1910 li
1769 1861 1856 1910 vero
1873 1839 1937 1935 qui
1957 1837 2066 1911 fidem

471 1954 643 2031 habentes
660 1960 829 2050 dubiam,
847 1961 1044 2035 inocculto
1068 1974 1253 2059 gesserunt
1274 1962 1397 2056 vitam,
1415 1974 1563 2060 propter
1581 1956 1683 2059 quod
1699 1981 1825 2030 corum
1843 1957 2000 2031 incertus
2014 1974 2066 2031 est

473 2076 599 2169 exitus,
616 2078 666 2151 ibi
679 2080 867 2179 judicandi
882 2096 978 2176 sunt,
996 2080 1034 2153 id
1051 2094 1104 2153 est
1120 2080 1315 2153 revelandi.

525 2197 617 2268 «His
632 2198 780 2297 quidem
793 2202 855 2297 qui
872 2199 1085 2273 secundum.
1098 2228 1117 2268 »
1129 2199 1325 2289 Quomodo
1339 2198 1539 2273 secundum
1551 2198 1758 2296 qualitatem
1770 2199 1903 2297 operis,
1921 2198 1965 2270 sit
1981 2221 2066 2297 qua·

472 2314 552 2386 litas
568 2315 811 2391 retributionis
827 2318 998 2412 ostendit,
1023 2334 1063 2391 ut
1086 2318 1253 2391 videlicet
1281 2343 1348 2417 pro
1372 2317 1474 2390 bono
1495 2317 1635 2390 bonum
1664 2316 1849 2408 reddatur,
1876 2331 1911 2389 et
1936 2342 1957 2390 e
1978 2341 2065 2389 cou-

475 2434 596 2507 trario.
615 2440 658 2507 Et
675 2436 748 2510 hoc
761 2453 815 2512 est
829 2439 886 2511 his
903 2439 1035 2528 dicere,
1058 2468 1076 2509 u
1088 2440 1150 2539 qui
1169 2438 1368 2512 secundum
1383 2439 1592 2537 patientiam
1606 2437 1697 2510 boni
1714 2438 1847 2537 operis,
1865 2465 1883 2506 u
1913 2437 2066 2511 subaudi

473 2568 569 2645 sunt,
582 2571 620 2629 ut
634 2557 800 2631 videlicet
811 2559 976 2633 ostendat
986 2558 1282 2656 bene'agentibus
1297 2556 1546 2631 tribulationes
1559 2581 1633 2629 non
1647 2557 1784 2647 deesse,
1798 2581 1863 2657 per
1879 2581 1967 2655 quas
1980 2581 2065 2655 pur·

473 2688 601 2769 gantur
616 2688 677 2747 aut
693 2676 899 2775 proficiunt.
924 2678 1113 2750 «Gloriam
1130 2693 1167 2749 et
1182 2677 1375 2768 honorem,
1392 2706 1409 2744 u
1426 2676 1532 2749 idest
1550 2677 1747 2774 gloriosum
1771 2676 1964 2767 honorem,
1982 2699 2065 2747 cum
2104 2726 2110 2742 .

473 2806 595 2866 nostra
606 2795 772 2869 videlicet
787 2791 992 2869 humanitas
1011 2796 1057 2869 ad
1069 2797 1318 2871 celsitudinem
1334 2796 1543 2893 augelorum
1560 2797 1777 2895 pervenerit,
1797 2809 1832 2869 et
1850 2820 1917 2867 nos
1933 2795 2066 2893 pariter

471 2909 631 2986 haeredes
646 2916 713 2986 Dei
731 2930 766 2987 et
778 2915 982 2989 cohaeredes
995 2916 1125 2989 Christi
1141 2942 1227 2989 cum
1242 2917 1322 3017 ipso
1334 2915 1573 3014 regnabimus.
1595 2921 1638 2987 Et
1657 2940 1703 2988 ne
1723 2916 1790 2988 ista
1804 2914 1915 3012 gloria
1928 2911 1975 2985 ad
1990 2915 2065 2985 ani·

473 3055 570 3135 mam
588 3047 728 3107 tantum
739 3034 925 3131 reseratur,
942 3035 1042 3109 addit
1057 3037 1164 3109 etiam
1183 3036 1230 3110 de
1247 3035 1451 3137 glorificatis
1467 3035 1679 3137 corporibus
1692 3060 1772 3134 quae
1781 3030 2065 3132 incorruptibilia

473 3166 592 3244 erunt,
608 3152 733 3228 dicens
744 3182 752 3225 ε
764 3185 781 3225 u
794 3160 839 3229 Et
853 3155 1176 3256 incorruptionem,
1189 3157 1382 3230 »videlicet
1398 3181 1608 3255 corporum,
1622 3156 1679 3228 his
1695 3156 1857 3256 inquam,
1869 3184 1886 3219 a
1903 3176 2065 3249 quaereu-

472 3270 567 3343 tibus
583 3273 705 3363 vitam,
721 3303 739 3343 n
759 3300 834 3347 non
853 3277 1109 3364 transitoriam,
1129 3278 1221 3348 sicut
1237 3277 1403 3363 vidimuS,
1424 3275 1487 3348 sed
1503 3291 1672 3349 aeternam
1689 3276 1780 3348 sicut
1795 3273 2007 3366 Christiani3
2027 3285 2066 3343 ut

471 3391 636 3465 ostendat
652 3394 781 3467 merito
804 3394 843 3467 id
866 3420 929 3469 eos
951 3396 1114 3470 obtinere
1139 3395 1186 3469 ad
1209 3395 1310 3494 quod
1338 3409 1414 3468 toto
1431 3395 1610 3469 desiderio
1628 3394 1900 3482 anhelaverunt,
1919 3416 1984 3464 nec
2001 3417 2065 3464 sua

470 3536 532 3610 spe
550 3536 627 3586 esse
643 3511 839 3608 fraudatos,
859 3516 951 3588 sicut
967 3515 1013 3589 de
1028 3516 1192 3614 quolibet
1207 3517 1382 3616 scriptum
1397 3530 1451 3588 est
1463 3516 1560 3613 justo
1576 3517 1610 3584 ¹:
1633 3544 1650 3580 ιι
1666 3515 1782 3586 Vitam
1798 3514 1901 3614 petiit
1915 3536 1937 3584 a
1961 3525 2009 3602 te,
2028 3525 2062 3583 et

469 3630 624 3734 tribuisti
640 3632 686 3704 ei.
700 3662 718 3699 »
739 3636 781 3704 Et
798 3635 881 3705 item
894 3636 906 3672 ⁸
921 3661 930 3706 2
948 3665 965 3701 ι
984 3634 1211 3708 Desiderium
1224 3637 1353 3708 auimae
1369 3635 1445 3732 ejus
1462 3633 1615 3707 tribuisti
1632 3635 1679 3705 ei.
1694 3663 1712 3699 a
1734 3662 1752 3701 u
1768 3634 1832 3705 His
1849 3645 1971 3705 autem
1986 3656 2063 3727 quae

470 3773 512 3818 ex
530 3751 774 3841 contentione,
789 3779 807 3819 ι)
825 3766 909 3824 sunt
925 3751 1107 3847 subaudis,
1127 3753 1166 3825 id
1179 3768 1244 3845 est,
1257 3755 1321 3851 qui
1339 3754 1492 3826 scienter
1504 3752 1634 3825 divinae
1650 3765 1853 3853 repugnant
1865 3749 2062 3841 voluntati,

470 3866 580 3967 Quod
599 3869 715 3940 statim
735 3872 883 3968 exponit
899 3870 1035 3964 diceus,
1067 3902 1085 3938 a
1107 3874 1170 3970 qui
1199 3897 1273 3944 non
1301 3873 1532 3971 acquiescunt
1546 3871 1683 3944 veritati
1704 3895 1816 3968 quam
1832 3882 1980 3961 norunt,
1992 3897 2009 3935 u
2026 3884 2064 3938 ut

470 3978 634 4059 videlicet
649 4003 844 4087 operentur
860 3990 1062 4062 secuudum
1083 3989 1184 4089 quod
1210 3991 1434 4090 operandum
1457 4015 1535 4064 esse
1558 3993 1732 4064 veraciter
1756 3989 1931 4076 credunt;
1958 4018 1975 4053 a
2001 3987 2064 4059 sed

469 4106 581 4202 magis
593 4106 758 4200 credunt,
769 4135 786 4176 n
801 4107 839 4180 id
852 4122 905 4180 est
921 4109 1154 4207 acquiescunt
1164 4110 1222 4182 vel
1232 4112 1473 4184 assentiuntur
1484 4141 1501 4177 ι
1518 4110 1710 4208 iniquitati,
1723 4139 1741 4175 a
1758 4124 1798 4181 ut
1815 4109 1950 4181 malum
1965 4105 2064 4203 quod

470 4225 592 4297 auimo
616 4228 827 4325 concipiunt
843 4251 952 4326 opere
969 4228 1174 4328 compleant
1193 4228 1230 4301 id
1244 4245 1297 4302 est
1311 4229 1507 4329 adimplere
1528 4228 1717 4318 studeant,
1740 4228 1910 4302 reddetur
1925 4224 2063 4298 subau-

470 4343 538 4430 dis,
555 4374 573 4412 ιι
593 4346 646 4447 ira
661 4361 697 4418 et
714 4344 933 4444 indignatio,
948 4379 966 4416 >2
992 4374 1101 4450 quam
1125 4349 1293 4422 videlicet
1315 4362 1537 4442 meruerunt,
1568 4349 1606 4421 id
1633 4363 1687 4421 est
1711 4347 1868 4421 vindicta
1896 4346 1960 4417 Dei
1986 4344 2063 4415 sine

469 4487 597 4565 corum
610 4465 793 4562 patientia.
814 4466 925 4539 Electi
939 4492 1039 4563 vero,
1058 4468 1176 4565 siqua
1201 4469 1238 4540 iu
1260 4469 1345 4568 ipsis
1371 4467 1590 4566 quaudoque
1614 4468 1827 4567 puniuntur,
1845 4480 1885 4538 ut
1901 4461 2065 4549 uidelicet
2084 4546 2089 4558 ι

417 4644 423 4649 .
470 4598 678 4680 purgentur,
706 4586 882 4683 patienter
899 4589 1087 4680 sustinent,
1109 4613 1177 4661 nec
1200 4587 1284 4660 inde
1309 4589 1522 4682 irascuntur,
1542 4588 1606 4660 scd
1627 4589 1748 4687 potius
1764 4586 1933 4685 gaudent,
1957 4597 2064 4679 atque

470 4717 584 4797 grates
598 4703 779 4777 referunt:
799 4706 1022 4781 attendentes
1035 4708 1135 4806 quod
1154 4709 1326 4808 scriptum
1341 4712 1437 4781 est³:
1461 4738 1479 4777 u
1497 4710 1682 4808 Castigans
1703 4707 1886 4805 castigavit
1910 4729 1978 4777 me*
1990 4707 2064 4774 Do-

503 5015 529 5146 ¹¹l
543 5017 670 5084 conatu,
687 5034 741 5085 cap.
763 5034 798 5085 ru,
810 5036 833 5075 r.
855 5025 893 5076 15.
903 5049 931 5061 -
944 5022 1043 5088 ’luam
1055 5037 1108 5088 cap.
1123 5022 1478 5087 ru,v.1s.-³rsatm.u,
1493 5037 1516 5072 r.
1541 5025 1564 5073 5.
1580 5047 1609 5060 -
1619 5024 1629 5052 ⁴
1641 5019 1714 5084 tutu,
1731 5033 1755 5070 ι.
1773 5022 1796 5069 t.
1813 5045 1839 5054 -
1850 5020 1858 5048 ⁵
1869 5016 1966 5068 Prutm.
1981 5028 2061 5074 erun,

470 5109 493 5147 r.
529 5099 551 5149 Β.
