4559 6100
582 673 878 749 tutuouucrto
903 677 962 748 AD
987 674 1291 750 Tfluouoctltt.
1663 681 1734 753 tlh

645 1163 859 1286 LIBER
910 1163 1237 1285 TERTIUS.

202 1517 375 1618 Erpeditis
391 1517 448 1590 bis
468 1542 549 1616 quae
575 1515 624 1592 ad
646 1518 861 1616 singularem
883 1518 1093 1591 Christianae
1115 1516 1201 1593 fidei
1225 1518 1488 1618 professionem
1512 1520 1662 1594 attinere
1687 1522 1738 1592 vi·

165 1638 289 1730 deutur,
305 1636 353 1711 de
367 1634 583 1710 discretione
598 1638 763 1712 videlicet
788 1640 899 1710 trium
916 1663 1152 1738 personarum
1170 1638 1207 1711 iu
1226 1662 1301 1712 una
1322 1638 1520 1737 eademque
1535 1641 1678 1740 penitus
1695 1664 1738 1713 ac

163 1757 295 1857 simplici
311 1755 507 1831 divinitatis
529 1757 739 1849 substantie,
754 1759 854 1855 juvat
875 1758 912 1829 in
937 1758 1044 1856 hujus
1067 1758 1200 1830 summi
1225 1756 1314 1831 boni
1329 1758 1547 1858 perfectione
1573 1773 1736 1834 contem-

162 1874 279 1977 planda
307 1877 439 1950 ruentis
468 1878 582 1950 aciem
606 1878 714 1951 altius
740 1877 964 1977 imprimere,
984 1901 1027 1950 ac
1045 1876 1249 1974 diligentius
1264 1877 1404 1976 singula
1420 1877 1627 1977 replicando
1642 1903 1738 1979 quae·

161 2019 290 2095 cunque
314 1994 452 2094 aliquid
467 1995 670 2095 quaestionis
685 1996 819 2070 habere
834 1997 1014 2086 videntur,
1037 1995 1289 2070 verisimilibus
1302 2012 1338 2070 et
1351 1997 1612 2071 honestissimis
1628 1999 1737 2073 ratio·

163 2113 253 2189 uibus
273 2113 448 2209 definire,
472 2129 514 2187 ut
528 2141 604 2214 quo
631 2115 784 2215 amplius
809 2116 1009 2191 innotuerit
1024 2114 1131 2213 hujus
1147 2118 1280 2188 summi
1292 2115 1381 2189 boni
1397 2115 1582 2215 perfectio,
1611 2121 1740 2217 majori

162 2258 442 2334 unumquemque
457 2233 504 2308 ad
519 2259 558 2309 se
575 2235 692 2309 trahat
709 2235 899 2309 desiderio.
919 2240 968 2308 he
990 2237 1109 2334 primo
1126 2235 1173 2310 de
1197 2236 1334 2310 unitate
1363 2235 1492 2309 diviuae
1517 2235 1735 2329 substantie,

161 2353 381 2454 postmodum
395 2354 443 2428 de
456 2378 692 2452 personarum
708 2355 1017 2456 recapitulandum
1033 2371 1086 2429 est
1102 2356 1283 2430 Trinitate.
1303 2361 1344 2427 lu
1357 2355 1601 2455 superioribus
1620 2359 1739 2457 itaque

161 2473 279 2548 libellis
304 2474 348 2547 ad
372 2489 503 2547 nostra
526 2474 612 2548 fidei
630 2476 862 2575 professionis
886 2475 1134 2549 defensionem
1155 2474 1380 2549 elaboratum
1396 2490 1476 2568 est,
1504 2475 1565 2550 hic
1586 2501 1674 2550 vero
1692 2478 1739 2551 ad

157 2595 262 2693 ipsius
275 2592 591 2693 amplificationem
607 2593 881 2669 elaborandum.

201 2714 317 2788 Prima
340 2714 448 2811 igitur
468 2714 514 2787 sit
532 2712 580 2788 de
603 2715 742 2787 ratione
764 2713 934 2787 credendi
961 2738 1073 2787 uuum
1098 2718 1215 2787 Deum
1237 2712 1426 2806 discussio,
1446 2728 1482 2788 et
1508 2714 1609 2813 quod
1625 2739 1740 2789 unum

154 2833 261 2931 magis
275 2857 384 2932 quam
398 2833 518 2933 plures
535 2834 683 2908 attineat
699 2833 811 2926 credi,
830 2832 893 2905 ubi
911 2834 1085 2941 etlprima
1112 2833 1305 2933 seiugerit
1319 2834 1489 2932 quaestio,
1514 2856 1562 2907 au
1582 2833 1740 2909 bumana

152 2954 255 3027 etiam
284 2954 424 3028 ratione
446 2953 571 3027 diviua
591 2953 765 3027 celsitudo
793 2952 956 3053 indagari
981 2954 1152 3054 potuerit,
1180 2977 1223 3026 ac
1245 2977 1310 3052 per
1335 2951 1431 3025 hanc
1456 2977 1477 3027 a
1497 2968 1660 3029 creatura
1678 2980 1742 3029 sua

151 3087 286 3148 creator
301 3073 524 3173 recognosci,
543 3097 590 3147 an
607 3073 728 3172 potius
748 3073 825 3173 ipsc
847 3078 945 3146 Deus
965 3075 1069 3172 siguo
1091 3073 1213 3170 aliquo
1229 3070 1387 3145 sensibili
1402 3098 1506 3147 suam
1528 3075 1562 3147 ei
1578 3076 1742 3149 notitiam

149 3196 308 3293 primum
324 3193 537 3287 exhibuerit,
555 3193 653 3267 velut
671 3192 710 3265 in
727 3192 855 3289 angelo
873 3193 930 3266 vel
945 3195 984 3266 iu
1010 3216 1232 3291 quocunque
1250 3192 1284 3264 ei
1301 3192 1435 3291 Spiritu
1450 3195 1615 3293 primitus
1632 3218 1742 3295 appa·

146 3338 239 3403 reus,
259 3314 356 3387 sicut
368 3313 414 3387 de
426 3314 551 3412 primis
565 3312 695 3410 legitur
707 3311 931 3411 parentibus,
951 3311 1082 3410 quibus
1098 3313 1135 3384 in
1153 3309 1323 3384 Paradiso
1340 3311 1483 3384 locutus
1501 3313 1607 3386 fuisse
1620 3313 1741 3413 perhi-

145 3433 263 3508 betur.
284 3437 331 3506 Et
344 3433 503 3532 fortassis
521 3433 569 3506 ita
588 3432 707 3531 primo
730 3431 862 3505 factum
880 3446 946 3526 est,
963 3444 1003 3503 ut
1028 3433 1067 3504 in
1082 3430 1202 3529 aliqua
1222 3428 1355 3503 scilicet
1374 3431 1502 3503 visibili
1517 3435 1634 3529 specie
1656 3433 1743 3505 invi·

142 3552 255 3626 sibilis
269 3565 413 3626 creator
427 3553 501 3653 ipse
517 3552 657 3624 homiui
674 3576 712 3624 se
729 3550 913 3624 revelaret.
933 3551 970 3622 si
992 3566 1112 3622 tamen
1129 3549 1203 3621 vim
1228 3549 1342 3645 ipsam
1364 3548 1512 3622 rationis
1538 3550 1742 3646 diligentius

137 3672 392 3763 attendamus,
403 3671 506 3769 cujus
517 3670 704 3770 proprium
718 3684 771 3742 est
779 3694 926 3743 omnem
937 3667 1191 3743 transceudere
1200 3692 1359 3760 sensum,
1371 3681 1408 3739 et
1420 3691 1465 3740 ea
1479 3670 1651 3764 vestigare
1663 3695 1743 3768 quae

137 3816 271 3865 sensus
289 3814 369 3864 nou
383 3792 476 3863 valet
491 3790 685 3888 attingere,
704 3789 867 3888 profecto
883 3803 1165 3888 quantocunque
1180 3813 1237 3860 res
1256 3785 1451 3859 subtilioris
1466 3801 1520 3859 est
1533 3802 1690 3881 naturae,
1709 3803 1745 3863 et

131 3936 290 3986 asensu
303 3911 491 4004 remotior,
508 3923 609 3982 tauto
621 3910 753 3984 rectius
766 3934 803 3982 se
814 3908 963 3982 rationis
979 3909 1172 3980 committit
1184 3906 1336 4004 judicio,
1349 3923 1385 3980 et
1401 3907 1514 4005 magis
1530 3908 1567 3980 in
1583 3933 1621 3981 se
1634 3911 1742 3982 ratio·

129 4034 188 4105 nis
203 4031 386 4106 studium
400 4053 599 4130 provocare
615 4027 736 4102 debet.
755 4028 860 4102 Unde
875 4029 983 4101 etiam
996 4052 1081 4101 cum
1099 4051 1165 4127 per
1179 4028 1317 4124 insigne
1333 4028 1481 4100 rationis
1496 4029 1661 4126 imagiui¹
1678 4029 1745 4102 Dei

0 4237 1 4262 ,
126 4152 352 4250 specialiter
367 4149 481 4223 homo
499 4163 741 4249 comparetur,
761 4150 798 4220 iu
817 4148 906 4221 nihil
924 4146 1020 4221 aliud
1034 4146 1148 4220 homo
1166 4146 1317 4246 pronius
1335 4170 1415 4219 eam
1434 4146 1541 4245 figere
1557 4146 1742 4238 debuerat,

119 4297 244 4370 quam
273 4274 322 4345 in
342 4271 461 4370 ipsum
478 4269 582 4367 cujus
601 4269 808 4367 imaginem,
825 4266 898 4340 hoc
921 4280 975 4340 est
993 4267 1252 4365 expressiorem
1267 4265 1549 4359 similitudinem,
1569 4266 1746 4366 perhanc

120 4391 356 4482 obtinebat,
384 4404 421 4463 et
440 4390 478 4462 iu
495 4388 632 4462 nullam
655 4388 804 4462 fortasse
828 4412 906 4460 rem
932 4386 1202 4486 percipiendam
1222 4386 1374 4486 pronior
1390 4385 1744 4473 assciscendam,

113 4535 238 4609 quam
259 4512 315 4584 in
332 4532 416 4582 eam
431 4509 534 4605 cujus
551 4509 629 4607 ipsa
642 4494 804 4606 'amplius
818 4505 949 4606 adepta
964 4507 1009 4580 sit
1029 4504 1314 4579 similitudinem.
1336 4506 1452 4578 Facile
1475 4507 1610 4605 quippe
1625 4520 1678 4579 est
1704 4531 1747 4579 ex

106 4630 331 4706 similibus
346 4627 475 4703 similia
491 4628 634 4724 conjici,
651 4642 688 4700 et
707 4649 781 4725 quo
798 4627 950 4725 quisque
964 4625 1065 4698 alteri
1080 4625 1243 4719 similior,
1264 4625 1402 4698 facilius
1417 4650 1460 4697 ex
1477 4626 1596 4726 seipso
1607 4624 1655 4698 ad
1672 4634 1748 4724 ejus

107 4753 314 4825 notitiam
338 4750 540 4848 pertingere
554 4747 663 4837 valet,
679 4746 736 4821 cui
753 4759 808 4818 est
828 4746 905 4846 ipse
922 4770 987 4845 per
1002 4759 1168 4819 naturam
1189 4745 1355 4818 vicinior.
1381 4745 1491 4833 Quod
1506 4747 1537 4819 si
1555 4760 1591 4819 et
1616 4746 1653 4819 iu
1677 4744 1748 4816 hoc

96 4870 181 4970 ipsa
198 4893 391 4971 quoque
407 4892 577 4942 sensuum
590 4867 834 4966 experimenta
850 4865 1046 4940 necessaria
1058 4865 1240 4956 videntur,
1259 4879 1300 4937 ut
1311 4864 1509 4940 videliceta
1524 4863 1748 4944 sensibilibus

87 4989 142 5063 ad
153 4987 452 5085 intelligibilia
466 4987 695 5077 duceremur,
710 4985 811 5059 facile
827 4989 936 5057 etiam
949 5000 1035 5079 erat,
1054 4987 1267 5058 utomninm
1282 4985 1439 5084 optimus
1458 4983 1627 5058 conditor
1640 4996 1748 5079 atque

108 5307 115 5331 ·
131 5301 320 5366 fucinis
349 5298 442 5361 tenter
456 5299 483 5348 tu
502 5297 564 5352 (iod.
576 5296 640 5350 Vlct.
652 5301 679 5348 et
690 5293 756 5345 utu
769 5292 853 5355 huba
864 5291 974 5356 monins·
986 5292 1073 5343 mellus
1081 5290 1107 5340 ln
1119 5288 1308 5342 reatensis.
