4559 6100
482 599 555 671 430
1085 593 1213 665 PETlll
1239 593 1474 670 aufflttant

486 749 574 821 mini
605 745 792 818 mulierem
817 769 893 816 non
922 758 1077 839 tangere.
1097 772 1115 811 ι)
1140 748 1184 815 Et
1209 745 1337 817 item¹:
1367 746 1492 819 «Volo
1516 760 1635 818 autem
1664 769 1791 819 omnes
1812 745 1981 819 homines
2006 770 2082 818 esse

485 871 578 942 sicut
602 869 798 967 meipsum;
817 864 879 936 sed
899 864 1145 962 unusquisque
1163 867 1351 964 proprium
1372 865 1483 939 habet
1498 866 1638 939 donum
1654 893 1696 940 ex
1713 871 1808 960 De03
1828 867 1918 940 alius
1934 865 2082 965 quidem

486 991 551 1082 sic,
580 988 670 1061 alius
687 1012 773 1059 vero
790 986 855 1057 sic.
878 986 967 1056 Dico
983 999 1105 1057 autem
1122 1010 1197 1058 non
1218 988 1340 1086 nuptis
1357 1002 1393 1060 et
1408 987 1538 1081 viduis,
1558 988 1698 1061 bonum
1716 988 1783 1060 illis
1804 1001 1871 1077 est,
1887 988 1916 1060 si
1932 988 1983 1059 sic
2001 1011 2082 1086 per·

486 1124 657 1183 maneant
682 1109 773 1181 sicut
795 1122 830 1179 et
855 1132 922 1204 ego
944 1133 952 1177 ι
974 1106 1072 1204 quod
1097 1107 1127 1179 si
1153 1132 1190 1179 se
1212 1133 1287 1180 non
1311 1109 1515 1199 continent,
1539 1108 1690 1181 nubant.
1707 1137 1726 1177 >r
1745 1113 1789 1179 Et
1811 1113 1980 1181 rursus'z
2001 1137 2017 1175 n
2031 1111 2083 1179 Dc

486 1230 681 1328 virginibus
695 1243 816 1301 autem
836 1242 1054 1328 praeceptum
1071 1228 1220 1299 Domini
1237 1253 1311 1299 non
1330 1227 1469 1302 habeo:
1488 1228 1679 1301 consilium
1694 1242 1814 1302 autern
1830 1229 1893 1301 do.
1912 1228 2082 1300 Existimo

486 1377 572 1449 ergo
599 1351 670 1423 boc
697 1349 836 1421 bonum
864 1372 940 1420 esse
975 1361 1123 1446 propter
1150 1347 1341 1420 instantem
1366 1349 1634 1440 necessitatem,
1663 1350 1837 1447 quoniam
1862 1348 2002 1421 bonurn
2031 1360 2084 1419 est

486 1472 627 1545 homini
642 1472 692 1543 sic
709 1495 797 1542 esse.
816 1500 833 1535 >x
853 1472 898 1539 Et
913 1483 996 1565 post
1008 1466 1147 1565 aliqua³
1163 1494 1171 1537 ε
1196 1466 1321 1540 «Volo
1335 1484 1454 1541 autem
1472 1494 1538 1541 vos
1553 1469 1630 1540 sinc
1645 1467 1887 1542 sollicitudine
1902 1492 1991 1541 esse.
2012 1467 2080 1555 Qui

485 1595 562 1666 sine
589 1617 701 1664 uxore
729 1605 800 1682 est,
827 1590 998 1661 sollicitus
1024 1601 1077 1660 est
1100 1613 1179 1685 quae
1204 1588 1351 1659 Domini
1377 1603 1478 1677 sunt,
1510 1589 1698 1686 quomodo
1724 1590 1862 1688 placeat
1886 1593 1963 1661 Deo
1991 1588 2083 1686 :qui

485 1727 606 1788 autern
630 1738 713 1785 cum
739 1724 932 1803 moreest,
959 1708 1131 1781 sollicitus
1152 1723 1204 1780 est
1226 1733 1304 1806 quae
1325 1724 1409 1780 sunt
1430 1709 1570 1800 mundi,
1590 1709 1779 1808 quomodo
1803 1709 1940 1809 placeat
1965 1707 2079 1798 uxori,

486 1849 522 1906 et
548 1835 683 1907 divisus
709 1847 774 1903 est.
806 1836 849 1903 Et
875 1830 1004 1902 mulier
1029 1830 1198 1927 innupta,
1226 1843 1262 1901 et
1289 1829 1388 1927 virgo
1413 1829 1544 1926 cogitat
1571 1856 1651 1929 quae
1675 1831 1822 1903 Domini
1847 1844 1944 1921 sunt,
1974 1844 2014 1900 ut
2039 1829 2083 1901 sit

485 1968 607 2027 sancta
628 1978 782 2052 corpore
801 1966 835 2023 et
851 1951 991 2049 spiritu,
1014 1975 1093 2047 quae
1110 1963 1229 2021 autem
1251 1964 1363 2048 nupta
1386 1963 1452 2040 est,
1476 1949 1609 2045 cogitat
1624 1975 1702 2048 quae
1717 1963 1802 2022 sunt
1818 1949 1961 2037 mundi,
1986 1973 2083 2047 quo-

486 2074 599 2147 modo
630 2074 769 2173 placeat
795 2072 886 2144 viro,
916 2075 1029 2143 Porro
1059 2069 1132 2142 hoc
1161 2068 1207 2140 ad
1231 2068 1420 2141 utilitatem
1445 2084 1599 2141 vestram
1625 2069 1721 2162 dico,
1751 2094 1824 2142 non
1849 2085 1891 2142 nt
1916 2071 2082 2167 laqueum

486 2193 590 2266 vobis
613 2195 785 2291 injiciam,
810 2191 873 2264 sed
894 2191 941 2263 ad
955 2190 994 2262 id
1010 2190 1111 2288 qnod
1131 2189 1325 2261 honestum
1348 2203 1414 2280 est,
1436 2201 1472 2261 et
1489 2188 1590 2287 quod
1606 2189 1809 2261 facultatem
1833 2189 1990 2288 praebeat
2008 2191 2082 2261 sine

486 2313 746 2414 impedimento
760 2313 958 2385 Dominum
976 2309 1204 2383 obsecrandi.
1223 2340 1240 2375 r
1253 2311 1383 2381 ltem‘:
1405 2338 1423 2378 n
1438 2310 1549 2406 lgitur
1560 2310 1713 2404 etquiin
1724 2310 1956 2381 matrimonio
1969 2309 2084 2407 jungit

487 2436 660 2533 virginem
673 2434 767 2506 bene
781 2432 876 2526 lacit,
902 2431 1011 2527 etqui
1027 2455 1100 2501 non
1115 2429 1234 2526 jungit
1251 2428 1377 2501 melius
1394 2429 1488 2502 lacit.
1501 2428 1626 2502 Mulier
1639 2429 1780 2527 alligata
1794 2444 1847 2502 est
1864 2430 1933 2527 legi
1949 2443 2083 2528 quanto

488 2572 652 2654 tempore
675 2555 731 2625 vir
750 2553 827 2649 ejus
843 2552 946 2643 vivit3
967 2550 1112 2647 quodsi
1135 2547 1324 2621 dormierit
1339 2551 1394 2621 vir
1416 2551 1513 2647 ejus,
1536 2545 1686 2622 liberata
1703 2563 1772 2640 est;
1791 2552 1852 2623 cui
1867 2550 1942 2622 vult
1958 2549 2081 2639 nubat,

488 2688 626 2746 tantum
653 2675 688 2744 in
715 2671 895 2761 Domin03
925 2669 1064 2741 beatior
1088 2683 1208 2739 autem
1235 2669 1315 2756 erit,
1340 2671 1370 2740 si
1394 2671 1444 2742 sic
1470 2670 1718 2768 permanserit,
1745 2670 1944 2743 secundum
1962 2694 2083 2743 meum

484 2793 688 2864 consilinm.
706 2820 723 2855 r>
744 2790 895 2876 Quantis
914 2802 1035 2859 autem
1056 2786 1336 2885 impedimentis,
1367 2789 1510 2884 quantis
1533 2790 1704 2863 molestiis
1725 2804 1760 2861 ct
1777 2788 1946 2888 periculis
1967 2792 2085 2863 matri·

480 2912 610 3010 'monia
624 2908 824 2998 abundent,
835 2908 1031 2979 multorum
1046 2921 1151 2981 antea
1165 2909 1378 2979 testimoniis
1391 2923 1426 2980 et
1435 2907 1599 3006 lapsuum
1608 2910 1860 3007 experimentis
1874 2909 2082 3000 didicimus,

488 3057 573 3104 curn
598 3032 634 3102 in
658 3028 823 3130 paradiso
847 3027 976 3100 mulier
996 3028 1115 3099 statim
1134 3029 1252 3101 virum
1275 3030 1520 3127 captivaverit,
1541 3044 1577 3103 et
1600 3035 1796 3103 Nazareum
1818 3031 1965 3104 Domini
1988 3036 2087 3105 Sam·

487 3178 627 3243 sonem,
654 3152 756 3246 cujus
782 3177 845 3249 per
865 3150 1032 3247 angelum
1054 3150 1220 3221 nativitas
1241 3151 1452 3224 annuntiata
1470 3151 1603 3242 iuerat,
1621 3152 1910 3250 concupiscentia
1929 3152 2087 3226 mulieris

489 3299 600 3371 usque
621 3272 667 3344 ad
687 3271 869 3343 interitum
889 3270 1084 3359 attraxerit,
1102 3284 1137 3342 et
1155 3271 1350 3343 maximum
1367 3271 1467 3345 illurn
1482 3271 1790 3370 prophetarumet
1804 3297 1930 3372 regum
1956 3273 2083 3365 David,

486 3398 544 3469 cui
573 3410 608 3467 et
633 3394 810 3466 Dominus
839 3407 980 3465 tantum
1006 3390 1156 3465 dederat
1182 3393 1430 3466 testimonium
1458 3393 1630 3466 dicens⁸r
1663 3424 1681 3460 a
1697 3396 1821 3466 lnveni
1845 3395 1964 3466 virum
1985 3394 2087 3493 juxta

486 3542 550 3589 cor
573 3541 708 3607 meum,
728 3543 746 3581 u
768 3538 860 3585 unus
885 3510 1061 3583 Betsabeae
1083 3527 1250 3610 aspectus
1267 3514 1303 3583 iu
1327 3524 1468 3586 tantum
1485 3512 1702 3610 illaqueavit,
1722 3528 1763 3587 ut
1782 3515 2028 3587 strenuissimo
2046 3539 2087 3589 ac

488 3635 695 3709 fidelissimo
724 3634 808 3704 Uria
835 3632 1036 3721 interfecto,
1064 3645 1137 3703 tam
1163 3631 1328 3704 adulterii
1351 3657 1461 3731 qnam
1478 3633 1677 3724 homicidii,
1702 3659 1766 3707 seu
1789 3659 1937 3706 summae
1961 3635 2089 3734 prodi·

487 3757 595 3826 tionis
610 3781 692 3827 reus
708 3751 816 3826 simul
829 3752 1125 3841 constitueretnr;
1141 3764 1176 3821 et
1188 3750 1420 3824 Salomonem
1431 3753 1532 3826 illum
1543 3754 1759 3852 sapientium
1768 3756 1966 3827 maximum
1975 3781 2088 3855 usque

487 3875 534 3947 ad
550 3875 756 3947 idolatriam
775 3870 941 3971 voluptas
959 3872 1008 3943 ita
1028 3872 1260 3969 prostraverit
1280 3874 1382 3970 quasi
1400 3874 1437 3947 in
1456 3873 1556 3946 idolo
1572 3873 1649 3964 illo,
1669 3889 1708 3946 ut
1724 3875 1825 3973 quod
1842 3876 2088 3975 turpissimum

490 4010 542 4068 est
562 3995 714 4093 turpiter
732 3992 893 4075 efferam,
912 4016 1076 4063 cunnum
1094 3991 1234 4089 gentilis
1256 3992 1398 4066 leminae
1414 4019 1480 4093 per
1500 3995 1830 4093 concupiscentiam
1847 3997 1960 4094 magis
1978 4022 2088 4095 quam

489 4115 633 4188 idolum¹
656 4116 776 4212 ipsum
802 4137 866 4210 per
902 4112 1142 4207 ignorantiam
1168 4126 1411 4207 veneraretur,
1443 4128 1543 4186 tanto
1569 4114 1717 4187 effectus
1744 4113 1913 4209 deterior,
1952 4132 2088 4215 quanto

488 4263 531 4311 ex
549 4235 769 4309 conscicntia
787 4257 851 4305 sua
865 4230 1153 4304 inexcusabilior.
1174 4232 1246 4321 Qui
1264 4234 1372 4306 etiam
1386 4258 1494 4330 quam
1513 4233 1623 4307 tacitis
1639 4236 1685 4308 sit
1700 4260 1742 4308 ac
1760 4235 1963 4335 periculosa
1979 4239 2089 4337 hujus

488 4355 787 4455 concupiscentiae
803 4352 968 4443 tentatitt,
994 4352 1144 4450 ipsemet
1169 4352 1233 4450 qui
1250 4366 1322 4426 tam
1348 4355 1501 4451 graviter
1517 4353 1589 4427 hoc
1607 4370 1771 4456 expertus
1789 4373 1856 4444 est,
1876 4382 1942 4457 per
1958 4374 2088 4432 semct-

412 4500 416 4507 ·
492 4480 611 4577 ipsum
638 4474 745 4547 nobis
771 4475 808 4545 in
834 4466 1037 4545 Proverbiis
1061 4474 1211 4572 exponit
1237 4472 1402 4546 dicens‘:
1435 4504 1453 4542 n
1470 4474 1598 4548 Mulier
1621 4477 1688 4548 viri
1714 4479 1908 4576 pretiosam
1931 4479 2089 4553 animam

488 4599 596 4697 capit.
627 4596 812 4694 Numquid
843 4593 1066 4668 abscondere
1093 4608 1212 4694 potest
1238 4594 1352 4666 bomo
1379 4597 1500 4692 ignem
1527 4597 1563 4668 in
1592 4598 1673 4669 sinu
1698 4622 1782 4692 stro,
1813 4614 1852 4671 ut
1880 4600 2090 4676 vestimenta

488 4719 582 4794 illius
603 4742 679 4789 non
705 4715 877 4806 ardeant3
909 4730 970 4787 aut
994 4714 1180 4787 ambulare
1206 4740 1316 4815 super
1341 4740 1489 4814 prunas,
1517 4730 1558 4788 ut
1582 4742 1657 4790 non
1675 4719 1937 4794 comburantur
1960 4721 2090 4821 plantae

487 4839 586 4939 ejus?
598 4871 615 4907 n
627 4840 735 4910 ltem⁷
752 4862 760 4908 ε
778 4866 796 4907 a
811 4836 877 4908 Dic
887 4836 1092 4936 Sapientiae,
1110 4837 1223 4908 Soror
1235 4859 1316 4908 mea
1332 4861 1384 4931 es,
1399 4850 1436 4909 ct
1452 4836 1681 4936 prudentiam
1694 4864 1785 4914 voca
1802 4842 1962 4915 animam
1975 4856 2087 4935 tuam,

517 5157 528 5229 μ’
544 5149 659 5203 Corinth.
679 5148 703 5209 Ι,
719 5160 774 5210 cap.
791 5159 840 5208 vn,
859 5159 883 5196 v.
900 5148 923 5196 t.
942 5171 971 5182 -
990 5147 998 5175 ¹
1014 5143 1092 5207 nit..
1103 5158 1126 5195 r.
1142 5147 1182 5197 25.
1200 5170 1229 5181 -
1246 5145 1345 5210 ’turn
1362 5161 1384 5201 r.
1404 5152 1443 5201 ³2.
1461 5176 1491 5187 -
1509 5151 1605 5211 nu„
1623 5166 1647 5202 v.
1665 5153 1705 5203 38.
1724 5180 1753 5191 -
1768 5155 1841 5204 tarr.
1856 5155 1955 5218 apost..
1971 5166 2027 5217 cap.
2039 5166 2090 5209 nu.

491 5247 513 5283 r.
527 5235 565 5283 ta
576 5232 624 5269 -⁸
635 5231 725 5291 Pron,
735 5241 790 5291 cap.
805 5238 842 5289 vr,
856 5239 878 5276 v.
891 5228 930 5276 tt.
944 5252 971 5262 -
985 5225 1258 5291 ⁷1¹rov.,cr1›.m,v.
1272 5227 1296 5277 t.
