4559 6100
3 3776 25 3975 *Na-n·-
10 3670 25 3729 —-.
8 3580 21 3643 -—·
8 3428 23 3545 ψ
4 3017 25 3370 “‘ffl--“Q-—-
10 2877 21 2958 -—--

1316 615 1407 688 ΙΝ
1456 613 1948 686 EPISTOLAM
1999 615 2114 684 AD
2165 615 2617 689 ROMANOS.
3432 621 3576 689 2³²9

379 760 634 835 tolerat
665 786 917 860 aspera
959 780 1276 856 coactuS‚
1319 790 1469 838 non
1517 780 1986 864 spontaneUS,
2024 790 2156 864 per
2199 791 2358 864 quae
2391 768 2769 841 sanitatem
2809 793 2883 841 se
2920 769 3352 869 adepturum
3396 773 3580 841 osis-

376 884 604 956 timat.
645 886 1109 981 Quaecunque
1141 898 1382 957 autem
1416 900 1710 958 coactus
1734 887 1893 984 quis
1923 887 2252 980 sustinet,
2284 911 2436 959 non
2467 888 2716 986 utique
2746 889 2956 981 vello„
2992 889 3116 961 sed
3148 893 3372 985 magis
3408 893 3584 961 tolo-

378 1027 532 1075 rare
559 1001 910 1076 dicendus
936 1017 1067 1076 est.
1109 1004 1300 1077 Nihil
1329 1007 1598 1104 quippe
1633 1004 2018 1103 affligendo
2051 1019 2298 1103 gravat
2324 1005 2666 1105 aliquem,
2714 1007 2853 1080 nisi
2892 1009 3088 1105 quod
3140 1025 3388 1081 oontra
3432 1009 3584 1105 ojus

381 1122 647 1221 geritur
676 1120 1156 1195 voluntatem.
1194 1128 1284 1197 Et
1318 1125 1392 1196 in
1422 1124 1623 1196 nullo
1652 1125 1810 1222 quis
1838 1126 2134 1224 patitur,
2162 1125 2300 1196 nisi
2332 1124 2533 1221 quod
2567 1125 2719 1222 ejus
2741 1127 3092 1198 voluntati
3140 1129 3576 1197 adversatur.

380 1243 634 1315 Anima
657 1242 897 1341 itaque
930 1242 1191 1315 Christi
1220 1269 1372 1317 non
1401 1258 1548 1317 tam
1584 1245 2004 1318 afflictiones
2028 1245 2450 1344 passionum
2480 1245 2655 1318 velle
2688 1270 2904 1345 quam
2940 1249 3244 1317 tolerare
3280 1245 3584 1317 dios-uda

382 1377 510 1436 est.
552 1361 696 1434 Sed
729 1363 898 1460 quia
924 1363 1140 1436 etiam
1177 1364 1498 1437 Christus
1524 1365 1676 1464 ipse
1709 1364 1881 1437 alibi
1903 1364 2284 1464 profitetur
2311 1391 2463 1438 non
2497 1391 2575 1438 se
2600 1367 2882 1439 venisse
2908 1369 3352 1437 voluntatem
3380 1389 3584 1437 suam

383 1483 639 1575 facere,
678 1480 806 1554 sed
836 1480 1286 1556 voluntatem
1312 1484 1576 1577 Patris3
1613 1483 1809 1555 unde
1837 1498 1910 1556 et
1940 1509 2076 1584 pro
2104 1509 2370 1582 magno
2402 1486 2475 1558 id
2502 1486 2760 1558 merito
2811 1501 2881 1558 et
2932 1489 3192 1557 virtuto
3240 1501 3584 1585 reputan-

382 1605 558 1679 dum
591 1620 726 1696 est,
763 1631 934 1678 cum
967 1631 1213 1680 amore
1250 1609 1413 1707 quis
1461 1609 1596 1681 Dei
1639 1633 1784 1680 suae
1834 1609 2120 1708 penitus
2156 1609 2614 1683 abrenuntiat
2650 1608 3028 1701 voluntati,
3072 1613 3296 1681 immo
3348 1625 3416 1681 ot
3440 1665 3460 1701 ,
3508 1625 3588 1681 ut

382 1728 534 1826 ipse
580 1725 751 1799 alibi
805 1726 1127 1801 Christus
1170 1730 1298 1823 ait,
1347 1727 1589 1802 adhuc
1641 1742 1714 1802 et
1760 1729 2076 1803 animam
2117 1755 2322 1803 suam
2372 1729 2608 1804 oderit
2645 1756 2662 1802 ε
2704 1729 3024 1829 quodam
3072 1733 3312 1829 itaquo
3360 1729 3584 1801 modo

383 1872 578 1919 mors
607 1847 767 1946 ipsa
795 1846 1226 1923 humanitati
1250 1849 1511 1922 Christi
1545 1849 1921 1922 dominata
1970 1863 2100 1941 est,
2143 1849 2440 1949 quando
2490 1874 2651 1924 eam
2693 1850 3024 1923 videlicet
3076 1877 3220 1949 prss
3264 1853 3588 1949 angustia

383 1991 509 2039 sua
547 1965 1063 2040 reformidabat
1094 1981 1166 2040 et
1211 1969 1512 2041 transire
1538 1969 1779 2068 potius
1809 1993 2032 2067 quam
2069 1971 2315 2043 venire
2346 1969 2662 2062 volebat,
2711 1973 2912 2068 quasi
2952 1969 3208 2041 nolens
3256 1973 3592 2041 sustinuit

384 2098 680 2186 propter
705 2086 1106 2185 injunctam
1135 2087 1279 2180 sibi
1307 2112 1347 2160 a
1386 2092 1592 2161 Patre
1621 2087 2133 2161 obedientiam.
2168 2090 2315 2177 Qui
2346 2090 2565 2162 etiam
2597 2089 2732 2163 sub
2761 2089 2916 2186 lege
2952 2089 3176 2161 fastus
3224 2105 3356 2177 ost,
3420 2113 3588 2161 oum

387 2207 685 2280 omnino
716 2206 855 2304 legi
890 2207 991 2279 nil
1020 2206 1342 2281 deberet.
1379 2208 1544 2281 Tale
1574 2222 1681 2282 est
1710 2209 1952 2306 itaque
1980 2209 2181 2309 quod
2215 2212 2315 2283 ait
2335 2209 2758 2311 Apostolus:
2796 2239 2833 2279 «
2866 2213 3056 2285 Mors
3084 2209 3184 2281 iili
3220 2213 3404 2281 oltra
3440 2233 3588 2281 non

387 2325 901 2420 dominabitur,
938 2355 973 2394 »
1013 2351 1098 2400 ac
1131 2328 1192 2400 si
1224 2328 1539 2401 diceret:
1585 2332 1746 2401 Non
1770 2331 2132 2429 opprimet
2166 2330 2564 2425 nolentem,
2598 2331 2712 2404 vel
2758 2356 2908 2403 non
2952 2333 3216 2425 affliget
3248 2329 3596 2401 violenter

385 2448 875 2520 innocentem.
915 2449 1139 2536 Quasi
1173 2449 1370 2521 enim
1406 2448 1830 2522 violentiam
1863 2474 2060 2522 mors
2091 2451 2168 2521 in
2205 2473 2377 2523 eum
2410 2451 2750 2539 exercuit,
2804 2474 2972 2522 cum
3016 2453 3476 2522 inoooootom
3524 2465 3596 2522 ot

385 2566 564 2638 nulli
599 2580 896 2665 peccato
923 2568 1208 2667 penitus
1238 2568 1731 2665 subjacentem
1760 2570 2142 2668 oppressit,
2176 2595 2335 2668 quae
2370 2594 2522 2642 non
2563 2570 2701 2642 nisi
2733 2570 3004 2669 peccati
3048 2594 3264 2642 causa
3316 2570 3596 2638 homini

385 2700 491 2757 est
519 2687 866 2759 immissa.
907 2690 1150 2760 Potest
1193 2688 1388 2760 enim
1426 2688 1974 2760 convenientius
2013 2689 2358 2787 distingui
2407 2687 2609 2787 quod
2655 2688 2928 2762 dictum
2972 2706 3076 2762 ost
3116 2718 3132 2758 :
3180 2718 3212 2758 κ
3252 2694 3288 2758 J
3296 2714 3412 2758 sm
3444 2714 3596 2758 non

386 2806 721 2900 moritur,
751 2821 823 2879 et
847 2830 1046 2879 mors
1071 2805 1172 2878 illi
1203 2807 1389 2880 ultra
1425 2832 1579 2879 non
1614 2806 2140 2900 dominabitur,
2168 2837 2205 2874 2>
2243 2822 2326 2881 ut
2340 2807 2673 2881 videlicet
2708 2805 2883 2879 illud
2920 2810 3236 2906 primurn
3280 2806 3370 2878 sd
3404 2834 3599 2882 mor-

387 2938 533 2998 tem
591 2926 947 3025 corpori5‚
1006 2926 1407 2999 secundum
1463 2951 1638 2999 vero
1698 2925 1791 2998 ad
1847 2941 2159 2999 mortem
2209 2928 2467 3001 animat
2513 2926 2883 3000 referatur.
2936 2934 2988 2998 T
2992 2926 3100 2998 alo
3144 2930 3412 3026 quipp-e
3464 2946 3596 3018 ost,

393 3076 429 3110 α
457 3046 948 3119 non'moritur
977 3045 1158 3144 jam,
1185 3079 1222 3115 κ
1260 3073 1345 3121 ac
1381 3047 1440 3120 si
1470 3046 1778 3138 dicatur,
1819 3063 2244 3147 praesentem
2270 3048 2428 3122 vitae
2460 3063 2798 3140 mortem,
2852 3046 2924 3118 id
2980 3062 3108 3138 ost,
3148 3046 3600 3146 corporalem

384 3191 535 3238 non
570 3167 916 3239 incurret.
954 3167 1118 3240 Tale
1150 3183 1258 3241 est
1292 3192 1492 3259 vero,
1546 3196 1582 3238 «
1630 3193 1828 3240 mors
1873 3169 1975 3241 illi
2015 3169 2207 3242 ultra
2250 3195 2403 3241 non
2445 3168 2964 3262 dominabitur,
3000 3198 3036 3234 :n
3076 3194 3160 3238 ao
3196 3170 3252 3238 si
3292 3170 3596 3258 dicatur,

383 3310 584 3359 mors
611 3287 734 3360 illa
763 3287 1066 3360 ulterior
1101 3313 1259 3386 quae
1297 3288 1373 3360 in
1417 3286 1751 3388 reprobis
1787 3288 2242 3386 corporalem
2296 3289 2642 3386 sequitur,
2702 3301 2775 3359 et
2820 3286 3034 3358 etiam
3080 3302 3248 3382 post
3288 3310 3600 3358 resurre-

380 3407 704 3480 ctionem
727 3408 967 3508 impiis
993 3406 1435 3501 dominatur,
1470 3408 2067 3504 eumsnullatenus
2081 3409 2468 3508 opprimet.
2494 3411 2669 3496 Quae
2692 3404 3028 3478 videlioot
3052 3430 3244 3478 mors
3260 3406 3600 3478 omnibus

380 3526 572 3625 quos
604 3528 857 3626 arripit
887 3526 1329 3622 dominatur,
1372 3543 1444 3601 et
1477 3530 1844 3602 neminem
1892 3529 2030 3601 nisi
2075 3529 2384 3601 invitum
2426 3527 2750 3599 detinere
2793 3538 3052 3625 potest.
3108 3530 3308 3594 Hans
3356 3538 3600 3598 autem

377 3644 927 3719 distinctionem
984 3671 1294 3746 sequens
1356 3648 1586 3721 littera
1644 3639 1925 3745 exigere
1982 3647 2270 3721 videtur
2329 3672 2488 3745 quae
2536 3646 2657 3740 ait,
2721 3675 2757 3712 α
2805 3646 2976 3742 quia
3028 3646 3220 3714 onim
3272 3658 3600 3718 mortuus

375 3780 534 3860 est,
574 3781 713 3839 etc.
749 3794 786 3835 »
829 3767 1012 3839 Hinc
1042 3767 1240 3839 enim
1291 3766 1556 3868 probat
1589 3766 1791 3866 quod
1844 3791 2042 3840 mors
2079 3768 2200 3842 illa
2233 3793 2393 3867 quae
2433 3767 2686 3839 ultima
2732 3780 2868 3857 est,
2916 3762 2992 3834 id
3048 3778 3180 3858 ost,
3236 3790 3392 3862 quas
3432 3778 3600 3862 post

371 3885 578 3959 hanc
611 3887 1095 3959 transitoriam
1127 3889 1449 3986 sequitur
1481 3902 1772 3976 aeterna,
1805 3886 1906 3959 illi
1939 3912 2092 3960 non
2125 3887 2648 3980 dominabitur,
2682 3884 2988 3984 quiaillo
3016 3882 3236 3954 semsi
3268 3898 3600 3954 mortuus

379 4019 505 4079 est
535 4007 614 4076 in
648 4029 956 4104 corpore
986 4020 1296 4079 tantum.

490 4152 531 4193 «
561 4124 783 4213 Quod
816 4125 1012 4197 enim
1048 4136 1374 4199 mortuus
1401 4139 1508 4198 est
1539 4141 1837 4225 peccato
1888 4126 2201 4226 penitus,
2248 4157 2287 4194 n
2332 4125 2409 4198 id
2441 4138 2571 4215 est,
2612 4124 2689 4196 in
2726 4123 2932 4195 nullo
2964 4122 3244 4222 ponitus
3274 4146 3596 4222 unquam

360 4245 525 4317 fuit
554 4257 882 4343 peccato,
916 4245 1064 4317 sive
1086 4245 1514 4318 actualisive
1548 4244 1902 4342 originali,
1941 4270 2075 4345 pro
2110 4269 2259 4342 quo
2297 4243 2631 4317 videlicet
2666 4258 2964 4343 peccato
3000 4266 3196 4314 mors
3232 4242 3352 4314 illa
3388 4242 3600 4318 clam-

354 4362 707 4435 nationis
733 4360 1063 4454 debetur,
1098 4362 1264 4435 ideo
1306 4362 1526 4435 semel
1562 4377 1844 4437 tantum
1895 4365 2078 4436 mori
2113 4364 2377 4463 potuit,
2424 4376 2505 4435 ut
2535 4361 2807 4434 dictum
2837 4374 2976 4450 est,
3020 4358 3092 4430 id
3136 4374 3240 4430 ost
3292 4386 3596 4458 corporo

348 4496 705 4570 tantum,
745 4507 898 4554 non
930 4483 1196 4555 anima.
1237 4511 1273 4549 α
1303 4481 1523 4571 Quod
1565 4497 1805 4556 autem
1832 4484 2032 4556 vivit.
2073 4515 2111 4552 ι»
2166 4487 2492 4556 Mortuus
2541 4495 2672 4575 est,
2709 4481 3036 4578 inquam,
3076 4478 3204 4550 sod
3236 4482 3408 4550 vivit
3444 4482 3596 4578 jam

341 4604 793 4675 suscitatus.
830 4607 918 4674 Et
947 4602 1148 4701 quod
1174 4603 1376 4693 vivit,
1415 4634 1451 4671 α
1479 4603 1651 4675 vivit
1684 4608 1868 4697 Deo,
1906 4630 1943 4671 >a
1973 4604 2158 4676 sicut
2190 4617 2518 4676 mortuus
2544 4601 2772 4673 fuerat
2803 4614 3128 4699 peoosto‚
3164 4602 3392 4670 immo
3428 4602 3596 4698 quia

337 4736 724 4795 mortuus
756 4722 1020 4795 exsistit
1045 4723 1119 4794 in
1156 4723 1481 4821 praesenti
1514 4723 1772 4796 saeculo
1802 4736 2127 4820 peccato,
2178 4747 2467 4796 necesse
2501 4735 2608 4794 est
2631 4734 2711 4792 ut
2758 4720 2835 4791 in
2888 4722 3128 4790 futuro
3180 4720 3364 4790 visst
3408 4726 3588 4790 Deo.

314 4843 583 4916 vivit
609 4857 909 4943 peccato
946 4842 1070 4941 qui
1093 4843 1408 4916 vivendo
1444 4856 1734 4943 peccat;
1773 4843 1950 4916 vivit
1984 4847 2138 4916 Deo
2173 4844 2298 4942 qui
2320 4841 2413 4915 ab
2445 4841 2598 4939 ejus
2615 4841 2983 4914 voluntate
3018 4866 3168 4910 non
3200 4838 3588 4910 discordat.

326 4962 610 5053 Quod
642 4962 937 5060 quidem
958 4962 1093 5035 soli
1115 4961 1398 5035 Christo
1435 4963 1685 5037 sivein
1721 4966 1879 5062 ipso
1913 4964 2145 5062 capite
2176 4964 2324 5037 sive
2352 4964 2426 5035 in
2458 4962 2611 5059 ejus
2638 4960 3046 5060 glorificatis
3084 4958 3423 5030 membris
3456 4982 3597 5030 ve—

318 5085 660 5159 raciter
691 5084 1111 5182 assignatur.
1172 5114 1208 5151 α
1251 5087 1358 5158 Ita
1408 5098 1481 5156 et
1529 5111 1686 5158 vos,
1731 5113 1768 5154 »
1811 5085 2029 5175 Quod
2082 5084 2423 5185 praemisit
2466 5081 2560 5155 de
2601 5081 2832 5181 capite
2876 5105 3008 5179 per
3057 5076 3599 5150 similitudinem

308 5202 794 5304 quamdam
825 5203 921 5279 ad
952 5202 1280 5279 membra
1312 5202 1591 5278 reducit
1610 5262 1630 5301 ,
1674 5220 1752 5279 ut
1782 5205 2109 5279 videlicet
2141 5218 2440 5306 peccato
2479 5202 2880 5276 moriantur
2910 5212 2983 5273 et
3020 5201 3173 5270 Deo
3200 5196 3469 5270 vivant.
3508 5200 3599 5269 Et

643 5354 695 5396 n
3281 5325 3359 5383 32
