<?xml version="1.0" encoding="UTF-8"?>
<!DOCTYPE html PUBLIC "-//W3C//DTD XHTML 1.0 Transitional//EN"
    "http://www.w3.org/TR/xhtml1/DTD/xhtml1-transitional.dtd">
<html xmlns="http://www.w3.org/1999/xhtml" xml:lang="en" lang="en">
 <head>
  <title>
</title>
<meta http-equiv="Content-Type" content="text/html;charset=utf-8" />
  <meta name='ocr-system' content='tesseract 3.04.00' />
  <meta name='ocr-capabilities' content='ocr_page ocr_carea ocr_par ocr_line ocrx_word'/>
</head>
<body>
  <div class='ocr_page' id='page_1' title='image "./petriablardiope00despgoog_0909.png"; bbox 0 0 4559 6100; ppageno 0'>
   <div class='ocr_carea' id='block_1_1' title="bbox 487 82 2118 781">
    <p class='ocr_par' dir='ltr' id='par_1_1' title="bbox 487 82 2118 781">
     <span class='ocr_line' id='line_1_1' title="bbox 487 82 2118 180; baseline -0.002 -26"><span class='ocrx_word' id='word_1_1' title='bbox 487 83 661 180; x_wconf 79' lang='lat' dir='ltr'><strong>gnoscami</strong></span> <span class='ocrx_word' id='word_1_2' title='bbox 677 84 741 153; x_wconf 88' lang='lat' dir='ltr'><strong>Sed</strong></span> <span class='ocrx_word' id='word_1_3' title='bbox 756 86 910 152; x_wconf 83' lang='lat' dir='ltr'><strong>virtutem</strong></span> <span class='ocrx_word' id='word_1_4' title='bbox 928 84 1031 153; x_wconf 72' lang='lat' dir='ltr'><strong>oeuds</strong></span> <span class='ocrx_word' id='word_1_5' title='bbox 1053 84 1161 151; x_wconf 85' lang='lat' dir='ltr'><strong>statim</strong></span> <span class='ocrx_word' id='word_1_6' title='bbox 1180 84 1317 151; x_wconf 84' lang='lat' dir='ltr'><strong>sentiam</strong></span> <span class='ocrx_word' id='word_1_7' title='bbox 1337 85 1571 177; x_wconf 81' lang='lat' dir='ltr'><strong>experimento.</strong></span> <span class='ocrx_word' id='word_1_8' title='bbox 1589 83 1678 168; x_wconf 89' lang='lat' dir='ltr'><strong>Quid</strong></span> <span class='ocrx_word' id='word_1_9' title='bbox 1692 84 1789 175; x_wconf 87' lang='lat' dir='ltr'><strong>igitur</strong></span> <span class='ocrx_word' id='word_1_10' title='bbox 1805 82 1943 151; x_wconf 74' lang='lat' dir='ltr'><strong>fatiam?</strong></span> <span class='ocrx_word' id='word_1_11' title='bbox 1958 83 2118 150; x_wconf 78' lang='lat' dir='ltr'><strong>Veniam</strong></span> 
     </span>
     <span class='ocr_line' id='line_1_2' title="bbox 487 172 2117 298; baseline 0 -27"><span class='ocrx_word' id='word_1_12' title='bbox 487 230 569 297; x_wconf 91' lang='lat' dir='ltr'><strong>rogo</strong></span> <span class='ocrx_word' id='word_1_13' title='bbox 585 207 765 272; x_wconf 87' lang='lat' dir='ltr'><strong>innocens:</strong></span> <span class='ocrx_word' id='word_1_14' title='bbox 782 223 814 273; x_wconf 89' lang='lat' dir='ltr'><strong>et</strong></span> <span class='ocrx_word' id='word_1_15' title='bbox 828 206 855 272; x_wconf 92' lang='lat' dir='ltr'><strong>si</strong></span> <span class='ocrx_word' id='word_1_16' title='bbox 872 208 973 298; x_wconf 85' lang='lat' dir='ltr'><strong>magis</strong></span> <span class='ocrx_word' id='word_1_17' title='bbox 983 205 1101 296; x_wconf 82' lang='lat' dir='ltr'><strong>placet,</strong></span> <span class='ocrx_word' id='word_1_18' title='bbox 1118 172 1247 273; x_wconf 69' lang='lat' dir='ltr'><strong>veniam</strong></span> <span class='ocrx_word' id='word_1_19' title='bbox 1261 205 1389 296; x_wconf 86' lang='lat' dir='ltr'><strong>postulo</strong></span> <span class='ocrx_word' id='word_1_20' title='bbox 1405 229 1490 273; x_wconf 89' lang='lat' dir='ltr'><strong>reus.</strong></span> <span class='ocrx_word' id='word_1_21' title='bbox 1505 205 1559 272; x_wconf 79' lang='lat' dir='ltr'><strong>Ad</strong></span> <span class='ocrx_word' id='word_1_22' title='bbox 1575 206 1739 271; x_wconf 73' lang='lat' dir='ltr'><strong>osmulum</strong></span> <span class='ocrx_word' id='word_1_23' title='bbox 1752 220 1861 270; x_wconf 85' lang='lat' dir='ltr'><strong>autem</strong></span> <span class='ocrx_word' id='word_1_24' title='bbox 1873 203 2117 271; x_wconf 73' lang='lat' dir='ltr'><strong>satisfactionis</strong></span> 
     </span>
     <span class='ocr_line' id='line_1_3' title="bbox 488 324 2118 427; baseline -0.001 -34"><span class='ocrx_word' id='word_1_25' title='bbox 488 326 663 393; x_wconf 87' lang='lat' dir='ltr'><strong>sextarium</strong></span> <span class='ocrx_word' id='word_1_26' title='bbox 684 327 750 393; x_wconf 89' lang='lat' dir='ltr'><strong>mei</strong></span> <span class='ocrx_word' id='word_1_27' title='bbox 771 325 934 418; x_wconf 89' lang='lat' dir='ltr'><strong>sanguinis</strong></span> <span class='ocrx_word' id='word_1_28' title='bbox 956 326 1061 393; x_wconf 81' lang='lat' dir='ltr'><strong>offero</strong></span> <span class='ocrx_word' id='word_1_29' title='bbox 1083 325 1188 393; x_wconf 89' lang='lat' dir='ltr'><strong>vohis.</strong></span> <span class='ocrx_word' id='word_1_30' title='bbox 1213 326 1340 391; x_wconf 84' lang='lat' dir='ltr'><strong>Parcite</strong></span> <span class='ocrx_word' id='word_1_31' title='bbox 1360 326 1473 427; x_wconf 78' lang='lat' dir='ltr'><strong>igitur,</strong></span> <span class='ocrx_word' id='word_1_32' title='bbox 1498 325 1622 409; x_wconf 81' lang='lat' dir='ltr'><strong>fratres,</strong></span> <span class='ocrx_word' id='word_1_33' title='bbox 1647 327 1795 415; x_wconf 88' lang='lat' dir='ltr'><strong>parcite:</strong></span> <span class='ocrx_word' id='word_1_34' title='bbox 1818 340 1851 391; x_wconf 89' lang='lat' dir='ltr'><strong>et</strong></span> <span class='ocrx_word' id='word_1_35' title='bbox 1872 324 2118 391; x_wconf 76' lang='lat' dir='ltr'><strong>criminatione</strong></span> 
     </span>
     <span class='ocr_line' id='line_1_4' title="bbox 488 442 2116 536; baseline -0.001 -25"><span class='ocrx_word' id='word_1_36' title='bbox 488 461 609 513; x_wconf 78' lang='lat' dir='ltr'><strong>nostro</strong></span> <span class='ocrx_word' id='word_1_37' title='bbox 631 445 812 536; x_wconf 80' lang='lat' dir='ltr'><strong>personulae</strong></span> <span class='ocrx_word' id='word_1_38' title='bbox 835 468 894 511; x_wconf 88' lang='lat' dir='ltr'><strong>ora</strong></span> <span class='ocrx_word' id='word_1_39' title='bbox 916 460 1023 512; x_wconf 81' lang='lat' dir='ltr'><strong>vestra</strong></span> <span class='ocrx_word' id='word_1_40' title='bbox 1044 444 1147 512; x_wconf 86' lang='lat' dir='ltr'><strong>nolite</strong></span> <span class='ocrx_word' id='word_1_41' title='bbox 1170 444 1302 511; x_wconf 81' lang='lat' dir='ltr'><strong>loedare.</strong></span> <span class='ocrx_word' id='word_1_42' title='bbox 1328 445 1451 536; x_wconf 88' lang='lat' dir='ltr'><strong>Lingua</strong></span> <span class='ocrx_word' id='word_1_43' title='bbox 1477 444 1567 510; x_wconf 91' lang='lat' dir='ltr'><strong>enim</strong></span> <span class='ocrx_word' id='word_1_44' title='bbox 1589 445 1701 510; x_wconf 83' lang='lat' dir='ltr'><strong>vestris</strong></span> <span class='ocrx_word' id='word_1_45' title='bbox 1725 442 1875 509; x_wconf 76' lang='lat' dir='ltr'><strong>laudibus</strong></span> <span class='ocrx_word' id='word_1_46' title='bbox 1899 444 2045 522; x_wconf 84' lang='lat' dir='ltr'><strong>militat,</strong></span> <span class='ocrx_word' id='word_1_47' title='bbox 2080 460 2116 509; x_wconf 89' lang='lat' dir='ltr'><strong>et</strong></span> 
     </span>
     <span class='ocr_line' id='line_1_5' title="bbox 490 541 2115 661; baseline -0.003 -25"><span class='ocrx_word' id='word_1_48' title='bbox 490 569 632 636; x_wconf 81' lang='lat' dir='ltr'><strong>ecclesie</strong></span> <span class='ocrx_word' id='word_1_49' title='bbox 653 585 767 635; x_wconf 78' lang='lat' dir='ltr'><strong>vestre</strong></span> <span class='ocrx_word' id='word_1_50' title='bbox 784 570 858 661; x_wconf 91' lang='lat' dir='ltr'><strong>pius</strong></span> <span class='ocrx_word' id='word_1_51' title='bbox 879 592 951 635; x_wconf 86' lang='lat' dir='ltr'><strong>sum</strong></span> <span class='ocrx_word' id='word_1_52' title='bbox 972 568 1169 660; x_wconf 76' lang='lat' dir='ltr'><strong>praedicator</strong></span> <span class='ocrx_word' id='word_1_53' title='bbox 1190 568 1322 659; x_wconf 87' lang='lat' dir='ltr'><strong>ubique.</strong></span> <span class='ocrx_word' id='word_1_54' title='bbox 1348 569 1442 636; x_wconf 88' lang='lat' dir='ltr'><strong>Hane</strong></span> <span class='ocrx_word' id='word_1_55' title='bbox 1465 541 1679 635; x_wconf 86' lang='lat' dir='ltr'><strong>humilitatem</strong></span> <span class='ocrx_word' id='word_1_56' title='bbox 1702 567 1816 633; x_wconf 78' lang='lat' dir='ltr'><strong>absens</strong></span> <span class='ocrx_word' id='word_1_57' title='bbox 1834 567 1929 633; x_wconf 85' lang='lat' dir='ltr'><strong>vobis</strong></span> <span class='ocrx_word' id='word_1_58' title='bbox 1947 567 2115 659; x_wconf 64' lang='lat' dir='ltr'><strong>prasenti</strong></span> 
     </span>
     <span class='ocr_line' id='line_1_6' title="bbox 490 687 1969 781; baseline -0.001 -27"><span class='ocrx_word' id='word_1_59' title='bbox 490 689 610 781; x_wconf 81' lang='lat' dir='ltr'><strong>pagina</strong></span> <span class='ocrx_word' id='word_1_60' title='bbox 625 689 732 764; x_wconf 69' lang='lat' dir='ltr'><strong>mino,</strong></span> <span class='ocrx_word' id='word_1_61' title='bbox 749 711 848 779; x_wconf 88' lang='lat' dir='ltr'><strong>quam</strong></span> <span class='ocrx_word' id='word_1_62' title='bbox 862 711 1001 779; x_wconf 80' lang='lat' dir='ltr'><strong>praesens</strong></span> <span class='ocrx_word' id='word_1_63' title='bbox 1016 712 1082 754; x_wconf 89' lang='lat' dir='ltr'><strong>una</strong></span> <span class='ocrx_word' id='word_1_64' title='bbox 1102 712 1196 772; x_wconf 82' lang='lat' dir='ltr'><strong>voce,</strong></span> <span class='ocrx_word' id='word_1_65' title='bbox 1214 704 1247 754; x_wconf 92' lang='lat' dir='ltr'><strong>et</strong></span> <span class='ocrx_word' id='word_1_66' title='bbox 1262 688 1289 753; x_wconf 86' lang='lat' dir='ltr'><strong>si</strong></span> <span class='ocrx_word' id='word_1_67' title='bbox 1303 689 1370 753; x_wconf 88' lang='lat' dir='ltr'><strong>vita</strong></span> <span class='ocrx_word' id='word_1_68' title='bbox 1385 711 1494 754; x_wconf 91' lang='lat' dir='ltr'><strong>eomes</strong></span> <span class='ocrx_word' id='word_1_69' title='bbox 1510 688 1619 770; x_wconf 80' lang='lat' dir='ltr'><strong>fuerit,</strong></span> <span class='ocrx_word' id='word_1_70' title='bbox 1635 710 1777 779; x_wconf 81' lang='lat' dir='ltr'><strong>praesens</strong></span> <span class='ocrx_word' id='word_1_71' title='bbox 1790 687 1969 753; x_wconf 85' lang='lat' dir='ltr'><strong>exhibebo.</strong></span> 
     </span>
    </p>
   </div>
   <div class='ocr_carea' id='block_1_2' title="bbox 1275 1374 1325 1475">
    <p class='ocr_par' dir='ltr' id='par_1_2' title="bbox 1275 1374 1325 1475">
     <span class='ocr_line' id='line_1_7' title="bbox 1275 1374 1325 1475; baseline 0 0"><span class='ocrx_word' id='word_1_72' title='bbox 1275 1374 1325 1475; x_wconf 77' lang='lat' dir='ltr'><strong>tv</strong></span> 
     </span>
    </p>
   </div>
   <div class='ocr_carea' id='block_1_3' title="bbox 838 1692 1757 1785">
    <p class='ocr_par' dir='ltr' id='par_1_3' title="bbox 838 1692 1757 1785">
     <span class='ocr_line' id='line_1_8' title="bbox 838 1692 1757 1785; baseline -0.003 -1"><span class='ocrx_word' id='word_1_73' title='bbox 838 1693 1105 1785; x_wconf 84' lang='lat' dir='ltr'><strong>EPISTOLA</strong></span> <span class='ocrx_word' id='word_1_74' title='bbox 1137 1692 1386 1783; x_wconf 85' lang='lat' dir='ltr'>EJUSDEM</span> <span class='ocrx_word' id='word_1_75' title='bbox 1420 1692 1757 1783; x_wconf 84' lang='lat' dir='ltr'><strong>BERENGARII</strong></span> 
     </span>
    </p>
   </div>
   <div class='ocr_carea' id='block_1_4' title="bbox 1133 2010 1464 2067">
    <p class='ocr_par' dir='ltr' id='par_1_4' title="bbox 1133 2010 1464 2067">
     <span class='ocr_line' id='line_1_9' title="bbox 1133 2010 1464 2067; baseline 0 0"><span class='ocrx_word' id='word_1_76' title='bbox 1133 2011 1235 2067; x_wconf 80' lang='lat' dir='ltr'><strong>Contra</strong></span> <span class='ocrx_word' id='word_1_77' title='bbox 1252 2010 1464 2067; x_wconf 66' lang='grc' dir='ltr'><strong>Ουὼυίωσα.</strong></span> 
     </span>
    </p>
   </div>
   <div class='ocr_carea' id='block_1_5' title="bbox 498 2294 2108 2381">
    <p class='ocr_par' dir='ltr' id='par_1_5' title="bbox 498 2294 2108 2381">
     <span class='ocr_line' id='line_1_10' title="bbox 498 2294 2108 2381; baseline 0 -19"><span class='ocrx_word' id='word_1_78' title='bbox 498 2296 648 2362; x_wconf 76' lang='lat' dir='ltr'><strong>Fratribus</strong></span> <span class='ocrx_word' id='word_1_79' title='bbox 656 2295 815 2357; x_wconf 76' lang='lat' dir='ltr'><strong>carthusia</strong></span> <span class='ocrx_word' id='word_1_80' title='bbox 823 2294 1033 2378; x_wconf 82' lang='lat' dir='ltr'><strong>professionem</strong></span> <span class='ocrx_word' id='word_1_81' title='bbox 1039 2296 1145 2373; x_wconf 82' lang='lat' dir='ltr'><strong>juratis</strong></span> <span class='ocrx_word' id='word_1_82' title='bbox 1154 2299 1189 2359; x_wconf 86' lang='lat' dir='ltr'><strong>B.</strong></span> <span class='ocrx_word' id='word_1_83' title='bbox 1200 2315 1267 2356; x_wconf 87' lang='lat' dir='ltr'><strong>cum</strong></span> <span class='ocrx_word' id='word_1_84' title='bbox 1277 2300 1388 2356; x_wconf 80' lang='lat' dir='ltr'><strong>Lazaro</strong></span> <span class='ocrx_word' id='word_1_85' title='bbox 1398 2296 1546 2377; x_wconf 87' lang='lat' dir='ltr'><strong>quondam</strong></span> <span class='ocrx_word' id='word_1_86' title='bbox 1556 2313 1685 2378; x_wconf 83' lang='lat' dir='ltr'><strong>paupere</strong></span> <span class='ocrx_word' id='word_1_87' title='bbox 1694 2310 1832 2358; x_wconf 78' lang='lat' dir='ltr'><strong>aeternam</strong></span> <span class='ocrx_word' id='word_1_88' title='bbox 1839 2296 1951 2360; x_wconf 84' lang='lat' dir='ltr'><strong>habere</strong></span> <span class='ocrx_word' id='word_1_89' title='bbox 1959 2300 2108 2381; x_wconf 76' lang='lat' dir='ltr'><strong>requiem.</strong></span> 
     </span>
    </p>
   </div>
   <div class='ocr_carea' id='block_1_6' title="bbox 543 2553 2110 2697">
    <p class='ocr_par' dir='ltr' id='par_1_6' title="bbox 543 2553 2110 2697">
     <span class='ocr_line' id='line_1_11' title="bbox 543 2553 2110 2697; baseline 0 -34"><span class='ocrx_word' id='word_1_90' title='bbox 543 2599 672 2687; x_wconf 80' lang='lat' dir='ltr'><strong>loquar</strong></span> <span class='ocrx_word' id='word_1_91' title='bbox 686 2594 729 2663; x_wconf 91' lang='lat' dir='ltr'><strong>ad</strong></span> <span class='ocrx_word' id='word_1_92' title='bbox 743 2553 901 2663; x_wconf 73' lang='lat' dir='ltr'><strong>Dominus</strong></span> <span class='ocrx_word' id='word_1_93' title='bbox 915 2617 1024 2678; x_wconf 89' lang='lat' dir='ltr'><strong>meos,</strong></span> <span class='ocrx_word' id='word_1_94' title='bbox 1042 2617 1117 2661; x_wconf 90' lang='lat' dir='ltr'><strong>eum</strong></span> <span class='ocrx_word' id='word_1_95' title='bbox 1132 2595 1194 2681; x_wconf 83' lang='lat' dir='ltr'><strong>sim</strong></span> <span class='ocrx_word' id='word_1_96' title='bbox 1208 2595 1313 2686; x_wconf 86' lang='lat' dir='ltr'><strong>pulvis</strong></span> <span class='ocrx_word' id='word_1_97' title='bbox 1329 2611 1362 2661; x_wconf 91' lang='lat' dir='ltr'><strong>et</strong></span> <span class='ocrx_word' id='word_1_98' title='bbox 1378 2595 1468 2662; x_wconf 90' lang='lat' dir='ltr'><strong>cinis.</strong></span> <span class='ocrx_word' id='word_1_99' title='bbox 1487 2594 1552 2662; x_wconf 87' lang='lat' dir='ltr'><strong>Sed</strong></span> <span class='ocrx_word' id='word_1_100' title='bbox 1566 2612 1603 2662; x_wconf 93' lang='lat' dir='ltr'><strong>ut</strong></span> <span class='ocrx_word' id='word_1_101' title='bbox 1615 2596 1799 2697; x_wconf 83' lang='lat' dir='ltr'><strong>jumentum</strong></span> <span class='ocrx_word' id='word_1_102' title='bbox 1814 2594 1915 2662; x_wconf 78' lang='lat' dir='ltr'><strong>iacun</strong></span> <span class='ocrx_word' id='word_1_103' title='bbox 1931 2618 2004 2661; x_wconf 78' lang='lat' dir='ltr'><strong>mm</strong></span> <span class='ocrx_word' id='word_1_104' title='bbox 2020 2596 2110 2687; x_wconf 83' lang='lat' dir='ltr'><strong>apud</strong></span> 
     </span>
    </p>
   </div>
   <div class='ocr_carea' id='block_1_7' title="bbox 498 2713 2237 2806">
    <p class='ocr_par' dir='ltr' id='par_1_7' title="bbox 498 2713 2237 2806">
     <span class='ocr_line' id='line_1_12' title="bbox 498 2713 2237 2806; baseline -0.002 -22"><span class='ocrx_word' id='word_1_105' title='bbox 498 2740 574 2800; x_wconf 77' lang='lat' dir='ltr'><strong>vos3</strong></span> <span class='ocrx_word' id='word_1_106' title='bbox 605 2731 766 2784; x_wconf 88' lang='lat' dir='ltr'><strong>ettamen</strong></span> <span class='ocrx_word' id='word_1_107' title='bbox 785 2715 934 2782; x_wconf 82' lang='lat' dir='ltr'><strong>homines</strong></span> <span class='ocrx_word' id='word_1_108' title='bbox 949 2731 982 2782; x_wconf 87' lang='lat' dir='ltr'><strong>ct</strong></span> <span class='ocrx_word' id='word_1_109' title='bbox 994 2717 1141 2803; x_wconf 84' lang='lat' dir='ltr'><strong>jumenta</strong></span> <span class='ocrx_word' id='word_1_110' title='bbox 1156 2713 1304 2799; x_wconf 83' lang='lat' dir='ltr'><strong>salvabis,</strong></span> <span class='ocrx_word' id='word_1_111' title='bbox 1327 2716 1479 2782; x_wconf 88' lang='lat' dir='ltr'><strong>Domine.</strong></span> <span class='ocrx_word' id='word_1_112' title='bbox 1501 2714 1726 2806; x_wconf 86' lang='lat' dir='ltr'><strong>Multiplicavit</strong></span> <span class='ocrx_word' id='word_1_113' title='bbox 1746 2716 1833 2781; x_wconf 87' lang='lat' dir='ltr'><strong>Deus</strong></span> <span class='ocrx_word' id='word_1_114' title='bbox 1853 2714 2109 2781; x_wconf 83' lang='lat' dir='ltr'><strong>misericordiam</strong></span> <span class='ocrx_word' id='word_1_115' title='bbox 2236 2758 2237 2767; x_wconf 26' lang='grc' dir='ltr'><strong>κ</strong></span> 
     </span>
    </p>
   </div>
   <div class='ocr_carea' id='block_1_8' title="bbox 425 2833 2114 4600">
    <p class='ocr_par' dir='ltr' id='par_1_8' title="bbox 499 2833 2111 4002">
     <span class='ocr_line' id='line_1_13' title="bbox 499 2833 2108 2927; baseline -0.003 -23"><span class='ocrx_word' id='word_1_116' title='bbox 499 2858 609 2919; x_wconf 81' lang='lat' dir='ltr'><strong>suant,</strong></span> <span class='ocrx_word' id='word_1_117' title='bbox 625 2836 681 2925; x_wconf 88' lang='lat' dir='ltr'><strong>qui</strong></span> <span class='ocrx_word' id='word_1_118' title='bbox 695 2835 903 2927; x_wconf 80' lang='lat' dir='ltr'><strong>congregavit</strong></span> <span class='ocrx_word' id='word_1_119' title='bbox 916 2857 975 2901; x_wconf 86' lang='lat' dir='ltr'><strong>vos</strong></span> <span class='ocrx_word' id='word_1_120' title='bbox 995 2856 1015 2900; x_wconf 90' lang='lat' dir='ltr'><strong>a</strong></span> <span class='ocrx_word' id='word_1_121' title='bbox 1030 2849 1171 2924; x_wconf 88' lang='lat' dir='ltr'><strong>quatuor</strong></span> <span class='ocrx_word' id='word_1_122' title='bbox 1185 2835 1288 2900; x_wconf 82' lang='lat' dir='ltr'><strong>ventis</strong></span> <span class='ocrx_word' id='word_1_123' title='bbox 1303 2833 1392 2917; x_wconf 89' lang='lat' dir='ltr'><strong>coeli,</strong></span> <span class='ocrx_word' id='word_1_124' title='bbox 1410 2849 1448 2899; x_wconf 92' lang='lat' dir='ltr'><strong>ut</strong></span> <span class='ocrx_word' id='word_1_125' title='bbox 1462 2833 1656 2900; x_wconf 76' lang='lat' dir='ltr'><strong>recumbatis</strong></span> <span class='ocrx_word' id='word_1_126' title='bbox 1675 2857 1750 2900; x_wconf 91' lang='lat' dir='ltr'><strong>cum</strong></span> <span class='ocrx_word' id='word_1_127' title='bbox 1773 2834 1939 2901; x_wconf 71' lang='lat' dir='ltr'><strong>Abraham</strong></span> <span class='ocrx_word' id='word_1_128' title='bbox 1954 2836 1989 2899; x_wconf 89' lang='lat' dir='ltr'><strong>in</strong></span> <span class='ocrx_word' id='word_1_129' title='bbox 2005 2859 2108 2926; x_wconf 80' lang='lat' dir='ltr'><strong>regno</strong></span> 
     </span>
     <span class='ocr_line' id='line_1_14' title="bbox 499 2953 2109 3047; baseline -0.002 -25"><span class='ocrx_word' id='word_1_130' title='bbox 499 2956 603 3023; x_wconf 88' lang='lat' dir='ltr'><strong>Patris</strong></span> <span class='ocrx_word' id='word_1_131' title='bbox 622 2956 683 3022; x_wconf 91' lang='lat' dir='ltr'><strong>sui.</strong></span> <span class='ocrx_word' id='word_1_132' title='bbox 702 2954 820 3022; x_wconf 86' lang='lat' dir='ltr'><strong>Fidelis</strong></span> <span class='ocrx_word' id='word_1_133' title='bbox 833 2955 888 3021; x_wconf 88' lang='lat' dir='ltr'><strong>ille</strong></span> <span class='ocrx_word' id='word_1_134' title='bbox 902 2955 939 3020; x_wconf 85' lang='lat' dir='ltr'><strong>in</strong></span> <span class='ocrx_word' id='word_1_135' title='bbox 953 2970 1023 3021; x_wconf 89' lang='lat' dir='ltr'><strong>tota</strong></span> <span class='ocrx_word' id='word_1_136' title='bbox 1039 2953 1139 3021; x_wconf 90' lang='lat' dir='ltr'><strong>dumo</strong></span> <span class='ocrx_word' id='word_1_137' title='bbox 1157 2953 1290 3046; x_wconf 82' lang='lat' dir='ltr'><strong>AEgypti</strong></span> <span class='ocrx_word' id='word_1_138' title='bbox 1310 2953 1352 3021; x_wconf 91' lang='lat' dir='ltr'><strong>de</strong></span> <span class='ocrx_word' id='word_1_139' title='bbox 1368 2970 1472 3020; x_wconf 89' lang='lat' dir='ltr'><strong>vestra</strong></span> <span class='ocrx_word' id='word_1_140' title='bbox 1487 2978 1545 3021; x_wconf 85' lang='lat' dir='ltr'><strong>vos</strong></span> <span class='ocrx_word' id='word_1_141' title='bbox 1562 2955 1699 3022; x_wconf 67' lang='lat' dir='ltr'><strong>unexit</strong></span> <span class='ocrx_word' id='word_1_142' title='bbox 1713 2954 1856 3047; x_wconf 77' lang='lat' dir='ltr'><strong>AEgypto</strong></span> <span class='ocrx_word' id='word_1_143' title='bbox 1872 2956 1906 3019; x_wconf 89' lang='lat' dir='ltr'><strong>in</strong></span> <span class='ocrx_word' id='word_1_144' title='bbox 1926 2978 2027 3020; x_wconf 86' lang='lat' dir='ltr'><strong>manu</strong></span> <span class='ocrx_word' id='word_1_145' title='bbox 2043 2979 2109 3046; x_wconf 93' lang='lat' dir='ltr'><strong>po-</strong></span> 
     </span>
     <span class='ocr_line' id='line_1_15' title="bbox 500 3065 2107 3167; baseline -0.002 -22"><span class='ocrx_word' id='word_1_146' title='bbox 500 3079 582 3145; x_wconf 87' lang='lat' dir='ltr'><strong>tenti</strong></span> <span class='ocrx_word' id='word_1_147' title='bbox 610 3093 644 3145; x_wconf 89' lang='lat' dir='ltr'><strong>et</strong></span> <span class='ocrx_word' id='word_1_148' title='bbox 670 3065 804 3143; x_wconf 84' lang='lat' dir='ltr'><strong>brachio</strong></span> <span class='ocrx_word' id='word_1_149' title='bbox 831 3076 978 3159; x_wconf 83' lang='lat' dir='ltr'><strong>excelso,</strong></span> <span class='ocrx_word' id='word_1_150' title='bbox 1006 3092 1044 3142; x_wconf 92' lang='lat' dir='ltr'><strong>ut</strong></span> <span class='ocrx_word' id='word_1_151' title='bbox 1070 3091 1259 3142; x_wconf 76' lang='lat' dir='ltr'><strong>evomentes</strong></span> <span class='ocrx_word' id='word_1_152' title='bbox 1287 3074 1367 3141; x_wconf 83' lang='lat' dir='ltr'><strong>ollas</strong></span> <span class='ocrx_word' id='word_1_153' title='bbox 1403 3076 1549 3142; x_wconf 84' lang='lat' dir='ltr'><strong>carnium</strong></span> <span class='ocrx_word' id='word_1_154' title='bbox 1576 3075 1715 3143; x_wconf 82' lang='lat' dir='ltr'><strong>clamare</strong></span> <span class='ocrx_word' id='word_1_155' title='bbox 1740 3076 1868 3167; x_wconf 86' lang='lat' dir='ltr'><strong>possitis</strong></span> <span class='ocrx_word' id='word_1_156' title='bbox 1894 3076 1929 3140; x_wconf 87' lang='lat' dir='ltr'><strong>in</strong></span> <span class='ocrx_word' id='word_1_157' title='bbox 1957 3075 2107 3142; x_wconf 80' lang='lat' dir='ltr'><strong>deserto:</strong></span> 
     </span>
     <span class='ocr_line' id='line_1_16' title="bbox 504 3193 2110 3287; baseline -0.001 -24"><span class='ocrx_word' id='word_1_158' title='bbox 504 3196 702 3263; x_wconf 74' lang='lat' dir='ltr'><strong>«Maubai»</strong></span> <span class='ocrx_word' id='word_1_159' title='bbox 720 3195 810 3279; x_wconf 88' lang='lat' dir='ltr'><strong>Quid</strong></span> <span class='ocrx_word' id='word_1_160' title='bbox 824 3213 874 3263; x_wconf 85' lang='lat' dir='ltr'><strong>cst</strong></span> <span class='ocrx_word' id='word_1_161' title='bbox 888 3194 973 3263; x_wconf 77' lang='lat' dir='ltr'><strong>hoc?</strong></span> <span class='ocrx_word' id='word_1_162' title='bbox 985 3195 1060 3261; x_wconf 83' lang='lat' dir='ltr'><strong>Vox</strong></span> <span class='ocrx_word' id='word_1_163' title='bbox 1081 3196 1165 3278; x_wconf 83' lang='lat' dir='ltr'><strong>haec,</strong></span> <span class='ocrx_word' id='word_1_164' title='bbox 1188 3217 1254 3262; x_wconf 79' lang='lat' dir='ltr'><strong>vox</strong></span> <span class='ocrx_word' id='word_1_165' title='bbox 1276 3193 1406 3261; x_wconf 81' lang='lat' dir='ltr'><strong>deserti.</strong></span> <span class='ocrx_word' id='word_1_166' title='bbox 1430 3196 1509 3261; x_wconf 81' lang='lat' dir='ltr'><strong>Hoec</strong></span> <span class='ocrx_word' id='word_1_167' title='bbox 1528 3218 1594 3261; x_wconf 83' lang='lat' dir='ltr'><strong>vox</strong></span> <span class='ocrx_word' id='word_1_168' title='bbox 1615 3195 1758 3287; x_wconf 87' lang='lat' dir='ltr'><strong>pluviam</strong></span> <span class='ocrx_word' id='word_1_169' title='bbox 1778 3194 1956 3261; x_wconf 83' lang='lat' dir='ltr'><strong>admiratur</strong></span> <span class='ocrx_word' id='word_1_170' title='bbox 1974 3196 2110 3262; x_wconf 76' lang='lat' dir='ltr'><strong>coele&#39;stis</strong></span> 
     </span>
     <span class='ocr_line' id='line_1_17' title="bbox 501 3313 2107 3407; baseline -0.001 -27"><span class='ocrx_word' id='word_1_171' title='bbox 501 3315 618 3398; x_wconf 88' lang='lat' dir='ltr'><strong>edulii,</strong></span> <span class='ocrx_word' id='word_1_172' title='bbox 635 3339 733 3405; x_wconf 89' lang='lat' dir='ltr'><strong>quam</strong></span> <span class='ocrx_word' id='word_1_173' title='bbox 747 3314 892 3407; x_wconf 86' lang='lat' dir='ltr'><strong>proferre</strong></span> <span class='ocrx_word' id='word_1_174' title='bbox 905 3338 973 3380; x_wconf 88' lang='lat' dir='ltr'><strong>non</strong></span> <span class='ocrx_word' id='word_1_175' title='bbox 989 3315 1124 3380; x_wconf 91' lang='lat' dir='ltr'><strong>sustinet</strong></span> <span class='ocrx_word' id='word_1_176' title='bbox 1139 3330 1249 3407; x_wconf 91' lang='lat' dir='ltr'><strong>guttur</strong></span> <span class='ocrx_word' id='word_1_177' title='bbox 1263 3313 1407 3406; x_wconf 80' lang='lat' dir='ltr'><strong>AEgypti.</strong></span> <span class='ocrx_word' id='word_1_178' title='bbox 1427 3315 1529 3405; x_wconf 85' lang='lat' dir='ltr'><strong>Igitur</strong></span> <span class='ocrx_word' id='word_1_179' title='bbox 1545 3337 1588 3379; x_wconf 89' lang='lat' dir='ltr'><strong>ne</strong></span> <span class='ocrx_word' id='word_1_180' title='bbox 1609 3314 1797 3380; x_wconf 86' lang='lat' dir='ltr'><strong>redoleretis</strong></span> <span class='ocrx_word' id='word_1_181' title='bbox 1819 3313 1893 3379; x_wconf 86' lang='lat' dir='ltr'><strong>allia</strong></span> <span class='ocrx_word' id='word_1_182' title='bbox 1912 3314 2107 3397; x_wconf 72' lang='lat' dir='ltr'><strong>thouis,</strong></span> 
     </span>
     <span class='ocr_line' id='line_1_18' title="bbox 502 3432 2108 3526; baseline -0.002 -25"><span class='ocrx_word' id='word_1_183' title='bbox 502 3436 674 3501; x_wconf 86' lang='lat' dir='ltr'><strong>accessistis</strong></span> <span class='ocrx_word' id='word_1_184' title='bbox 684 3433 726 3500; x_wconf 89' lang='lat' dir='ltr'><strong>ad</strong></span> <span class='ocrx_word' id='word_1_185' title='bbox 735 3436 911 3524; x_wconf 80' lang='lat' dir='ltr'><strong>hyssopum</strong></span> <span class='ocrx_word' id='word_1_186' title='bbox 923 3434 1040 3516; x_wconf 89' lang='lat' dir='ltr'><strong>crucis,</strong></span> <span class='ocrx_word' id='word_1_187' title='bbox 1050 3451 1082 3499; x_wconf 88' lang='lat' dir='ltr'><strong>et</strong></span> <span class='ocrx_word' id='word_1_188' title='bbox 1095 3458 1157 3526; x_wconf 88' lang='lat' dir='ltr'><strong>pro</strong></span> <span class='ocrx_word' id='word_1_189' title='bbox 1167 3433 1320 3525; x_wconf 80' lang='lat' dir='ltr'><strong>AEgyptio</strong></span> <span class='ocrx_word' id='word_1_190' title='bbox 1332 3433 1465 3523; x_wconf 85' lang='lat' dir='ltr'><strong>gemitu,</strong></span> <span class='ocrx_word' id='word_1_191' title='bbox 1476 3432 1611 3499; x_wconf 86' lang='lat' dir='ltr'><strong>coelestis</strong></span> <span class='ocrx_word' id='word_1_192' title='bbox 1621 3432 1764 3500; x_wconf 85' lang='lat' dir='ltr'><strong>alimenti</strong></span> <span class='ocrx_word' id='word_1_193' title='bbox 1781 3433 1942 3500; x_wconf 88' lang='lat' dir='ltr'><strong>desiderio</strong></span> <span class='ocrx_word' id='word_1_194' title='bbox 1953 3433 2108 3516; x_wconf 86' lang='lat' dir='ltr'><strong>clamatis,</strong></span> 
     </span>
     <span class='ocr_line' id='line_1_19' title="bbox 502 3547 2111 3643; baseline 0 -22"><span class='ocrx_word' id='word_1_195' title='bbox 502 3547 591 3638; x_wconf 90' lang='lat' dir='ltr'><strong>Quid</strong></span> <span class='ocrx_word' id='word_1_196' title='bbox 612 3570 660 3621; x_wconf 89' lang='lat' dir='ltr'><strong>est</strong></span> <span class='ocrx_word' id='word_1_197' title='bbox 678 3551 763 3618; x_wconf 84' lang='lat' dir='ltr'><strong>hoc?</strong></span> <span class='ocrx_word' id='word_1_198' title='bbox 778 3555 807 3616; x_wconf 80' lang='lat' dir='ltr'>A</span> <span class='ocrx_word' id='word_1_199' title='bbox 825 3554 957 3643; x_wconf 81' lang='lat' dir='ltr'><strong>regione</strong></span> <span class='ocrx_word' id='word_1_200' title='bbox 979 3552 1096 3620; x_wconf 86' lang='lat' dir='ltr'><strong>deserti</strong></span> <span class='ocrx_word' id='word_1_201' title='bbox 1111 3554 1202 3619; x_wconf 89' lang='lat' dir='ltr'><strong>veuit</strong></span> <span class='ocrx_word' id='word_1_202' title='bbox 1221 3575 1342 3619; x_wconf 85' lang='lat' dir='ltr'><strong>manna</strong></span> <span class='ocrx_word' id='word_1_203' title='bbox 1363 3552 1408 3620; x_wconf 89' lang='lat' dir='ltr'><strong>ad</strong></span> <span class='ocrx_word' id='word_1_204' title='bbox 1422 3554 1562 3620; x_wconf 74' lang='lat' dir='ltr'><strong>viatores</strong></span> <span class='ocrx_word' id='word_1_205' title='bbox 1586 3553 1724 3636; x_wconf 83' lang='lat' dir='ltr'><strong>deserti,</strong></span> <span class='ocrx_word' id='word_1_206' title='bbox 1743 3570 1776 3620; x_wconf 89' lang='lat' dir='ltr'><strong>et</strong></span> <span class='ocrx_word' id='word_1_207' title='bbox 1795 3557 1868 3642; x_wconf 83' lang='lat' dir='ltr'><strong>jure</strong></span> <span class='ocrx_word' id='word_1_208' title='bbox 1885 3553 2006 3637; x_wconf 90' lang='lat' dir='ltr'><strong>dicitis,</strong></span> <span class='ocrx_word' id='word_1_209' title='bbox 2024 3553 2111 3636; x_wconf 89' lang='lat' dir='ltr'><strong>Quid</strong></span> 
     </span>
     <span class='ocr_line' id='line_1_20' title="bbox 503 3670 2110 3762; baseline -0.002 -20"><span class='ocrx_word' id='word_1_210' title='bbox 503 3690 552 3742; x_wconf 89' lang='lat' dir='ltr'><strong>est</strong></span> <span class='ocrx_word' id='word_1_211' title='bbox 574 3672 659 3739; x_wconf 84' lang='lat' dir='ltr'><strong>hoc?</strong></span> <span class='ocrx_word' id='word_1_212' title='bbox 678 3670 769 3762; x_wconf 90' lang='lat' dir='ltr'><strong>quid,</strong></span> <span class='ocrx_word' id='word_1_213' title='bbox 786 3671 930 3759; x_wconf 88' lang='lat' dir='ltr'><strong>inquam,</strong></span> <span class='ocrx_word' id='word_1_214' title='bbox 955 3670 1112 3760; x_wconf 85' lang='lat' dir='ltr'><strong>estquod</strong></span> <span class='ocrx_word' id='word_1_215' title='bbox 1137 3671 1258 3737; x_wconf 81' lang='lat' dir='ltr'><strong>famem</strong></span> <span class='ocrx_word' id='word_1_216' title='bbox 1281 3671 1418 3761; x_wconf 83' lang='lat' dir='ltr'><strong>repellit,</strong></span> <span class='ocrx_word' id='word_1_217' title='bbox 1445 3670 1536 3761; x_wconf 85' lang='lat' dir='ltr'><strong>quod</strong></span> <span class='ocrx_word' id='word_1_218' title='bbox 1557 3671 1752 3739; x_wconf 84' lang='lat' dir='ltr'><strong>desiderium</strong></span> <span class='ocrx_word' id='word_1_219' title='bbox 1776 3675 1889 3757; x_wconf 86' lang='lat' dir='ltr'><strong>satiat,</strong></span> <span class='ocrx_word' id='word_1_220' title='bbox 1913 3690 1946 3739; x_wconf 89' lang='lat' dir='ltr'><strong>et</strong></span> <span class='ocrx_word' id='word_1_221' title='bbox 1962 3673 2110 3739; x_wconf 87' lang='lat' dir='ltr'><strong>satiando</strong></span> 
     </span>
     <span class='ocr_line' id='line_1_21' title="bbox 503 3789 2111 3882; baseline -0.004 -19"><span class='ocrx_word' id='word_1_222' title='bbox 503 3791 675 3862; x_wconf 82' lang='lat' dir='ltr'><strong>accendit?</strong></span> <span class='ocrx_word' id='word_1_223' title='bbox 687 3790 806 3882; x_wconf 85' lang='lat' dir='ltr'><strong>Rapuit</strong></span> <span class='ocrx_word' id='word_1_224' title='bbox 819 3812 934 3855; x_wconf 93' lang='lat' dir='ltr'><strong>manus</strong></span> <span class='ocrx_word' id='word_1_225' title='bbox 950 3789 1004 3854; x_wconf 89' lang='lat' dir='ltr'><strong>illa</strong></span> <span class='ocrx_word' id='word_1_226' title='bbox 1021 3790 1219 3856; x_wconf 75' lang='lat' dir='ltr'><strong>inexhaustas</strong></span> <span class='ocrx_word' id='word_1_227' title='bbox 1239 3789 1418 3856; x_wconf 73' lang='lat' dir='ltr'><strong>clementie</strong></span> <span class='ocrx_word' id='word_1_228' title='bbox 1435 3790 1540 3857; x_wconf 90' lang='lat' dir='ltr'><strong>lutum</strong></span> <span class='ocrx_word' id='word_1_229' title='bbox 1557 3791 1599 3857; x_wconf 90' lang='lat' dir='ltr'><strong>de</strong></span> <span class='ocrx_word' id='word_1_230' title='bbox 1615 3792 1697 3875; x_wconf 88' lang='lat' dir='ltr'><strong>luto,</strong></span> <span class='ocrx_word' id='word_1_231' title='bbox 1719 3809 1753 3857; x_wconf 91' lang='lat' dir='ltr'><strong>et</strong></span> <span class='ocrx_word' id='word_1_232' title='bbox 1767 3793 1802 3857; x_wconf 90' lang='lat' dir='ltr'><strong>in</strong></span> <span class='ocrx_word' id='word_1_233' title='bbox 1818 3791 2003 3859; x_wconf 88' lang='lat' dir='ltr'><strong>diademate</strong></span> <span class='ocrx_word' id='word_1_234' title='bbox 2019 3792 2111 3858; x_wconf 84' lang='lat' dir='ltr'><strong>Salo·</strong></span> 
     </span>
     <span class='ocr_line' id='line_1_22' title="bbox 503 3907 2111 4002; baseline -0.001 -21"><span class='ocrx_word' id='word_1_235' title='bbox 503 3913 609 3981; x_wconf 89' lang='lat' dir='ltr'><strong>monis</strong></span> <span class='ocrx_word' id='word_1_236' title='bbox 632 3935 697 4001; x_wconf 92' lang='lat' dir='ltr'><strong>quo</strong></span> <span class='ocrx_word' id='word_1_237' title='bbox 719 3910 885 3977; x_wconf 86' lang='lat' dir='ltr'><strong>coronavit</strong></span> <span class='ocrx_word' id='word_1_238' title='bbox 905 3932 979 3975; x_wconf 90' lang='lat' dir='ltr'><strong>eum</strong></span> <span class='ocrx_word' id='word_1_239' title='bbox 995 3925 1110 3993; x_wconf 87' lang='lat' dir='ltr'><strong>mater,</strong></span> <span class='ocrx_word' id='word_1_240' title='bbox 1133 3909 1210 3975; x_wconf 85' lang='lat' dir='ltr'><strong>fecit</strong></span> <span class='ocrx_word' id='word_1_241' title='bbox 1229 3931 1287 3975; x_wconf 89' lang='lat' dir='ltr'><strong>vos</strong></span> <span class='ocrx_word' id='word_1_242' title='bbox 1308 3932 1421 3975; x_wconf 88' lang='lat' dir='ltr'><strong>aureos</strong></span> <span class='ocrx_word' id='word_1_243' title='bbox 1440 3907 1482 3976; x_wconf 91' lang='lat' dir='ltr'><strong>de</strong></span> <span class='ocrx_word' id='word_1_244' title='bbox 1497 3909 1580 3977; x_wconf 90' lang='lat' dir='ltr'><strong>luto.</strong></span> <span class='ocrx_word' id='word_1_245' title='bbox 1599 3910 1664 3976; x_wconf 88' lang='lat' dir='ltr'><strong>Sed</strong></span> <span class='ocrx_word' id='word_1_246' title='bbox 1684 3912 1793 3977; x_wconf 68' lang='lat' dir='ltr'><strong>uescm</strong></span> <span class='ocrx_word' id='word_1_247' title='bbox 1813 3934 1879 4001; x_wconf 89' lang='lat' dir='ltr'><strong>quo</strong></span> <span class='ocrx_word' id='word_1_248' title='bbox 1911 3927 2007 4002; x_wconf 88' lang='lat' dir='ltr'><strong>pacto</strong></span> <span class='ocrx_word' id='word_1_249' title='bbox 2024 3934 2111 3980; x_wconf 81' lang='lat' dir='ltr'><strong>nunc</strong></span> 
     </span>
    </p>

    <p class='ocr_par' dir='ltr' id='par_1_9' title="bbox 425 4028 2114 4600">
     <span class='ocr_line' id='line_1_23' title="bbox 505 4028 2113 4123; baseline -0.002 -21"><span class='ocrx_word' id='word_1_250' title='bbox 505 4056 620 4102; x_wconf 84' lang='lat' dir='ltr'><strong>aurum</strong></span> <span class='ocrx_word' id='word_1_251' title='bbox 630 4028 727 4097; x_wconf 89' lang='lat' dir='ltr'><strong>rediit</strong></span> <span class='ocrx_word' id='word_1_252' title='bbox 738 4029 773 4093; x_wconf 90' lang='lat' dir='ltr'><strong>in</strong></span> <span class='ocrx_word' id='word_1_253' title='bbox 787 4028 904 4112; x_wconf 88' lang='lat' dir='ltr'><strong>lutum,</strong></span> <span class='ocrx_word' id='word_1_254' title='bbox 913 4043 946 4094; x_wconf 89' lang='lat' dir='ltr'><strong>et</strong></span> <span class='ocrx_word' id='word_1_255' title='bbox 961 4028 1085 4094; x_wconf 84' lang='lat' dir='ltr'><strong>inferri</strong></span> <span class='ocrx_word' id='word_1_256' title='bbox 1099 4028 1255 4095; x_wconf 83' lang='lat' dir='ltr'><strong>vilitatem</strong></span> <span class='ocrx_word' id='word_1_257' title='bbox 1262 4030 1350 4095; x_wconf 88' lang='lat' dir='ltr'><strong>aurei</strong></span> <span class='ocrx_word' id='word_1_258' title='bbox 1367 4029 1466 4097; x_wconf 85' lang='lat' dir='ltr'><strong>seculi</strong></span> <span class='ocrx_word' id='word_1_259' title='bbox 1480 4046 1611 4096; x_wconf 90' lang='lat' dir='ltr'><strong>moneta</strong></span> <span class='ocrx_word' id='word_1_260' title='bbox 1621 4030 1806 4123; x_wconf 79' lang='lat' dir='ltr'><strong>degenerat.</strong></span> <span class='ocrx_word' id='word_1_261' title='bbox 1821 4031 1962 4097; x_wconf 78' lang='lat' dir='ltr'><strong>levastis</strong></span> <span class='ocrx_word' id='word_1_262' title='bbox 1976 4053 2113 4122; x_wconf 78' lang='lat' dir='ltr'><strong>corpore</strong></span> 
     </span>
     <span class='ocr_line' id='line_1_24' title="bbox 425 4127 2112 4243; baseline -0.004 -22"><span class='ocrx_word' id='word_1_263' title='bbox 425 4127 427 4131; x_wconf 5' lang='grc' dir='ltr'>ὗ</span> <span class='ocrx_word' id='word_1_264' title='bbox 503 4168 609 4221; x_wconf 82' lang='lat' dir='ltr'><strong>vestra</strong></span> <span class='ocrx_word' id='word_1_265' title='bbox 623 4152 658 4214; x_wconf 92' lang='lat' dir='ltr'><strong>iu</strong></span> <span class='ocrx_word' id='word_1_266' title='bbox 672 4164 811 4231; x_wconf 86' lang='lat' dir='ltr'><strong>montes,</strong></span> <span class='ocrx_word' id='word_1_267' title='bbox 829 4147 887 4213; x_wconf 92' lang='lat' dir='ltr'><strong>sed</strong></span> <span class='ocrx_word' id='word_1_268' title='bbox 899 4163 1023 4213; x_wconf 89' lang='lat' dir='ltr'><strong>mentes</strong></span> <span class='ocrx_word' id='word_1_269' title='bbox 1038 4148 1072 4212; x_wconf 92' lang='lat' dir='ltr'><strong>in</strong></span> <span class='ocrx_word' id='word_1_270' title='bbox 1088 4148 1224 4216; x_wconf 86' lang='lat' dir='ltr'><strong>vallibus</strong></span> <span class='ocrx_word' id='word_1_271' title='bbox 1244 4166 1477 4216; x_wconf 88' lang='lat' dir='ltr'><strong>remanserunt.</strong></span> <span class='ocrx_word' id='word_1_272' title='bbox 1491 4149 1589 4217; x_wconf 89' lang='lat' dir='ltr'><strong>Unde</strong></span> <span class='ocrx_word' id='word_1_273' title='bbox 1610 4173 1687 4243; x_wconf 91' lang='lat' dir='ltr'><strong>ergo</strong></span> <span class='ocrx_word' id='word_1_274' title='bbox 1704 4152 1811 4218; x_wconf 89' lang='lat' dir='ltr'><strong>veniet</strong></span> <span class='ocrx_word' id='word_1_275' title='bbox 1827 4149 1985 4216; x_wconf 85' lang='lat' dir='ltr'><strong>auxilium</strong></span> <span class='ocrx_word' id='word_1_276' title='bbox 1998 4148 2112 4216; x_wconf 82' lang='lat' dir='ltr'><strong>vobis?</strong></span> 
     </span>
     <span class='ocr_line' id='line_1_25' title="bbox 504 4265 2114 4363; baseline -0.003 -24"><span class='ocrx_word' id='word_1_277' title='bbox 504 4271 719 4363; x_wconf 76' lang='lat' dir='ltr'><strong>sperabamus</strong></span> <span class='ocrx_word' id='word_1_278' title='bbox 735 4265 825 4357; x_wconf 89' lang='lat' dir='ltr'><strong>quod</strong></span> <span class='ocrx_word' id='word_1_279' title='bbox 839 4268 874 4332; x_wconf 88' lang='lat' dir='ltr'><strong>in</strong></span> <span class='ocrx_word' id='word_1_280' title='bbox 894 4266 1113 4333; x_wconf 84' lang='lat' dir='ltr'><strong>cacuminibus</strong></span> <span class='ocrx_word' id='word_1_281' title='bbox 1128 4268 1289 4332; x_wconf 88' lang='lat' dir='ltr'><strong>montium</strong></span> <span class='ocrx_word' id='word_1_282' title='bbox 1304 4290 1426 4359; x_wconf 87' lang='lat' dir='ltr'><strong>pennas</strong></span> <span class='ocrx_word' id='word_1_283' title='bbox 1445 4267 1616 4351; x_wconf 85' lang='lat' dir='ltr'><strong>cuderetis,</strong></span> <span class='ocrx_word' id='word_1_284' title='bbox 1637 4292 1710 4360; x_wconf 77' lang='lat' dir='ltr'><strong>qua</strong></span> <span class='ocrx_word' id='word_1_285' title='bbox 1725 4293 1784 4335; x_wconf 88' lang='lat' dir='ltr'><strong>vos</strong></span> <span class='ocrx_word' id='word_1_286' title='bbox 1798 4270 1953 4336; x_wconf 77' lang='lat' dir='ltr'><strong>veherent</strong></span> <span class='ocrx_word' id='word_1_287' title='bbox 1974 4268 2018 4334; x_wconf 90' lang='lat' dir='ltr'><strong>ad</strong></span> <span class='ocrx_word' id='word_1_288' title='bbox 2034 4267 2114 4334; x_wconf 82' lang='lat' dir='ltr'><strong>dex·</strong></span> 
     </span>
     <span class='ocr_line' id='line_1_26' title="bbox 505 4385 2113 4480; baseline -0.003 -22"><span class='ocrx_word' id='word_1_289' title='bbox 505 4408 609 4458; x_wconf 88' lang='lat' dir='ltr'><strong>teram</strong></span> <span class='ocrx_word' id='word_1_290' title='bbox 620 4389 736 4454; x_wconf 84' lang='lat' dir='ltr'><strong>Panis.</strong></span> <span class='ocrx_word' id='word_1_291' title='bbox 754 4385 889 4454; x_wconf 82' lang='lat' dir='ltr'><strong>Seduxit</strong></span> <span class='ocrx_word' id='word_1_292' title='bbox 903 4408 964 4451; x_wconf 88' lang='lat' dir='ltr'><strong>nos</strong></span> <span class='ocrx_word' id='word_1_293' title='bbox 979 4385 1091 4477; x_wconf 89' lang='lat' dir='ltr'><strong>opinio</strong></span> <span class='ocrx_word' id='word_1_294' title='bbox 1106 4385 1244 4471; x_wconf 83' lang='lat' dir='ltr'><strong>lubrica,</strong></span> <span class='ocrx_word' id='word_1_295' title='bbox 1260 4402 1295 4453; x_wconf 91' lang='lat' dir='ltr'><strong>et</strong></span> <span class='ocrx_word' id='word_1_296' title='bbox 1310 4386 1400 4477; x_wconf 90' lang='lat' dir='ltr'><strong>quod</strong></span> <span class='ocrx_word' id='word_1_297' title='bbox 1413 4387 1507 4460; x_wconf 90' lang='lat' dir='ltr'><strong>valde</strong></span> <span class='ocrx_word' id='word_1_298' title='bbox 1521 4389 1691 4480; x_wconf 84' lang='lat' dir='ltr'><strong>gemimus,</strong></span> <span class='ocrx_word' id='word_1_299' title='bbox 1707 4390 1828 4456; x_wconf 86' lang='lat' dir='ltr'><strong>alarum</strong></span> <span class='ocrx_word' id='word_1_300' title='bbox 1841 4387 1966 4455; x_wconf 90' lang='lat' dir='ltr'><strong>nudato</strong></span> <span class='ocrx_word' id='word_1_301' title='bbox 1976 4389 2113 4479; x_wconf 86' lang='lat' dir='ltr'><strong>remigio</strong></span> 
     </span>
     <span class='ocr_line' id='line_1_27' title="bbox 507 4504 2112 4600; baseline -0.003 -23"><span class='ocrx_word' id='word_1_302' title='bbox 507 4510 542 4578; x_wconf 89' lang='lat' dir='ltr'><strong>iu</strong></span> <span class='ocrx_word' id='word_1_303' title='bbox 556 4507 674 4600; x_wconf 91' lang='lat' dir='ltr'><strong>plumis</strong></span> <span class='ocrx_word' id='word_1_304' title='bbox 691 4505 835 4597; x_wconf 89' lang='lat' dir='ltr'><strong>corporis</strong></span> <span class='ocrx_word' id='word_1_305' title='bbox 852 4505 989 4597; x_wconf 80' lang='lat' dir='ltr'><strong>gratitas</strong></span> <span class='ocrx_word' id='word_1_306' title='bbox 999 4527 1058 4571; x_wconf 82' lang='lat' dir='ltr'><strong>ros</strong></span> <span class='ocrx_word' id='word_1_307' title='bbox 1071 4504 1270 4595; x_wconf 80' lang='lat' dir='ltr'><strong>pessumdat.</strong></span> <span class='ocrx_word' id='word_1_308' title='bbox 1288 4505 1486 4574; x_wconf 86' lang='lat' dir='ltr'><strong>Putabamus</strong></span> <span class='ocrx_word' id='word_1_309' title='bbox 1500 4508 1590 4598; x_wconf 86' lang='lat' dir='ltr'><strong>quod</strong></span> <span class='ocrx_word' id='word_1_310' title='bbox 1606 4510 1694 4575; x_wconf 89' lang='lat' dir='ltr'><strong>Deus</strong></span> <span class='ocrx_word' id='word_1_311' title='bbox 1709 4525 1792 4576; x_wconf 85' lang='lat' dir='ltr'><strong>esset</strong></span> <span class='ocrx_word' id='word_1_312' title='bbox 1808 4510 1971 4576; x_wconf 88' lang='lat' dir='ltr'><strong>montium</strong></span> <span class='ocrx_word' id='word_1_313' title='bbox 1986 4523 2112 4573; x_wconf 72' lang='lat' dir='ltr'><strong>numm</strong></span> 
     </span>
    </p>
   </div>
   <div class='ocr_carea' id='block_1_9' title="bbox 0 0 2296 6100">
    <p class='ocr_par' dir='ltr' id='par_1_10' title="bbox 0 0 2296 6100">
     <span class='ocr_line' id='line_1_28' title="bbox 0 0 2296 6100; baseline 0 0"><span class='ocrx_word' id='word_1_314' title='bbox 0 0 2296 6100; x_wconf 95' lang='lat' dir='ltr'><strong> </strong></span> 
     </span>
    </p>
   </div>
  </div>
 </body>
</html>
