4559 6100
497 590 545 663 38
1101 585 1229 661 PETRI
1255 582 1490 669 ABAELARDl

497 748 572 822 quo
587 722 698 795 etiam
713 719 917 794 notandum
933 735 1007 815 est,
1025 722 1126 821 qnod
1148 722 1237 795 dum
1253 747 1332 796 eam
1351 746 1502 822 praeesse
1524 721 1687 820 regimini
1705 719 1832 792 mundi
1851 732 1892 791 ut
1906 717 2091 792 dominam

498 841 602 934 dicit,
619 842 780 941 profecto
803 866 884 914 eam
911 842 1012 914 omni
1033 841 1174 941 praefert
1189 854 1380 931 creaturae,
1400 855 1436 914 et
1457 845 1575 914 Deum
1600 865 1677 914 esse
1698 839 1842 929 astruit,
1868 861 1979 937 quern
1994 853 2092 937 post·

498 961 650 1036 modurn
673 960 732 1034 his
752 960 871 1034 verbis
898 961 1056 1034 animam
1082 960 1211 1034 mundi
1236 960 1391 1034 vocavit.
1412 964 1491 1033 lloc
1508 961 1624 1034 dicit:
1653 989 1671 1025 «
1697 963 1742 1031 Et
1760 958 1909 1032 demum
1928 956 2094 1056 reliquias

497 1082 628 1180 prioris
646 1079 902 1174 concretionis,
921 1104 966 1153 ex
986 1104 1062 1180 qua
1083 1081 1244 1154 animam
1267 1079 1395 1154 mundi
1418 1080 1714 1174 commiscuerat,
1730 1092 1801 1153 etc.
1824 1082 1958 1150 »Bene
1972 1091 2093 1150 autem

497 1201 671 1301 Spiritum
687 1213 851 1274 sanctum
868 1200 1025 1273 animam
1043 1201 1169 1273 mundi
1186 1201 1287 1298 quasi
1303 1201 1415 1274 vitam
1431 1199 1671 1275 universitatis
1687 1198 1825 1298 posuit,
1838 1221 1922 1271 cum
1932 1194 2093 1269 inboni-

498 1334 570 1393 tate
602 1320 668 1392 Dei
693 1318 816 1392 omnia
843 1315 1117 1417 quodammodo
1145 1318 1265 1393 vivere
1283 1318 1460 1412 habeant,
1484 1334 1522 1393 ct
1543 1321 1708 1393 universa
1728 1333 1901 1414 tanquam
1922 1317 2002 1391 viva
2023 1317 2095 1389 sint

495 1437 596 1539 apud
610 1443 746 1532 Deum,
765 1451 801 1510 et
818 1437 916 1511 nulla
933 1452 1096 1533 mortua,
1116 1436 1191 1512 boc
1206 1452 1259 1512 est
1278 1438 1378 1512 nulla
1394 1439 1550 1535 inutilia,
1564 1464 1633 1513 nec
1658 1440 1764 1513 etiarn
1790 1438 1867 1538 ipsa
1883 1437 1996 1527 mala,
2014 1460 2093 1534 quae

495 1559 635 1657 ‚optime
664 1581 730 1657 per
756 1556 957 1630 bonitatem
982 1558 1093 1657 ipsius
1119 1557 1374 1657 disponuntur,
1397 1560 1498 1657 juxta
1521 1559 1623 1659 quod
1646 1573 1720 1632 tarn
1742 1556 1839 1656 apud
1856 1553 2094 1651 Evangelistas

496 1701 608 1775 qnam
623 1675 722 1778 apud
740 1675 964 1768 Platonicos,
985 1677 1159 1778 scripturn
1179 1701 1257 1751 esse
1276 1677 1544 1752 meminimns¹t
1565 1677 1710 1767 «Quod
1731 1678 1935 1750 factumest
1955 1676 1993 1747 in
2016 1675 2094 1774 ipso

500 1797 571 1870 vita
587 1812 676 1870 erat.
694 1824 713 1865 u
728 1802 776 1871 Ac
789 1798 819 1870 si
830 1797 987 1871 diceret:
1009 1798 1142 1871 Omnia
1155 1797 1398 1897 temporaliter
1413 1796 1505 1874 facta
1517 1823 1583 1899 per
1594 1800 1726 1899 ipsum,
1743 1795 1818 1870 boc
1833 1809 1887 1869 est
1900 1818 1964 1895 per
1980 1796 2095 1894 ipsam

495 1916 565 1989 nei
581 1915 779 1991 bonitatem
797 1914 961 2004 condita,
982 1917 1019 1989 in
1046 1917 1122 2017 ipsa
1138 1918 1205 1991 Dei
1222 1916 1385 1991 bonitate
1397 1917 1672 2015 quodammodo
1690 1917 1897 2018 perenuiter
1911 1912 2092 2004 vivebant,

498 2059 583 2108 cum
614 2035 713 2135 apud
736 2034 896 2110 divinam
916 2035 1181 2136 providentiam
1199 2038 1320 2112 omnia
1342 2036 1389 2111 eb
1408 2051 1543 2111 aeterno
1561 2062 1626 2138 per
1644 2037 1722 2136 ejus
1738 2036 1938 2109 bonitatem
1958 2035 2095 2132 optime

499 2170 615 2229 essent
631 2155 817 2249 ordinata,
835 2169 875 2228 ut
892 2168 966 2228 tam
980 2154 1075 2229 bene
1090 2154 1231 2254 singula
1244 2156 1442 2256 procedere
1457 2157 1584 2251 vellet,
1600 2170 1777 2255 qnantum
1791 2167 1986 2254 oporteret.
2003 2153 2096 2225 Hinc

493 2298 573 2347 non
597 2275 794 2372 incongrue
809 2274 898 2348 illud
919 2276 1081 2374 Apostoli
1095 2300 1299 2350 consonare
1314 2274 1477 2369 videtur,
1493 2275 1595 2376 quod
1612 2275 1777 2375 perbibet
1792 2271 2095 2376 pbilosophorum

496 2390 675 2491 quosdam
704 2391 853 2486 dixisse,
873 2393 973 2491 quod
997 2422 1016 2463 r
1037 2394 1074 2466 in
1097 2397 1177 2468 Deo
1197 2396 1368 2488 vivimus,
1393 2420 1583 2469 movemur
1604 2410 1640 2469 et
1656 2397 1817 2489 snmus',
1844 2424 1862 2462 a
1889 2416 1932 2466 ac
1951 2390 2096 2465 sibeno

494 2511 657 2584 animam
675 2512 801 2585 mundi
825 2512 945 2612 ipsum
972 2512 1210 2612 intelligerent
1236 2519 1367 2588 Deum.
1392 2514 1503 2604 Quod
1525 2539 1612 2589 vero
1632 2515 1718 2589 dicit
1738 2519 1856 2587 Deum
1877 2512 2096 2609 excogitasse

498 2630 644 2702 tertium
661 2631 788 2703 animae
802 2655 931 2727 genus,
947 2629 1048 2731 quod
1064 2633 1222 2706 animam
1238 2632 1365 2711 mundi
1379 2632 1556 2731 dicimus,
1570 2633 1641 2709 tale
1658 2649 1712 2709 est
1729 2657 1772 2707 ac
1786 2634 1816 2706 si
1828 2632 1968 2706 tertiam
1983 2634 2095 2703 aDeo

499 2765 534 2822 et
552 2753 687 2847 Noym⁸
710 2774 902 2849 personam
923 2765 1057 2825 astruat
1078 2776 1156 2825 esse
1180 2753 1352 2852 Spiritum
1368 2768 1531 2827 sanctum
1552 2757 1589 2828 in
1607 2756 1667 2830 illa
1684 2753 1856 2853 spirituali
1872 2752 1994 2825 divina
2011 2751 2097 2825 sub-

499 2870 641 2943 stantia.
662 2871 871 2967 Excogitare
890 2874 987 2944 Deus
1011 2870 1165 2966 dicitur,
1183 2871 1257 2946 boc
1280 2888 1335 2948 est
1362 2898 1405 2948 ex
1428 2876 1571 2973 integro
1594 2877 1779 2976 percipere
1801 2875 1909 2948 nnius
1934 2896 2097 2973 persona

500 2986 768 3082 discretionem,
789 3013 897 3086 qnam
915 3013 982 3063 nos
1002 2989 1109 3089 digne
1125 2994 1297 3091 cogitare,
1312 3008 1420 3094 atque
1430 2994 1477 3069 ab
1493 2996 1573 3097 ipso
1588 3001 1690 3070 Patre
1703 3011 1740 3071 et
1753 2996 1842 3069 Filio
1856 2994 1961 3095 plene
1971 2991 2096 3067 distin·

491 3131 608 3212 'gnere
624 3133 699 3182 non
717 3108 932 3197 sufficimus3
951 3111 1018 3186 soli
1034 3112 1170 3211 quippe
1185 3112 1253 3185 sibi
1274 3114 1425 3189 Trinitas
1442 3115 1567 3190 divina
1582 3141 1667 3190 vere
1685 3117 1829 3213 cognita
1842 3129 1907 3188 est.
1925 3117 2096 3187 Tantum·

500 3226 583 3300 dem
598 3230 705 3301 etiam
717 3228 811 3302 valet
821 3228 974 3328 aliquid⁸
984 3255 1025 3303 ex
1035 3235 1114 3304 Deo
1128 3234 1320 3330 excogitari
1332 3235 1454 3334 aliquo
1470 3235 1596 3329 modo,
1616 3251 1794 3335 qnantum
1809 3232 1899 3308 illud
1909 3258 1949 3306 se
1963 3231 2097 3306 babere

499 3335 561 3411 illo
573 3339 708 3431 modo,
723 3340 795 3414 hoc
811 3356 864 3414 est
880 3342 930 3414 ita
946 3343 1118 3417 veraciter
1131 3368 1220 3417 esse.
1239 3344 1380 3420 Deinde
1395 3348 1517 3421 statim
1532 3346 1642 3446 hujus
1655 3350 1768 3421 tertiae
1784 3370 1966 3447 personae,
1985 3368 2095 3443 quarn

498 3458 656 3533 animam
673 3460 801 3533 mundi
818 3460 993 3555 collocat,
1005 3461 1212 3558 diligentem
1228 3464 1376 3539 adhibet
1390 3466 1691 3567 descriptionem,
1709 3491 1794 3540 curn
1812 3469 1969 3538 animam
1980 3466 2095 3564 ipsam

498 3600 541 3648 ex
557 3578 745 3654 individua
756 3594 791 3651 et
803 3579 1018 3653 immutabili
1028 3579 1226 3655 substantia
1243 3586 1437 3660 consistere
1454 3586 1637 3688 perbibet,
1649 3610 1691 3659 ac
1708 3611 1851 3659 rursum
1867 3610 1910 3657 ex
1927 3584 2093 3674 dividua,

498 3694 698 3768 secundum
710 3694 811 3794 quod
822 3697 956 3770 scilicet
965 3698 1119 3798 seipsam
1131 3700 1253 3773 anima
1262 3703 1426 3777 scindere
1436 3718 1583 3804 putatur
1599 3731 1663 3805 per
1679 3730 1845 3805 corpora.
1859 3703 1942 3777 Tale
1958 3703 2096 3802 quippe

499 3826 553 3884 est
569 3812 671 3911 qnod
687 3813 774 3887 dicit
790 3815 948 3889 animam
966 3840 1008 3888 ex
1026 3816 1099 3889 hoc
1114 3830 1151 3889 et
1165 3816 1227 3890 illo
1243 3835 1422 3917 constare,
1442 3839 1615 3922 tanquam
1629 3827 1659 3897 si
1675 3824 1812 3898 diceret
1824 3824 1938 3922 ipsam
1953 3823 2005 3895 sic
2021 3835 2096 3896 tarn

499 3930 571 4003 boc
588 3956 699 4029 quam
715 3932 804 4005 illud
819 3934 856 4005 in
874 3957 912 4006 se
927 3931 1083 4027 babere,
1101 3950 1142 4010 ut
1157 3936 1232 4036 ipsa
1250 3941 1376 4013 animae
1396 3942 1592 4018 substantia
1608 3958 1643 4017 ct
1662 3942 1848 4017 individua
1862 3957 1898 4017 et
1916 3942 2096 4042 quodam·

499 4049 612 4123 modo
630 4050 776 4125 dividua
788 4053 845 4124 sit.
863 4055 952 4125 Nam
966 4067 1002 4126 et
1017 4055 1169 4154 Spiritus
1179 4073 1369 4134 sanctuset
1379 4061 1418 4135 iu
1430 4086 1468 4136 se
1480 4064 1560 4162 ipso
1569 4063 1720 4163 simplex
1734 4064 1886 4136 omnino
1898 4060 2094 4137 substantia

499 4185 570 4264 est,
588 4185 685 4245 etex
701 4185 832 4245 natura
846 4170 1041 4247 divinitatis
1059 4178 1179 4249 omnis
1200 4178 1418 4254 invariabilis
1437 4196 1545 4281 atque
1563 4181 1870 4257 incommutabilis
1890 4183 1928 4255 in
1953 4207 1992 4255 se
2014 4184 2096 4283 ipso

502 4306 724 4387 perseverat3
747 4307 854 4389 atque
870 4290 967 4366 idem
983 4295 1137 4395 Spiritus
1153 4320 1218 4397 per
1233 4297 1361 4373 effecta
1377 4300 1566 4401 multiplex
1581 4301 1855 4400 quodammodo
1874 4316 2043 4394 vocatur,
2061 4318 2095 4375 et

500 4416 636 4498 septem
654 4403 798 4500 spiritus
814 4427 1080 4503 nonnunquam
1100 4406 1250 4497 dicitur,
1269 4410 1470 4484 secundum
1486 4413 1702 4512 septiformis
1719 4414 1839 4511 gratiae
1852 4438 1924 4486 suae
1940 4411 2097 4486 efficien-

499 4519 599 4593 tiam.
619 4520 724 4593 Unde
737 4536 773 4594 et
790 4523 827 4600 in
844 4521 952 4595 laude
968 4524 1098 4598 divinae
1114 4527 1294 4626 sapientiae
1307 4531 1452 4629 spiritus
1472 4545 1508 4604 et
1525 4535 1676 4622 unicus,
1696 4547 1732 4606 et
1747 4532 1951 4631 multiplex,
1972 4546 2010 4605 et
2025 4532 2098 4605 dis·

495 4661 664 4727 currens,
677 4653 713 4714 et
728 4639 863 4713 stabilis
874 4663 950 4714 esse
964 4641 1191 4719 describitur.
1209 4649 1304 4721 Dicit
1319 4650 1441 4748 itaque
1458 4650 1699 4751 Philosophus
1714 4651 1873 4725 animam
1888 4653 2002 4753 ipsam
2018 4675 2099 4724 esse

498 4781 541 4830 er
558 4757 745 4834 individua
761 4784 975 4860 semperque
990 4763 1027 4836 iu
1049 4788 1116 4838 suo
1142 4779 1235 4840 statu
1255 4784 1507 4868 perseverante
1523 4770 1740 4857 substautia3
1758 4771 1917 4870 itemque
1932 4772 2001 4846 alia
2017 4796 2098 4871 quae

526 5083 541 5169 '¹
551 5077 634 5143 loen,
647 5096 702 5147 cap.
712 5098 730 5145 r,
739 5099 761 5136 r.
774 5086 909 5138 t.-²Art.
921 5088 1020 5152 Aaou..
1040 5103 1095 5155 cap
1108 5104 1170 5156 ιω,
1182 5106 1205 5146 t.
1221 5097 1259 5150 lt.
1278 5120 1306 5133 -
1322 5097 1384 5149 ’Sic
1395 5095 1456 5151 cau.
1470 5096 1532 5150 lict-
1546 5100 1606 5164 licet
1625 5098 1697 5151 turb.
1712 5125 1740 5137 -
1752 5096 1810 5150 ‘Sit
1826 5100 1851 5149 ΙΙΙ
1869 5095 2007 5160 ”mim
2022 5094 2101 5147 cm·

498 5163 593 5212 trusa
606 5160 907 5229 sustentamine
919 5169 1082 5223 vereratur.
