4559 6100
704 541 958 617 THEOLOGlh
983 543 1254 619 chalmana.
1700 541 1778 614 409,

184 687 301 764 tande
327 689 508 786 religionis
534 691 765 790 impudentiae
791 708 921 765 nostrae
946 717 1165 792 proponere,
1193 694 1253 792 qui
1281 692 1464 789 utriusque
1489 691 1688 763 testamenti
1713 716 1774 791 pa-

184 805 275 902 ginis
296 823 333 880 ct
352 810 549 882 innumeris
565 825 770 884 sanctorum
791 813 929 912 scriptis
948 813 1122 902 instructi,
1145 835 1210 911 per
1232 812 1353 882 omnir
1370 808 1563 883 deteriores
1576 811 1770 900 existimus,

182 949 267 997 cum
289 950 356 999 nec
380 931 431 1001 sic
454 930 703 1030 obtemperare
727 932 908 1004 volumus.
930 931 1000 1020 Qui
1023 946 1058 1003 et
1076 931 1176 1027 juxta
1200 931 1428 1025 Gregorium,
1450 953 1522 1000 uua
1544 953 1626 1000 cum
1646 934 1686 999 B.
1705 928 1772 1000 Joh

184 1042 272 1115 illud
299 1045 403 1118 nohis
430 1049 676 1148 improperant
705 1039 971 1148 propheticum¹
996 1076 1005 1120 ι
1035 1079 1052 1117 u
1068 1048 1248 1121 Erubesce
1272 1047 1398 1136 Sidon,
1426 1048 1476 1119 ait
1498 1070 1608 1119 mare.
1630 1076 1647 1113 n
1670 1046 1773 1119 Unde

184 1176 218 1233 et
236 1160 328 1236 bene
352 1168 529 1239 Dominus
549 1181 631 1240 ante
649 1170 788 1267 scriptae
805 1168 892 1265 legis
909 1168 1139 1240 traditionem
1155 1167 1210 1239 vel
1225 1167 1482 1239 miraculorum
1504 1189 1653 1238 suorum
1674 1166 1774 1237 erhi-

184 1278 373 1375 bitionem,
401 1284 577 1381 quosdam
592 1287 629 1357 in
648 1299 800 1383 utroque
828 1312 911 1359 sexu
938 1285 1044 1359 nobis
1064 1284 1257 1372 uirtutibus
1279 1283 1473 1357 imitandos
1493 1286 1674 1384 premisit,
1697 1300 1773 1357 tum

185 1415 224 1469 ut
249 1425 311 1497 per
332 1427 394 1474 eos
413 1418 533 1476 nostra
550 1404 797 1478 inexcusabilis
815 1422 982 1504 appareat
1008 1406 1236 1504 negligentia,
1254 1419 1330 1476 tum
1350 1404 1456 1475 etiam
1474 1417 1515 1474 ut
1528 1402 1774 1477 obedientium

184 1518 299 1612 major
325 1538 555 1600 conservetur
582 1522 776 1617 humilitas,
802 1525 830 1596 si
856 1539 938 1623 post
962 1539 1014 1596 tot
1038 1524 1256 1596 documenta
1283 1536 1354 1594 tam
1382 1521 1636 1594 miraculorum
1664 1548 1773 1621 quam

183 1638 412 1735 scriptorum,
437 1657 519 1739 post
543 1657 595 1714 tot
615 1641 777 1741 exempla
798 1658 1018 1734 sanctorum,
1047 1643 1167 1740 aliqua
1186 1642 1286 1715 bona
1307 1640 1504 1714 habeamus
1528 1666 1659 1740 opera3
1690 1668 1773 1713 curn

184 1753 234 1824 illi
259 1757 335 1828 sine
356 1761 489 1858 scripto
511 1737 722 1857 legisssine
747 1761 995 1835 admonitione
1018 1761 1295 1862 predicationis,
1322 1761 1427 1832 tantis
1443 1759 1647 1854 virtutibus,
1674 1775 1772 1833 tanta

184 1874 291 1945 etiam
316 1902 458 1949 morum
482 1879 670 1978 disciplina
693 1881 898 1971 claruerint,
928 1895 1073 1979 tamque
1091 1880 1271 1951 constanti
1291 1879 1412 1950 animo
1437 1879 1475 1949 in
1497 1877 1773 1977 reprehensione

184 1994 352 2067 vitiorum
381 2000 618 2095 prestiterim,
649 2015 688 2072 ut
713 2024 781 2096 pro
799 2001 956 2080 veritatis
982 1999 1189 2071 defensione
1215 2012 1368 2069 mortem
1394 1996 1560 2068 nonnulli
1584 1996 1770 2071 subierint.

183 2115 272 2200 Quae
296 2115 371 2210 jam
400 2142 465 2214 per
493 2118 629 2215 singula
658 2118 825 2214 subjectis
852 2119 1064 2190 testimoniis
1091 2133 1126 2191 et
1154 2117 1326 2216 exemplis
1351 2116 1620 2189 confirmemus.
1652 2118 1774 2190 Fidem

181 2232 316 2328 itaque,
346 2250 384 2305 ut
409 2236 577 2325 diximus,
602 2236 808 2336 philosophi
836 2236 1043 2335 predicant,
1073 2252 1108 2308 et
1134 2235 1437 2308 immortalitatem
1461 2237 1587 2308 auimae
1613 2237 1772 2325 tradunt,

183 2349 414 2450 futuramque
442 2378 508 2452 pro
533 2357 666 2427 meritis
682 2354 1179 2430 retributionemanimarum
1197 2356 1270 2426 sive
1296 2354 1343 2426 ad
1366 2378 1510 2453 poenam
1535 2355 1609 2426 sive
1631 2355 1678 2427 ad
1700 2357 1775 2451 glo-

180 2470 301 2541 riam:
328 2472 425 2543 uude
447 2473 546 2545 etad
573 2473 669 2546 bona
691 2499 758 2546 nos
778 2474 930 2545 maxime
947 2473 1183 2546 cohortantur
1210 2498 1332 2572 opera,
1353 2498 1416 2572 spe
1438 2472 1603 2545 videlicet
1624 2457 1775 2546 cielestis

180 2588 415 2662 beatitudinis
442 2606 477 2663 et
503 2595 783 2666 comminatione
801 2591 982 2665 infernalis
1005 2593 1185 2692 supplicii,
1217 2592 1262 2664 de
1290 2592 1421 2689 quibus
1449 2592 1550 2691 plura
1575 2590 1775 2665 Macrobius

181 2706 356 2804 loquitor.
396 2710 485 2782 Hinc
513 2726 549 2782 et
574 2714 812 2809 Hieronymus
837 2711 884 2784 ad
905 2710 1138 2783 Heliodorum
1157 2713 1368 2811 episcopum
1389 2713 1426 2783 in
1444 2711 1636 2809 Epitaphio
1654 2715 1775 2810 Nepo-

180 2827 291 2913 tiani,
314 2832 466 2919 «Taceo,
492 2830 621 2928 inquit,
638 2831 684 2904 de
701 2832 846 2921 Graecis,
871 2830 1028 2901 llehraeis
1050 2844 1086 2901 et
1103 2831 1248 2921 Latinis,
1274 2854 1364 2929 quas
1387 2830 1549 2903 nationes
1569 2828 1685 2901 crucis
1705 2855 1775 2900 suae

179 2944 288 3016 tltulo
314 2950 490 3020 Dominus
507 2947 696 3022 dedicavit.
718 2950 961 3022 Immortalem
983 2950 1141 3022 animam
1165 2963 1201 3021 et
1222 2965 1303 3048 post
1320 2948 1590 3037 dissolutionem
1614 2950 1776 3047 corporis

178 3065 454 3160 subsistentem,
485 3069 583 3166 quod
616 3069 835 3167 Pythagoras
858 3070 1071 3158 somniavit,
1098 3052 1326 3141 Democritus
1353 3067 1524 3161 credidit,
1550 3071 1587 3140 in
1611 3069 1776 3141 consola-

179 3184 321 3255 tionem
346 3183 586 3259 damnationis
611 3213 685 3259 suae
707 3191 871 3261 Socrates
894 3187 1089 3286 disputavit
1115 3188 1371 3258 incarcere.»
1403 3189 1473 3274 Qui
1499 3187 1604 3259 ctiam
1632 3189 1774 3283 quantis

177 3302 376 3374 claruerint
393 3303 597 3396 virtutibus,
621 3307 697 3405 ipsa
722 3330 850 3378 eorum
877 3320 950 3377 tam
976 3307 1048 3378 vita
1070 3328 1180 3402 quam
1206 3304 1371 3377 doctrina
1399 3303 1592 3402 perhibet:
1621 3305 1683 3400 qui
1708 3328 1776 3415 ⁸ne·

175 3445 381 3519 quaquam,
396 3436 436 3492 ut
452 3423 619 3516 arbitror,
632 3439 705 3497 tam
713 3424 900 3521 diligenter
915 3424 1063 3495 virtutes
1078 3422 1334 3512 describerent,
1354 3420 1443 3494 dum
1460 3421 1610 3493 moralia
1627 3420 1775 3494 tradunt

176 3539 363 3630 instituta,
396 3540 478 3613 nisi'
494 3566 554 3614 eas
578 3543 615 3614 in
644 3543 769 3643 seipsis
793 3542 899 3615 certis
925 3555 1184 3639 cognoscerent
1208 3541 1477 3639 experimentis3
1510 3564 1600 3637 quas
1627 3539 1774 3639 quidem

175 3657 443 3757 descriptiones
459 3661 631 3734 virtutum
649 3662 763 3734 sancti
777 3677 813 3734 et
833 3660 1000 3733 doctores
1016 3659 1062 3733 ab
1083 3661 1169 3759 ipsis
1185 3684 1363 3732 assumere
1382 3684 1456 3731 non
1478 3674 1562 3730 sunt
1577 3658 1772 3755 dedignati,

174 3802 267 3850 cum
298 3792 360 3850 aut
383 3778 556 3874 justitiam
580 3795 640 3853 aut
666 3780 925 3874 fortitudinem,
955 3795 1017 3852 aut
1041 3794 1176 3853 ceteras
1190 3781 1348 3863 ,virtutes
1373 3778 1507 3853 eisdem
1530 3778 1638 3852 nohis
1658 3781 1776 3877 expri-

176 3911 290 3968 munt
313 3897 449 3989 verbis,
468 3900 570 3996 quasi
584 3914 620 3972 et
632 3903 729 4000 ipsos
742 3902 873 4000 Spiritu
889 3898 1019 3972 eodem
1034 3901 1175 3971 locutos
1190 3898 1297 3970 luisse
1312 3922 1386 3970 non
1402 3897 1596 3994 ambigant.
1609 3901 1775 3985 Quorum

174 4015 333 4114 quidem
362 4041 454 4088 unus
481 4042 565 4090 cum
590 4018 785 4092 honestatis
815 4019 968 4092 lormam
994 4018 1162 4109 traderet,
1189 4017 1329 4114 egregie
1358 4016 1454 4089 ait¹:

583 4185 729 4250 Oderunt
746 4207 878 4275 peccare
893 4184 972 4251 boni
987 4184 1109 4252 virtutis
1125 4207 1234 4251 amore
1255 4207 1263 4248 z

172 4354 222 4420 Ac
251 4350 284 4420 si
310 4363 431 4446 aparte
455 4348 585 4424 doceat
604 4352 862 4452 aturpitudine
888 4353 1058 4424 vitiorum
1082 4352 1193 4449 magis
1217 4349 1471 4424 abstinendum
1502 4350 1612 4448 ipsius
1637 4350 1776 4422 virtutis

171 4493 333 4556 amore,
375 4493 455 4566 quae
499 4467 629 4543 dicitur
673 4470 863 4560 honestas,
907 4494 1015 4568 quam
1046 4471 1211 4569 supplicii
1239 4471 1383 4556 timore,
1407 4492 1481 4565 quo
1513 4468 1644 4564 ingrati
1668 4493 1776 4541 coer-

169 4600 312 4659 centur
343 4588 448 4659 serri.
483 4587 596 4675 Quod
619 4589 649 4660 si
671 4586 709 4660 id
742 4588 861 4661 minus
889 4588 1031 4661 videtur
1063 4590 1211 4667 essead
1242 4589 1412 4660 meritum
1442 4586 1646 4659 salvationis
1676 4588 1775 4684 quod

169 4702 319 4777 dicitur
351 4728 474 4779 amore
512 4707 666 4798 virtutis,
699 4719 736 4779 et
759 4731 834 4779 non
865 4707 985 4805 potius
1012 4731 1136 4780 amore
1163 4708 1242 4796 Dei,
1270 4730 1313 4780 ac
1342 4706 1371 4786 si
1404 4704 1596 4793 virtutem,
1626 4704 1684 4776 vel
1711 4704 1775 4775 ali·

167 4823 280 4920 quod
316 4822 454 4897 bonum
488 4850 580 4924 opus
609 4824 743 4898 habere
773 4825 974 4923 possimus,
1014 4824 1114 4923 quod
1143 4850 1217 4898 non
1262 4821 1458 4897 secundum
1502 4825 1618 4920 ipsum
1659 4826 1775 4893 Deum

200 5110 206 5137 ¹
220 5102 297 5162 hat..
312 5116 370 5165 cap.
384 5117 454 5165 xnus,
465 5117 489 5155 r.
501 5108 524 5158 t.
542 5130 570 5141 -
586 5102 701 5164 ’llorat.,
713 5104 795 5168 Epist.
810 5103 834 5165 1,
847 5116 928 5165 xu,r.
943 5107 982 5156 st.
1102 5134 1105 5139 ·

300 5213 329 5252 u
507 5212 514 5223 .
