4559 6100
457 560 529 632 514
1063 565 1192 639 PETRI
1217 564 1452 638 ABAELARDI

454 710 544 783 illud
574 713 701 807 refelli,
732 716 832 814 quod
855 740 963 817 supra
991 718 1261 819 opponebatur,
1290 744 1374 820 qum
1399 718 1565 791 videlicet
1593 716 1822 818 objiceretur,
1847 717 1949 816 quod
1970 718 2062 790 sicut

457 832 663 906 ostenditur
674 860 739 935 per
751 836 824 910 hoc
838 839 939 936 quod
951 844 1056 912 Pater
1067 854 1119 912 est
1135 844 1246 930 Deus,
1262 853 1297 910 et
1313 842 1411 911 Deus
1427 854 1481 910 est
1494 852 1660 929 aeternus,
1672 841 1776 912 Pater
1793 863 1869 911 esse
1883 853 2059 926 aeternus3

457 951 505 1024 ita
523 955 632 1027 etiam
652 957 793 1031 ostendi
815 959 940 1057 possit,
960 982 1024 1058 per
1040 960 1114 1033 hoc
1130 960 1233 1058 quod
1256 963 1362 1032 Pater
1384 972 1436 1030 est
1452 962 1563 1052 Deus,
1583 975 1618 1031 et
1634 963 1732 1032 Deus
1748 973 1800 1030 est
1816 959 1937 1051 Filius,
1959 963 2063 1031 Pater

457 1096 534 1144 esse
551 1075 672 1148 Filius.
690 1074 745 1148 lbi
767 1078 903 1177 quippe
920 1105 960 1151 ea
981 1080 1184 1180 propositio
1199 1104 1278 1177 qnae
1294 1079 1529 1176 consequitur
1545 1103 1588 1150 ex
1605 1078 1746 1151 duabus
1763 1079 1965 1178 praemissis,
1981 1104 2061 1176 quae

456 1192 622 1269 videlicet
635 1197 684 1269 ait
700 1224 708 1269 ε
724 1227 742 1267 r
753 1204 857 1272 Pater
868 1214 921 1272 est
931 1215 1097 1293 aeternus,
1114 1229 1131 1269 n
1151 1199 1197 1272 ad
1210 1199 1324 1272 solam
1335 1198 1559 1273 identitatem
1571 1201 1732 1272 essentiae
1747 1213 1896 1298 spectat,
1916 1200 2008 1271 sicut
2024 1213 2060 1271 et

459 1315 668 1409 praemissae,
688 1333 728 1390 ut
749 1344 856 1418 supra
866 1321 942 1417 jam
960 1319 1282 1393 determinavimus
1302 1346 1310 1390 ε
1332 1318 1488 1416 ideoque
1504 1344 1547 1391 ex
1570 1319 1654 1418 ipsis
1672 1320 1931 1392 convenienter
1952 1318 2059 1391 inler-

458 1443 530 1503 tur.
550 1440 638 1523 Quae
654 1463 742 1511 vero
758 1441 828 1512 ait:
851 1470 869 1510 n
884 1442 986 1513 Pater
1001 1455 1056 1512 est
1075 1439 1197 1529 Filius,
1212 1467 1231 1506 n
1246 1463 1322 1511 non
1341 1438 1460 1510 solum
1478 1440 1649 1528 essentiae,
1667 1463 1796 1511 verum
1812 1440 1959 1537 insuper
1974 1463 2062 1537 pro·

458 1552 618 1647 prietatis
636 1554 859 1634 identitatem
877 1559 1053 1653 ostendit,
1076 1559 1232 1656 ideoque
1257 1584 1301 1631 ex
1322 1560 1512 1658 premissis
1529 1584 1604 1632 non
1623 1559 1805 1658 procedit,
1823 1583 1906 1657 quae
1928 1558 2062 1630 scilicet

458 1677 647 1768 praemissae
659 1681 869 1780 simpliciter
884 1681 931 1755 ad
948 1680 1172 1753 identitatem
1187 1679 1345 1752 essentiae
1359 1693 1521 1777 spectant
1539 1707 1547 1751 :
1567 1680 1681 1751 immo
1698 1679 1920 1779 apertissime
1932 1678 2060 1751 falsum

459 1814 534 1866 esse
558 1795 691 1894 liquet,
718 1800 801 1873 ideo
828 1801 929 1903 quod
956 1807 1059 1873 Pater
1088 1815 1141 1872 est
1164 1804 1262 1872 Deus
1286 1814 1322 1871 et
1345 1802 1442 1872 Deus
1473 1814 1527 1872 est
1553 1800 1683 1893 Filius,
1709 1814 1877 1899 oportere
1907 1798 2062 1871 concedi

461 1913 601 1987 Patrem
619 1944 696 1991 esse
718 1921 859 1993 Filium.
881 1920 992 2008 Quod
1008 1935 1061 1992 est
1076 1919 1210 2008 dicere,
1229 1933 1390 2018 utsupra
1404 1919 1480 2014 jam
1500 1921 1747 2019 exposuimus,
1768 1918 1862 1991 idem
1880 1944 1957 1991 esse
1974 1942 2061 2018 pro·

458 2032 579 2128 prium
603 2039 716 2111 Patris
741 2055 777 2113 et
798 2041 886 2133 Filii,
907 2041 943 2112 in
965 2065 1009 2115 eo
1028 2038 1163 2112 scilieet
1184 2038 1285 2136 quod
1302 2042 1408 2111 Pater
1424 2053 1478 2110 est
1498 2054 1534 2111 et
1556 2039 1683 2128 Filius,
1705 2040 1827 2138 ipsum
1849 2043 1966 2129 Patre,
1989 2039 2062 2111 hoe

459 2166 524 2241 est,
545 2157 662 2257 seipso
686 2161 793 2258 gigni.
816 2160 929 2248 Quod
942 2160 972 2233 si
997 2160 1042 2231 ad
1064 2159 1161 2232 hanc
1184 2183 1332 2257 quoque
1352 2159 1640 2259 complexionem
1664 2158 1979 2259 comprobandam
2001 2158 2061 2233 illa

459 2270 650 2349 inducatur
666 2278 936 2353 dialecticorum
952 2278 1075 2377 regula
1090 2304 1170 2378 quae
1188 2280 1238 2352 ait
1256 2305 1266 2349 t
1285 2278 1461 2367 Quotiens
1476 2278 1613 2377 aliquid
1630 2278 1846 2379 praedicatur
1859 2277 1907 2352 de
1923 2279 2058 2377 aliquo,

458 2392 634 2493 quidquid
651 2400 865 2498 praedicatur
886 2400 932 2472 de
951 2399 1146 2498 praedicato
1169 2399 1268 2472 etde
1289 2398 1453 2496 subjecto
1473 2425 1482 2468 τ
1500 2398 1573 2471 hoc
1598 2413 1651 2471 est
1667 2399 1835 2497 quotiens
1861 2398 1983 2497 aliqua
2005 2422 2063 2472 res

458 2526 510 2583 est
529 2510 677 2614 aliquid,
699 2535 735 2611 et
748 2519 838 2593 illud
858 2520 955 2592 idem
972 2545 1095 2591 rursus
1115 2534 1168 2591 est
1189 2519 1338 2616 aliquid,
1359 2519 1518 2617 primum
1536 2532 1590 2591 est
1605 2519 1794 2611 ultimum3
1816 2518 1918 2592 facile
1934 2519 2062 2619 depre-

402 2650 405 2656 ·
456 2629 569 2706 heudi
594 2652 713 2734 potest
732 2638 822 2711 nihil
848 2638 894 2711 ad
913 2640 1011 2711 hanc
1034 2638 1325 2737 complexionem
1347 2639 1508 2738 regulam
1532 2641 1703 2734 attinere,
1723 2664 1793 2711 nec
1818 2660 1897 2710 eam
1924 2662 1967 2711 ex
1991 2639 2063 2711 hac

455 2753 577 2849 regula
592 2759 784 2831 monstrari
798 2783 917 2858 posse,
935 2782 1019 2831 cum
1031 2757 1198 2831 videlicet
1214 2758 1335 2832 illaad
1353 2759 1632 2832 enunciationes
1642 2758 1720 2831 illas
1737 2772 1878 2832 tannim
1894 2759 2058 2850 attineat,

456 2896 535 2969 quae
552 2875 599 2949 ad
618 2875 843 2951 identitatem
863 2877 976 2952 solam
995 2880 1155 2951 essentiae
1170 2893 1346 2978 spectant,
1366 2904 1442 2951 non
1465 2879 1574 2951 etiarn
1594 2878 1642 2951 ad
1657 2877 1883 2951 identitatem
1899 2879 2062 2978 proprie·

455 2995 549 3088 tatis,
576 2998 668 3072 sicut
685 2999 761 3074 haec
776 3000 858 3074 iacit
881 3025 961 3100 quae
981 3028 999 3070 n
1010 3004 1114 3073 Pater
1138 3016 1193 3074 est
1208 2999 1328 3073 Filius.
1341 3028 1360 3070 n
1384 3004 1501 3074 lmmo
1517 3001 1547 3074 si
1562 3001 1638 3074 vim
1660 2998 1858 3073 verborum
1873 2998 2061 3098 diligenter

456 3118 696 3214 attendamus,
709 3121 788 3194 talis
799 3122 922 3220 potius
936 3123 969 3194 ei
984 3120 1108 3221 regula
1120 3120 1326 3194 inducenda
1339 3136 1443 3213 esset,
1459 3122 1488 3194 si
1505 3144 1589 3194 vera
1606 3136 1699 3194 esset
1714 3149 1722 3192 ε
1737 3122 1914 3210 Quotiens
1927 3121 2061 3219 aliquid

455 3240 670 3339 predicatur
693 3242 740 3316 de
761 3244 881 3340 aliquo
905 3258 942 3315 et
963 3241 1099 3340 aliquid
1122 3241 1337 3341 praedicatur
1362 3242 1408 3314 de
1435 3240 1642 3339 praedicato,
1672 3240 1768 3314 idern
1792 3255 1848 3313 est
1872 3242 2060 3340 proprium

456 3361 563 3458 primi
588 3362 740 3462 subjecti
767 3379 804 3436 et
825 3360 951 3454 ultimi
966 3361 1169 3461 praedicati,
1190 3361 1292 3460 quod
1313 3387 1396 3434 curn
1424 3376 1545 3461 aperte
1570 3359 1699 3434 salsum
1719 3361 1782 3454 sit,
1810 3383 1888 3432 non
1915 3376 1967 3434 est
1995 3385 2061 3461 pro

456 3484 578 3581 regula
593 3481 820 3557 babendum.
841 3487 1039 3555 Possumus
1055 3483 1163 3555 etiam
1182 3482 1315 3575 dicere,
1337 3483 1367 3554 si
1385 3481 1590 3580 diligentius
1612 3482 1686 3553 vim
1707 3494 1744 3553 et
1763 3479 2060 3577 significationem

456 3603 652 3676 verborum
667 3627 776 3702 quam
790 3622 923 3674 sonum
936 3627 1063 3674 eorum
1076 3601 1319 3695 attendamus,
1336 3627 1421 3674 cum
1435 3600 1656 3674 inferebatur
1670 3625 1714 3673 ex
1725 3601 1915 3700 premissis
1927 3631 1945 3667 α
1959 3605 2062 3675 Pater

456 3740 509 3797 est
519 3724 642 3811 Filius,
657 3752 675 3790 n
690 3747 765 3794 non
780 3721 878 3794 idem
887 3720 1073 3821 praedicari
1088 3722 1190 3821 quod
1202 3721 1369 3821 primitus
1385 3721 1659 3821 predicabatur,
1677 3743 1760 3796 cum
1777 3720 1945 3794 videlicet
1963 3722 2060 3796 dice·

458 3855 569 3934 retur,
595 3847 693 3914 Deus
719 3856 771 3914 est
794 3840 923 3931 Filius;
949 3841 1040 3913 sicut
1062 3854 1201 3914 etcum
1223 3841 1367 3929 dicitur,
1391 3842 1470 3914 haec
1495 3864 1579 3914 cera
1604 3856 1657 3914 est
1675 3841 1753 3914 haee
1769 3840 1902 3938 imago,
1928 3855 1964 3913 et
1986 3841 2062 3915 haec

457 3967 577 4064 imago
599 3976 652 4033 est
674 3986 717 4034 ex
733 3961 803 4033 hac
820 3979 914 4047 cera,
935 3962 1036 4058 quasi
1057 3961 1164 4034 Filius
1186 3963 1249 4060 qui
1271 3977 1385 4036 estex
1406 3968 1525 4053 Patre,
1551 3986 1637 4059 ergo
1657 3949 1735 4034 haec
1753 3981 1834 4033 cera
1854 3974 1908 4033 est
1927 3984 1969 4033 ex
1992 3960 2063 4035 hac

458 4109 553 4160 cera.
580 4080 651 4154 Sed
673 4081 719 4153 de
741 4081 814 4154 hoc
836 4081 942 4154 nobis
964 4081 1155 4179 diligenter
1170 4082 1367 4155 dicendum
1388 4083 1454 4155 erit
1477 4097 1623 4180 postea,
1652 4105 1736 4155 eum
1763 4078 1810 4152 de
1833 4080 2064 4175 generatione

456 4198 568 4273 Verbi
583 4197 811 4269 disseremus.
827 4199 918 4268 Sunt
933 4211 969 4268 et
986 4196 1061 4268 aliae
1081 4197 1286 4270 consimiles
1304 4197 1550 4296 dispositionis
1567 4195 1909 4294 argumentationes,
1931 4197 2063 4293 quibus

457 4327 607 4422 propter
633 4318 870 4391 terminorum
896 4317 1171 4417 dispositionem
1203 4319 1383 4415 praemissa
1412 4319 1533 4414 regula
1561 4330 1769 4415 competere
1794 4315 1950 4408 videtur,
1976 4341 2063 4391 curn

459 4469 480 4516 a
502 4466 609 4514 sensu
631 4438 827 4512 verborum
851 4441 962 4537 longe
984 4439 1054 4511 sit:
1079 4437 1204 4537 quales
1224 4453 1309 4510 sunt
1328 4437 1539 4535 hujusmodi
1560 4438 1843 4537 complexiones,
1868 4436 1927 4508 hic
1949 4436 2061 4511 horno

452 4555 510 4638 'est
525 4557 598 4634 hoe
614 4586 760 4660 corpus,
774 4560 838 4633 sed
851 4559 924 4634 hoc
940 4584 1074 4658 corpus
1089 4583 1233 4658 semper
1246 4573 1311 4650 est,
1332 4584 1418 4655 ergo
1434 4559 1494 4632 hic
1507 4559 1621 4633 homo
1638 4574 1692 4632 est
1707 4584 1861 4657 semper.
1882 4561 1985 4651 Item,
2004 4560 2064 4632 hic

456 4669 571 4757 bomo
595 4697 648 4754 est
662 4682 736 4754 hoc
754 4706 904 4781 corpus,
931 4696 968 4753 et
983 4679 1056 4753 hoc
1076 4704 1209 4779 corpus
1230 4693 1283 4753 est
1298 4681 1448 4753 materia
1463 4680 1570 4778 hujus
1586 4679 1758 4773 hominis,
1778 4679 1835 4752 vel
1861 4678 1996 4751 factum
2011 4694 2063 4753 est

456 4806 518 4877 hic
533 4803 663 4893 homo,
680 4803 738 4874 vel
753 4801 853 4899 prius
871 4813 926 4872 est
935 4799 1088 4872 homine
1103 4799 1178 4872 hoc
1194 4828 1203 4871 z
1220 4823 1307 4899 ergo
1322 4799 1382 4873 hic
1399 4800 1513 4873 homo
1531 4813 1585 4872 est
1602 4800 1750 4872 materia
1765 4798 1873 4896 hujus
1886 4799 2060 4893 hominis,

454 4915 515 4996 t'el
539 4922 652 4995 lactus
673 4935 727 4993 est
742 4907 946 5011 hic'homo,
964 4919 1022 4991 vel
1043 4919 1143 5019 prior
1162 4932 1216 4992 est
1229 4919 1303 4993 hoc
1322 4919 1485 4992 homine.
1506 4925 1609 5012 item,
1633 4918 1931 4993 hiccitharoedus
1949 4919 2064 4992 ethic

459 5042 677 5115 citharoedus
707 5039 828 5112 bonus
856 5054 910 5111 est
936 5038 993 5110 vel
1018 5037 1234 5113 laudandus.
1265 5042 1360 5137 Ergo
1385 5039 1446 5112 hie
1479 5039 1595 5112 miles.
1627 5043 1682 5112 De
1709 5040 1877 5137 qualibus
1913 5038 2062 5139 quidem

458 5159 828 5259 argumentationibus
843 5160 880 5231 in
899 5157 1096 5234 Dialecticc
1111 5175 1237 5234 nostra
1251 5160 1358 5233 latius
1374 5160 1557 5260 prosecuti
1574 5183 1710 5232 sumus.
