4559 6100
511 91 874 186 ..intersparsisse
887 91 1036 159 nomina
1050 90 1272 176 amussi
1286 91 1454 156 marnam
1467 48 2126 181 wisamarum-2.

508 214 634 301 Quibus
655 211 912 306 respondemus:
933 210 1094 277 «Poterat
1116 210 1268 295 omniuo,
1290 209 1348 275 aad
1368 211 1394 275 si
1417 206 1511 276 aliter
1534 204 1670 293 faceret,
1687 209 1960 279 sImiliterrestrae
1970 210 2129 275 stultitia
2248 246 2257 317 «Ι

513 363 527 391 α
567 333 594 396 is
615 330 739 395 liceret.
753 360 767 386 1·

545 330 701 539 dSiigitur
723 444 809 538 apud
825 447 902 511 istos
923 466 1005 533 quos
1024 441 1230 534 impudenter
1248 464 1302 508 nse
1322 442 1472 533 persequi
1493 440 1677 507 declamasti
1693 442 1815 533 aliquid
1829 466 1927 510 saraae
1941 444 2127 534 Striqitmae

511 568 707 634 contrarium
731 565 923 656 reperimus,
945 586 1004 628 eur
1020 563 1146 628 miraris
1165 562 1201 626 in
1222 561 1315 627 dicus
1337 558 1400 626 mis
1420 560 1540 651 aliquid
1554 561 1748 651 reprehendi
1763 564 1916 654 potrum,
1941 586 2018 628 mm
2034 580 2076 629 te
2089 565 2127 628 in
2248 564 2257 649 ‚²

510 711 609 755 sacrae
622 687 792 777 Scripturas
808 683 990 750 eruditione
1005 682 1210 748 manifestum
1227 680 1267 746 sit
1280 680 1464 747 nullatanus
1478 679 1662 747 laborasse?
1677 682 1762 747 Huic
1781 682 1868 747 eu'm
1883 682 2124 773 s‘urgular'nti,
2248 678 2257 769 '-

513 830 611 896 quam
628 805 744 870 divinas
757 803 942 870 substantias
955 801 1106 883 tribuisti,
1123 816 1306 865 sanctorum
1322 816 1452 890 patrum
1471 798 1647 883 Ambrosii,
1664 802 1849 892 Anguem,
1866 801 1982 867 Isidori
1998 804 2126 892 scripta
2248 838 2252 849 ·

510 946 716 1016 nequaquam
741 924 956 990 consentiunt.
973 922 1055 1004 Quoe
1080 920 1216 986 collecta
1242 918 1317 986 ideo
1341 920 1498 1006 subjicere
1523 919 1648 1001 curavi,
1676 935 1714 984 ut
1736 942 1805 984 non
1831 943 1870 986 ex
1891 944 1967 988 mea
1992 923 2055 987 sed
2082 946 2124 989 ex

400 1064 405 1073 '
509 1047 702 1114 ‘auctoritate
728 1043 835 1109 divina
862 1042 951 1133 quod
975 1042 1054 1108 mihi
1089 1040 1270 1107 tenendum
1296 1056 1344 1106 est
1375 1040 1559 1105 roboretur.
1594 1040 1711 1104 Beatus
1740 1040 1837 1130 igitur
1864 1041 2062 1108 Ambrosius
2088 1046 2124 1108 in
2248 1130 2252 1139 Ι

510 1166 595 1232 libro
616 1164 656 1230 de
671 1164 756 1229 Fide
787 1162 830 1229 ad
854 1163 1044 1229 Gratianum
1065 1161 1294 1251 imperatorem
1317 1161 1362 1225 sic
1382 1158 1545 1248 loquitur:
1567 1188 1582 1216 «
1596 1159 1666 1250 Ego
1686 1175 1720 1224 et
1746 1175 1839 1250 puter
1857 1183 1959 1226 unm
1991 1185 2121 1229 sm
2247 1154 2252 1209 :-

423 1340 428 1347 .
507 1282 582 1352 Hoc
598 1284 687 1364 dicit,
704 1307 746 1349 ne
761 1283 957 1374 intelligatm
973 1282 1121 1348 discretio
1135 1281 1313 1372 potestatis.
1327 1312 1340 1337 ι
1352 1281 1434 1344 Item
1452 1302 1461 1345 t
1475 1279 1610 1345 «Unum
1627 1300 1701 1345 cum
1717 1297 1807 1371 patre
1823 1298 1856 1346 et
1872 1284 2122 1348 monetarii·
2247 1276 2257 1335 l

509 1421 588 1485 tate,
615 1424 717 1470 unum
743 1402 921 1470 divinitate.
948 1403 1024 1468 Non
1050 1403 1138 1468 enim
1163 1417 1255 1491 pater
1270 1400 1338 1490 ipse
1363 1416 1410 1464 est
1426 1400 1481 1488 qui
1498 1396 1598 1481 lilius,
1617 1420 1678 1463 nee
1700 1398 1868 1466 confusum
1889 1402 1980 1491 qnod
2000 1426 2120 1484 unum,
2256 1418 2257 1447 l

511 1546 573 1589 nec
595 1522 764 1613 multiplex
779 1520 866 1611 quod
883 1520 1083 1587 indifferens.
1107 1521 1235 1585 Etenim
1252 1520 1279 1584 si
1294 1518 1440 1583 oninium
1461 1517 1661 1583 credentium
1683 1536 1752 1583 erat
1765 1542 1825 1584 σοι·
1838 1544 1941 1585 unum
1955 1537 1993 1587 et
2009 1524 2120 1588 mina

511 1667 589 1726 una,
607 1645 633 1708 si
652 1625 756 1708 oninIs
772 1641 827 1730 qui
844 1639 987 1706 adhaeret
1004 1640 1138 1705 domino
1154 1662 1236 1704 unus
1252 1639 1379 1729 spiritus
1395 1654 1461 1720 est,
1485 1637 1542 1703 aad
1557 1640 1607 1703 vir
1623 1655 1656 1704 et
1670 1662 1755 1704 uror
1774 1640 1809 1704 in
1824 1664 1890 1705 una
1906 1662 2003 1706 earne
2020 1659 2119 1724 sunt,

508 1762 538 1828 si
559 1784 672 1827 omnes
693 1761 856 1841 homines,
874 1776 1029 1849 quantum
1054 1759 1096 1824 ad
1118 1775 1267 1823 naturam
1283 1761 1441 1849 pertinet,
1467 1759 1561 1824 unius
1584 1759 1770 1825 substantiae
1785 1777 1871 1843 sunt,
1890 1760 1994 1826 molto
2016 1764 2121 1853 magis

509 1898 603 1973 pater
617 1898 650 1948 et
664 1878 746 1947 filius
763 1879 1044 1946 divinitateunum
1060 1894 1151 1959 sunt,
1169 1880 1225 1943 ubi
1247 1902 1308 1944 nec
1331 1881 1513 1945 substantiae
1535 1903 1595 1945 nec
1608 1881 1781 1946 voluntatis
1803 1880 1867 1946 ulla
1885 1899 1933 1947 est
1957 1881 2121 1948 differen-

509 2001 567 2067 tia.
580 2033 594 2059 »
614 2000 696 2067 Item
716 2024 724 2066 :
741 2030 753 2057 ι
773 2000 849 2064 Non
866 2015 914 2066 est
929 1998 1051 2065 diversa
1066 2022 1127 2065 neo
1142 1998 1308 2089 singularis
1324 1999 1497 2088 aequalitas,
1516 2001 1589 2088 quia
1608 2002 1738 2090 equalis
1752 2022 1851 2067 nemo
1870 2004 1938 2093 ipse
1953 2004 2015 2067 sibi
2032 1988 2120 2069 solus

509 2137 570 2189 est.
584 2119 712 2186 »ltemt
728 2149 742 2176 «ι
753 2119 839 2185 Deus
849 2136 896 2184 est
911 2140 1031 2185 nomen
1047 2140 1220 2184 commune
1233 2120 1317 2209 patri
1334 2135 1367 2184 et
1381 2118 1460 2185 filio.
1476 2150 1489 2177 υ
1499 2121 1581 2185 Item
1595 2143 1604 2185 t
1621 2151 1634 2178 ι
1645 2123 1850 2186 {neumatum
1866 2139 1993 2212 patrem
2007 2124 2121 2189 Sabel-

510 2240 767 2330 lianaimpietate
784 2254 924 2304 astruere
940 2239 1096 2303 nitrmtur.
1109 2239 1232 2303 altem:
1245 2236 1366 2321 «Quod
1382 2240 1475 2303 unius
1491 2256 1539 2305 est
1554 2238 1738 2305 substantiae
1754 2242 1895 2331 separari
1909 2264 1977 2307 uon
1993 2259 2117 2332 potest,

508 2360 569 2426 etsi
594 2382 661 2424 non
687 2358 727 2424 sit
749 2357 975 2448 singularitatis
994 2357 1052 2423 sed
1081 2357 1223 2422 unitatis.
1249 2357 1458 2448 Singularitas
1477 2374 1524 2423 est
1546 2360 1611 2425 sive
1630 2360 1714 2450 patri
1732 2361 1797 2425 sire
1820 2360 1888 2424 filio
1908 2361 1973 2425 sive
1996 2363 2120 2451 spir-itui

507 2496 624 2581 sanem
639 2477 805 2571 derogare.
822 2511 836 2537 a
856 2479 938 2544 Item
948 2501 959 2543 s
968 2507 982 2534 «
995 2476 1071 2542 Non
1086 2500 1171 2543 unus
1186 2476 1243 2543 sed
1259 2500 1360 2543 unum
1368 2494 1442 2543 sunt
1456 2493 1549 2569 pater
1563 2495 1597 2544 et
1611 2479 1726 2545 filins.»
1737 2481 1838 2546 Item:
1852 2510 1867 2536 a
1877 2481 1950 2544 Una
1965 2480 2118 2572 dignitas,

507 2620 575 2664 una
593 2598 713 2689 gloria3
730 2599 764 2663 ir
784 2620 957 2665 commune
983 2596 1157 2687 derogansr
1182 2594 1335 2687 quicquid
1355 2598 1390 2661 in
1413 2597 1520 2687 aliquo
1535 2596 1697 2688 putaveris
1710 2599 1916 2690 derogatum.
1931 2593 1948 2656 a¹
1966 2602 2120 2691 Augusti-

507 2740 571 2784 nus
602 2720 637 2783 in
664 2716 749 2783 libro
766 2718 806 2784 de
837 2718 1000 2783 Trinitate
1018 2742 1030 2782 .·
1050 2746 1065 2773 a
1088 2717 1152 2800 Qui
1178 2734 1271 2808 putat
1295 2719 1363 2804 ejus
1384 2740 1452 2784 esse
1478 2719 1583 2784 Deum
1609 2720 1781 2809 potandae,
1806 2735 1842 2783 ut
1866 2720 2029 2809 seipsum
2051 2723 2118 2811 ipse

506 2838 672 2931 genuerit,
699 2861 739 2904 eo
761 2835 901 2903 deterius
918 2854 1021 2918 errat,
1043 2835 1134 2925 quod
1154 2859 1222 2901 non
1247 2837 1315 2927 ipse
1335 2837 1421 2903 solus
1445 2838 1517 2903 talis
1540 2860 1607 2903 nou
1630 2854 1697 2920 est,
1723 2838 1781 2904 sed
1801 2860 1862 2903 nee
1885 2835 1951 2903 ula
1971 2856 2118 2906 cresum

507 2957 681 3048 spiritualis
699 2976 806 3046 neque
830 2956 1017 3047 corporalis.
1043 2954 1140 3020 Nulla
1162 2957 1249 3021 enirn
1270 2958 1379 3022 anima
1401 2980 1451 3023 res
1477 2973 1542 3040 est,
1559 2979 1633 3045 (με
1649 2980 1687 3023 se·
1707 2958 1808 3048 ipsam
1834 2960 1957 3050 gignat.
1974 2991 1989 3017 »
2006 2962 2115 3027 Item:

513 3110 528 3138 a
547 3077 640 3144 Circa
656 3094 834 3144 creaturam
848 3093 1094 3168 susceptumque
1110 3075 1258 3142 habitum
1279 3079 1428 3169 occupati
1446 3077 1660 3168 equalitatem
1675 3101 1773 3168 qtraaa
1795 3101 1870 3145 enm
1891 3095 1984 3169 patre
2012 3081 2117 3147 liabeo

507 3217 578 3263 non
590 3198 775 3289 intelligitis.
786 3229 800 3255 a
810 3199 913 3263 Item:
928 3227 943 3254 «
954 3198 1190 3264 Convenienter
1204 3196 1342 3265 dicimus
1350 3197 1441 3264 illum
1451 3199 1510 3287 qni
1526 3199 1560 3262 in
1569 3217 1667 3262 earne
1681 3201 1829 3288 apparuit
1843 3200 2117 3284 Μυρὼ

506 3331 620 3381 autem
633 3316 724 3382 illum
741 3318 796 3407 qui
812 3341 879 3382 non
896 3318 1081 3408 apparuit.»
1093 3319 1194 3384 Item:
1208 3315 1330 3385 «Pater
1345 3342 1412 3383 non
1424 3316 1549 3405 judicat
1561 3336 1769 3408 quemqnam,
1777 3318 1835 3384 sed
1849 3343 1948 3386 omne
1959 3319 2116 3406 juditium

513 3431 604 3500 dedit
624 3433 710 3518 filio,
734 3457 772 3501 ac
786 3437 813 3502 si
829 3436 967 3518 diceret,
984 3438 1115 3504 Patrem
1138 3461 1236 3505 nemo
1260 3438 1386 3505 ridebit
1401 3439 1435 3503 in
1457 3436 1600 3525 juditia,
1622 3437 1680 3503 aed
1696 3461 1809 3505 omnes
1828 3438 1930 3505 filium
1946 3440 2114 3524 ridebunt,

507 3570 548 3620 ut
562 3555 663 3645 possit
678 3571 711 3621 et
726 3555 768 3620 ab
784 3555 889 3645 impiis
902 3556 1017 3622 rideri.
1028 3588 1043 3615 »
1055 3559 1159 3624 Item:
1174 3559 1281 3624 «Tres
1295 3560 1354 3624 visi
1371 3575 1459 3638 smrt,
1476 3582 1538 3625 nec
1554 3559 1721 3648 qmmuam
1735 3559 1864 3625 illos-arn
1876 3560 1928 3626 vel
1945 3559 2050 3627 fau-ma
2066 3563 2116 3629 vel

513 3675 670 3741 materel
694 3690 850 3765 potestate
866 3675 971 3761 major
986 3677 1100 3742 ceteris
1112 3678 1198 3742 visus
1217 3691 1278 3743 est.
1294 3708 1311 3737 a
1326 3681 1407 3745 Item
1426 3703 1434 3745 ε
1456 3705 1472 3736 a
1485 3682 1566 3744 Qrtu
1590 3682 1761 3770 qumitnr,
1788 3680 1867 3770 quid
1890 3682 1977 3748 tras?
1998 3705 2116 3775 mque

510 3817 640 3887 prorsus
649 3795 760 3887 inopia
775 3795 953 3861 humanum
966 3795 1094 3861 laborat
1108 3794 1285 3888 ingenium.
1303 3798 1432 3864 Dictum
1442 3815 1492 3866 est
1509 3816 1616 3866 autem
1634 3802 1733 3866 :Tres
1748 3823 1906 3892 persuum
1924 3825 1967 3869 aa
1981 3805 2116 3869 arnume

509 3929 681 3983 taceretur.
695 3947 709 3975 ι
722 3916 804 3981 Item
815 3937 824 3982 t
836 3915 997 3982 «Trinitas
1007 3913 1091 3981 lilius
1099 3915 1190 3981 nullo
1203 3915 1307 3982 modo
1319 3917 1383 3984 dici
1389 3936 1510 4011 potest.
1522 3949 1538 3979 ι
1547 3921 1627 3986 Item
1637 3943 1645 3986 τ
1655 3950 1671 3977 «
1685 3920 1796 3987 Pomst
1808 3923 2030 3988 unirersaliter
2039 3923 2114 4005 dici,

506 4031 602 4127 qnod
622 4051 655 4101 et
673 4050 766 4126 pater
786 4034 913 4125 apirims
928 4053 961 4101 et
971 4034 1058 4102 filius
1071 4035 1213 4127 spiritus,
1237 4051 1270 4101 et
1283 4053 1377 4127 pater
1392 4055 1519 4107 sanmus
1540 4055 1573 4106 et
1587 4038 1669 4106 iilius
1686 4057 1823 4108 mnotus.
1839 4041 1873 4106 S
1891 4044 2003 4132 itaque
2025 4060 2115 4133 pater

507 4172 546 4223 ‘et
559 4155 643 4222 filios
660 4172 708 4222 est
723 4155 850 4245 spiritam
863 4171 1005 4241 sanetus,
1021 4172 1129 4247 potest
1143 4156 1297 4247 appellari
1320 4161 1444 4225 trinitas
1464 4161 1592 4251 spiritus
1613 4177 1752 4228 sanetas.
1771 4161 1836 4228 Sed
1852 4178 1962 4228 tumen
1977 4163 2031 4228 ille
2044 4166 2112 4254 spi-

504 4275 591 4342 ·r'rtus
616 4291 754 4352 sanctus,
782 4277 837 4366 qui
861 4297 929 4341 non
952 4277 1095 4358 trinitas,
1110 4273 1168 4343 sed
1185 4278 1220 4341 in
1239 4278 1380 4346 trinitate
1399 4279 1597 4373 isnelligitur,
1617 4282 1651 4346 in
1674 4305 1715 4348 eo
1734 4280 1824 4372 quod
1845 4283 1976 4373 proprie
1996 4282 2114 4350 (fider

510 4396 638 4488 spiritus
656 4412 803 4475 sanetus,
827 4394 961 4462 relative
982 4394 1111 4480 dieitur,
1135 4411 1169 4462 et
1189 4396 1232 4462 ad
1249 4412 1375 4489 patrem
1395 4416 1429 4466 et
1451 4395 1551 4466 fflium
1572 4400 1723 4479 referum,
1745 4403 1823 4493 qaia
1839 4402 1975 4491 -sp'uitus
1987 4421 2113 4471 tanaus

511 4507 660 4607 etpatris
675 4531 709 4583 et
724 4515 780 4582 lilii
796 4531 844 4583 est
859 4517 1003 4607 spiritum
1019 4515 1076 4583 sed
1088 4516 1164 4584 ulit
1178 4516 1292 4583 relatio
1306 4518 1650 4587 inliocnominennu
1664 4521 2112 4613 apparetaltemtnfliotum
