<?xml version="1.0" encoding="UTF-8"?>
<!DOCTYPE html PUBLIC "-//W3C//DTD XHTML 1.0 Transitional//EN"
    "http://www.w3.org/TR/xhtml1/DTD/xhtml1-transitional.dtd">
<html xmlns="http://www.w3.org/1999/xhtml" xml:lang="en" lang="en">
 <head>
  <title>
</title>
<meta http-equiv="Content-Type" content="text/html;charset=utf-8" />
  <meta name='ocr-system' content='tesseract 3.04.00' />
  <meta name='ocr-capabilities' content='ocr_page ocr_carea ocr_par ocr_line ocrx_word'/>
</head>
<body>
  <div class='ocr_page' id='page_1' title='image "./petriablardiope00despgoog_0299.png"; bbox 0 0 4559 6100; ppageno 0'>
   <div class='ocr_carea' id='block_1_1' title="bbox 687 605 1804 681">
    <p class='ocr_par' dir='ltr' id='par_1_1' title="bbox 687 605 1804 681">
     <span class='ocr_line' id='line_1_1' title="bbox 687 605 1804 681; baseline 0.001 -4"><span class='ocrx_word' id='word_1_1' title='bbox 687 605 731 677; x_wconf 90' lang='lat' dir='ltr'><strong>lN</strong></span> <span class='ocrx_word' id='word_1_2' title='bbox 759 605 1000 678; x_wconf 66' lang='lat' dir='ltr'><strong>aristotili</strong></span> <span class='ocrx_word' id='word_1_3' title='bbox 1027 608 1086 679; x_wconf 83' lang='lat' dir='ltr'><strong>AD</strong></span> <span class='ocrx_word' id='word_1_4' title='bbox 1111 605 1336 679; x_wconf 76' lang='lat' dir='ltr'><strong>ROMANOS.</strong></span> <span class='ocrx_word' id='word_1_5' title='bbox 1638 609 1640 614; x_wconf 79' lang='grc'><strong>’</strong></span> <span class='ocrx_word' id='word_1_6' title='bbox 1732 609 1804 681; x_wconf 77' lang='lat' dir='ltr'><strong>att</strong></span> 
     </span>
    </p>
   </div>
   <div class='ocr_carea' id='block_1_2' title="bbox 204 751 1885 5274">
    <p class='ocr_par' dir='ltr' id='par_1_2' title="bbox 206 751 1885 4408">
     <span class='ocr_line' id='line_1_2' title="bbox 215 751 1802 856; baseline -0.001 -26"><span class='ocrx_word' id='word_1_7' title='bbox 215 771 336 831; x_wconf 87' lang='lat' dir='ltr'><strong>autem</strong></span> <span class='ocrx_word' id='word_1_8' title='bbox 361 751 437 843; x_wconf 88' lang='lat' dir='ltr'><strong>lilii,</strong></span> <span class='ocrx_word' id='word_1_9' title='bbox 457 780 474 819; x_wconf 82' lang='lat' dir='ltr'><strong>u</strong></span> <span class='ocrx_word' id='word_1_10' title='bbox 493 751 627 828; x_wconf 89' lang='lat' dir='ltr'><strong>scilicet</strong></span> <span class='ocrx_word' id='word_1_11' title='bbox 642 751 861 853; x_wconf 90' lang='lat' dir='ltr'><strong>adoptionis,</strong></span> <span class='ocrx_word' id='word_1_12' title='bbox 888 757 1011 852; x_wconf 88' lang='lat' dir='ltr'><strong>ntique</strong></span> <span class='ocrx_word' id='word_1_13' title='bbox 1032 785 1049 824; x_wconf 83' lang='lat' dir='ltr'><strong>u</strong></span> <span class='ocrx_word' id='word_1_14' title='bbox 1060 771 1093 826; x_wconf 91' lang='lat' dir='ltr'><strong>et</strong></span> <span class='ocrx_word' id='word_1_15' title='bbox 1110 754 1262 827; x_wconf 88' lang='lat' dir='ltr'><strong>heredes</strong></span> <span class='ocrx_word' id='word_1_16' title='bbox 1273 783 1291 822; x_wconf 78' lang='lat' dir='ltr'><strong>s</strong></span> <span class='ocrx_word' id='word_1_17' title='bbox 1309 756 1394 853; x_wconf 88' lang='lat' dir='ltr'><strong>quia</strong></span> <span class='ocrx_word' id='word_1_18' title='bbox 1419 754 1466 828; x_wconf 89' lang='lat' dir='ltr'><strong>ad</strong></span> <span class='ocrx_word' id='word_1_19' title='bbox 1482 755 1552 828; x_wconf 92' lang='lat' dir='ltr'><strong>boc</strong></span> <span class='ocrx_word' id='word_1_20' title='bbox 1570 754 1802 856; x_wconf 87' lang='lat' dir='ltr'><strong>adoptantur,</strong></span> 
     </span>
     <span class='ocr_line' id='line_1_3' title="bbox 215 869 1802 973; baseline -0.004 -23"><span class='ocrx_word' id='word_1_21' title='bbox 215 877 253 950; x_wconf 92' lang='lat' dir='ltr'><strong>id</strong></span> <span class='ocrx_word' id='word_1_22' title='bbox 280 890 333 948; x_wconf 90' lang='lat' dir='ltr'><strong>est</strong></span> <span class='ocrx_word' id='word_1_23' title='bbox 355 874 463 972; x_wconf 87' lang='lat' dir='ltr'><strong>gratis</strong></span> <span class='ocrx_word' id='word_1_24' title='bbox 495 873 687 969; x_wconf 89' lang='lat' dir='ltr'><strong>eliguntur,</strong></span> <span class='ocrx_word' id='word_1_25' title='bbox 714 889 754 946; x_wconf 91' lang='lat' dir='ltr'><strong>ut</strong></span> <span class='ocrx_word' id='word_1_26' title='bbox 778 874 1014 949; x_wconf 83' lang='lat' dir='ltr'><strong>hereditatem</strong></span> <span class='ocrx_word' id='word_1_27' title='bbox 1035 888 1282 972; x_wconf 79' lang='lat' dir='ltr'><strong>assequantur.</strong></span> <span class='ocrx_word' id='word_1_28' title='bbox 1311 874 1495 948; x_wconf 74' lang='lat' dir='ltr'><strong>«Heredes</strong></span> <span class='ocrx_word' id='word_1_29' title='bbox 1517 875 1662 973; x_wconf 91' lang='lat' dir='ltr'><strong>quidem</strong></span> <span class='ocrx_word' id='word_1_30' title='bbox 1686 880 1764 971; x_wconf 89' lang='lat' dir='ltr'><strong>Dei,</strong></span> <span class='ocrx_word' id='word_1_31' title='bbox 1784 869 1802 945; x_wconf 66' lang='lat' dir='ltr'><strong>is</strong></span> 
     </span>
     <span class='ocr_line' id='line_1_4' title="bbox 215 994 1821 1092; baseline 0.002 -23"><span class='ocrx_word' id='word_1_32' title='bbox 215 995 254 1069; x_wconf 92' lang='lat' dir='ltr'><strong>id</strong></span> <span class='ocrx_word' id='word_1_33' title='bbox 271 1010 325 1068; x_wconf 86' lang='lat' dir='ltr'><strong>est</strong></span> <span class='ocrx_word' id='word_1_34' title='bbox 341 995 515 1086; x_wconf 84' lang='lat' dir='ltr'><strong>Patris,et</strong></span> <span class='ocrx_word' id='word_1_35' title='bbox 541 1022 558 1060; x_wconf 84' lang='lat' dir='ltr'><strong>u</strong></span> <span class='ocrx_word' id='word_1_36' title='bbox 578 994 783 1067; x_wconf 85' lang='lat' dir='ltr'><strong>cohaeredes</strong></span> <span class='ocrx_word' id='word_1_37' title='bbox 805 995 948 1088; x_wconf 84' lang='lat' dir='ltr'><strong>Christi,</strong></span> <span class='ocrx_word' id='word_1_38' title='bbox 965 1025 982 1062; x_wconf 82' lang='lat' dir='ltr'><strong>u</strong></span> <span class='ocrx_word' id='word_1_39' title='bbox 1006 996 1043 1068; x_wconf 88' lang='lat' dir='ltr'><strong>id</strong></span> <span class='ocrx_word' id='word_1_40' title='bbox 1058 1009 1111 1067; x_wconf 89' lang='lat' dir='ltr'><strong>est</strong></span> <span class='ocrx_word' id='word_1_41' title='bbox 1134 994 1305 1067; x_wconf 89' lang='lat' dir='ltr'><strong>naturalis</strong></span> <span class='ocrx_word' id='word_1_42' title='bbox 1327 996 1404 1092; x_wconf 89' lang='lat' dir='ltr'><strong>ejus</strong></span> <span class='ocrx_word' id='word_1_43' title='bbox 1425 994 1500 1088; x_wconf 87' lang='lat' dir='ltr'><strong>lilii,</strong></span> <span class='ocrx_word' id='word_1_44' title='bbox 1526 996 1562 1066; x_wconf 92' lang='lat' dir='ltr'><strong>in</strong></span> <span class='ocrx_word' id='word_1_45' title='bbox 1585 994 1646 1068; x_wconf 87' lang='lat' dir='ltr'><strong>illa</strong></span> <span class='ocrx_word' id='word_1_46' title='bbox 1669 996 1821 1071; x_wconf 83' lang='lat' dir='ltr'><strong>scilicet&#39;</strong></span> 
     </span>
     <span class='ocr_line' id='line_1_5' title="bbox 215 1112 1806 1214; baseline -0.001 -25"><span class='ocrx_word' id='word_1_47' title='bbox 215 1113 446 1189; x_wconf 87' lang='lat' dir='ltr'><strong>beatitudiuis</strong></span> <span class='ocrx_word' id='word_1_48' title='bbox 470 1112 691 1211; x_wconf 81' lang='lat' dir='ltr'><strong>professione</strong></span> <span class='ocrx_word' id='word_1_49' title='bbox 715 1130 902 1214; x_wconf 88' lang='lat' dir='ltr'><strong>perpetua.</strong></span> <span class='ocrx_word' id='word_1_50' title='bbox 935 1116 1101 1188; x_wconf 83' lang='lat' dir='ltr'><strong>Ostendit</strong></span> <span class='ocrx_word' id='word_1_51' title='bbox 1125 1129 1304 1212; x_wconf 90' lang='lat' dir='ltr'><strong>quantum</strong></span> <span class='ocrx_word' id='word_1_52' title='bbox 1328 1116 1373 1187; x_wconf 92' lang='lat' dir='ltr'><strong>sit</strong></span> <span class='ocrx_word' id='word_1_53' title='bbox 1398 1115 1538 1212; x_wconf 87' lang='lat' dir='ltr'><strong>assequi</strong></span> <span class='ocrx_word' id='word_1_54' title='bbox 1568 1114 1665 1187; x_wconf 91' lang='lat' dir='ltr'><strong>illam</strong></span> <span class='ocrx_word' id='word_1_55' title='bbox 1697 1114 1806 1188; x_wconf 87' lang='lat' dir='ltr'><strong>here-</strong></span> 
     </span>
     <span class='ocr_line' id='line_1_6' title="bbox 217 1232 1885 1332; baseline -0.007 -21"><span class='ocrx_word' id='word_1_56' title='bbox 217 1237 365 1312; x_wconf 90' lang='lat' dir='ltr'><strong>ditatem</strong></span> <span class='ocrx_word' id='word_1_57' title='bbox 391 1232 471 1321; x_wconf 89' lang='lat' dir='ltr'><strong>Dei,</strong></span> <span class='ocrx_word' id='word_1_58' title='bbox 495 1256 558 1328; x_wconf 89' lang='lat' dir='ltr'><strong>per</strong></span> <span class='ocrx_word' id='word_1_59' title='bbox 580 1256 689 1329; x_wconf 89' lang='lat' dir='ltr'><strong>quam</strong></span> <span class='ocrx_word' id='word_1_60' title='bbox 710 1234 783 1306; x_wconf 90' lang='lat' dir='ltr'><strong>lilio</strong></span> <span class='ocrx_word' id='word_1_61' title='bbox 806 1235 883 1332; x_wconf 85' lang='lat' dir='ltr'><strong>ejus</strong></span> <span class='ocrx_word' id='word_1_62' title='bbox 905 1235 1046 1308; x_wconf 90' lang='lat' dir='ltr'><strong>Christo</strong></span> <span class='ocrx_word' id='word_1_63' title='bbox 1071 1235 1203 1306; x_wconf 82' lang='lat' dir='ltr'><strong>similes</strong></span> <span class='ocrx_word' id='word_1_64' title='bbox 1217 1233 1408 1307; x_wconf 85' lang='lat' dir='ltr'><strong>efficimur.</strong></span> <span class='ocrx_word' id='word_1_65' title='bbox 1440 1237 1506 1306; x_wconf 74' lang='lat' dir='ltr'><strong>«Si</strong></span> <span class='ocrx_word' id='word_1_66' title='bbox 1530 1249 1664 1307; x_wconf 87' lang='lat' dir='ltr'><strong>tamen.</strong></span> <span class='ocrx_word' id='word_1_67' title='bbox 1681 1266 1697 1299; x_wconf 63' lang='grc' dir='ltr'><strong>ι)</strong></span> <span class='ocrx_word' id='word_1_68' title='bbox 1725 1236 1806 1307; x_wconf 89' lang='lat' dir='ltr'><strong>Dixi</strong></span> <span class='ocrx_word' id='word_1_69' title='bbox 1882 1295 1885 1300; x_wconf 85' lang='lat'><strong>.</strong></span> 
     </span>
     <span class='ocr_line' id='line_1_7' title="bbox 217 1338 1807 1453; baseline 0.001 -28"><span class='ocrx_word' id='word_1_70' title='bbox 217 1387 235 1425; x_wconf 81' lang='lat' dir='ltr'><strong>u</strong></span> <span class='ocrx_word' id='word_1_71' title='bbox 255 1352 413 1427; x_wconf 83' lang='lat' dir='ltr'><strong>haeredes</strong></span> <span class='ocrx_word' id='word_1_72' title='bbox 433 1375 602 1441; x_wconf 61' lang='lat' dir='ltr'><strong>sumus»</strong></span> <span class='ocrx_word' id='word_1_73' title='bbox 623 1351 691 1425; x_wconf 93' lang='lat' dir='ltr'><strong>hac</strong></span> <span class='ocrx_word' id='word_1_74' title='bbox 709 1367 829 1426; x_wconf 89' lang='lat' dir='ltr'><strong>tamen</strong></span> <span class='ocrx_word' id='word_1_75' title='bbox 848 1355 1062 1444; x_wconf 89' lang='lat' dir='ltr'><strong>intentione,</strong></span> <span class='ocrx_word' id='word_1_76' title='bbox 1084 1382 1101 1422; x_wconf 84' lang='lat' dir='ltr'><strong>u</strong></span> <span class='ocrx_word' id='word_1_77' title='bbox 1122 1353 1152 1424; x_wconf 88' lang='lat' dir='ltr'><strong>si</strong></span> <span class='ocrx_word' id='word_1_78' title='bbox 1168 1352 1409 1452; x_wconf 88' lang='lat' dir='ltr'><strong>compatimur</strong></span> <span class='ocrx_word' id='word_1_79' title='bbox 1423 1383 1441 1422; x_wconf 77' lang='lat' dir='ltr'><strong>r</strong></span> <span class='ocrx_word' id='word_1_80' title='bbox 1462 1354 1530 1453; x_wconf 88' lang='lat' dir='ltr'><strong>ipsi</strong></span> <span class='ocrx_word' id='word_1_81' title='bbox 1546 1352 1705 1444; x_wconf 83' lang='lat' dir='ltr'><strong>Christo,</strong></span> <span class='ocrx_word' id='word_1_82' title='bbox 1723 1338 1807 1450; x_wconf 83' lang='lat' dir='ltr'><strong>quia</strong></span> 
     </span>
     <span class='ocr_line' id='line_1_8' title="bbox 216 1469 1806 1570; baseline -0.001 -23"><span class='ocrx_word' id='word_1_83' title='bbox 216 1499 290 1547; x_wconf 90' lang='lat' dir='ltr'><strong>oon</strong></span> <span class='ocrx_word' id='word_1_84' title='bbox 308 1469 545 1545; x_wconf 81' lang='lat' dir='ltr'><strong>coronabitur</strong></span> <span class='ocrx_word' id='word_1_85' title='bbox 562 1472 642 1569; x_wconf 86' lang='lat' dir='ltr'><strong>quis</strong></span> <span class='ocrx_word' id='word_1_86' title='bbox 657 1472 724 1544; x_wconf 92' lang='lat' dir='ltr'><strong>nisi</strong></span> <span class='ocrx_word' id='word_1_87' title='bbox 738 1474 800 1570; x_wconf 94' lang='lat' dir='ltr'><strong>qui</strong></span> <span class='ocrx_word' id='word_1_88' title='bbox 821 1473 976 1569; x_wconf 85' lang='lat' dir='ltr'><strong>legitime</strong></span> <span class='ocrx_word' id='word_1_89' title='bbox 990 1473 1194 1564; x_wconf 88' lang='lat' dir='ltr'><strong>certaverit,</strong></span> <span class='ocrx_word' id='word_1_90' title='bbox 1210 1471 1380 1545; x_wconf 86' lang='lat' dir='ltr'><strong>adversus</strong></span> <span class='ocrx_word' id='word_1_91' title='bbox 1394 1472 1553 1545; x_wconf 87' lang='lat' dir='ltr'><strong>bostium</strong></span> <span class='ocrx_word' id='word_1_92' title='bbox 1568 1470 1732 1544; x_wconf 85' lang='lat' dir='ltr'><strong>videlieet</strong></span> <span class='ocrx_word' id='word_1_93' title='bbox 1744 1495 1806 1545; x_wconf 87' lang='lat' dir='ltr'><strong>seu</strong></span> 
     </span>
     <span class='ocr_line' id='line_1_9' title="bbox 213 1591 1807 1691; baseline 0 -25"><span class='ocrx_word' id='word_1_94' title='bbox 213 1593 383 1666; x_wconf 88' lang='lat' dir='ltr'><strong>vitiorum</strong></span> <span class='ocrx_word' id='word_1_95' title='bbox 393 1591 713 1688; x_wconf 72' lang='lat' dir='ltr'><strong>impugnationem.</strong></span> <span class='ocrx_word' id='word_1_96' title='bbox 727 1597 769 1664; x_wconf 82' lang='lat' dir='ltr'><strong>Et</strong></span> <span class='ocrx_word' id='word_1_97' title='bbox 779 1594 925 1691; x_wconf 89' lang='lat' dir='ltr'><strong>quia,ut</strong></span> <span class='ocrx_word' id='word_1_98' title='bbox 937 1594 988 1667; x_wconf 90' lang='lat' dir='ltr'><strong>ait</strong></span> <span class='ocrx_word' id='word_1_99' title='bbox 996 1593 1211 1690; x_wconf 88' lang='lat' dir='ltr'><strong>Cyprianus,</strong></span> <span class='ocrx_word' id='word_1_100' title='bbox 1225 1606 1417 1691; x_wconf 86' lang='lat' dir='ltr'><strong>martyrem</strong></span> <span class='ocrx_word' id='word_1_101' title='bbox 1432 1616 1505 1664; x_wconf 91' lang='lat' dir='ltr'><strong>non</strong></span> <span class='ocrx_word' id='word_1_102' title='bbox 1519 1591 1601 1664; x_wconf 82' lang='lat' dir='ltr'><strong>lacit</strong></span> <span class='ocrx_word' id='word_1_103' title='bbox 1612 1616 1731 1690; x_wconf 89' lang='lat' dir='ltr'><strong>poeoa,</strong></span> <span class='ocrx_word' id='word_1_104' title='bbox 1744 1592 1807 1667; x_wconf 88' lang='lat' dir='ltr'><strong>sed</strong></span> 
     </span>
     <span class='ocr_line' id='line_1_10' title="bbox 213 1709 1805 1810; baseline -0.001 -24"><span class='ocrx_word' id='word_1_105' title='bbox 213 1736 342 1786; x_wconf 87' lang='lat' dir='ltr'><strong>causa:</strong></span> <span class='ocrx_word' id='word_1_106' title='bbox 359 1709 459 1783; x_wconf 91' lang='lat' dir='ltr'><strong>addit</strong></span> <span class='ocrx_word' id='word_1_107' title='bbox 470 1738 488 1779; x_wconf 89' lang='grc'>«</span> <span class='ocrx_word' id='word_1_108' title='bbox 503 1724 544 1782; x_wconf 92' lang='lat' dir='ltr'><strong>ut</strong></span> <span class='ocrx_word' id='word_1_109' title='bbox 555 1709 882 1807; x_wconf 86' lang='lat' dir='ltr'><strong>conglorificemur,</strong></span> <span class='ocrx_word' id='word_1_110' title='bbox 894 1741 911 1778; x_wconf 80' lang='lat' dir='ltr'><strong>u</strong></span> <span class='ocrx_word' id='word_1_111' title='bbox 926 1711 963 1783; x_wconf 93' lang='lat' dir='ltr'><strong>id</strong></span> <span class='ocrx_word' id='word_1_112' title='bbox 977 1727 1031 1786; x_wconf 88' lang='lat' dir='ltr'><strong>est</strong></span> <span class='ocrx_word' id='word_1_113' title='bbox 1044 1713 1073 1784; x_wconf 85' lang='lat' dir='ltr'><strong>si</strong></span> <span class='ocrx_word' id='word_1_114' title='bbox 1090 1712 1139 1784; x_wconf 88' lang='lat' dir='ltr'><strong>ita</strong></span> <span class='ocrx_word' id='word_1_115' title='bbox 1151 1713 1307 1810; x_wconf 90' lang='lat' dir='ltr'><strong>patimur</strong></span> <span class='ocrx_word' id='word_1_116' title='bbox 1320 1726 1360 1784; x_wconf 92' lang='lat' dir='ltr'><strong>ut</strong></span> <span class='ocrx_word' id='word_1_117' title='bbox 1371 1738 1455 1785; x_wconf 91' lang='lat' dir='ltr'><strong>cum</strong></span> <span class='ocrx_word' id='word_1_118' title='bbox 1464 1712 1604 1785; x_wconf 88' lang='lat' dir='ltr'><strong>Christo</strong></span> <span class='ocrx_word' id='word_1_119' title='bbox 1616 1710 1805 1806; x_wconf 84' lang='lat' dir='ltr'><strong>glorificari</strong></span> 
     </span>
     <span class='ocr_line' id='line_1_11' title="bbox 212 1828 1805 1930; baseline -0.001 -26"><span class='ocrx_word' id='word_1_120' title='bbox 212 1831 312 1930; x_wconf 87' lang='lat' dir='ltr'><strong>digni</strong></span> <span class='ocrx_word' id='word_1_121' title='bbox 327 1830 449 1902; x_wconf 90' lang='lat' dir='ltr'><strong>simus.</strong></span> <span class='ocrx_word' id='word_1_122' title='bbox 466 1828 576 1917; x_wconf 92' lang='lat' dir='ltr'><strong>Quod</strong></span> <span class='ocrx_word' id='word_1_123' title='bbox 591 1843 678 1901; x_wconf 91' lang='lat' dir='ltr'><strong>tunc</strong></span> <span class='ocrx_word' id='word_1_124' title='bbox 695 1829 747 1924; x_wconf 88' lang='lat' dir='ltr'><strong>lit,</strong></span> <span class='ocrx_word' id='word_1_125' title='bbox 769 1831 918 1928; x_wconf 90' lang='lat' dir='ltr'><strong>quando</strong></span> <span class='ocrx_word' id='word_1_126' title='bbox 933 1834 1062 1904; x_wconf 90' lang='lat' dir='ltr'><strong>caritas</strong></span> <span class='ocrx_word' id='word_1_127' title='bbox 1083 1831 1129 1904; x_wconf 90' lang='lat' dir='ltr'><strong>ad</strong></span> <span class='ocrx_word' id='word_1_128' title='bbox 1151 1830 1363 1930; x_wconf 87' lang='lat' dir='ltr'><strong>patiendum</strong></span> <span class='ocrx_word' id='word_1_129' title='bbox 1377 1844 1565 1930; x_wconf 82' lang='lat' dir='ltr'><strong>praeparat,</strong></span> <span class='ocrx_word' id='word_1_130' title='bbox 1584 1855 1659 1902; x_wconf 89' lang='lat' dir='ltr'><strong>non</strong></span> <span class='ocrx_word' id='word_1_131' title='bbox 1677 1855 1805 1904; x_wconf 88' lang='lat' dir='ltr'><strong>neces-</strong></span> 
     </span>
     <span class='ocr_line' id='line_1_12' title="bbox 212 1949 1806 2051; baseline 0.001 -28"><span class='ocrx_word' id='word_1_132' title='bbox 212 1953 295 2025; x_wconf 81' lang='lat' dir='ltr'><strong>sitas</strong></span> <span class='ocrx_word' id='word_1_133' title='bbox 312 1949 433 2040; x_wconf 87' lang='lat' dir='ltr'><strong>trabit,</strong></span> <span class='ocrx_word' id='word_1_134' title='bbox 450 1964 486 2020; x_wconf 89' lang='lat' dir='ltr'><strong>et</strong></span> <span class='ocrx_word' id='word_1_135' title='bbox 502 1972 568 2047; x_wconf 92' lang='lat' dir='ltr'><strong>pro</strong></span> <span class='ocrx_word' id='word_1_136' title='bbox 583 1949 725 2026; x_wconf 90' lang='lat' dir='ltr'><strong>Christo</strong></span> <span class='ocrx_word' id='word_1_137' title='bbox 741 1952 846 2025; x_wconf 84' lang='lat' dir='ltr'><strong>sicuti</strong></span> <span class='ocrx_word' id='word_1_138' title='bbox 859 1977 927 2051; x_wconf 92' lang='lat' dir='ltr'><strong>pro</strong></span> <span class='ocrx_word' id='word_1_139' title='bbox 943 1951 1073 2042; x_wconf 76' lang='lat' dir='ltr'><strong>nobis3</strong></span> <span class='ocrx_word' id='word_1_140' title='bbox 1094 1966 1134 2023; x_wconf 93' lang='lat' dir='ltr'><strong>ut</strong></span> <span class='ocrx_word' id='word_1_141' title='bbox 1148 1951 1199 2024; x_wconf 87' lang='lat' dir='ltr'><strong>sic</strong></span> <span class='ocrx_word' id='word_1_142' title='bbox 1217 1951 1249 2023; x_wconf 92' lang='lat' dir='ltr'><strong>ei</strong></span> <span class='ocrx_word' id='word_1_143' title='bbox 1267 1965 1432 2024; x_wconf 88' lang='lat' dir='ltr'><strong>mutuum</strong></span> <span class='ocrx_word' id='word_1_144' title='bbox 1454 1950 1648 2023; x_wconf 88' lang='lat' dir='ltr'><strong>solvamus.</strong></span> <span class='ocrx_word' id='word_1_145' title='bbox 1670 1953 1806 2024; x_wconf 87' lang='lat' dir='ltr'><strong>Omnes</strong></span> 
     </span>
     <span class='ocr_line' id='line_1_13' title="bbox 213 2068 1808 2171; baseline 0.001 -29"><span class='ocrx_word' id='word_1_146' title='bbox 213 2072 331 2170; x_wconf 85' lang='lat' dir='ltr'><strong>itaque</strong></span> <span class='ocrx_word' id='word_1_147' title='bbox 347 2084 525 2169; x_wconf 86' lang='lat' dir='ltr'><strong>quantum</strong></span> <span class='ocrx_word' id='word_1_148' title='bbox 543 2068 581 2142; x_wconf 88' lang='lat' dir='ltr'><strong>in</strong></span> <span class='ocrx_word' id='word_1_149' title='bbox 593 2070 677 2167; x_wconf 88' lang='lat' dir='ltr'><strong>ipsis</strong></span> <span class='ocrx_word' id='word_1_150' title='bbox 690 2085 743 2144; x_wconf 91' lang='lat' dir='ltr'><strong>est</strong></span> <span class='ocrx_word' id='word_1_151' title='bbox 757 2097 823 2171; x_wconf 89' lang='lat' dir='ltr'><strong>pro</strong></span> <span class='ocrx_word' id='word_1_152' title='bbox 839 2096 884 2144; x_wconf 92' lang='lat' dir='ltr'><strong>eo</strong></span> <span class='ocrx_word' id='word_1_153' title='bbox 900 2072 1185 2171; x_wconf 89' lang='lat' dir='ltr'><strong>compatiuntur,</strong></span> <span class='ocrx_word' id='word_1_154' title='bbox 1201 2071 1421 2169; x_wconf 87' lang='lat' dir='ltr'><strong>quicunque,</strong></span> <span class='ocrx_word' id='word_1_155' title='bbox 1441 2084 1481 2142; x_wconf 91' lang='lat' dir='ltr'><strong>ut</strong></span> <span class='ocrx_word' id='word_1_156' title='bbox 1497 2069 1666 2162; x_wconf 81' lang='lat' dir='ltr'><strong>diximus,</strong></span> <span class='ocrx_word' id='word_1_157' title='bbox 1679 2095 1746 2168; x_wconf 89' lang='lat' dir='ltr'><strong>pro</strong></span> <span class='ocrx_word' id='word_1_158' title='bbox 1762 2087 1808 2143; x_wconf 85' lang='lat' dir='ltr'><strong>eo&#39;</strong></span> 
     </span>
     <span class='ocr_line' id='line_1_14' title="bbox 212 2188 1807 2291; baseline 0.001 -28"><span class='ocrx_word' id='word_1_159' title='bbox 212 2193 285 2290; x_wconf 90' lang='lat' dir='ltr'><strong>pati</strong></span> <span class='ocrx_word' id='word_1_160' title='bbox 302 2191 416 2291; x_wconf 89' lang='lat' dir='ltr'><strong>parati</strong></span> <span class='ocrx_word' id='word_1_161' title='bbox 438 2203 535 2281; x_wconf 90' lang='lat' dir='ltr'><strong>sunt,</strong></span> <span class='ocrx_word' id='word_1_162' title='bbox 561 2189 590 2260; x_wconf 87' lang='lat' dir='ltr'><strong>si</strong></span> <span class='ocrx_word' id='word_1_163' title='bbox 613 2188 776 2264; x_wconf 88' lang='lat' dir='ltr'><strong>videlicet</strong></span> <span class='ocrx_word' id='word_1_164' title='bbox 801 2193 868 2291; x_wconf 85' lang='lat' dir='ltr'><strong>ipsi</strong></span> <span class='ocrx_word' id='word_1_165' title='bbox 890 2192 1112 2290; x_wconf 86' lang='lat' dir='ltr'><strong>persecutori</strong></span> <span class='ocrx_word' id='word_1_166' title='bbox 1141 2216 1217 2264; x_wconf 91' lang='lat' dir='ltr'><strong>non</strong></span> <span class='ocrx_word' id='word_1_167' title='bbox 1244 2191 1387 2285; x_wconf 84' lang='lat' dir='ltr'><strong>desunt,</strong></span> <span class='ocrx_word' id='word_1_168' title='bbox 1405 2190 1488 2262; x_wconf 85' lang='lat' dir='ltr'><strong>licet</strong></span> <span class='ocrx_word' id='word_1_169' title='bbox 1508 2190 1558 2261; x_wconf 90' lang='lat' dir='ltr'><strong>eis</strong></span> <span class='ocrx_word' id='word_1_170' title='bbox 1581 2189 1672 2262; x_wconf 88' lang='lat' dir='ltr'><strong>desit</strong></span> <span class='ocrx_word' id='word_1_171' title='bbox 1688 2215 1807 2288; x_wconf 88' lang='lat' dir='ltr'><strong>perse-</strong></span> 
     </span>
     <span class='ocr_line' id='line_1_15' title="bbox 212 2307 1805 2409; baseline 0.002 -28"><span class='ocrx_word' id='word_1_172' title='bbox 212 2324 329 2382; x_wconf 91' lang='lat' dir='ltr'><strong>cutor.</strong></span> <span class='ocrx_word' id='word_1_173' title='bbox 355 2308 561 2380; x_wconf 78' lang='lat' dir='ltr'><strong>«Existimo</strong></span> <span class='ocrx_word' id='word_1_174' title='bbox 587 2310 732 2381; x_wconf 80' lang='lat' dir='ltr'><strong>enim.»</strong></span> <span class='ocrx_word' id='word_1_175' title='bbox 761 2316 809 2384; x_wconf 75' lang='lat' dir='ltr'><strong>Ac</strong></span> <span class='ocrx_word' id='word_1_176' title='bbox 835 2312 864 2384; x_wconf 92' lang='lat' dir='ltr'><strong>si</strong></span> <span class='ocrx_word' id='word_1_177' title='bbox 892 2312 1020 2409; x_wconf 86' lang='lat' dir='ltr'><strong>aliquis</strong></span> <span class='ocrx_word' id='word_1_178' title='bbox 1043 2325 1241 2408; x_wconf 78' lang='lat' dir='ltr'><strong>quaereret:</strong></span> <span class='ocrx_word' id='word_1_179' title='bbox 1269 2314 1377 2382; x_wconf 79' lang='lat' dir='ltr'><strong>Estne</strong></span> <span class='ocrx_word' id='word_1_180' title='bbox 1402 2323 1499 2381; x_wconf 87' lang='lat' dir='ltr'><strong>tanta</strong></span> <span class='ocrx_word' id='word_1_181' title='bbox 1523 2307 1583 2381; x_wconf 91' lang='lat' dir='ltr'><strong>illa</strong></span> <span class='ocrx_word' id='word_1_182' title='bbox 1606 2308 1805 2402; x_wconf 84' lang='lat' dir='ltr'><strong>haereditas,</strong></span> 
     </span>
     <span class='ocr_line' id='line_1_16' title="bbox 215 2426 1807 2528; baseline 0.001 -29"><span class='ocrx_word' id='word_1_183' title='bbox 215 2442 258 2499; x_wconf 92' lang='lat' dir='ltr'><strong>ut</strong></span> <span class='ocrx_word' id='word_1_184' title='bbox 278 2453 347 2528; x_wconf 92' lang='lat' dir='ltr'><strong>pro</strong></span> <span class='ocrx_word' id='word_1_185' title='bbox 369 2452 410 2500; x_wconf 93' lang='lat' dir='ltr'><strong>ea</strong></span> <span class='ocrx_word' id='word_1_186' title='bbox 431 2427 672 2527; x_wconf 86' lang='lat' dir='ltr'><strong>promerenda</strong></span> <span class='ocrx_word' id='word_1_187' title='bbox 699 2430 908 2527; x_wconf 83' lang='lat' dir='ltr'><strong>patiendum</strong></span> <span class='ocrx_word' id='word_1_188' title='bbox 930 2431 975 2502; x_wconf 92' lang='lat' dir='ltr'><strong>sit</strong></span> <span class='ocrx_word' id='word_1_189' title='bbox 998 2453 1112 2527; x_wconf 89' lang='lat' dir='ltr'><strong>usque</strong></span> <span class='ocrx_word' id='word_1_190' title='bbox 1137 2428 1183 2500; x_wconf 93' lang='lat' dir='ltr'><strong>ad</strong></span> <span class='ocrx_word' id='word_1_191' title='bbox 1207 2442 1359 2500; x_wconf 92' lang='lat' dir='ltr'><strong>mortem</strong></span> <span class='ocrx_word' id='word_1_192' title='bbox 1385 2428 1477 2500; x_wconf 91' lang='lat' dir='ltr'><strong>sicut</strong></span> <span class='ocrx_word' id='word_1_193' title='bbox 1500 2426 1662 2499; x_wconf 87' lang='lat' dir='ltr'><strong>Christus</strong></span> <span class='ocrx_word' id='word_1_194' title='bbox 1684 2453 1807 2526; x_wconf 87' lang='lat' dir='ltr'><strong>passus</strong></span> 
     </span>
     <span class='ocr_line' id='line_1_17' title="bbox 210 2541 1802 2647; baseline 0 -27"><span class='ocrx_word' id='word_1_195' title='bbox 210 2548 295 2621; x_wconf 82' lang='lat' dir='ltr'><strong>est?</strong></span> <span class='ocrx_word' id='word_1_196' title='bbox 326 2546 529 2647; x_wconf 86' lang='lat' dir='ltr'><strong>Respondet</strong></span> <span class='ocrx_word' id='word_1_197' title='bbox 558 2575 567 2618; x_wconf 77' lang='grc' dir='ltr'><em>τ</em></span> <span class='ocrx_word' id='word_1_198' title='bbox 598 2551 714 2622; x_wconf 87' lang='lat' dir='ltr'><strong>Immo</strong></span> <span class='ocrx_word' id='word_1_199' title='bbox 740 2564 874 2622; x_wconf 89' lang='lat' dir='ltr'><strong>tantam</strong></span> <span class='ocrx_word' id='word_1_200' title='bbox 903 2574 978 2623; x_wconf 88' lang='lat' dir='ltr'><strong>esse</strong></span> <span class='ocrx_word' id='word_1_201' title='bbox 1005 2550 1189 2641; x_wconf 88' lang='lat' dir='ltr'><strong>existim0,</strong></span> <span class='ocrx_word' id='word_1_202' title='bbox 1221 2562 1259 2619; x_wconf 91' lang='lat' dir='ltr'><strong>ut</strong></span> <span class='ocrx_word' id='word_1_203' title='bbox 1290 2548 1413 2620; x_wconf 88' lang='lat' dir='ltr'><strong>omnia</strong></span> <span class='ocrx_word' id='word_1_204' title='bbox 1437 2548 1567 2618; x_wconf 74' lang='lat' dir='ltr'><strong>&#39;merita</strong></span> <span class='ocrx_word' id='word_1_205' title='bbox 1594 2541 1802 2635; x_wconf 88' lang='lat' dir='ltr'><strong>bominum,</strong></span> 
     </span>
     <span class='ocr_line' id='line_1_18' title="bbox 211 2661 1802 2762; baseline 0 -27"><span class='ocrx_word' id='word_1_206' title='bbox 211 2678 529 2762; x_wconf 79' lang='lat' dir='ltr'><strong>qrrantumcunque</strong></span> <span class='ocrx_word' id='word_1_207' title='bbox 545 2663 613 2762; x_wconf 90' lang='lat' dir='ltr'><strong>ipsi</strong></span> <span class='ocrx_word' id='word_1_208' title='bbox 636 2665 805 2762; x_wconf 90' lang='lat' dir='ltr'><strong>patiendo</strong></span> <span class='ocrx_word' id='word_1_209' title='bbox 831 2680 1050 2758; x_wconf 91' lang='lat' dir='ltr'><strong>mereantur,</strong></span> <span class='ocrx_word' id='word_1_210' title='bbox 1069 2664 1177 2761; x_wconf 88' lang='lat' dir='ltr'><strong>longe</strong></span> <span class='ocrx_word' id='word_1_211' title='bbox 1203 2663 1364 2736; x_wconf 87' lang='lat' dir='ltr'><strong>excedat.</strong></span> <span class='ocrx_word' id='word_1_212' title='bbox 1390 2666 1432 2736; x_wconf 82' lang='lat' dir='ltr'><strong>Et</strong></span> <span class='ocrx_word' id='word_1_213' title='bbox 1453 2661 1526 2734; x_wconf 91' lang='lat' dir='ltr'><strong>boc</strong></span> <span class='ocrx_word' id='word_1_214' title='bbox 1543 2661 1711 2760; x_wconf 84' lang='lat' dir='ltr'><strong>estquod</strong></span> <span class='ocrx_word' id='word_1_215' title='bbox 1728 2664 1776 2735; x_wconf 89' lang='lat' dir='ltr'><strong>ait</strong></span> <span class='ocrx_word' id='word_1_216' title='bbox 1795 2691 1802 2735; x_wconf 92' lang='lat'>:</span> 
     </span>
     <span class='ocr_line' id='line_1_19' title="bbox 213 2780 1807 2882; baseline 0.004 -34"><span class='ocrx_word' id='word_1_217' title='bbox 213 2785 324 2854; x_wconf 75' lang='lat' dir='ltr'><strong>«Non</strong></span> <span class='ocrx_word' id='word_1_218' title='bbox 356 2796 442 2855; x_wconf 89' lang='lat' dir='ltr'><strong>suut</strong></span> <span class='ocrx_word' id='word_1_219' title='bbox 470 2780 659 2880; x_wconf 83' lang='lat' dir='ltr'><strong>condignae</strong></span> <span class='ocrx_word' id='word_1_220' title='bbox 685 2784 871 2882; x_wconf 88' lang='lat' dir='ltr'><strong>passiones</strong></span> <span class='ocrx_word' id='word_1_221' title='bbox 901 2784 1009 2881; x_wconf 89' lang='lat' dir='ltr'><strong>hujus</strong></span> <span class='ocrx_word' id='word_1_222' title='bbox 1035 2784 1228 2882; x_wconf 90' lang='lat' dir='ltr'><strong>temporis,</strong></span> <span class='ocrx_word' id='word_1_223' title='bbox 1245 2810 1263 2850; x_wconf 86' lang='lat' dir='ltr'><strong>u</strong></span> <span class='ocrx_word' id='word_1_224' title='bbox 1291 2782 1329 2855; x_wconf 91' lang='lat' dir='ltr'><strong>id</strong></span> <span class='ocrx_word' id='word_1_225' title='bbox 1360 2796 1412 2855; x_wconf 86' lang='lat' dir='ltr'><strong>est</strong></span> <span class='ocrx_word' id='word_1_226' title='bbox 1437 2781 1653 2880; x_wconf 78' lang='lat' dir='ltr'><strong>temporales</strong></span> <span class='ocrx_word' id='word_1_227' title='bbox 1679 2781 1745 2852; x_wconf 85' lang='lat' dir='ltr'><strong>illae</strong></span> <span class='ocrx_word' id='word_1_228' title='bbox 1772 2798 1807 2854; x_wconf 93' lang='lat' dir='ltr'><strong>et</strong></span> 
     </span>
     <span class='ocr_line' id='line_1_20' title="bbox 210 2891 1807 3002; baseline -0.001 -29"><span class='ocrx_word' id='word_1_229' title='bbox 210 2891 420 2974; x_wconf 84' lang='lat' dir='ltr'><strong>transitoriae</strong></span> <span class='ocrx_word' id='word_1_230' title='bbox 446 2900 706 2994; x_wconf 85' lang='lat' dir='ltr'><strong>tribulationes,</strong></span> <span class='ocrx_word' id='word_1_231' title='bbox 734 2918 1033 3002; x_wconf 70' lang='lat' dir='ltr'><strong>quantecumque</strong></span> <span class='ocrx_word' id='word_1_232' title='bbox 1055 2902 1202 2993; x_wconf 88' lang='lat' dir='ltr'><strong>suerint,</strong></span> <span class='ocrx_word' id='word_1_233' title='bbox 1227 2926 1301 2975; x_wconf 89' lang='lat' dir='ltr'><strong>non</strong></span> <span class='ocrx_word' id='word_1_234' title='bbox 1326 2913 1410 2978; x_wconf 86' lang='lat' dir='ltr'><strong>sunt</strong></span> <span class='ocrx_word' id='word_1_235' title='bbox 1425 2902 1513 2974; x_wconf 82' lang='lat' dir='ltr'><strong>tanti</strong></span> <span class='ocrx_word' id='word_1_236' title='bbox 1541 2900 1672 2990; x_wconf 90' lang='lat' dir='ltr'><strong>meriti,</strong></span> <span class='ocrx_word' id='word_1_237' title='bbox 1700 2914 1739 2972; x_wconf 92' lang='lat' dir='ltr'><strong>ut</strong></span> <span class='ocrx_word' id='word_1_238' title='bbox 1757 2902 1807 2973; x_wconf 89' lang='lat' dir='ltr'><strong>eis</strong></span> 
     </span>
     <span class='ocr_line' id='line_1_21' title="bbox 209 3019 1803 3122; baseline 0 -29"><span class='ocrx_word' id='word_1_239' title='bbox 209 3019 382 3095; x_wconf 87' lang='lat' dir='ltr'><strong>debeatur</strong></span> <span class='ocrx_word' id='word_1_240' title='bbox 398 3020 458 3095; x_wconf 91' lang='lat' dir='ltr'><strong>illa</strong></span> <span class='ocrx_word' id='word_1_241' title='bbox 474 3019 664 3096; x_wconf 77' lang='lat' dir='ltr'><strong>ineffabilis</strong></span> <span class='ocrx_word' id='word_1_242' title='bbox 680 3038 714 3094; x_wconf 92' lang='lat' dir='ltr'><strong>et</strong></span> <span class='ocrx_word' id='word_1_243' title='bbox 730 3036 860 3096; x_wconf 85' lang='lat' dir='ltr'><strong>aeterna</strong></span> <span class='ocrx_word' id='word_1_244' title='bbox 885 3022 996 3122; x_wconf 87' lang='lat' dir='ltr'><strong>gloria</strong></span> <span class='ocrx_word' id='word_1_245' title='bbox 1022 3024 1147 3096; x_wconf 84' lang='lat' dir='ltr'><strong>luturae</strong></span> <span class='ocrx_word' id='word_1_246' title='bbox 1168 3024 1260 3110; x_wconf 86' lang='lat' dir='ltr'><strong>vitae,</strong></span> <span class='ocrx_word' id='word_1_247' title='bbox 1284 3048 1364 3122; x_wconf 88' lang='lat' dir='ltr'><strong>qnae</strong></span> <span class='ocrx_word' id='word_1_248' title='bbox 1378 3020 1595 3099; x_wconf 80' lang='lat' dir='ltr'><strong>revelabitur</strong></span> <span class='ocrx_word' id='word_1_249' title='bbox 1615 3022 1653 3094; x_wconf 91' lang='lat' dir='ltr'><strong>in</strong></span> <span class='ocrx_word' id='word_1_250' title='bbox 1674 3020 1803 3094; x_wconf 91' lang='lat' dir='ltr'><strong>nobis:</strong></span> 
     </span>
     <span class='ocr_line' id='line_1_22' title="bbox 211 3132 1805 3243; baseline -0.001 -28"><span class='ocrx_word' id='word_1_251' title='bbox 211 3143 295 3240; x_wconf 91' lang='lat' dir='ltr'><strong>quia</strong></span> <span class='ocrx_word' id='word_1_252' title='bbox 320 3132 337 3209; x_wconf 71' lang='lat' dir='ltr'><strong>i</strong></span> <span class='ocrx_word' id='word_1_253' title='bbox 348 3142 425 3239; x_wconf 88' lang='lat' dir='ltr'><strong>jam</strong></span> <span class='ocrx_word' id='word_1_254' title='bbox 449 3139 511 3213; x_wconf 89' lang='lat' dir='ltr'><strong>lilii</strong></span> <span class='ocrx_word' id='word_1_255' title='bbox 533 3142 599 3213; x_wconf 86' lang='lat' dir='ltr'><strong>Dei</strong></span> <span class='ocrx_word' id='word_1_256' title='bbox 625 3168 748 3215; x_wconf 88' lang='lat' dir='ltr'><strong>sumus</strong></span> <span class='ocrx_word' id='word_1_257' title='bbox 762 3197 772 3233; x_wconf 97' lang='lat'><strong>,</strong></span> <span class='ocrx_word' id='word_1_258' title='bbox 786 3173 804 3209; x_wconf 71' lang='lat' dir='ltr'>n</span> <span class='ocrx_word' id='word_1_259' title='bbox 832 3145 924 3215; x_wconf 90' lang='lat' dir='ltr'><strong>sicut</strong></span> <span class='ocrx_word' id='word_1_260' title='bbox 949 3144 1122 3243; x_wconf 85' lang='lat' dir='ltr'><strong>scriptum</strong></span> <span class='ocrx_word' id='word_1_261' title='bbox 1148 3159 1215 3235; x_wconf 90' lang='lat' dir='ltr'><strong>cst,</strong></span> <span class='ocrx_word' id='word_1_262' title='bbox 1234 3132 1332 3215; x_wconf 86' lang='lat' dir='ltr'><strong>¹«sed</strong></span> <span class='ocrx_word' id='word_1_263' title='bbox 1361 3142 1524 3215; x_wconf 89' lang='lat' dir='ltr'><strong>nondum</strong></span> <span class='ocrx_word' id='word_1_264' title='bbox 1546 3155 1695 3239; x_wconf 86' lang='lat' dir='ltr'><strong>apparet</strong></span> <span class='ocrx_word' id='word_1_265' title='bbox 1719 3142 1805 3237; x_wconf 90' lang='lat' dir='ltr'><strong>quid</strong></span> 
     </span>
     <span class='ocr_line' id='line_1_23' title="bbox 209 3258 1805 3359; baseline -0.001 -27"><span class='ocrx_word' id='word_1_266' title='bbox 209 3262 352 3332; x_wconf 86' lang='lat' dir='ltr'><strong>erimus.</strong></span> <span class='ocrx_word' id='word_1_267' title='bbox 368 3288 387 3327; x_wconf 81' lang='lat' dir='ltr'><strong>u</strong></span> <span class='ocrx_word' id='word_1_268' title='bbox 404 3259 496 3331; x_wconf 87' lang='lat' dir='ltr'><strong>Nulli</strong></span> <span class='ocrx_word' id='word_1_269' title='bbox 516 3261 614 3332; x_wconf 91' lang='lat' dir='ltr'><strong>enim</strong></span> <span class='ocrx_word' id='word_1_270' title='bbox 631 3262 850 3353; x_wconf 87' lang='lat' dir='ltr'><strong>transitorio,</strong></span> <span class='ocrx_word' id='word_1_271' title='bbox 870 3264 1034 3359; x_wconf 90' lang='lat' dir='ltr'><strong>quamvis</strong></span> <span class='ocrx_word' id='word_1_272' title='bbox 1049 3264 1092 3335; x_wconf 91' lang='lat' dir='ltr'><strong>sit</strong></span> <span class='ocrx_word' id='word_1_273' title='bbox 1112 3262 1252 3334; x_wconf 91' lang='lat' dir='ltr'><strong>bonum</strong></span> <span class='ocrx_word' id='word_1_274' title='bbox 1272 3286 1315 3332; x_wconf 89' lang='lat' dir='ltr'><strong>ex</strong></span> <span class='ocrx_word' id='word_1_275' title='bbox 1337 3261 1470 3353; x_wconf 93' lang='lat' dir='ltr'><strong>debito,</strong></span> <span class='ocrx_word' id='word_1_276' title='bbox 1495 3258 1657 3331; x_wconf 85' lang='lat' dir='ltr'><strong>redditur</strong></span> <span class='ocrx_word' id='word_1_277' title='bbox 1679 3258 1805 3356; x_wconf 86' lang='lat' dir='ltr'><strong>perpe·</strong></span> 
     </span>
     <span class='ocr_line' id='line_1_24' title="bbox 208 3375 1802 3479; baseline -0.003 -27"><span class='ocrx_word' id='word_1_278' title='bbox 208 3394 312 3452; x_wconf 89' lang='lat' dir='ltr'><strong>tuum</strong></span> <span class='ocrx_word' id='word_1_279' title='bbox 329 3378 484 3470; x_wconf 88' lang='lat' dir='ltr'><strong>bonum,</strong></span> <span class='ocrx_word' id='word_1_280' title='bbox 510 3378 573 3451; x_wconf 92' lang='lat' dir='ltr'><strong>sed</strong></span> <span class='ocrx_word' id='word_1_281' title='bbox 594 3405 659 3479; x_wconf 89' lang='lat' dir='ltr'><strong>per</strong></span> <span class='ocrx_word' id='word_1_282' title='bbox 674 3382 823 3476; x_wconf 88' lang='lat' dir='ltr'><strong>gratiam</strong></span> <span class='ocrx_word' id='word_1_283' title='bbox 840 3384 905 3453; x_wconf 87' lang='lat' dir='ltr'><strong>Dei</strong></span> <span class='ocrx_word' id='word_1_284' title='bbox 928 3382 1064 3454; x_wconf 91' lang='lat' dir='ltr'><strong>meritis</strong></span> <span class='ocrx_word' id='word_1_285' title='bbox 1085 3381 1219 3455; x_wconf 80' lang='lat' dir='ltr'><strong>nostris</strong></span> <span class='ocrx_word' id='word_1_286' title='bbox 1238 3378 1506 3477; x_wconf 83' lang='lat' dir='ltr'><strong>superadditam</strong></span> <span class='ocrx_word' id='word_1_287' title='bbox 1524 3377 1562 3449; x_wconf 94' lang='lat' dir='ltr'><strong>id</strong></span> <span class='ocrx_word' id='word_1_288' title='bbox 1581 3375 1802 3470; x_wconf 86' lang='lat' dir='ltr'><strong>obtinemus,</strong></span> 
     </span>
     <span class='ocr_line' id='line_1_25' title="bbox 208 3495 1803 3598; baseline -0.003 -27"><span class='ocrx_word' id='word_1_289' title='bbox 208 3500 254 3573; x_wconf 92' lang='lat' dir='ltr'><strong>ad</strong></span> <span class='ocrx_word' id='word_1_290' title='bbox 282 3498 381 3596; x_wconf 92' lang='lat' dir='ltr'><strong>quod</strong></span> <span class='ocrx_word' id='word_1_291' title='bbox 410 3522 640 3598; x_wconf 88' lang='lat' dir='ltr'><strong>nequaquam</strong></span> <span class='ocrx_word' id='word_1_292' title='bbox 665 3500 801 3572; x_wconf 86' lang='lat' dir='ltr'><strong>meritis</strong></span> <span class='ocrx_word' id='word_1_293' title='bbox 825 3525 867 3572; x_wconf 90' lang='lat' dir='ltr'><strong>ex</strong></span> <span class='ocrx_word' id='word_1_294' title='bbox 892 3501 1024 3572; x_wconf 88' lang='lat' dir='ltr'><strong>nostris</strong></span> <span class='ocrx_word' id='word_1_295' title='bbox 1046 3498 1326 3571; x_wconf 87' lang='lat' dir='ltr'><strong>sufficiebamus.</strong></span> <span class='ocrx_word' id='word_1_296' title='bbox 1353 3502 1396 3568; x_wconf 88' lang='lat' dir='ltr'><strong>Et</strong></span> <span class='ocrx_word' id='word_1_297' title='bbox 1420 3498 1449 3568; x_wconf 92' lang='lat' dir='ltr'><strong>si</strong></span> <span class='ocrx_word' id='word_1_298' title='bbox 1472 3495 1662 3591; x_wconf 84' lang='lat' dir='ltr'><strong>diligenter</strong></span> <span class='ocrx_word' id='word_1_299' title='bbox 1688 3509 1803 3567; x_wconf 86' lang='lat' dir='ltr'><strong>atten-</strong></span> 
     </span>
     <span class='ocr_line' id='line_1_26' title="bbox 214 3612 1834 3713; baseline -0.002 -25"><span class='ocrx_word' id='word_1_300' title='bbox 214 3617 356 3703; x_wconf 88' lang='lat' dir='ltr'><strong>damus,</strong></span> <span class='ocrx_word' id='word_1_301' title='bbox 383 3618 470 3689; x_wconf 90' lang='lat' dir='ltr'><strong>nihil</strong></span> <span class='ocrx_word' id='word_1_302' title='bbox 488 3619 730 3691; x_wconf 83' lang='lat' dir='ltr'><strong>transitorium</strong></span> <span class='ocrx_word' id='word_1_303' title='bbox 751 3619 858 3691; x_wconf 88' lang='lat' dir='ltr'><strong>etiam</strong></span> <span class='ocrx_word' id='word_1_304' title='bbox 876 3619 965 3691; x_wconf 91' lang='lat' dir='ltr'><strong>boni</strong></span> <span class='ocrx_word' id='word_1_305' title='bbox 987 3618 1275 3690; x_wconf 86' lang='lat' dir='ltr'><strong>remuneratione</strong></span> <span class='ocrx_word' id='word_1_306' title='bbox 1292 3616 1441 3713; x_wconf 87' lang='lat' dir='ltr'><strong>dignum</strong></span> <span class='ocrx_word' id='word_1_307' title='bbox 1467 3629 1531 3688; x_wconf 91' lang='lat' dir='ltr'><strong>est.</strong></span> <span class='ocrx_word' id='word_1_308' title='bbox 1558 3612 1641 3685; x_wconf 88' lang='lat' dir='ltr'><strong>Sola</strong></span> <span class='ocrx_word' id='word_1_309' title='bbox 1668 3615 1803 3713; x_wconf 87' lang='lat' dir='ltr'><strong>quippe</strong></span> <span class='ocrx_word' id='word_1_310' title='bbox 1828 3618 1834 3623; x_wconf 85' lang='lat'>&#39;</span> 
     </span>
     <span class='ocr_line' id='line_1_27' title="bbox 207 3735 1803 3838; baseline -0.001 -29"><span class='ocrx_word' id='word_1_311' title='bbox 207 3737 350 3826; x_wconf 89' lang='lat' dir='ltr'><strong>caritas,</strong></span> <span class='ocrx_word' id='word_1_312' title='bbox 367 3762 446 3835; x_wconf 83' lang='lat' dir='ltr'><strong>quae</strong></span> <span class='ocrx_word' id='word_1_313' title='bbox 461 3762 648 3836; x_wconf 89' lang='lat' dir='ltr'><strong>uunquam</strong></span> <span class='ocrx_word' id='word_1_314' title='bbox 666 3739 811 3828; x_wconf 80' lang='lat' dir='ltr'><strong>excidit,</strong></span> <span class='ocrx_word' id='word_1_315' title='bbox 829 3740 938 3812; x_wconf 78' lang='lat' dir='ltr'><strong>vitain</strong></span> <span class='ocrx_word' id='word_1_316' title='bbox 956 3752 1184 3838; x_wconf 87' lang='lat' dir='ltr'><strong>promeretur</strong></span> <span class='ocrx_word' id='word_1_317' title='bbox 1196 3751 1367 3809; x_wconf 83' lang='lat' dir='ltr'><strong>aetemam</strong></span> <span class='ocrx_word' id='word_1_318' title='bbox 1384 3765 1392 3808; x_wconf 78' lang='lat' dir='ltr'><strong><em>z</em></strong></span> <span class='ocrx_word' id='word_1_319' title='bbox 1412 3752 1446 3807; x_wconf 90' lang='lat' dir='ltr'><strong>et</strong></span> <span class='ocrx_word' id='word_1_320' title='bbox 1464 3735 1671 3831; x_wconf 84' lang='lat' dir='ltr'><strong>quicunque</strong></span> <span class='ocrx_word' id='word_1_321' title='bbox 1687 3758 1803 3831; x_wconf 73' lang='lat' dir='ltr'><strong>aequa-</strong></span> 
     </span>
     <span class='ocr_line' id='line_1_28' title="bbox 208 3848 1802 3960; baseline -0.001 -32"><span class='ocrx_word' id='word_1_322' title='bbox 208 3848 257 3929; x_wconf 85' lang='lat' dir='ltr'><strong>les</strong></span> <span class='ocrx_word' id='word_1_323' title='bbox 282 3872 366 3929; x_wconf 90' lang='lat' dir='ltr'><strong>sunt</strong></span> <span class='ocrx_word' id='word_1_324' title='bbox 389 3858 553 3952; x_wconf 89' lang='lat' dir='ltr'><strong>caritate,</strong></span> <span class='ocrx_word' id='word_1_325' title='bbox 575 3882 679 3957; x_wconf 88' lang='lat' dir='ltr'><strong>pares</strong></span> <span class='ocrx_word' id='word_1_326' title='bbox 703 3859 801 3960; x_wconf 88' lang='lat' dir='ltr'><strong>apud</strong></span> <span class='ocrx_word' id='word_1_327' title='bbox 820 3865 934 3932; x_wconf 91' lang='lat' dir='ltr'><strong>Deum</strong></span> <span class='ocrx_word' id='word_1_328' title='bbox 959 3857 1096 3930; x_wconf 83' lang='lat' dir='ltr'><strong>habent</strong></span> <span class='ocrx_word' id='word_1_329' title='bbox 1120 3857 1450 3946; x_wconf 81' lang='lat' dir='ltr'><strong>remunerationes,</strong></span> <span class='ocrx_word' id='word_1_330' title='bbox 1469 3856 1533 3928; x_wconf 81' lang='lat' dir='ltr'><strong>etsi</strong></span> <span class='ocrx_word' id='word_1_331' title='bbox 1560 3853 1649 3926; x_wconf 90' lang='lat' dir='ltr'><strong>alter</strong></span> <span class='ocrx_word' id='word_1_332' title='bbox 1674 3853 1802 3926; x_wconf 83' lang='lat' dir='ltr'><strong>ellectu</strong></span> 
     </span>
     <span class='ocr_line' id='line_1_29' title="bbox 206 3973 1802 4079; baseline -0.002 -30"><span class='ocrx_word' id='word_1_333' title='bbox 206 3976 362 4049; x_wconf 88' lang='lat' dir='ltr'><strong>caritatis</strong></span> <span class='ocrx_word' id='word_1_334' title='bbox 380 3977 538 4075; x_wconf 86' lang='lat' dir='ltr'><strong>privetur</strong></span> <span class='ocrx_word' id='word_1_335' title='bbox 554 3978 676 4077; x_wconf 89' lang='lat' dir='ltr'><strong>aliquo</strong></span> <span class='ocrx_word' id='word_1_336' title='bbox 690 4004 774 4053; x_wconf 89' lang='lat' dir='ltr'><strong>casu</strong></span> <span class='ocrx_word' id='word_1_337' title='bbox 788 3979 1015 4079; x_wconf 79' lang='lat' dir='ltr'><strong>praepeditus.</strong></span> <span class='ocrx_word' id='word_1_338' title='bbox 1035 3977 1137 4050; x_wconf 84' lang='lat' dir='ltr'><strong>Unde</strong></span> <span class='ocrx_word' id='word_1_339' title='bbox 1152 3991 1187 4048; x_wconf 93' lang='lat' dir='ltr'><strong>et</strong></span> <span class='ocrx_word' id='word_1_340' title='bbox 1205 3978 1331 4049; x_wconf 89' lang='lat' dir='ltr'><strong>merito</strong></span> <span class='ocrx_word' id='word_1_341' title='bbox 1345 3981 1385 4047; x_wconf 88' lang='lat' dir='ltr'><strong>B.</strong></span> <span class='ocrx_word' id='word_1_342' title='bbox 1395 3975 1613 4074; x_wconf 83' lang='lat' dir='ltr'><strong>&#39;Augustinus</strong></span> <span class='ocrx_word' id='word_1_343' title='bbox 1629 3973 1802 4070; x_wconf 78' lang='lat' dir='ltr'><strong>aequalem</strong></span> 
     </span>
     <span class='ocr_line' id='line_1_30' title="bbox 207 4097 1804 4196; baseline -0.001 -29"><span class='ocrx_word' id='word_1_344' title='bbox 207 4098 251 4168; x_wconf 91' lang='lat' dir='ltr'><strong>de</strong></span> <span class='ocrx_word' id='word_1_345' title='bbox 276 4097 447 4195; x_wconf 87' lang='lat' dir='ltr'><strong>martyrio</strong></span> <span class='ocrx_word' id='word_1_346' title='bbox 469 4120 643 4171; x_wconf 91' lang='lat' dir='ltr'><strong>coronam</strong></span> <span class='ocrx_word' id='word_1_347' title='bbox 664 4101 788 4172; x_wconf 88' lang='lat' dir='ltr'><strong>asserit</strong></span> <span class='ocrx_word' id='word_1_348' title='bbox 809 4099 944 4173; x_wconf 88' lang='lat' dir='ltr'><strong>habere</strong></span> <span class='ocrx_word' id='word_1_349' title='bbox 961 4103 1138 4170; x_wconf 83' lang='lat' dir='ltr'><strong>loannem</strong></span> <span class='ocrx_word' id='word_1_350' title='bbox 1161 4098 1225 4195; x_wconf 90' lang='lat' dir='ltr'><strong>qui</strong></span> <span class='ocrx_word' id='word_1_351' title='bbox 1246 4120 1372 4196; x_wconf 87' lang='lat' dir='ltr'><strong>passus</strong></span> <span class='ocrx_word' id='word_1_352' title='bbox 1390 4121 1464 4168; x_wconf 89' lang='lat' dir='ltr'><strong>non</strong></span> <span class='ocrx_word' id='word_1_353' title='bbox 1486 4109 1556 4189; x_wconf 91' lang='lat' dir='ltr'><strong>cst,</strong></span> <span class='ocrx_word' id='word_1_354' title='bbox 1579 4108 1751 4192; x_wconf 89' lang='lat' dir='ltr'><strong>quantam</strong></span> <span class='ocrx_word' id='word_1_355' title='bbox 1768 4109 1804 4166; x_wconf 89' lang='lat' dir='ltr'><strong>et</strong></span> 
     </span>
     <span class='ocr_line' id='line_1_31' title="bbox 206 4212 1803 4317; baseline 0.001 -33"><span class='ocrx_word' id='word_1_356' title='bbox 206 4219 334 4295; x_wconf 16' lang='lat' dir='ltr'><strong>Petrus,</strong></span> <span class='ocrx_word' id='word_1_357' title='bbox 346 4215 456 4288; x_wconf 88' lang='lat' dir='ltr'><strong>habet</strong></span> <span class='ocrx_word' id='word_1_358' title='bbox 475 4217 538 4312; x_wconf 90' lang='lat' dir='ltr'><strong>qui</strong></span> <span class='ocrx_word' id='word_1_359' title='bbox 554 4241 678 4316; x_wconf 82' lang='lat' dir='ltr'><strong>passus</strong></span> <span class='ocrx_word' id='word_1_360' title='bbox 697 4232 762 4308; x_wconf 87' lang='lat' dir='ltr'><strong>est,</strong></span> <span class='ocrx_word' id='word_1_361' title='bbox 783 4234 821 4291; x_wconf 90' lang='lat' dir='ltr'><strong>ut</strong></span> <span class='ocrx_word' id='word_1_362' title='bbox 843 4244 918 4292; x_wconf 91' lang='lat' dir='ltr'><strong>non</strong></span> <span class='ocrx_word' id='word_1_363' title='bbox 936 4233 1007 4290; x_wconf 88' lang='lat' dir='ltr'><strong>tam</strong></span> <span class='ocrx_word' id='word_1_364' title='bbox 1023 4217 1203 4317; x_wconf 81' lang='lat' dir='ltr'><strong>passionis</strong></span> <span class='ocrx_word' id='word_1_365' title='bbox 1215 4215 1383 4288; x_wconf 81' lang='lat' dir='ltr'><strong>allectum</strong></span> <span class='ocrx_word' id='word_1_366' title='bbox 1397 4240 1508 4313; x_wconf 86' lang='lat' dir='ltr'><strong>quam</strong></span> <span class='ocrx_word' id='word_1_367' title='bbox 1525 4212 1692 4287; x_wconf 81' lang='lat' dir='ltr'><strong>ellectum</strong></span> <span class='ocrx_word' id='word_1_368' title='bbox 1706 4216 1803 4285; x_wconf 88' lang='lat' dir='ltr'><strong>Deus</strong></span> 
     </span>
     <span class='ocr_line' id='line_1_32' title="bbox 206 4335 505 4408; baseline 0 -1"><span class='ocrx_word' id='word_1_369' title='bbox 206 4335 379 4408; x_wconf 88' lang='lat' dir='ltr'><strong>attendat.</strong></span> <span class='ocrx_word' id='word_1_370' title='bbox 503 4386 505 4389; x_wconf 92' lang='lat'>-</span> 
     </span>
    </p>

    <p class='ocr_par' dir='ltr' id='par_1_3' title="bbox 204 4442 1803 5274">
     <span class='ocr_line' id='line_1_33' title="bbox 256 4442 1800 4556; baseline 0.003 -34"><span class='ocrx_word' id='word_1_371' title='bbox 256 4442 390 4528; x_wconf 76' lang='lat' dir='ltr'><strong>«Nam</strong></span> <span class='ocrx_word' id='word_1_372' title='bbox 419 4459 633 4555; x_wconf 81' lang='lat' dir='ltr'><strong>expectatio.</strong></span> <span class='ocrx_word' id='word_1_373' title='bbox 655 4486 674 4525; x_wconf 88' lang='lat'><strong><em>»</em></strong></span> <span class='ocrx_word' id='word_1_374' title='bbox 696 4463 789 4532; x_wconf 83' lang='lat' dir='ltr'><strong>Beue</strong></span> <span class='ocrx_word' id='word_1_375' title='bbox 814 4459 889 4532; x_wconf 90' lang='lat' dir='ltr'><strong>dixi</strong></span> <span class='ocrx_word' id='word_1_376' title='bbox 914 4461 1070 4533; x_wconf 77' lang='lat' dir='ltr'><strong>futuram</strong></span> <span class='ocrx_word' id='word_1_377' title='bbox 1091 4457 1242 4556; x_wconf 87' lang='lat' dir='ltr'><strong>gloriam</strong></span> <span class='ocrx_word' id='word_1_378' title='bbox 1267 4481 1348 4555; x_wconf 83' lang='lat' dir='ltr'><strong>quae</strong></span> <span class='ocrx_word' id='word_1_379' title='bbox 1373 4454 1587 4529; x_wconf 85' lang='lat' dir='ltr'><strong>revelabitur</strong></span> <span class='ocrx_word' id='word_1_380' title='bbox 1610 4453 1647 4526; x_wconf 93' lang='lat' dir='ltr'><strong>in</strong></span> <span class='ocrx_word' id='word_1_381' title='bbox 1673 4452 1800 4542; x_wconf 87' lang='lat' dir='ltr'><strong>nobis,</strong></span> 
     </span>
     <span class='ocr_line' id='line_1_34' title="bbox 205 4573 1803 4674; baseline -0.002 -26"><span class='ocrx_word' id='word_1_382' title='bbox 205 4574 339 4648; x_wconf 87' lang='lat' dir='ltr'><strong>scilicet</strong></span> <span class='ocrx_word' id='word_1_383' title='bbox 360 4573 441 4647; x_wconf 88' lang='lat' dir='ltr'><strong>liliis</strong></span> <span class='ocrx_word' id='word_1_384' title='bbox 455 4576 539 4665; x_wconf 81' lang='lat' dir='ltr'><strong>Dei3</strong></span> <span class='ocrx_word' id='word_1_385' title='bbox 559 4578 645 4674; x_wconf 90' lang='lat' dir='ltr'><strong>quia</strong></span> <span class='ocrx_word' id='word_1_386' title='bbox 662 4577 756 4650; x_wconf 90' lang='lat' dir='ltr'><strong>hanc</strong></span> <span class='ocrx_word' id='word_1_387' title='bbox 770 4580 1026 4653; x_wconf 89' lang='lat' dir='ltr'><strong>revelationem</strong></span> <span class='ocrx_word' id='word_1_388' title='bbox 1042 4578 1177 4652; x_wconf 91' lang='lat' dir='ltr'><strong>scilicet</strong></span> <span class='ocrx_word' id='word_1_389' title='bbox 1193 4577 1314 4673; x_wconf 84' lang='lat' dir='ltr'><strong>gloriae</strong></span> <span class='ocrx_word' id='word_1_390' title='bbox 1329 4575 1411 4650; x_wconf 85' lang='lat' dir='ltr'><strong>filiis</strong></span> <span class='ocrx_word' id='word_1_391' title='bbox 1428 4576 1496 4648; x_wconf 92' lang='lat' dir='ltr'><strong>Dei</strong></span> <span class='ocrx_word' id='word_1_392' title='bbox 1511 4573 1641 4647; x_wconf 87' lang='lat' dir='ltr'><strong>debitae</strong></span> <span class='ocrx_word' id='word_1_393' title='bbox 1657 4578 1803 4672; x_wconf 87' lang='lat' dir='ltr'><strong>exspec-</strong></span> 
     </span>
     <span class='ocr_line' id='line_1_35' title="bbox 207 4691 1801 4797; baseline -0.001 -32"><span class='ocrx_word' id='word_1_394' title='bbox 207 4694 295 4767; x_wconf 89' lang='lat' dir='ltr'><strong>tatio</strong></span> <span class='ocrx_word' id='word_1_395' title='bbox 321 4691 483 4767; x_wconf 88' lang='lat' dir='ltr'><strong>fidelium</strong></span> <span class='ocrx_word' id='word_1_396' title='bbox 511 4696 677 4768; x_wconf 89' lang='lat' dir='ltr'><strong>omnium</strong></span> <span class='ocrx_word' id='word_1_397' title='bbox 703 4706 967 4797; x_wconf 74' lang='lat' dir='ltr'><strong>exspectatae</strong></span> <span class='ocrx_word' id='word_1_398' title='bbox 991 4701 1020 4770; x_wconf 91' lang='lat' dir='ltr'><strong>si</strong></span> <span class='ocrx_word' id='word_1_399' title='bbox 1045 4699 1206 4772; x_wconf 82' lang='lat' dir='ltr'><strong>diceret:</strong></span> <span class='ocrx_word' id='word_1_400' title='bbox 1225 4700 1443 4794; x_wconf 80' lang='lat' dir='ltr'><strong>Exspectans</strong></span> <span class='ocrx_word' id='word_1_401' title='bbox 1464 4692 1711 4793; x_wconf 84' lang='lat' dir='ltr'><strong>unusquisque</strong></span> <span class='ocrx_word' id='word_1_402' title='bbox 1738 4717 1801 4765; x_wconf 84' lang='lat' dir='ltr'><strong>ex·</strong></span> 
     </span>
     <span class='ocr_line' id='line_1_36' title="bbox 205 4812 1802 4915; baseline -0.002 -30"><span class='ocrx_word' id='word_1_403' title='bbox 205 4827 360 4912; x_wconf 84' lang='lat' dir='ltr'><strong>xpectat,</strong></span> <span class='ocrx_word' id='word_1_404' title='bbox 380 4816 473 4887; x_wconf 89' lang='lat' dir='ltr'><strong>sicut</strong></span> <span class='ocrx_word' id='word_1_405' title='bbox 494 4815 639 4907; x_wconf 87' lang='lat' dir='ltr'><strong>dicitur,</strong></span> <span class='ocrx_word' id='word_1_406' title='bbox 662 4845 680 4886; x_wconf 89' lang='lat' dir='ltr'><strong>u</strong></span> <span class='ocrx_word' id='word_1_407' title='bbox 696 4833 822 4891; x_wconf 87' lang='lat' dir='ltr'><strong>euntes</strong></span> <span class='ocrx_word' id='word_1_408' title='bbox 839 4819 951 4912; x_wconf 87' lang='lat' dir='ltr'><strong>ibant,</strong></span> <span class='ocrx_word' id='word_1_409' title='bbox 970 4850 987 4886; x_wconf 69' lang='lat' dir='ltr'><strong><em>n</em></strong></span> <span class='ocrx_word' id='word_1_410' title='bbox 1006 4818 1079 4891; x_wconf 90' lang='lat' dir='ltr'><strong>hoc</strong></span> <span class='ocrx_word' id='word_1_411' title='bbox 1095 4831 1149 4890; x_wconf 88' lang='lat' dir='ltr'><strong>est</strong></span> <span class='ocrx_word' id='word_1_412' title='bbox 1167 4831 1437 4915; x_wconf 88' lang='lat' dir='ltr'><strong>perseveranter</strong></span> <span class='ocrx_word' id='word_1_413' title='bbox 1453 4830 1561 4914; x_wconf 86' lang='lat' dir='ltr'><strong>atque</strong></span> <span class='ocrx_word' id='word_1_414' title='bbox 1577 4812 1802 4888; x_wconf 85' lang='lat' dir='ltr'><strong>confidenter</strong></span> 
     </span>
     <span class='ocr_line' id='line_1_37' title="bbox 204 4930 1800 5038; baseline -0.002 -34"><span class='ocrx_word' id='word_1_415' title='bbox 204 4948 369 5032; x_wconf 86' lang='lat' dir='ltr'><strong>sperant,</strong></span> <span class='ocrx_word' id='word_1_416' title='bbox 402 4933 510 5007; x_wconf 89' lang='lat' dir='ltr'><strong>bonis</strong></span> <span class='ocrx_word' id='word_1_417' title='bbox 543 4935 675 5009; x_wconf 89' lang='lat' dir='ltr'><strong>scilicet</strong></span> <span class='ocrx_word' id='word_1_418' title='bbox 709 4936 880 5038; x_wconf 89' lang='lat' dir='ltr'><strong>operibus</strong></span> <span class='ocrx_word' id='word_1_419' title='bbox 907 4964 988 5013; x_wconf 87' lang='lat' dir='ltr'><strong>eam</strong></span> <span class='ocrx_word' id='word_1_420' title='bbox 1020 4948 1280 5036; x_wconf 85' lang='lat' dir='ltr'><strong>promerentes.</strong></span> <span class='ocrx_word' id='word_1_421' title='bbox 1313 4964 1332 5004; x_wconf 84' lang='lat' dir='ltr'><strong>u</strong></span> <span class='ocrx_word' id='word_1_422' title='bbox 1348 4935 1613 5009; x_wconf 81' lang='lat' dir='ltr'><strong>Revelationem</strong></span> <span class='ocrx_word' id='word_1_423' title='bbox 1644 4930 1800 5004; x_wconf 84' lang='lat' dir='ltr'><strong>filiorum</strong></span> 
     </span>
     <span class='ocr_line' id='line_1_38' title="bbox 205 5051 1801 5156; baseline 0 -34"><span class='ocrx_word' id='word_1_424' title='bbox 205 5053 318 5147; x_wconf 84' lang='lat' dir='ltr'><strong>Dei,u</strong></span> <span class='ocrx_word' id='word_1_425' title='bbox 335 5052 373 5125; x_wconf 89' lang='lat' dir='ltr'><strong>id</strong></span> <span class='ocrx_word' id='word_1_426' title='bbox 396 5068 449 5128; x_wconf 87' lang='lat' dir='ltr'><strong>est</strong></span> <span class='ocrx_word' id='word_1_427' title='bbox 468 5057 799 5130; x_wconf 87' lang='lat' dir='ltr'><strong>remunerationem</strong></span> <span class='ocrx_word' id='word_1_428' title='bbox 817 5057 934 5152; x_wconf 89' lang='lat' dir='ltr'><strong>illam,</strong></span> <span class='ocrx_word' id='word_1_429' title='bbox 954 5060 1081 5156; x_wconf 90' lang='lat' dir='ltr'><strong>inqua</strong></span> <span class='ocrx_word' id='word_1_430' title='bbox 1101 5052 1319 5131; x_wconf 89' lang='lat' dir='ltr'><strong>revelabitur</strong></span> <span class='ocrx_word' id='word_1_431' title='bbox 1339 5057 1403 5154; x_wconf 93' lang='lat' dir='ltr'><strong>qui</strong></span> <span class='ocrx_word' id='word_1_432' title='bbox 1423 5054 1486 5128; x_wconf 89' lang='lat' dir='ltr'><strong>lilii</strong></span> <span class='ocrx_word' id='word_1_433' title='bbox 1511 5054 1577 5126; x_wconf 84' lang='lat' dir='ltr'><strong>Dei</strong></span> <span class='ocrx_word' id='word_1_434' title='bbox 1597 5053 1682 5142; x_wconf 90' lang='lat' dir='ltr'><strong>sint,</strong></span> <span class='ocrx_word' id='word_1_435' title='bbox 1700 5051 1801 5124; x_wconf 83' lang='lat' dir='ltr'><strong>etad</strong></span> 
     </span>
     <span class='ocr_line' id='line_1_39' title="bbox 206 5171 1800 5274; baseline 0.001 -31"><span class='ocrx_word' id='word_1_436' title='bbox 206 5171 314 5246; x_wconf 87' lang='lat' dir='ltr'><strong>vitam</strong></span> <span class='ocrx_word' id='word_1_437' title='bbox 339 5173 593 5273; x_wconf 70' lang='lat' dir='ltr'><strong>predestinati,</strong></span> <span class='ocrx_word' id='word_1_438' title='bbox 611 5176 711 5274; x_wconf 89' lang='lat' dir='ltr'><strong>quod</strong></span> <span class='ocrx_word' id='word_1_439' title='bbox 734 5177 855 5251; x_wconf 89' lang='lat' dir='ltr'><strong>adhuc</strong></span> <span class='ocrx_word' id='word_1_440' title='bbox 876 5177 1060 5252; x_wconf 89' lang='lat' dir='ltr'><strong>occultum</strong></span> <span class='ocrx_word' id='word_1_441' title='bbox 1074 5190 1140 5251; x_wconf 86' lang='lat' dir='ltr'><strong>est.</strong></span> <span class='ocrx_word' id='word_1_442' title='bbox 1161 5178 1369 5250; x_wconf 86' lang='lat' dir='ltr'><strong>Creaturam</strong></span> <span class='ocrx_word' id='word_1_443' title='bbox 1395 5200 1458 5252; x_wconf 88' lang='lat' dir='ltr'><strong>eos</strong></span> <span class='ocrx_word' id='word_1_444' title='bbox 1472 5174 1573 5266; x_wconf 90' lang='lat' dir='ltr'><strong>dicit,</strong></span> <span class='ocrx_word' id='word_1_445' title='bbox 1599 5172 1683 5272; x_wconf 88' lang='lat' dir='ltr'><strong>quia</strong></span> <span class='ocrx_word' id='word_1_446' title='bbox 1699 5192 1800 5246; x_wconf 76' lang='lat' dir='ltr'><strong>mea-</strong></span> 
     </span>
    </p>
   </div>
   <div class='ocr_carea' id='block_1_3' title="bbox 0 0 2284 6100">
    <p class='ocr_par' dir='ltr' id='par_1_4' title="bbox 0 0 2284 6100">
     <span class='ocr_line' id='line_1_40' title="bbox 0 0 2284 6100; baseline 0 3"><span class='ocrx_word' id='word_1_447' title='bbox 0 0 2284 6100; x_wconf 95' lang='lat' dir='ltr'><strong> </strong></span> 
     </span>
    </p>
   </div>
  </div>
 </body>
</html>
