4559 6100
741 486 996 601 maotoon
1020 529 1293 604 cunrsrnni.
1745 531 1810 605 sor

221 682 377 759 Platonis
401 680 584 756 verissima
607 678 713 772 ratio,
739 703 812 775 qua
834 677 1001 754 videlicet
1020 679 1153 778 probat
1174 683 1291 753 Deum
1312 678 1516 752 nullatenus
1539 677 1717 753 mundum
1739 704 1816 752 me·

218 804 346 877 liorem
362 802 519 902 potuisse
542 800 674 892 lacere,
694 824 802 898 quam
825 800 930 896 lecit.
942 799 999 872 Sic
1022 800 1157 899 quippe
1187 800 1225 872 in
1246 803 1375 872 Timaeo
1395 800 1472 872 ait:
1493 800 1729 873 «Dicendum
1751 825 1816 871 cur

218 925 400 1014 conditor,
418 936 486 995 etc.
501 952 519 988 a
536 922 625 1009 Quis
640 922 750 994 etiam
768 935 875 1017 neget
888 944 1186 1018 unumquemque
1207 934 1347 993 tantum
1362 919 1454 992 velle
1467 919 1561 993 bene
1581 944 1685 1016 agere
1701 943 1817 1018 quan·

218 1059 296 1116 tum
324 1056 457 1144 potest,
484 1056 545 1116 aut
572 1066 847 1140 unumqumque
873 1056 1012 1114 tantum
1037 1039 1170 1114 debere
1197 1041 1291 1114 bene
1317 1064 1441 1141 agere,
1468 1053 1646 1139 quantum
1675 1041 1816 1139 potest?

219 1152 327 1252 Quod
355 1163 384 1234 si
413 1162 485 1234 hoc
514 1162 553 1233 in
583 1161 689 1234 nobis
714 1162 890 1259 judicium
918 1176 1106 1253 tenemus3
1136 1176 1274 1258 quanto
1302 1162 1415 1259 magis
1445 1162 1483 1233 in
1510 1185 1555 1232 eo
1588 1159 1651 1258 qui
1675 1183 1815 1231 summe

217 1298 269 1356 est
305 1282 447 1371 bonus,
485 1294 521 1353 et
553 1306 664 1379 quem
700 1281 820 1354 nullus
853 1282 1073 1380 operationis
1110 1280 1216 1354 labor
1251 1305 1399 1380 gravare
1436 1277 1586 1381 potest?
1618 1277 1814 1367 Quomodo

217 1417 337 1475 autem
360 1401 437 1473 vult
456 1417 491 1473 et
517 1415 635 1500 potest
658 1405 773 1492 Deus,
796 1402 826 1473 si
851 1425 925 1473 non
949 1400 1114 1500 perlicit?
1134 1408 1203 1474 Aut
1226 1401 1413 1500 quomodo
1430 1402 1550 1499 justus
1573 1414 1644 1490 est,
1667 1397 1814 1496 siquod

217 1521 325 1594 debet
349 1536 385 1593 et
400 1522 508 1594 etiam
524 1535 642 1620 potest
663 1545 738 1594 non
756 1520 862 1594 facit?
884 1520 956 1593 Sed
972 1536 1009 1594 et
1025 1522 1054 1593 si
1071 1523 1191 1594 minus
1205 1521 1431 1594 benefaceret
1448 1544 1557 1617 quam
1575 1531 1712 1617 posset,
1731 1543 1816 1617 per·

217 1640 307 1713 lecte
329 1641 450 1714 bonus
472 1666 547 1713 uon
574 1656 677 1715 esset.
705 1643 801 1714 Facit
824 1642 944 1739 itaque
967 1641 1094 1714 'omnia
1117 1667 1196 1740 quae
1215 1656 1333 1741 potest
1354 1644 1471 1731 Deus,
1495 1654 1532 1713 et
1555 1651 1695 1711 tantum
1719 1637 1814 1710 bene

217 1777 391 1856 quantum
418 1775 547 1861 potest.
575 1762 646 1834 Sed
665 1786 742 1834 non
761 1786 900 1834 cessare
920 1760 967 1834 ab
991 1764 1033 1834 iis
1052 1778 1171 1861 potest
1188 1786 1267 1860 quae
1288 1761 1391 1850 iacit,
1414 1773 1455 1831 ut
1474 1757 1641 1831 videlicet
1664 1781 1707 1829 ea
1725 1771 1812 1830 tunc

216 1904 291 1952 non
316 1881 419 1955 faciat
442 1881 590 1980 quando
614 1882 777 1955 facienda
798 1896 894 1954 sunt.
914 1882 1058 1981 Quippe
1081 1883 1110 1953 si
1132 1896 1285 1955 cessaret
1303 1907 1326 1953 a
1346 1880 1453 1952 bonis
1469 1904 1550 1977 quae
1573 1893 1705 1977 posset,
1728 1902 1812 1950 cum

216 2024 258 2072 ea
282 2000 358 2073 fieri
379 2016 582 2101 oporteret,
605 2001 768 2100 profecto
791 2015 827 2072 et
849 2025 892 2072 ex
915 2000 988 2073 boc
1009 2025 1084 2073 nou
1107 2026 1185 2073 esse
1203 2001 1358 2101 perfecte
1380 2000 1521 2071 bouum
1543 1996 1814 2071 convincendus

216 2136 319 2191 esset.
339 2126 508 2193 Praeterea
527 2145 763 2219 quaecumque
778 2121 812 2192 ei
837 2119 1046 2192 naturaliter
1065 2120 1207 2211 insunt,
1226 2145 1348 2193 carere
1363 2144 1438 2191 non
1455 2131 1586 2217 potest.
1606 2118 1661 2189 Ei¹
1676 2131 1810 2206 autem,

215 2264 325 2336 quem
339 2264 483 2313 necesse
500 2256 554 2314 est
575 2265 716 2313 summe
729 2240 871 2313 bonurn
892 2264 967 2313 esse
984 2254 1093 2338 atque
1114 2240 1327 2337 benignum,
1352 2265 1419 2313 nec
1441 2241 1477 2311 in
1496 2262 1560 2311 sua
1577 2239 1691 2310 minui
1708 2260 1812 2336 posse

215 2357 391 2453 bonitate,
420 2360 519 2433 bona
548 2363 714 2432 voluntas
738 2360 947 2432 naturaliter
971 2385 1013 2432 ac
1037 2359 1317 2433 substantialiter
1342 2361 1453 2449 inest,
1478 2383 1554 2432 non
1588 2358 1680 2429 sicut
1708 2355 1813 2429 nobis

217 2502 281 2575 per
297 2478 487 2569 accidens3
506 2479 602 2552 unde
627 2503 708 2552 eam
727 2503 836 2578 quam
857 2479 966 2553 habet
989 2479 1124 2553 bonam
1139 2479 1362 2554 voluntatem
1382 2480 1566 2578 deponere
1586 2502 1661 2549 non
1679 2490 1809 2575 potest,

216 2621 324 2693 quam
341 2612 377 2670 et
394 2601 512 2669 Deum
530 2623 605 2671 esse
621 2598 774 2673 concedi
787 2602 970 2674 convenit.
987 2607 1263 2700 Quamcumque
1275 2603 1396 2699 itaque
1413 2599 1551 2672 bonam
1568 2596 1677 2670 habet
1691 2596 1814 2667 volun·

216 2731 346 2805 tatem,
364 2742 486 2792 carere
504 2744 579 2792 non
597 2735 727 2820 potest.
750 2725 900 2795 Necesse
921 2738 976 2795 est
988 2724 1111 2821 igitur,
1131 2737 1173 2796 ut
1190 2723 1314 2795 omnia
1329 2745 1409 2819 quae
1425 2718 1514 2809 vult,
1537 2719 1613 2817 ipse
1629 2717 1730 2808 velit;
1751 2715 1815 2788 sed

216 2860 282 2908 nec
307 2837 473 2911 inefficax
499 2841 575 2938 ejus
597 2839 763 2913 voluntas
788 2866 865 2915 esse
890 2857 1041 2940 potest:
1069 2867 1216 2916 necesse
1237 2857 1292 2914 est
1313 2865 1399 2939 ergo
1423 2853 1464 2911 ut
1482 2862 1718 2937 quecumque
1739 2836 1817 2908 vult

215 2956 290 3054 ipse
311 2957 485 3058 perficiat,
511 2986 595 3033 cum
613 2985 694 3033 eam
720 2961 886 3035 videlicet
902 2986 1087 3036 sumamus
1104 2963 1345 3055 voluntatem,
1365 2985 1445 3060 quac
1465 2959 1513 3032 ad
1535 2959 1646 3059 ipsius
1663 2957 1816 3057 pertinet

214 3077 495 3152 ordinationem.
516 3083 594 3154 lstis
610 3105 696 3179 ergo
713 3081 913 3155 rationibus
926 3084 1161 3157 astruendum
1180 3084 1335 3176 videtur,
1353 3082 1454 3180 quod
1470 3081 1575 3179 plura
1591 3082 1688 3150 Deus
1704 3078 1815 3151 nulla·

214 3209 318 3269 tenus
347 3199 463 3272 lacere
488 3201 601 3300 possit
627 3226 738 3299 quam
768 3201 893 3295 laciat3
923 3216 986 3274 aut
1010 3202 1137 3275 melius
1169 3203 1301 3295 lacere,
1330 3217 1393 3274 aut
1418 3199 1464 3272 ab
1492 3199 1549 3271 his
1572 3221 1728 3288 cessare,
1752 3197 1814 3268 scd

213 3316 338 3390 omnia
347 3320 396 3390 ita
406 3332 446 3390 ut
462 3319 545 3391 facit
561 3321 764 3393 necessario
774 3321 904 3394 facere.
917 3321 988 3394 Sed
1001 3347 1124 3394 rursus
1138 3321 1286 3419 singulis
1300 3321 1374 3393 istis
1387 3317 1603 3392 difficillimae
1619 3330 1816 3388 occurrunt

213 3434 455 3532 objectiones,
486 3454 525 3510 ut
562 3454 718 3537 utroque
742 3464 857 3512 cornu
886 3442 1041 3538 graviter
1065 3440 1175 3512 fidem
1198 3455 1358 3513 nostram
1386 3451 1572 3538 oppugnet
1595 3434 1811 3533 complexio.

213 3555 302 3642 Quis
326 3557 423 3628 enim
440 3582 572 3654 negare
594 3558 745 3651 audeat,
764 3559 865 3658 quod
887 3585 961 3632 non
980 3561 1092 3660 possit
1108 3564 1206 3633 Deus
1223 3585 1309 3633 eum
1327 3559 1390 3657 qui
1413 3555 1640 3631 damnandus
1663 3569 1718 3627 est
1743 3552 1815 3626 sal-

212 3700 310 3766 vare,
329 3691 392 3750 aut
408 3677 596 3750 meliorem
617 3679 719 3751 illum
740 3681 804 3776 qui
826 3679 1020 3753 salvandus
1036 3695 1089 3751 est
1110 3679 1238 3771 facere,
1259 3705 1367 3777 quam
1386 3679 1462 3777 ipse
1485 3677 1624 3748 futurus
1640 3675 1685 3748 sit
1702 3673 1816 3746 colla-

214 3795 311 3866 tione
325 3821 475 3868 suorum
493 3797 688 3888 donorum,
708 3813 770 3872 aut
788 3801 940 3871 omnino
956 3800 1130 3873 dimisisse
1147 3824 1193 3872 ne
1208 3825 1294 3871 eum
1308 3822 1483 3895 umquam
1497 3794 1657 3868 crearet?
1672 3791 1816 3891 Quippe

213 3914 242 3984 si
260 3937 334 3984 non
352 3928 470 4011 potest
485 3920 582 3990 Deus
597 3916 698 3989 hunc
714 3917 865 4011 salvare,
880 3920 1005 4016 utique
1021 3945 1089 3992 nec
1101 3922 1177 4019 ipse
1192 3919 1320 3992 salvari
1335 3943 1358 3991 a
1372 3922 1450 3988 Deo
1464 3927 1594 4012 potest.
1611 3914 1815 3987 Necessaria

213 4033 348 4132 quippe
373 4049 428 4106 est
451 4033 526 4106 haec
546 4033 841 4134 reciprocationis
867 4040 1093 4127 consecutio,
1120 4039 1221 4133 quod
1241 4037 1271 4107 si
1292 4035 1357 4107 iste
1375 4036 1531 4107 salvatur
1557 4057 1579 4105 a
1600 4036 1691 4122 Deo,
1718 4036 1815 4105 Deus

213 4152 312 4225 hunc
329 4152 453 4226 salvat.
472 4153 577 4227 Unde
595 4155 625 4226 si
644 4153 814 4253 possibile
830 4170 884 4227 est
906 4155 1006 4230 hunc
1026 4154 1156 4229 salvari
1179 4159 1309 4249 aDeo,
1329 4152 1498 4253 possibile
1514 4167 1567 4226 est
1582 4156 1701 4226 Deum
1714 4153 1814 4226 hunc

212 4347 375 4427 termittit3
395 4362 491 4435 atque
502 4350 547 4413 ita
553 4351 621 4435 jam
633 4350 668 4414 in
682 4353 917 4442 suprapositum
928 4352 1159 4417 inconvenieus
1168 4349 1362 4416 relabemur.
1377 4350 1432 4415 Sin
1447 4364 1555 4414 autem
1564 4347 1651 4414 dicas
1662 4346 1703 4412 de
1713 4345 1814 4412 altero

211 4440 300 4529 quod
312 4443 432 4507 lactum
442 4461 580 4527 nonest,
596 4447 750 4536 quianon
766 4464 836 4514 erat
851 4451 976 4516 bonum
991 4465 1027 4515 ut
1039 4450 1169 4531 faceret,
1185 4447 1246 4513 nisi
1256 4449 1299 4511 ita
1313 4464 1349 4512 ut
1356 4447 1492 4511 alterum
1504 4462 1652 4526 cessaret,
1669 4444 1813 4533 profecto

211 4536 326 4602 eadem
340 4540 464 4605 ratione
477 4541 518 4607 de
533 4543 633 4609 altero
649 4544 738 4633 quod
752 4546 872 4612 factum
884 4564 1011 4613 estnon
1022 4549 1083 4612 erit
1097 4545 1281 4636 simpliciter
1294 4542 1539 4609 concedendum
1550 4559 1587 4606 ut
1596 4541 1721 4606 bouum
1733 4557 1815 4605 esset

211 4632 292 4699 illud
316 4631 403 4715 fieri,
420 4658 495 4702 cum
512 4663 601 4729 aeque
619 4665 805 4708 concessum
820 4644 862 4709 sit
882 4662 949 4710 tam
968 4647 1033 4711 hoc
1049 4668 1148 4733 quam
1163 4641 1244 4708 illud
1267 4640 1335 4706 fieri
1351 4640 1475 4705 bonum
1495 4661 1575 4705 esse.
1593 4639 1683 4704 Fecit
1705 4639 1812 4725 itaque

212 4734 299 4798 Deus
314 4731 403 4822 quod
412 4757 481 4799 nou
491 4753 561 4802 erat
575 4737 699 4804 bonum
711 4738 797 4804 fieri?
812 4742 916 4807 Absit.
928 4741 1027 4825 Quod
1040 4744 1066 4805 si
1082 4742 1164 4808 illud
1174 4740 1280 4806 solum
1295 4738 1384 4829 quod
1399 4737 1486 4820 facit,
1497 4736 1565 4803 fieri
1580 4736 1672 4803 abeo
1687 4737 1812 4801 bonum

212 4847 279 4990 pst,
292 4831 437 4992 ppofecto
452 4831 531 4899 illud
545 4836 649 4901 solum
666 4836 754 4925 quod
769 4838 844 4904 facit
858 4838 963 4905 l'acere
979 4855 1096 4929 potest,
1111 4842 1166 4930 qui
1185 4837 1262 4904 nihil
1279 4838 1382 4904 facere
1394 4852 1511 4927 potest,
1533 4836 1594 4900 nisi
1608 4833 1696 4924 quod
1714 4832 1756 4897 ab
1772 4855 1813 4898 eo

208 4961 211 4968 =
235 4950 282 4993 err
322 4952 422 4994 onum
439 4947 498 4996 est.

248 5179 253 5207 ¹
264 5175 325 5227 llale
337 5178 362 5228 lu
374 5181 446 5230 edltis
457 5179 482 5229 si
493 5191 539 5242 pro
549 5181 581 5229 ei.

331 5290 356 5328 u
