4559 6100
751 509 1008 584 rasonocu
1041 510 1318 587 caarmnus.
1757 476 1831 586 aas

231 676 286 735 est
301 663 391 761 ipsa.
406 659 534 750 Quod¹
546 656 745 732 similitudo
758 659 816 732 vel
832 659 1014 759 oppositio
1031 659 1078 732 ab
1095 684 1139 733 ea
1158 685 1197 734 re
1213 661 1316 757 cujus
1329 658 1458 732 relatio
1471 650 1604 734 dicitnr
1621 660 1762 736 diversa
1774 687 1833 737 es-

231 780 427 854 sentialiter
440 765 501 873 sit,
517 803 601 851 cnm
618 780 695 877 ipsa
713 803 836 852 rursus
851 777 1049 851 similitudo
1065 778 1190 857 similis
1205 780 1263 870 sit,
1284 792 1319 850 et
1341 777 1420 877 ipsa
1442 781 1624 877 oppositio
1649 782 1830 880 opposita,

231 901 312 997 quis
328 924 511 975 summum
527 896 713 971 infinitatis
728 899 988 973 inconveniens
1003 899 1115 973 vitare
1124 898 1382 972 rationabiliter
1396 899 1539 997 poterit,
1557 923 1643 971 cum
1659 899 1779 975 nullus
1793 903 1832 977 in

231 1033 361 1093 natura
375 1044 496 1093 rerum
514 1017 689 1095 terminus
705 1031 871 1092 occurrat
888 1045 897 1089 ε
916 1018 965 1092 ita
981 1032 1022 1091 ut
1040 1042 1107 1090 nec
1124 1023 1203 1090 Deo
1221 1041 1394 1090 numerus
1411 1018 1488 1116 ipse
1512 1040 1635 1091 rernm
1663 1017 1833 1095 delinitus

231 1137 289 1229 sit,
307 1140 371 1236 qui
394 1139 433 1210 in
458 1162 579 1209 rerum
606 1151 734 1210 natura
756 1135 925 1210 definitus
948 1161 1025 1210 non
1049 1136 1223 1226 subsistit,
1251 1136 1316 1210 ubi
1337 1136 1485 1235 quidem
1510 1137 1632 1210 nullus
1660 1140 1835 1213 terminus

231 1259 413 1330 occurnt?
430 1257 527 1346 Quid
544 1258 642 1329 enirn
658 1257 899 1348 ridiculosius,
917 1270 957 1329 ut
973 1280 1058 1329 cnm
1073 1256 1203 1354 aliquis
1216 1256 1329 1329 modo
1343 1256 1518 1349 nascitur,
1538 1258 1598 1329 cui
1614 1255 1739 1330 emilis
1756 1258 1834 1331 elii·

232 1376 324 1470 cior,
342 1391 493 1478 propter
516 1376 620 1451 illum
643 1377 808 1476 quedam
825 1400 883 1450 res
905 1401 1002 1451 nova
1022 1376 1112 1451 mibi
1135 1377 1356 1470 innascatur,
1375 1400 1487 1475 quam
1509 1400 1593 1449 cnm
1610 1377 1670 1451 ille
1690 1378 1835 1478 perierit

230 1521 375 1571 necesse
386 1497 432 1573 sit
450 1497 639 1598 deperire?

282 1621 478 1691 Personam
494 1618 615 1717 itaque
630 1617 701 1692 hoc
716 1618 801 1695 loco
816 1615 996 1692 diversam
1021 1616 1068 1690 ab
1091 1616 1203 1690 altera
1225 1617 1392 1709 dicimus,
1420 1641 1465 1690 eo
1493 1616 1594 1715 quod
1618 1616 1835 1697 diffinitione

230 1734 279 1808 ab
298 1760 342 1809 ea
363 1737 599 1835 disjungatur,
622 1737 696 1811 boc
721 1753 775 1811 est
798 1737 1028 1837 proprietatis
1051 1762 1123 1809 suae
1150 1737 1406 1835 singularitate,
1437 1752 1478 1810 ut
1505 1735 1672 1811 videlicet
1694 1739 1766 1813 hnc
1789 1743 1835 1815 sit

230 1854 338 1954 hujus
349 1859 540 1956 proprium
556 1857 660 1957 quod
675 1882 751 1931 non
764 1858 808 1930 sit
818 1857 913 1930 illius
926 1846 1129 1956 proprium.
1146 1861 1233 1947 Quae
1243 1857 1391 1956 quidem
1403 1858 1553 1958 propria
1571 1858 1735 1957 superius
1749 1876 1834 1934 sunt

230 1974 407 2050 distincta.
429 1981 474 2050 Et
488 1979 537 2051 ita
562 1982 704 2052 Patere
722 1976 812 2050 Filio
829 1977 1048 2077 proprietate
1070 1977 1146 2050 sive
1170 1976 1387 2051 diffinitione
1409 1977 1572 2050 diversus
1597 1992 1663 2069 est,
1693 1978 1767 2053 hoc
1782 1993 1836 2056 est

230 2093 342 2186 alins3
361 2111 398 2169 et
413 2097 575 2171 similiter
590 2112 741 2196 uterque
757 2122 779 2170 a
795 2097 929 2195 Spiritu
941 2110 1081 2170 sancto.
1098 2096 1295 2186 Quomodo
1313 2112 1434 2170 autem
1450 2096 1578 2171 beatus
1600 2100 1831 2195 Augustinus,

230 2215 299 2288 nisi
316 2215 412 2290 hanc
428 2216 670 2291 diversitatem
689 2219 918 2317 propriorum
937 2219 1012 2290 sive
1029 2217 1288 2291 diffinitionum
1306 2217 1519 2308 attenderet,
1549 2219 1753 2316 quomodo,
1780 2224 1835 2294 in·

229 2358 359 2432 qm,
383 2336 528 2411 dixisset
545 2338 582 2409 in
596 2342 660 2409 Vll
677 2335 721 2408 de
739 2339 934 2426 trinitate,
953 2350 1118 2436 utsupra
1137 2362 1286 2436 quoque
1303 2337 1535 2410 meminimus
1555 2364 1564 2409 ε
1588 2368 1606 2405 α
1621 2340 1720 2427 Quid
1735 2341 1833 2414 aliud

229 2469 284 2526 est
295 2458 375 2527 Deo
392 2480 482 2546 esse,
501 2456 600 2530 aliud
619 2462 760 2530 Patrem
782 2481 859 2529 esse
873 2455 888 2526 i
904 2484 924 2525 u
941 2480 1025 2529 cum
1042 2456 1209 2530 videlicet
1225 2457 1323 2530 idem
1337 2481 1492 2530 numero
1508 2459 1554 2530 sit
1570 2458 1607 2529 in
1619 2462 1698 2532 Deo
1714 2460 1833 2559 ipsum

229 2596 296 2645 ens
314 2588 350 2646 et
367 2574 494 2647 Pater?
516 2576 627 2665 Quod
643 2576 673 2649 si
689 2577 892 2675 expressius
910 2577 1082 2675 prosequi
1101 2576 1252 2649 velimus
1276 2574 1366 2674 quid
1387 2590 1492 2649 sonet
1514 2600 1669 2675 persona
1685 2579 1723 2650 in
1739 2583 1831 2675 Deo,

230 2693 456 2767 tantumdem
472 2695 579 2787 valet,
598 2710 774 2795 quantum
792 2696 822 2768 si
837 2696 1014 2786 dicamus,
1039 2720 1123 2769 eum
1139 2720 1219 2769 esse
1238 2696 1293 2769 vel
1320 2701 1480 2790 Patrem,
1506 2694 1580 2770 hoc
1603 2712 1657 2771 est
1673 2698 1834 2773 divinam

228 2814 430 2912 potentiam
447 2830 699 2913 generantem
718 2815 774 2888 vel
793 2815 935 2910 Filium,
955 2814 1029 2889 hoc
1052 2830 1106 2888 est
1126 2815 1290 2891 divinam
1314 2816 1534 2914 Sapientiam
1554 2821 1752 2913 sumtam¹3
1776 2820 1834 2893 vel

230 2932 402 3031 Spiritum
419 2951 598 3029 sanctum,
617 2934 689 3007 boc
711 2947 766 3007 est
787 2934 917 3008 didnae
938 2934 1171 3033 benignitatis
1187 2959 1413 3034 processum.
1442 2939 1489 3008 Et
1510 2939 1629 3009 Deum
1657 2961 1735 3011 esse
1762 2955 1834 3014 tres

229 3077 402 3151 personas
420 3054 645 3129 tantumdem
661 3054 768 3147 valet,
797 3079 840 3128 ac
855 3057 886 3128 si
903 3053 1066 3128 dicamus
1088 3080 1174 3128 eum
1201 3079 1279 3129 esse
1297 3059 1438 3128 Patrem
1463 3055 1569 3128 simul
1592 3072 1629 3130 et
1649 3059 1779 3132 Filium
1799 3075 1835 3135 et

229 3171 402 3269 Spiritum
427 3173 693 3247 sanctum.Tale
716 3187 771 3246 est
795 3174 904 3246 etiam
928 3178 1070 3246 Patrem
1095 3190 1131 3247 et
1160 3175 1287 3246 Filium
1311 3188 1346 3246 et
1368 3174 1542 3273 Spiritum
1566 3191 1732 3249 sanctum
1758 3204 1836 3254 esse

228 3305 301 3364 tres
313 3316 484 3391 personas
501 3292 548 3365 ab
566 3294 723 3366 invicem
739 3291 923 3386 discretas,
941 3307 1129 3391 tamquam
1147 3294 1178 3366 si
1197 3294 1363 3367 dicamus
1377 3308 1448 3366 tres
1463 3318 1637 3393 personas
1652 3320 1695 3368 ex
1714 3297 1834 3372 diver-

229 3412 330 3485 sitate
348 3413 613 3512 proprietatum
634 3436 782 3485 suarum
809 3414 858 3485 ita
882 3411 928 3484 ab
952 3413 1110 3486 invicem
1133 3438 1201 3514 per
1225 3412 1518 3512 predicationem
1547 3414 1764 3512 disjunctas,
1793 3433 1835 3491 ut

228 3531 328 3603 nulla
343 3555 468 3605 earum
492 3532 672 3622 sit'altera,
692 3556 811 3630 neque
828 3532 962 3605 scilicet
980 3536 1083 3604 Pater
1098 3533 1143 3604 sit
1158 3531 1266 3604 Filius
1283 3546 1346 3605 aut
1363 3532 1516 3631 Spiritus
1531 3549 1694 3626 sanctus,
1715 3561 1836 3635 neque

228 3651 337 3724 Filius
354 3653 408 3724 sit
429 3653 581 3751 Spiritus
604 3666 761 3725 sanctus.
780 3656 835 3724 De
859 3675 931 3749 qua
957 3650 1105 3750 quidem
1130 3650 1396 3753 predicationis
1418 3654 1583 3727 oratione
1598 3654 1705 3753 plene
1728 3656 1835 3731 nobis

227 3770 478 3843 disserendum
495 3772 532 3842 in
549 3770 783 3868 sequentibus
798 3771 879 3844 erit.
899 3775 943 3844 Et
963 3771 1116 3844 sortasse
1136 3796 1221 3852 cum
1248 3770 1402 3843 dicimus
1422 3771 1460 3843 in
1480 3776 1559 3846 Deo
1576 3800 1749 3874 personas
1770 3776 1834 3849 di-

229 3914 363 3983 versas,
382 3892 433 3964 ita
449 3890 584 3966 scilicet
601 3905 642 3963 ut
659 3916 734 3963 non
751 3891 872 3964 solum
888 3893 960 3964 siut
977 3889 1195 3964 diffinitione
1212 3887 1375 3982 diversae,
1395 3916 1522 3964 verum
1538 3893 1647 3966 etiam
1662 3894 1835 3993 praedica·

229 4010 327 4083 tione
341 4009 388 4083 ab
404 4011 560 4084 invicem
577 4010 776 4109 disjuncte,
795 4035 880 4084 cum
897 4010 974 4084 haec
989 4033 1065 4083 non
1082 4012 1128 4083 sit
1143 4010 1217 4103 illa,
1234 4035 1310 4082 non
1327 4023 1380 4083 est
1394 4036 1537 4086 necesse
1554 4027 1595 4085 ut
1608 4012 1682 4087 hoc
1697 4040 1832 4089 nomen

231 4129 457 4204 «diversum
477 4159 495 4200 u
528 4156 594 4231 per
624 4156 663 4204 se
690 4130 788 4203 banc
816 4129 1114 4228 significationem
1140 4144 1264 4226 gerat,
1293 4129 1357 4202 sed
1383 4156 1426 4203 cx
1454 4132 1626 4229 adjuncto
1658 4134 1759 4232 quod
1781 4149 1835 4209 est

113 4255 119 4266 '
230 4273 385 4348 persona
409 4250 448 4323 id
464 4250 668 4324 contrahat.
693 4255 851 4324 Persona
871 4253 992 4347 itaque
1014 4248 1087 4322 boc
1114 4245 1249 4322 nomen
1267 4274 1353 4322 cum
1376 4251 1414 4323 in
1432 4250 1619 4326 divinitate
1637 4255 1833 4353 profertur,

229 4382 267 4441 et
286 4370 515 4444 tantumdem
535 4383 653 4463 sonat,
679 4384 858 4468 quantum
877 4370 908 4442 si
928 4368 995 4443 sub
1012 4368 1257 4465 disjunctione
1274 4368 1468 4465 diceretur,
1489 4400 1507 4440 s
1525 4375 1623 4444 Deu's
1640 4365 1756 4465 Pater,
1776 4375 1834 4447 vel

229 4490 328 4559 Deus
357 4490 487 4580 Filius,
518 4489 574 4563 vel
607 4494 706 4562 Deus
735 4491 887 4589 Spiritus
916 4501 1080 4580 sanctus;
1107 4517 1125 4556 u
1153 4487 1429 4585 quodammodo
1443 4487 1529 4562 non
1553 4491 1835 4567 substantialiter

230 4605 296 4679 sed
318 4606 464 4681 relative
489 4608 636 4700 dicitur,
663 4634 812 4683 cumea
836 4609 1000 4682 videlicet
1021 4633 1101 4706 qnae
1126 4607 1273 4681 relative
1297 4607 1476 4701 dicantur,
1500 4607 1568 4683 sub
1594 4612 1836 4709 disjunctione

230 4723 391 4820 denotet,
410 4729 550 4800 Patrem
567 4728 714 4820 scilicet,
738 4728 866 4801 Filium
883 4742 920 4800 et
937 4727 1110 4829 Spiritum
1126 4741 1305 4819 sanctum,
1327 4729 1491 4825 quamvis
1510 4731 1548 4803 in
1564 4735 1838 4805 constructione

230 4870 310 4920 non
324 4845 458 4922 haben
469 4847 517 4921 ad
535 4848 637 4946 quod
649 4848 795 4922 relative
809 4846 961 4920 dicatur.
980 4845 1148 4946 Alioquin
1167 4871 1251 4920 cum
1270 4872 1443 4946 personas
1455 4849 1639 4949 pluraliter
1654 4852 1832 4946 dicamus,

265 5124 272 5154 ¹
282 5120 326 5174 Vel
337 5124 422 5187 nodus
435 5122 508 5175 Cum·
516 5149 545 5160 -
554 5121 611 5174 ’Sic
622 5124 648 5174 lu
659 5122 731 5173 editis
743 5130 770 5173 st
780 5123 806 5172 ln
817 5122 912 5172 codice.
924 5120 1065 5182 legendum
1077 5121 1174 5171 videtur
1185 5121 1308 5184 omium.
