<?xml version="1.0" encoding="UTF-8"?>
<!DOCTYPE html PUBLIC "-//W3C//DTD XHTML 1.0 Transitional//EN"
    "http://www.w3.org/TR/xhtml1/DTD/xhtml1-transitional.dtd">
<html xmlns="http://www.w3.org/1999/xhtml" xml:lang="en" lang="en">
 <head>
  <title>
</title>
<meta http-equiv="Content-Type" content="text/html;charset=utf-8" />
  <meta name='ocr-system' content='tesseract 3.04.00' />
  <meta name='ocr-capabilities' content='ocr_page ocr_carea ocr_par ocr_line ocrx_word'/>
</head>
<body>
  <div class='ocr_page' id='page_1' title='image "./petriablardiope00despgoog_0834.png"; bbox 0 0 4559 6100; ppageno 0'>
   <div class='ocr_carea' id='block_1_1' title="bbox 464 452 1458 536">
    <p class='ocr_par' dir='ltr' id='par_1_1' title="bbox 464 452 1458 536">
     <span class='ocr_line' id='line_1_1' title="bbox 464 452 1458 536; baseline -0.008 -2"><span class='ocrx_word' id='word_1_1' title='bbox 464 459 537 536; x_wconf 80' lang='lat'>736</span> <span class='ocrx_word' id='word_1_2' title='bbox 1067 457 1195 531; x_wconf 69' lang='lat' dir='ltr'>Putat</span> <span class='ocrx_word' id='word_1_3' title='bbox 1222 452 1458 528; x_wconf 77' lang='lat' dir='ltr'>ABAELAllDl</span> 
     </span>
    </p>
   </div>
   <div class='ocr_carea' id='block_1_2' title="bbox 464 602 2096 4164">
    <p class='ocr_par' dir='ltr' id='par_1_2' title="bbox 464 602 2096 4164">
     <span class='ocr_line' id='line_1_2' title="bbox 464 602 2082 704; baseline -0.001 -21"><span class='ocrx_word' id='word_1_4' title='bbox 464 607 629 684; x_wconf 84' lang='lat' dir='ltr'>ridemus</span> <span class='ocrx_word' id='word_1_5' title='bbox 653 606 849 704; x_wconf 87' lang='lat' dir='ltr'>intelligere</span> <span class='ocrx_word' id='word_1_6' title='bbox 873 629 1106 680; x_wconf 79' lang='lat' dir='ltr'><strong>cessaremus.</strong></span> <span class='ocrx_word' id='word_1_7' title='bbox 1132 605 1203 680; x_wconf 90' lang='lat' dir='ltr'>Sed</span> <span class='ocrx_word' id='word_1_8' title='bbox 1222 620 1259 679; x_wconf 90' lang='lat' dir='ltr'>et</span> <span class='ocrx_word' id='word_1_9' title='bbox 1284 629 1368 677; x_wconf 93' lang='lat' dir='ltr'>cum</span> <span class='ocrx_word' id='word_1_10' title='bbox 1384 602 1430 676; x_wconf 91' lang='lat' dir='ltr'>de</span> <span class='ocrx_word' id='word_1_11' title='bbox 1446 602 1574 676; x_wconf 89' lang='lat' dir='ltr'>eadem</span> <span class='ocrx_word' id='word_1_12' title='bbox 1597 626 1637 676; x_wconf 90' lang='lat' dir='ltr'>re</span> <span class='ocrx_word' id='word_1_13' title='bbox 1659 627 1784 678; x_wconf 89' lang='lat' dir='ltr'>sensus</span> <span class='ocrx_word' id='word_1_14' title='bbox 1806 620 1843 678; x_wconf 91' lang='lat' dir='ltr'>et</span> <span class='ocrx_word' id='word_1_15' title='bbox 1865 607 2082 682; x_wconf 83' lang='lat' dir='ltr'>intellectus</span> 
     </span>
     <span class='ocr_line' id='line_1_3' title="bbox 464 722 2078 827; baseline 0.001 -26"><span class='ocrx_word' id='word_1_16' title='bbox 464 729 570 801; x_wconf 88' lang='lat' dir='ltr'>simul</span> <span class='ocrx_word' id='word_1_17' title='bbox 592 726 794 817; x_wconf 90' lang='lat' dir='ltr'>habentur,</span> <span class='ocrx_word' id='word_1_18' title='bbox 817 725 961 799; x_wconf 86' lang='lat' dir='ltr'>diversa</span> <span class='ocrx_word' id='word_1_19' title='bbox 978 740 1089 823; x_wconf 91' lang='lat' dir='ltr'>agunt</span> <span class='ocrx_word' id='word_1_20' title='bbox 1112 727 1149 799; x_wconf 93' lang='lat' dir='ltr'>in</span> <span class='ocrx_word' id='word_1_21' title='bbox 1174 726 1264 825; x_wconf 89' lang='lat' dir='ltr'>ipsa,</span> <span class='ocrx_word' id='word_1_22' title='bbox 1291 749 1374 798; x_wconf 89' lang='lat' dir='ltr'>curn</span> <span class='ocrx_word' id='word_1_23' title='bbox 1401 722 1529 820; x_wconf 90' lang='lat' dir='ltr'>longe,</span> <span class='ocrx_word' id='word_1_24' title='bbox 1555 738 1596 796; x_wconf 90' lang='lat' dir='ltr'>ut</span> <span class='ocrx_word' id='word_1_25' title='bbox 1617 749 1662 797; x_wconf 86' lang='lat' dir='ltr'>ex</span> <span class='ocrx_word' id='word_1_26' title='bbox 1679 726 1913 825; x_wconf 79' lang='lat' dir='ltr'>suprapositis</span> <span class='ocrx_word' id='word_1_27' title='bbox 1937 727 2078 827; x_wconf 90' lang='lat' dir='ltr'>liquet,</span> 
     </span>
     <span class='ocr_line' id='line_1_4' title="bbox 464 841 2081 943; baseline -0.001 -22"><span class='ocrx_word' id='word_1_28' title='bbox 464 849 570 922; x_wconf 90' lang='lat' dir='ltr'>actio.</span> <span class='ocrx_word' id='word_1_29' title='bbox 584 846 761 920; x_wconf 88' lang='lat' dir='ltr'>sentiendi</span> <span class='ocrx_word' id='word_1_30' title='bbox 778 860 815 918; x_wconf 90' lang='lat' dir='ltr'>et</span> <span class='ocrx_word' id='word_1_31' title='bbox 829 844 1050 943; x_wconf 90' lang='lat' dir='ltr'>intelligendi</span> <span class='ocrx_word' id='word_1_32' title='bbox 1069 847 1140 921; x_wconf 88' lang='lat' dir='ltr'>sint</span> <span class='ocrx_word' id='word_1_33' title='bbox 1163 845 1324 934; x_wconf 85' lang='lat' dir='ltr'>diversae,</span> <span class='ocrx_word' id='word_1_34' title='bbox 1352 868 1436 916; x_wconf 91' lang='lat' dir='ltr'>cum</span> <span class='ocrx_word' id='word_1_35' title='bbox 1459 841 1535 915; x_wconf 78' lang='lat' dir='ltr'>baec</span> <span class='ocrx_word' id='word_1_36' title='bbox 1558 843 1724 918; x_wconf 83' lang='lat' dir='ltr'>videlicet</span> <span class='ocrx_word' id='word_1_37' title='bbox 1744 845 1781 916; x_wconf 90' lang='lat' dir='ltr'>in</span> <span class='ocrx_word' id='word_1_38' title='bbox 1808 844 2081 920; x_wconf 83' lang='lat' dir='ltr'>deliberatione</span> 
     </span>
     <span class='ocr_line' id='line_1_5' title="bbox 465 961 2078 1061; baseline -0.002 -21"><span class='ocrx_word' id='word_1_39' title='bbox 465 969 531 1059; x_wconf 87' lang='lat' dir='ltr'>sit,</span> <span class='ocrx_word' id='word_1_40' title='bbox 551 966 610 1039; x_wconf 90' lang='lat' dir='ltr'>illa</span> <span class='ocrx_word' id='word_1_41' title='bbox 628 966 790 1038; x_wconf 88' lang='lat' dir='ltr'>minime.</span> <span class='ocrx_word' id='word_1_42' title='bbox 810 962 879 1038; x_wconf 86' lang='lat' dir='ltr'>Sed</span> <span class='ocrx_word' id='word_1_43' title='bbox 897 979 932 1037; x_wconf 90' lang='lat' dir='ltr'>et</span> <span class='ocrx_word' id='word_1_44' title='bbox 949 965 1079 1037; x_wconf 88' lang='lat' dir='ltr'>diversi</span> <span class='ocrx_word' id='word_1_45' title='bbox 1100 990 1241 1054; x_wconf 89' lang='lat' dir='ltr'>sensus,</span> <span class='ocrx_word' id='word_1_46' title='bbox 1261 988 1346 1035; x_wconf 91' lang='lat' dir='ltr'>cum</span> <span class='ocrx_word' id='word_1_47' title='bbox 1362 964 1400 1035; x_wconf 92' lang='lat' dir='ltr'>iu</span> <span class='ocrx_word' id='word_1_48' title='bbox 1423 961 1551 1036; x_wconf 89' lang='lat' dir='ltr'>eadem</span> <span class='ocrx_word' id='word_1_49' title='bbox 1569 986 1609 1035; x_wconf 93' lang='lat' dir='ltr'>re</span> <span class='ocrx_word' id='word_1_50' title='bbox 1625 963 1731 1037; x_wconf 88' lang='lat' dir='ltr'>simul</span> <span class='ocrx_word' id='word_1_51' title='bbox 1754 979 1886 1061; x_wconf 90' lang='lat' dir='ltr'>agunt,</span> <span class='ocrx_word' id='word_1_52' title='bbox 1907 964 2022 1038; x_wconf 85' lang='lat' dir='ltr'>veluti</span> <span class='ocrx_word' id='word_1_53' title='bbox 2044 967 2078 1037; x_wconf 88' lang='lat' dir='ltr'>si</span> 
     </span>
     <span class='ocr_line' id='line_1_6' title="bbox 466 1079 2077 1182; baseline 0.001 -24"><span class='ocrx_word' id='word_1_54' title='bbox 466 1079 571 1158; x_wconf 92' lang='lat' dir='ltr'>simul</span> <span class='ocrx_word' id='word_1_55' title='bbox 608 1099 728 1182; x_wconf 92' lang='lat' dir='ltr'>tangat</span> <span class='ocrx_word' id='word_1_56' title='bbox 754 1083 892 1179; x_wconf 89' lang='lat' dir='ltr'>lignum</span> <span class='ocrx_word' id='word_1_57' title='bbox 920 1083 1116 1179; x_wconf 78' lang='lat' dir='ltr'>strideat,</span> <span class='ocrx_word' id='word_1_58' title='bbox 1146 1107 1169 1156; x_wconf 91' lang='lat' dir='ltr'>a</span> <span class='ocrx_word' id='word_1_59' title='bbox 1197 1080 1477 1182; x_wconf 89' lang='lat' dir='ltr'>proprietatibus</span> <span class='ocrx_word' id='word_1_60' title='bbox 1500 1082 1573 1155; x_wconf 88' lang='lat' dir='ltr'>suis</span> <span class='ocrx_word' id='word_1_61' title='bbox 1597 1108 1672 1156; x_wconf 93' lang='lat' dir='ltr'>non</span> <span class='ocrx_word' id='word_1_62' title='bbox 1699 1083 1891 1175; x_wconf 84' lang='lat' dir='ltr'>excidunt;</span> <span class='ocrx_word' id='word_1_63' title='bbox 1918 1084 2077 1159; x_wconf 77' lang='lat' dir='ltr'>diversis</span> 
     </span>
     <span class='ocr_line' id='line_1_7' title="bbox 466 1201 2072 1302; baseline -0.001 -25"><span class='ocrx_word' id='word_1_64' title='bbox 466 1204 632 1278; x_wconf 90' lang='lat' dir='ltr'>eamdem</span> <span class='ocrx_word' id='word_1_65' title='bbox 655 1228 731 1276; x_wconf 91' lang='lat' dir='ltr'>rem</span> <span class='ocrx_word' id='word_1_66' title='bbox 753 1203 991 1302; x_wconf 78' lang='lat' dir='ltr'>percipientes</span> <span class='ocrx_word' id='word_1_67' title='bbox 1015 1201 1154 1291; x_wconf 91' lang='lat' dir='ltr'>modis;</span> <span class='ocrx_word' id='word_1_68' title='bbox 1180 1202 1277 1276; x_wconf 92' lang='lat' dir='ltr'>unde</span> <span class='ocrx_word' id='word_1_69' title='bbox 1293 1217 1329 1275; x_wconf 91' lang='lat' dir='ltr'>et</span> <span class='ocrx_word' id='word_1_70' title='bbox 1345 1217 1498 1301; x_wconf 88' lang='lat' dir='ltr'>uterque</span> <span class='ocrx_word' id='word_1_71' title='bbox 1515 1203 1595 1274; x_wconf 89' lang='lat' dir='ltr'>sine</span> <span class='ocrx_word' id='word_1_72' title='bbox 1611 1202 1725 1276; x_wconf 90' lang='lat' dir='ltr'>altero</span> <span class='ocrx_word' id='word_1_73' title='bbox 1749 1203 1855 1302; x_wconf 90' lang='lat' dir='ltr'>plene</span> <span class='ocrx_word' id='word_1_74' title='bbox 1876 1205 2072 1277; x_wconf 82' lang='lat' dir='ltr'>retinetur.</span> 
     </span>
     <span class='ocr_line' id='line_1_8' title="bbox 467 1321 2074 1421; baseline 0 -25"><span class='ocrx_word' id='word_1_75' title='bbox 467 1324 525 1396; x_wconf 91' lang='lat' dir='ltr'>Sic</span> <span class='ocrx_word' id='word_1_76' title='bbox 550 1325 658 1396; x_wconf 91' lang='lat' dir='ltr'>etiam</span> <span class='ocrx_word' id='word_1_77' title='bbox 679 1321 877 1395; x_wconf 90' lang='lat' dir='ltr'>intellectus</span> <span class='ocrx_word' id='word_1_78' title='bbox 899 1322 975 1394; x_wconf 90' lang='lat' dir='ltr'>sine</span> <span class='ocrx_word' id='word_1_79' title='bbox 1000 1348 1108 1395; x_wconf 92' lang='lat' dir='ltr'>sensu</span> <span class='ocrx_word' id='word_1_80' title='bbox 1125 1322 1188 1418; x_wconf 92' lang='lat' dir='ltr'>qui</span> <span class='ocrx_word' id='word_1_81' title='bbox 1208 1346 1293 1394; x_wconf 91' lang='lat' dir='ltr'>cum</span> <span class='ocrx_word' id='word_1_82' title='bbox 1321 1346 1367 1394; x_wconf 89' lang='lat' dir='ltr'>eo</span> <span class='ocrx_word' id='word_1_83' title='bbox 1389 1335 1485 1412; x_wconf 89' lang='lat' dir='ltr'>erat,</span> <span class='ocrx_word' id='word_1_84' title='bbox 1510 1321 1662 1394; x_wconf 90' lang='lat' dir='ltr'>omnino</span> <span class='ocrx_word' id='word_1_85' title='bbox 1682 1323 1820 1421; x_wconf 87' lang='lat' dir='ltr'>integer</span> <span class='ocrx_word' id='word_1_86' title='bbox 1839 1323 2074 1421; x_wconf 89' lang='lat' dir='ltr'>permanebit</span> 
     </span>
     <span class='ocr_line' id='line_1_9' title="bbox 468 1439 2075 1540; baseline 0.001 -26"><span class='ocrx_word' id='word_1_87' title='bbox 468 1445 505 1514; x_wconf 93' lang='lat' dir='ltr'>in</span> <span class='ocrx_word' id='word_1_88' title='bbox 523 1442 649 1514; x_wconf 90' lang='lat' dir='ltr'>eadem</span> <span class='ocrx_word' id='word_1_89' title='bbox 671 1440 803 1514; x_wconf 90' lang='lat' dir='ltr'>scilicet</span> <span class='ocrx_word' id='word_1_90' title='bbox 825 1441 876 1512; x_wconf 89' lang='lat' dir='ltr'>rei</span> <span class='ocrx_word' id='word_1_91' title='bbox 894 1440 1154 1513; x_wconf 81' lang='lat' dir='ltr'>deliberatione</span> <span class='ocrx_word' id='word_1_92' title='bbox 1170 1464 1249 1536; x_wconf 88' lang='lat' dir='ltr'>quae</span> <span class='ocrx_word' id='word_1_93' title='bbox 1270 1454 1374 1513; x_wconf 90' lang='lat' dir='ltr'>antea</span> <span class='ocrx_word' id='word_1_94' title='bbox 1390 1456 1479 1514; x_wconf 84' lang='lat' dir='ltr'>erat.</span> <span class='ocrx_word' id='word_1_95' title='bbox 1498 1439 1607 1529; x_wconf 92' lang='lat' dir='ltr'>Quod</span> <span class='ocrx_word' id='word_1_96' title='bbox 1629 1465 1716 1515; x_wconf 84' lang='lat' dir='ltr'>vero</span> <span class='ocrx_word' id='word_1_97' title='bbox 1739 1467 1824 1515; x_wconf 93' lang='lat' dir='ltr'>cum</span> <span class='ocrx_word' id='word_1_98' title='bbox 1845 1443 2075 1540; x_wconf 91' lang='lat' dir='ltr'>imaginatio-</span> 
     </span>
     <span class='ocr_line' id='line_1_10' title="bbox 468 1559 2075 1659; baseline 0.001 -26"><span class='ocrx_word' id='word_1_99' title='bbox 468 1586 552 1633; x_wconf 87' lang='lat' dir='ltr'>nem</span> <span class='ocrx_word' id='word_1_100' title='bbox 575 1560 821 1643; x_wconf 85' lang='lat' dir='ltr'>describemus</span> <span class='ocrx_word' id='word_1_101' title='bbox 850 1560 1076 1659; x_wconf 90' lang='lat' dir='ltr'>suppositum</span> <span class='ocrx_word' id='word_1_102' title='bbox 1101 1561 1179 1632; x_wconf 89' lang='lat' dir='ltr'>sine</span> <span class='ocrx_word' id='word_1_103' title='bbox 1206 1584 1333 1653; x_wconf 91' lang='lat' dir='ltr'>sensu,</span> <span class='ocrx_word' id='word_1_104' title='bbox 1358 1559 1406 1633; x_wconf 91' lang='lat' dir='ltr'>ad</span> <span class='ocrx_word' id='word_1_105' title='bbox 1429 1559 1502 1633; x_wconf 90' lang='lat' dir='ltr'>hoc</span> <span class='ocrx_word' id='word_1_106' title='bbox 1527 1572 1664 1659; x_wconf 86' lang='lat' dir='ltr'>spectat</span> <span class='ocrx_word' id='word_1_107' title='bbox 1688 1559 1810 1659; x_wconf 91' lang='lat' dir='ltr'>quod,</span> <span class='ocrx_word' id='word_1_108' title='bbox 1835 1585 1919 1634; x_wconf 91' lang='lat' dir='ltr'>cum</span> <span class='ocrx_word' id='word_1_109' title='bbox 1941 1586 2075 1635; x_wconf 87' lang='lat' dir='ltr'>seusus</span> 
     </span>
     <span class='ocr_line' id='line_1_11' title="bbox 468 1678 2073 1780; baseline 0 -27"><span class='ocrx_word' id='word_1_110' title='bbox 468 1705 614 1780; x_wconf 91' lang='lat' dir='ltr'>quoque</span> <span class='ocrx_word' id='word_1_111' title='bbox 631 1681 783 1753; x_wconf 83' lang='lat' dir='ltr'>confusa</span> <span class='ocrx_word' id='word_1_112' title='bbox 801 1681 846 1752; x_wconf 93' lang='lat' dir='ltr'>sit</span> <span class='ocrx_word' id='word_1_113' title='bbox 869 1681 997 1752; x_wconf 86' lang='lat' dir='ltr'>animae</span> <span class='ocrx_word' id='word_1_114' title='bbox 1014 1680 1218 1779; x_wconf 86' lang='lat' dir='ltr'>perceptio,</span> <span class='ocrx_word' id='word_1_115' title='bbox 1239 1679 1329 1751; x_wconf 90' lang='lat' dir='ltr'>nibil</span> <span class='ocrx_word' id='word_1_116' title='bbox 1348 1678 1514 1753; x_wconf 87' lang='lat' dir='ltr'>videlicet</span> <span class='ocrx_word' id='word_1_117' title='bbox 1535 1704 1578 1752; x_wconf 82' lang='lat' dir='ltr'>ex</span> <span class='ocrx_word' id='word_1_118' title='bbox 1600 1680 1740 1753; x_wconf 86' lang='lat' dir='ltr'>ratione</span> <span class='ocrx_word' id='word_1_119' title='bbox 1760 1678 1984 1777; x_wconf 71' lang='lat' dir='ltr'>dijudicans,</span> <span class='ocrx_word' id='word_1_120' title='bbox 2004 1704 2073 1754; x_wconf 89' lang='lat' dir='ltr'>ne·</span> 
     </span>
     <span class='ocr_line' id='line_1_12' title="bbox 468 1797 2073 1899; baseline -0.001 -25"><span class='ocrx_word' id='word_1_121' title='bbox 468 1826 566 1874; x_wconf 88' lang='lat' dir='ltr'>cesse</span> <span class='ocrx_word' id='word_1_122' title='bbox 583 1813 660 1872; x_wconf 90' lang='lat' dir='ltr'>erat</span> <span class='ocrx_word' id='word_1_123' title='bbox 678 1797 726 1872; x_wconf 90' lang='lat' dir='ltr'>ad</span> <span class='ocrx_word' id='word_1_124' title='bbox 747 1799 992 1873; x_wconf 83' lang='lat' dir='ltr'>exclusionem</span> <span class='ocrx_word' id='word_1_125' title='bbox 1013 1824 1139 1873; x_wconf 91' lang='lat' dir='ltr'>sensus</span> <span class='ocrx_word' id='word_1_126' title='bbox 1162 1797 1253 1871; x_wconf 91' lang='lat' dir='ltr'>illud</span> <span class='ocrx_word' id='word_1_127' title='bbox 1275 1799 1446 1899; x_wconf 87' lang='lat' dir='ltr'>supponi.</span> <span class='ocrx_word' id='word_1_128' title='bbox 1462 1798 1532 1871; x_wconf 91' lang='lat' dir='ltr'>Ubi</span> <span class='ocrx_word' id='word_1_129' title='bbox 1556 1799 1655 1871; x_wconf 89' lang='lat' dir='ltr'>enim</span> <span class='ocrx_word' id='word_1_130' title='bbox 1677 1823 1803 1872; x_wconf 89' lang='lat' dir='ltr'>sensus</span> <span class='ocrx_word' id='word_1_131' title='bbox 1824 1800 1917 1896; x_wconf 87' lang='lat' dir='ltr'>agit,</span> <span class='ocrx_word' id='word_1_132' title='bbox 1944 1801 2073 1899; x_wconf 89' lang='lat' dir='ltr'>imagi·</span> 
     </span>
     <span class='ocr_line' id='line_1_13' title="bbox 470 1916 2073 2018; baseline 0 -25"><span class='ocrx_word' id='word_1_133' title='bbox 470 1921 569 1993; x_wconf 90' lang='lat' dir='ltr'>natio</span> <span class='ocrx_word' id='word_1_134' title='bbox 599 1918 704 1991; x_wconf 89' lang='lat' dir='ltr'>simul</span> <span class='ocrx_word' id='word_1_135' title='bbox 730 1919 767 1991; x_wconf 92' lang='lat' dir='ltr'>in</span> <span class='ocrx_word' id='word_1_136' title='bbox 794 1920 913 2017; x_wconf 91' lang='lat' dir='ltr'>ipsum</span> <span class='ocrx_word' id='word_1_137' title='bbox 934 1944 1039 2015; x_wconf 89' lang='lat' dir='ltr'>agere</span> <span class='ocrx_word' id='word_1_138' title='bbox 1064 1944 1140 1992; x_wconf 93' lang='lat' dir='ltr'>non</span> <span class='ocrx_word' id='word_1_139' title='bbox 1170 1933 1310 2018; x_wconf 67' lang='lat' dir='ltr'>potest,</span> <span class='ocrx_word' id='word_1_140' title='bbox 1342 1919 1419 2013; x_wconf 88' lang='lat' dir='ltr'>sed,</span> <span class='ocrx_word' id='word_1_141' title='bbox 1447 1916 1663 1990; x_wconf 87' lang='lat' dir='ltr'>abscedente</span> <span class='ocrx_word' id='word_1_142' title='bbox 1697 1942 1824 2008; x_wconf 89' lang='lat' dir='ltr'>sensu,</span> <span class='ocrx_word' id='word_1_143' title='bbox 1851 1919 1973 1992; x_wconf 90' lang='lat' dir='ltr'>locum</span> <span class='ocrx_word' id='word_1_144' title='bbox 1994 1920 2073 2017; x_wconf 86' lang='lat' dir='ltr'>ejus</span> 
     </span>
     <span class='ocr_line' id='line_1_14' title="bbox 469 2037 2071 2138; baseline -0.001 -24"><span class='ocrx_word' id='word_1_145' title='bbox 469 2039 629 2138; x_wconf 87' lang='lat' dir='ltr'>supplet,</span> <span class='ocrx_word' id='word_1_146' title='bbox 663 2063 739 2111; x_wconf 91' lang='lat' dir='ltr'>non</span> <span class='ocrx_word' id='word_1_147' title='bbox 767 2037 915 2136; x_wconf 91' lang='lat' dir='ltr'>quidem</span> <span class='ocrx_word' id='word_1_148' title='bbox 942 2037 1154 2132; x_wconf 89' lang='lat' dir='ltr'>sentiendo,</span> <span class='ocrx_word' id='word_1_149' title='bbox 1183 2038 1248 2111; x_wconf 92' lang='lat' dir='ltr'>sed</span> <span class='ocrx_word' id='word_1_150' title='bbox 1276 2063 1355 2111; x_wconf 90' lang='lat' dir='ltr'>rem</span> <span class='ocrx_word' id='word_1_151' title='bbox 1379 2037 1566 2112; x_wconf 77' lang='lat' dir='ltr'>absentem</span> <span class='ocrx_word' id='word_1_152' title='bbox 1602 2037 1738 2135; x_wconf 90' lang='lat' dir='ltr'>absque</span> <span class='ocrx_word' id='word_1_153' title='bbox 1765 2038 1839 2111; x_wconf 93' lang='lat' dir='ltr'>ulla</span> <span class='ocrx_word' id='word_1_154' title='bbox 1863 2038 2071 2113; x_wconf 87' lang='lat' dir='ltr'>discernens</span> 
     </span>
     <span class='ocr_line' id='line_1_15' title="bbox 469 2156 2066 2258; baseline 0 -26"><span class='ocrx_word' id='word_1_155' title='bbox 469 2159 739 2256; x_wconf 89' lang='lat' dir='ltr'>dijudicatione,</span> <span class='ocrx_word' id='word_1_156' title='bbox 760 2159 850 2230; x_wconf 91' lang='lat' dir='ltr'>sicut</span> <span class='ocrx_word' id='word_1_157' title='bbox 872 2173 909 2232; x_wconf 86' lang='lat' dir='ltr'>et</span> <span class='ocrx_word' id='word_1_158' title='bbox 925 2161 1059 2252; x_wconf 71' lang='lat' dir='ltr'>[sensus</span> <span class='ocrx_word' id='word_1_159' title='bbox 1082 2159 1165 2232; x_wconf 84' lang='lat' dir='ltr'>iacit</span> <span class='ocrx_word' id='word_1_160' title='bbox 1181 2157 1436 2258; x_wconf 90' lang='lat' dir='ltr'>percipiendo,</span> <span class='ocrx_word' id='word_1_161' title='bbox 1457 2173 1495 2230; x_wconf 89' lang='lat' dir='ltr'>ut</span> <span class='ocrx_word' id='word_1_162' title='bbox 1512 2156 1587 2254; x_wconf 87' lang='lat' dir='ltr'>jam</span> <span class='ocrx_word' id='word_1_163' title='bbox 1609 2157 1692 2230; x_wconf 90' lang='lat' dir='ltr'>satis</span> <span class='ocrx_word' id='word_1_164' title='bbox 1714 2159 2066 2257; x_wconf 90' lang='lat' dir='ltr'>supermeminimus.</span> 
     </span>
     <span class='ocr_line' id='line_1_16' title="bbox 470 2276 2070 2377; baseline 0.001 -27"><span class='ocrx_word' id='word_1_165' title='bbox 470 2279 531 2350; x_wconf 84' lang='lat' dir='ltr'>Est</span> <span class='ocrx_word' id='word_1_166' title='bbox 549 2279 669 2376; x_wconf 90' lang='lat' dir='ltr'>itaque</span> <span class='ocrx_word' id='word_1_167' title='bbox 685 2277 892 2375; x_wconf 90' lang='lat' dir='ltr'>imaginatio</span> <span class='ocrx_word' id='word_1_168' title='bbox 905 2277 952 2350; x_wconf 91' lang='lat' dir='ltr'>de</span> <span class='ocrx_word' id='word_1_169' title='bbox 966 2303 1005 2350; x_wconf 92' lang='lat' dir='ltr'>re</span> <span class='ocrx_word' id='word_1_170' title='bbox 1020 2278 1166 2351; x_wconf 90' lang='lat' dir='ltr'>absente</span> <span class='ocrx_word' id='word_1_171' title='bbox 1179 2293 1331 2372; x_wconf 90' lang='lat' dir='ltr'>tantum,</span> <span class='ocrx_word' id='word_1_172' title='bbox 1351 2278 1452 2376; x_wconf 88' lang='lat' dir='ltr'>cujus</span> <span class='ocrx_word' id='word_1_173' title='bbox 1465 2276 1632 2350; x_wconf 82' lang='lat' dir='ltr'>videlicet</span> <span class='ocrx_word' id='word_1_174' title='bbox 1648 2279 1833 2377; x_wconf 86' lang='lat' dir='ltr'>praesentia</span> <span class='ocrx_word' id='word_1_175' title='bbox 1855 2279 1974 2350; x_wconf 90' lang='lat' dir='ltr'>sensui</span> <span class='ocrx_word' id='word_1_176' title='bbox 1992 2304 2070 2351; x_wconf 92' lang='lat' dir='ltr'>non</span> 
     </span>
     <span class='ocr_line' id='line_1_17' title="bbox 472 2396 2071 2497; baseline 0.001 -28"><span class='ocrx_word' id='word_1_177' title='bbox 472 2398 648 2491; x_wconf 88' lang='lat' dir='ltr'>occurrit,</span> <span class='ocrx_word' id='word_1_178' title='bbox 668 2421 794 2468; x_wconf 88' lang='lat' dir='ltr'>sensus</span> <span class='ocrx_word' id='word_1_179' title='bbox 816 2421 902 2469; x_wconf 85' lang='lat' dir='ltr'>vero</span> <span class='ocrx_word' id='word_1_180' title='bbox 925 2396 971 2469; x_wconf 93' lang='lat' dir='ltr'>de</span> <span class='ocrx_word' id='word_1_181' title='bbox 993 2410 1168 2495; x_wconf 86' lang='lat' dir='ltr'>praesente</span> <span class='ocrx_word' id='word_1_182' title='bbox 1184 2411 1335 2470; x_wconf 89' lang='lat' dir='ltr'>tantum.</span> <span class='ocrx_word' id='word_1_183' title='bbox 1360 2397 1563 2470; x_wconf 89' lang='lat' dir='ltr'>lntellectus</span> <span class='ocrx_word' id='word_1_184' title='bbox 1577 2421 1665 2470; x_wconf 85' lang='lat' dir='ltr'>vero</span> <span class='ocrx_word' id='word_1_185' title='bbox 1688 2421 1791 2497; x_wconf 87' lang='lat' dir='ltr'>aeque</span> <span class='ocrx_word' id='word_1_186' title='bbox 1809 2410 1845 2471; x_wconf 90' lang='lat' dir='ltr'>et</span> <span class='ocrx_word' id='word_1_187' title='bbox 1861 2396 1908 2470; x_wconf 92' lang='lat' dir='ltr'>de</span> <span class='ocrx_word' id='word_1_188' title='bbox 1924 2396 2071 2471; x_wconf 87' lang='lat' dir='ltr'>absente</span> 
     </span>
     <span class='ocr_line' id='line_1_18' title="bbox 470 2516 2070 2617; baseline 0.001 -28"><span class='ocrx_word' id='word_1_189' title='bbox 470 2531 506 2589; x_wconf 92' lang='lat' dir='ltr'>et</span> <span class='ocrx_word' id='word_1_190' title='bbox 532 2516 578 2589; x_wconf 93' lang='lat' dir='ltr'>de</span> <span class='ocrx_word' id='word_1_191' title='bbox 602 2531 776 2616; x_wconf 81' lang='lat' dir='ltr'>praesente</span> <span class='ocrx_word' id='word_1_192' title='bbox 800 2518 926 2615; x_wconf 84' lang='lat' dir='ltr'>surgit.</span> <span class='ocrx_word' id='word_1_193' title='bbox 954 2522 998 2588; x_wconf 87' lang='lat' dir='ltr'>Et</span> <span class='ocrx_word' id='word_1_194' title='bbox 1021 2516 1224 2590; x_wconf 86' lang='lat' dir='ltr'>notandum</span> <span class='ocrx_word' id='word_1_195' title='bbox 1249 2516 1349 2616; x_wconf 91' lang='lat' dir='ltr'>quod</span> <span class='ocrx_word' id='word_1_196' title='bbox 1373 2516 1593 2615; x_wconf 90' lang='lat' dir='ltr'>ubicumque</span> <span class='ocrx_word' id='word_1_197' title='bbox 1618 2542 1743 2590; x_wconf 88' lang='lat' dir='ltr'>sensus</span> <span class='ocrx_word' id='word_1_198' title='bbox 1768 2543 1845 2591; x_wconf 91' lang='lat' dir='ltr'>esse</span> <span class='ocrx_word' id='word_1_199' title='bbox 1870 2532 2008 2617; x_wconf 88' lang='lat' dir='ltr'>potest,</span> <span class='ocrx_word' id='word_1_200' title='bbox 2033 2533 2070 2591; x_wconf 89' lang='lat' dir='ltr'>et</span> 
     </span>
     <span class='ocr_line' id='line_1_19' title="bbox 472 2635 2069 2735; baseline 0.003 -28"><span class='ocrx_word' id='word_1_201' title='bbox 472 2636 689 2730; x_wconf 89' lang='lat' dir='ltr'>imaginatio.</span> <span class='ocrx_word' id='word_1_202' title='bbox 715 2640 805 2708; x_wconf 89' lang='lat' dir='ltr'>Nam</span> <span class='ocrx_word' id='word_1_203' title='bbox 829 2651 865 2708; x_wconf 91' lang='lat' dir='ltr'>et</span> <span class='ocrx_word' id='word_1_204' title='bbox 886 2635 992 2710; x_wconf 89' lang='lat' dir='ltr'>bruta</span> <span class='ocrx_word' id='word_1_205' title='bbox 1007 2637 1196 2729; x_wconf 89' lang='lat' dir='ltr'>animalia,</span> <span class='ocrx_word' id='word_1_206' title='bbox 1221 2636 1330 2710; x_wconf 91' lang='lat' dir='ltr'>rebus</span> <span class='ocrx_word' id='word_1_207' title='bbox 1350 2660 1440 2735; x_wconf 91' lang='lat' dir='ltr'>quas</span> <span class='ocrx_word' id='word_1_208' title='bbox 1462 2650 1645 2710; x_wconf 86' lang='lat' dir='ltr'>senserant</span> <span class='ocrx_word' id='word_1_209' title='bbox 1661 2635 1959 2730; x_wconf 88' lang='lat' dir='ltr'>abscedentibus,</span> <span class='ocrx_word' id='word_1_210' title='bbox 1982 2638 2069 2711; x_wconf 87' lang='lat' dir='ltr'>ima·</span> 
     </span>
     <span class='ocr_line' id='line_1_20' title="bbox 472 2754 2096 2855; baseline 0.002 -30"><span class='ocrx_word' id='word_1_211' title='bbox 472 2754 692 2851; x_wconf 90' lang='lat' dir='ltr'>ginationem</span> <span class='ocrx_word' id='word_1_212' title='bbox 712 2779 850 2847; x_wconf 90' lang='lat' dir='ltr'>earum,</span> <span class='ocrx_word' id='word_1_213' title='bbox 871 2767 957 2827; x_wconf 90' lang='lat' dir='ltr'>teste</span> <span class='ocrx_word' id='word_1_214' title='bbox 979 2756 1116 2848; x_wconf 89' lang='lat' dir='ltr'>Boetio,</span> <span class='ocrx_word' id='word_1_215' title='bbox 1135 2757 1310 2848; x_wconf 87' lang='lat' dir='ltr'>retinent,</span> <span class='ocrx_word' id='word_1_216' title='bbox 1329 2757 1414 2853; x_wconf 89' lang='lat' dir='ltr'>ipsis</span> <span class='ocrx_word' id='word_1_217' title='bbox 1428 2754 1547 2828; x_wconf 91' lang='lat' dir='ltr'>adhuc</span> <span class='ocrx_word' id='word_1_218' title='bbox 1569 2755 1678 2830; x_wconf 89' lang='lat' dir='ltr'>rebus</span> <span class='ocrx_word' id='word_1_219' title='bbox 1694 2781 1783 2855; x_wconf 89' lang='lat' dir='ltr'>quas</span> <span class='ocrx_word' id='word_1_220' title='bbox 1801 2771 1982 2829; x_wconf 90' lang='lat' dir='ltr'>senserant</span> <span class='ocrx_word' id='word_1_221' title='bbox 2002 2781 2071 2855; x_wconf 89' lang='lat' dir='ltr'>per</span> <span class='ocrx_word' id='word_1_222' title='bbox 2092 2785 2096 2791; x_wconf 92' lang='lat'><em>·</em></span> 
     </span>
     <span class='ocr_line' id='line_1_21' title="bbox 473 2873 2070 2971; baseline 0 -25"><span class='ocrx_word' id='word_1_223' title='bbox 473 2873 667 2971; x_wconf 90' lang='lat' dir='ltr'>quamdam</span> <span class='ocrx_word' id='word_1_224' title='bbox 693 2873 981 2946; x_wconf 89' lang='lat' dir='ltr'>recordationem</span> <span class='ocrx_word' id='word_1_225' title='bbox 1004 2874 1222 2949; x_wconf 89' lang='lat' dir='ltr'>adhaerentia</span> <span class='ocrx_word' id='word_1_226' title='bbox 1245 2901 1287 2948; x_wconf 84' lang='lat' dir='ltr'>ex</span> <span class='ocrx_word' id='word_1_227' title='bbox 1314 2874 1589 2971; x_wconf 83' lang='lat' dir='ltr'>imaginatione,</span> <span class='ocrx_word' id='word_1_228' title='bbox 1608 2877 1699 2948; x_wconf 88' lang='lat' dir='ltr'>sicut</span> <span class='ocrx_word' id='word_1_229' title='bbox 1723 2889 1829 2949; x_wconf 90' lang='lat' dir='ltr'>antea</span> <span class='ocrx_word' id='word_1_230' title='bbox 1850 2876 2000 2949; x_wconf 82' lang='lat' dir='ltr'>fecerant</span> <span class='ocrx_word' id='word_1_231' title='bbox 2021 2885 2070 2947; x_wconf 86' lang='lat' dir='ltr'>ex</span> 
     </span>
     <span class='ocr_line' id='line_1_22' title="bbox 472 2992 2072 3095; baseline 0.001 -28"><span class='ocrx_word' id='word_1_232' title='bbox 472 3018 600 3085; x_wconf 83' lang='lat' dir='ltr'>sensu3</span> <span class='ocrx_word' id='word_1_233' title='bbox 618 3008 666 3085; x_wconf 92' lang='lat' dir='ltr'>et,</span> <span class='ocrx_word' id='word_1_234' title='bbox 687 3018 754 3093; x_wconf 93' lang='lat' dir='ltr'>pro</span> <span class='ocrx_word' id='word_1_235' title='bbox 768 3007 809 3068; x_wconf 90' lang='lat' dir='ltr'>ut</span> <span class='ocrx_word' id='word_1_236' title='bbox 822 2992 955 3086; x_wconf 83' lang='lat' dir='ltr'>valent,</span> <span class='ocrx_word' id='word_1_237' title='bbox 974 2994 1139 3095; x_wconf 87' lang='lat' dir='ltr'>quaedam</span> <span class='ocrx_word' id='word_1_238' title='bbox 1155 2997 1312 3094; x_wconf 92' lang='lat' dir='ltr'>longius,</span> <span class='ocrx_word' id='word_1_239' title='bbox 1330 2994 1495 3094; x_wconf 70' lang='lat' dir='ltr'>quaedam</span> <span class='ocrx_word' id='word_1_240' title='bbox 1509 2993 1654 3068; x_wconf 86' lang='lat' dir='ltr'>brevius</span> <span class='ocrx_word' id='word_1_241' title='bbox 1669 2992 1766 3069; x_wconf 91' lang='lat' dir='ltr'>hanc</span> <span class='ocrx_word' id='word_1_242' title='bbox 1777 2996 2072 3095; x_wconf 88' lang='lat' dir='ltr'>imaginationem</span> 
     </span>
     <span class='ocr_line' id='line_1_23' title="bbox 474 3114 2072 3218; baseline 0 -30"><span class='ocrx_word' id='word_1_243' title='bbox 474 3116 652 3207; x_wconf 86' lang='lat' dir='ltr'>deferunt,</span> <span class='ocrx_word' id='word_1_244' title='bbox 672 3139 782 3213; x_wconf 90' lang='lat' dir='ltr'>quam</span> <span class='ocrx_word' id='word_1_245' title='bbox 803 3140 926 3188; x_wconf 84' lang='lat' dir='ltr'>sensus</span> <span class='ocrx_word' id='word_1_246' title='bbox 942 3117 979 3189; x_wconf 91' lang='lat' dir='ltr'>in</span> <span class='ocrx_word' id='word_1_247' title='bbox 998 3117 1055 3189; x_wconf 87' lang='lat' dir='ltr'>eis</span> <span class='ocrx_word' id='word_1_248' title='bbox 1064 3118 1208 3215; x_wconf 88' lang='lat' dir='ltr'>reliquit</span> <span class='ocrx_word' id='word_1_249' title='bbox 1229 3119 1452 3218; x_wconf 89' lang='lat' dir='ltr'>impressam.</span> <span class='ocrx_word' id='word_1_250' title='bbox 1472 3116 1680 3190; x_wconf 87' lang='lat' dir='ltr'>Notandum</span> <span class='ocrx_word' id='word_1_251' title='bbox 1702 3139 1849 3215; x_wconf 91' lang='lat' dir='ltr'>quoque</span> <span class='ocrx_word' id='word_1_252' title='bbox 1869 3114 2072 3215; x_wconf 93' lang='lat' dir='ltr'>quodcum</span> 
     </span>
     <span class='ocr_line' id='line_1_24' title="bbox 473 3233 2072 3334; baseline 0.001 -28"><span class='ocrx_word' id='word_1_253' title='bbox 473 3233 623 3331; x_wconf 90' lang='lat' dir='ltr'>quidam</span> <span class='ocrx_word' id='word_1_254' title='bbox 637 3258 764 3307; x_wconf 91' lang='lat' dir='ltr'>omnes</span> <span class='ocrx_word' id='word_1_255' title='bbox 779 3236 1052 3333; x_wconf 90' lang='lat' dir='ltr'>imaginationes</span> <span class='ocrx_word' id='word_1_256' title='bbox 1073 3237 1249 3334; x_wconf 87' lang='lat' dir='ltr'>quasdam</span> <span class='ocrx_word' id='word_1_257' title='bbox 1269 3260 1454 3330; x_wconf 91' lang='lat' dir='ltr'>sensuum,</span> <span class='ocrx_word' id='word_1_258' title='bbox 1473 3249 1514 3307; x_wconf 91' lang='lat' dir='ltr'>ut</span> <span class='ocrx_word' id='word_1_259' title='bbox 1528 3234 1698 3330; x_wconf 83' lang='lat' dir='ltr'>diximus,</span> <span class='ocrx_word' id='word_1_260' title='bbox 1714 3235 1981 3309; x_wconf 85' lang='lat' dir='ltr'>recordationes</span> <span class='ocrx_word' id='word_1_261' title='bbox 1995 3258 2072 3308; x_wconf 83' lang='lat' dir='ltr'>esse</span> 
     </span>
     <span class='ocr_line' id='line_1_25' title="bbox 473 3352 2072 3446; baseline -0.001 -20"><span class='ocrx_word' id='word_1_262' title='bbox 473 3353 596 3444; x_wconf 90' lang='lat' dir='ltr'>velint,</span> <span class='ocrx_word' id='word_1_263' title='bbox 617 3354 690 3426; x_wconf 92' lang='lat' dir='ltr'>hoc</span> <span class='ocrx_word' id='word_1_264' title='bbox 705 3368 759 3427; x_wconf 89' lang='lat' dir='ltr'>est</span> <span class='ocrx_word' id='word_1_265' title='bbox 776 3378 836 3427; x_wconf 92' lang='lat' dir='ltr'>eas</span> <span class='ocrx_word' id='word_1_266' title='bbox 853 3378 896 3427; x_wconf 87' lang='lat' dir='ltr'>ex</span> <span class='ocrx_word' id='word_1_267' title='bbox 912 3352 1020 3427; x_wconf 90' lang='lat' dir='ltr'>rebus</span> <span class='ocrx_word' id='word_1_268' title='bbox 1036 3355 1174 3427; x_wconf 89' lang='lat' dir='ltr'>sentitis</span> <span class='ocrx_word' id='word_1_269' title='bbox 1195 3356 1312 3428; x_wconf 91' lang='lat' dir='ltr'>solum</span> <span class='ocrx_word' id='word_1_270' title='bbox 1328 3356 1441 3429; x_wconf 90' lang='lat' dir='ltr'>modo</span> <span class='ocrx_word' id='word_1_271' title='bbox 1456 3353 1596 3446; x_wconf 90' lang='lat' dir='ltr'>haberi,</span> <span class='ocrx_word' id='word_1_272' title='bbox 1612 3354 1817 3430; x_wconf 75' lang='lat' dir='ltr'>Aristoteles</span> <span class='ocrx_word' id='word_1_273' title='bbox 1834 3369 1969 3443; x_wconf 67' lang='lat' dir='ltr'>nmen,</span> <span class='ocrx_word' id='word_1_274' title='bbox 1984 3368 2072 3426; x_wconf 91' lang='lat' dir='ltr'>teste</span> 
     </span>
     <span class='ocr_line' id='line_1_26' title="bbox 473 3475 2071 3574; baseline 0.001 -27"><span class='ocrx_word' id='word_1_275' title='bbox 473 3478 597 3549; x_wconf 89' lang='lat' dir='ltr'>Boetio</span> <span class='ocrx_word' id='word_1_276' title='bbox 623 3500 731 3574; x_wconf 91' lang='lat' dir='ltr'>super</span> <span class='ocrx_word' id='word_1_277' title='bbox 745 3477 1009 3546; x_wconf 81' lang='lat' dir='ltr'>Periermem&#39;us</span> <span class='ocrx_word' id='word_1_278' title='bbox 1019 3480 1042 3566; x_wconf 84' lang='lat'>¹,</span> <span class='ocrx_word' id='word_1_279' title='bbox 1062 3476 1262 3549; x_wconf 85' lang='lat' dir='ltr'>intellectus</span> <span class='ocrx_word' id='word_1_280' title='bbox 1277 3492 1420 3549; x_wconf 89' lang='lat' dir='ltr'>nostros</span> <span class='ocrx_word' id='word_1_281' title='bbox 1436 3475 1571 3574; x_wconf 88' lang='lat' dir='ltr'>absque</span> <span class='ocrx_word' id='word_1_282' title='bbox 1588 3475 1906 3574; x_wconf 88' lang='lat' dir='ltr'>imaginationibus</span> <span class='ocrx_word' id='word_1_283' title='bbox 1923 3476 2071 3549; x_wconf 86' lang='lat' dir='ltr'>minime</span> 
     </span>
     <span class='ocr_line' id='line_1_27' title="bbox 472 3591 2068 3695; baseline 0 -29"><span class='ocrx_word' id='word_1_284' title='bbox 472 3592 599 3666; x_wconf 92' lang='lat' dir='ltr'>baberi</span> <span class='ocrx_word' id='word_1_285' title='bbox 613 3591 796 3693; x_wconf 84' lang='lat' dir='ltr'>prohibet.</span> <span class='ocrx_word' id='word_1_286' title='bbox 813 3591 918 3664; x_wconf 90' lang='lat' dir='ltr'>Unde</span> <span class='ocrx_word' id='word_1_287' title='bbox 931 3617 1016 3664; x_wconf 92' lang='lat' dir='ltr'>cum</span> <span class='ocrx_word' id='word_1_288' title='bbox 1029 3593 1219 3693; x_wconf 89' lang='lat' dir='ltr'>plerosque</span> <span class='ocrx_word' id='word_1_289' title='bbox 1229 3595 1275 3667; x_wconf 95' lang='lat' dir='ltr'>de</span> <span class='ocrx_word' id='word_1_290' title='bbox 1287 3596 1509 3695; x_wconf 88' lang='lat' dir='ltr'>incorporeis</span> <span class='ocrx_word' id='word_1_291' title='bbox 1522 3594 1630 3668; x_wconf 89' lang='lat' dir='ltr'>rebus</span> <span class='ocrx_word' id='word_1_292' title='bbox 1645 3594 1845 3669; x_wconf 89' lang='lat' dir='ltr'>habeamus</span> <span class='ocrx_word' id='word_1_293' title='bbox 1856 3594 2068 3685; x_wconf 87' lang='lat' dir='ltr'>intellectus,</span> 
     </span>
     <span class='ocr_line' id='line_1_28' title="bbox 474 3712 2067 3816; baseline 0.002 -31"><span class='ocrx_word' id='word_1_294' title='bbox 474 3726 558 3785; x_wconf 87' lang='lat' dir='ltr'>sunt</span> <span class='ocrx_word' id='word_1_295' title='bbox 582 3714 628 3784; x_wconf 96' lang='lat' dir='ltr'>de</span> <span class='ocrx_word' id='word_1_296' title='bbox 644 3712 700 3784; x_wconf 92' lang='lat' dir='ltr'>bis</span> <span class='ocrx_word' id='word_1_297' title='bbox 716 3736 864 3809; x_wconf 91' lang='lat' dir='ltr'>quoque</span> <span class='ocrx_word' id='word_1_298' title='bbox 877 3714 1061 3811; x_wconf 91' lang='lat' dir='ltr'>corporeis</span> <span class='ocrx_word' id='word_1_299' title='bbox 1077 3740 1157 3813; x_wconf 88' lang='lat' dir='ltr'>quae</span> <span class='ocrx_word' id='word_1_300' title='bbox 1179 3714 1280 3789; x_wconf 93' lang='lat' dir='ltr'>nullo</span> <span class='ocrx_word' id='word_1_301' title='bbox 1295 3739 1457 3814; x_wconf 91' lang='lat' dir='ltr'>unquam</span> <span class='ocrx_word' id='word_1_302' title='bbox 1480 3739 1586 3788; x_wconf 90' lang='lat' dir='ltr'>sensu</span> <span class='ocrx_word' id='word_1_303' title='bbox 1606 3719 1884 3790; x_wconf 88' lang='lat' dir='ltr'>attractavimus.</span> <span class='ocrx_word' id='word_1_304' title='bbox 1901 3719 2067 3816; x_wconf 82' lang='lat' dir='ltr'>Oportet,</span> 
     </span>
     <span class='ocr_line' id='line_1_29' title="bbox 470 3828 2071 3935; baseline 0.002 -33"><span class='ocrx_word' id='word_1_305' title='bbox 470 3831 570 3927; x_wconf 87' lang='lat' dir='ltr'>juxta</span> <span class='ocrx_word' id='word_1_306' title='bbox 590 3828 825 3917; x_wconf 78' lang='lat' dir='ltr'>Aristotelem,</span> <span class='ocrx_word' id='word_1_307' title='bbox 851 3831 1145 3928; x_wconf 84' lang='lat' dir='ltr'>imaginationem</span> <span class='ocrx_word' id='word_1_308' title='bbox 1169 3833 1240 3907; x_wconf 91' lang='lat' dir='ltr'>dici</span> <span class='ocrx_word' id='word_1_309' title='bbox 1264 3859 1375 3932; x_wconf 91' lang='lat' dir='ltr'>quam</span> <span class='ocrx_word' id='word_1_310' title='bbox 1401 3859 1470 3907; x_wconf 89' lang='lat' dir='ltr'>nos</span> <span class='ocrx_word' id='word_1_311' title='bbox 1492 3858 1600 3934; x_wconf 90' lang='lat' dir='ltr'>supra</span> <span class='ocrx_word' id='word_1_312' title='bbox 1622 3833 1897 3935; x_wconf 87' lang='lat' dir='ltr'>descripsimus,</span> <span class='ocrx_word' id='word_1_313' title='bbox 1924 3857 2071 3906; x_wconf 89' lang='lat' dir='ltr'>omnem</span> 
     </span>
     <span class='ocr_line' id='line_1_30' title="bbox 474 3948 2071 4054; baseline 0.003 -36"><span class='ocrx_word' id='word_1_314' title='bbox 474 3948 640 4022; x_wconf 87' lang='lat' dir='ltr'>videlicet</span> <span class='ocrx_word' id='word_1_315' title='bbox 662 3949 850 4022; x_wconf 81' lang='lat' dir='ltr'>confusam</span> <span class='ocrx_word' id='word_1_316' title='bbox 864 3952 991 4024; x_wconf 88' lang='lat' dir='ltr'>animae</span> <span class='ocrx_word' id='word_1_317' title='bbox 1012 3954 1282 4053; x_wconf 87' lang='lat' dir='ltr'>perceptionem</span> <span class='ocrx_word' id='word_1_318' title='bbox 1303 3956 1381 4027; x_wconf 89' lang='lat' dir='ltr'>sine</span> <span class='ocrx_word' id='word_1_319' title='bbox 1400 3979 1527 4046; x_wconf 88' lang='lat' dir='ltr'>sensu,</span> <span class='ocrx_word' id='word_1_320' title='bbox 1545 3957 1618 4027; x_wconf 88' lang='lat' dir='ltr'>sive</span> <span class='ocrx_word' id='word_1_321' title='bbox 1641 3954 1701 4029; x_wconf 91' lang='lat' dir='ltr'>illa</span> <span class='ocrx_word' id='word_1_322' title='bbox 1719 3954 1870 4054; x_wconf 89' lang='lat' dir='ltr'>quidem</span> <span class='ocrx_word' id='word_1_323' title='bbox 1888 3952 2071 4053; x_wconf 88' lang='lat' dir='ltr'>perceptio</span> 
     </span>
     <span class='ocr_line' id='line_1_31' title="bbox 474 4071 2072 4164; baseline 0.003 -24"><span class='ocrx_word' id='word_1_324' title='bbox 474 4092 639 4141; x_wconf 78' lang='lat' dir='ltr'>exsensu</span> <span class='ocrx_word' id='word_1_325' title='bbox 658 4071 862 4164; x_wconf 89' lang='lat' dir='ltr'>surrexerit,</span> <span class='ocrx_word' id='word_1_326' title='bbox 882 4072 957 4145; x_wconf 92' lang='lat' dir='ltr'>sive</span> <span class='ocrx_word' id='word_1_327' title='bbox 973 4074 1136 4145; x_wconf 90' lang='lat' dir='ltr'>minime.</span> <span class='ocrx_word' id='word_1_328' title='bbox 1156 4073 1265 4161; x_wconf 91' lang='lat' dir='ltr'>Quod</span> <span class='ocrx_word' id='word_1_329' title='bbox 1282 4099 1368 4147; x_wconf 85' lang='lat' dir='ltr'>vero</span> <span class='ocrx_word' id='word_1_330' title='bbox 1387 4074 1591 4149; x_wconf 77' lang='lat' dir='ltr'>aristoteles</span> <span class='ocrx_word' id='word_1_331' title='bbox 1607 4073 1696 4147; x_wconf 89' lang='lat' dir='ltr'>dicit</span> <span class='ocrx_word' id='word_1_332' title='bbox 1713 4074 1912 4148; x_wconf 88' lang='lat' dir='ltr'>intellectus</span> <span class='ocrx_word' id='word_1_333' title='bbox 1928 4086 2072 4146; x_wconf 87' lang='lat' dir='ltr'>nostros</span> 
     </span>
    </p>
   </div>
   <div class='ocr_carea' id='block_1_3' title="bbox 474 4190 2072 4893">
    <p class='ocr_par' dir='ltr' id='par_1_3' title="bbox 474 4190 2072 4893">
     <span class='ocr_line' id='line_1_32' title="bbox 475 4190 2070 4294; baseline 0.003 -33"><span class='ocrx_word' id='word_1_334' title='bbox 475 4190 623 4262; x_wconf 92' lang='lat' dir='ltr'>minime</span> <span class='ocrx_word' id='word_1_335' title='bbox 641 4190 779 4289; x_wconf 88' lang='lat' dir='ltr'>absque</span> <span class='ocrx_word' id='word_1_336' title='bbox 802 4192 1116 4289; x_wconf 83' lang='lat' dir='ltr'>imaginationibus</span> <span class='ocrx_word' id='word_1_337' title='bbox 1138 4192 1283 4287; x_wconf 88' lang='lat' dir='ltr'>haberi,</span> <span class='ocrx_word' id='word_1_338' title='bbox 1313 4194 1362 4267; x_wconf 90' lang='lat' dir='ltr'>ita</span> <span class='ocrx_word' id='word_1_339' title='bbox 1382 4195 1633 4294; x_wconf 89' lang='lat' dir='ltr'>accipiendum</span> <span class='ocrx_word' id='word_1_340' title='bbox 1658 4210 1725 4290; x_wconf 89' lang='lat' dir='ltr'>est,</span> <span class='ocrx_word' id='word_1_341' title='bbox 1752 4194 1924 4284; x_wconf 91' lang='lat' dir='ltr'>arbitror,</span> <span class='ocrx_word' id='word_1_342' title='bbox 1955 4192 2070 4293; x_wconf 92' lang='lat' dir='ltr'>quod,</span> 
     </span>
     <span class='ocr_line' id='line_1_33' title="bbox 475 4308 2072 4416; baseline 0.001 -34"><span class='ocrx_word' id='word_1_343' title='bbox 475 4308 564 4383; x_wconf 91' lang='lat' dir='ltr'>dum</span> <span class='ocrx_word' id='word_1_344' title='bbox 584 4311 622 4382; x_wconf 92' lang='lat' dir='ltr'>in</span> <span class='ocrx_word' id='word_1_345' title='bbox 644 4310 765 4410; x_wconf 92' lang='lat' dir='ltr'>aliqua</span> <span class='ocrx_word' id='word_1_346' title='bbox 789 4336 828 4384; x_wconf 92' lang='lat' dir='ltr'>re</span> <span class='ocrx_word' id='word_1_347' title='bbox 845 4335 910 4410; x_wconf 89' lang='lat' dir='ltr'>per</span> <span class='ocrx_word' id='word_1_348' title='bbox 929 4310 1151 4384; x_wconf 89' lang='lat' dir='ltr'>intellectum</span> <span class='ocrx_word' id='word_1_349' title='bbox 1165 4312 1323 4410; x_wconf 91' lang='lat' dir='ltr'>aliquam</span> <span class='ocrx_word' id='word_1_350' title='bbox 1341 4313 1417 4411; x_wconf 89' lang='lat' dir='ltr'>ejus</span> <span class='ocrx_word' id='word_1_351' title='bbox 1437 4329 1605 4389; x_wconf 91' lang='lat' dir='ltr'>naturam</span> <span class='ocrx_word' id='word_1_352' title='bbox 1625 4329 1687 4388; x_wconf 89' lang='lat' dir='ltr'>aut</span> <span class='ocrx_word' id='word_1_353' title='bbox 1708 4314 1965 4416; x_wconf 88' lang='lat' dir='ltr'>proprietatem</span> <span class='ocrx_word' id='word_1_354' title='bbox 1985 4311 2072 4385; x_wconf 90' lang='lat' dir='ltr'>deli·</span> 
     </span>
     <span class='ocr_line' id='line_1_34' title="bbox 474 4427 2071 4534; baseline 0.003 -33"><span class='ocrx_word' id='word_1_355' title='bbox 474 4427 601 4501; x_wconf 89' lang='lat' dir='ltr'>berare</span> <span class='ocrx_word' id='word_1_356' title='bbox 630 4431 801 4522; x_wconf 89' lang='lat' dir='ltr'>nitimur,</span> <span class='ocrx_word' id='word_1_357' title='bbox 828 4453 981 4528; x_wconf 89' lang='lat' dir='ltr'>eamque</span> <span class='ocrx_word' id='word_1_358' title='bbox 1012 4430 1128 4503; x_wconf 89' lang='lat' dir='ltr'>solam</span> <span class='ocrx_word' id='word_1_359' title='bbox 1161 4430 1344 4505; x_wconf 90' lang='lat' dir='ltr'>attendere</span> <span class='ocrx_word' id='word_1_360' title='bbox 1369 4457 1556 4525; x_wconf 88' lang='lat' dir='ltr'>curamus,</span> <span class='ocrx_word' id='word_1_361' title='bbox 1584 4434 1662 4534; x_wconf 88' lang='lat' dir='ltr'>ipsa</span> <span class='ocrx_word' id='word_1_362' title='bbox 1688 4458 1813 4508; x_wconf 88' lang='lat' dir='ltr'>sensus</span> <span class='ocrx_word' id='word_1_363' title='bbox 1846 4432 2071 4506; x_wconf 90' lang='lat' dir='ltr'>cousuetudo</span> 
     </span>
     <span class='ocr_line' id='line_1_35' title="bbox 475 4549 2068 4652; baseline 0.001 -31"><span class='ocrx_word' id='word_1_364' title='bbox 475 4572 498 4621; x_wconf 92' lang='lat' dir='ltr'>a</span> <span class='ocrx_word' id='word_1_365' title='bbox 519 4573 594 4647; x_wconf 90' lang='lat' dir='ltr'>quo</span> <span class='ocrx_word' id='word_1_366' title='bbox 613 4551 732 4621; x_wconf 90' lang='lat' dir='ltr'>omnis</span> <span class='ocrx_word' id='word_1_367' title='bbox 746 4549 907 4622; x_wconf 90' lang='lat' dir='ltr'>humana</span> <span class='ocrx_word' id='word_1_368' title='bbox 928 4549 1057 4623; x_wconf 90' lang='lat' dir='ltr'>notitia</span> <span class='ocrx_word' id='word_1_369' title='bbox 1073 4551 1199 4647; x_wconf 87' lang='lat' dir='ltr'>surgit,</span> <span class='ocrx_word' id='word_1_370' title='bbox 1215 4552 1379 4649; x_wconf 74' lang='lat' dir='ltr'>quaedam</span> <span class='ocrx_word' id='word_1_371' title='bbox 1401 4578 1465 4652; x_wconf 89' lang='lat' dir='ltr'>per</span> <span class='ocrx_word' id='word_1_372' title='bbox 1480 4554 1770 4652; x_wconf 86' lang='lat' dir='ltr'>imaginationem</span> <span class='ocrx_word' id='word_1_373' title='bbox 1788 4554 1918 4651; x_wconf 89' lang='lat' dir='ltr'>ingerit</span> <span class='ocrx_word' id='word_1_374' title='bbox 1933 4553 2068 4644; x_wconf 91' lang='lat' dir='ltr'>animo,</span> 
     </span>
     <span class='ocr_line' id='line_1_36' title="bbox 476 4666 2069 4769; baseline 0.001 -29"><span class='ocrx_word' id='word_1_375' title='bbox 476 4693 556 4766; x_wconf 88' lang='lat' dir='ltr'>quae</span> <span class='ocrx_word' id='word_1_376' title='bbox 580 4669 681 4743; x_wconf 92' lang='lat' dir='ltr'>nullo</span> <span class='ocrx_word' id='word_1_377' title='bbox 707 4666 820 4740; x_wconf 91' lang='lat' dir='ltr'>modo</span> <span class='ocrx_word' id='word_1_378' title='bbox 844 4667 1076 4741; x_wconf 87' lang='lat' dir='ltr'>attendimus.</span> <span class='ocrx_word' id='word_1_379' title='bbox 1095 4670 1205 4742; x_wconf 86' lang='lat' dir='ltr'>Verbi</span> <span class='ocrx_word' id='word_1_380' title='bbox 1231 4672 1364 4768; x_wconf 90' lang='lat' dir='ltr'>gratia,</span> <span class='ocrx_word' id='word_1_381' title='bbox 1388 4672 1478 4745; x_wconf 90' lang='lat' dir='ltr'>dum</span> <span class='ocrx_word' id='word_1_382' title='bbox 1502 4673 1540 4746; x_wconf 93' lang='lat' dir='ltr'>in</span> <span class='ocrx_word' id='word_1_383' title='bbox 1562 4673 1711 4748; x_wconf 90' lang='lat' dir='ltr'>bomine</span> <span class='ocrx_word' id='word_1_384' title='bbox 1734 4673 1807 4747; x_wconf 88' lang='lat' dir='ltr'>hoc</span> <span class='ocrx_word' id='word_1_385' title='bbox 1826 4672 1947 4747; x_wconf 90' lang='lat' dir='ltr'>solum</span> <span class='ocrx_word' id='word_1_386' title='bbox 1970 4667 2069 4769; x_wconf 92' lang='lat' dir='ltr'>quod</span> 
     </span>
     <span class='ocr_line' id='line_1_37' title="bbox 477 4786 2070 4893; baseline 0 -33"><span class='ocrx_word' id='word_1_387' title='bbox 477 4787 523 4860; x_wconf 91' lang='lat' dir='ltr'>ad</span> <span class='ocrx_word' id='word_1_388' title='bbox 554 4786 787 4865; x_wconf 87' lang='lat' dir='ltr'>humanitatis</span> <span class='ocrx_word' id='word_1_389' title='bbox 813 4801 980 4862; x_wconf 87' lang='lat' dir='ltr'>naturam</span> <span class='ocrx_word' id='word_1_390' title='bbox 1011 4788 1137 4862; x_wconf 89' lang='lat' dir='ltr'>attinet</span> <span class='ocrx_word' id='word_1_391' title='bbox 1162 4789 1357 4888; x_wconf 87' lang='lat' dir='ltr'>intelligere</span> <span class='ocrx_word' id='word_1_392' title='bbox 1384 4792 1547 4885; x_wconf 91' lang='lat' dir='ltr'>nitimur,</span> <span class='ocrx_word' id='word_1_393' title='bbox 1573 4808 1698 4893; x_wconf 89' lang='lat' dir='ltr'>utpote</span> <span class='ocrx_word' id='word_1_394' title='bbox 1733 4792 1865 4868; x_wconf 89' lang='lat' dir='ltr'>animal</span> <span class='ocrx_word' id='word_1_395' title='bbox 1895 4787 2070 4865; x_wconf 88' lang='lat' dir='ltr'>rationale</span> 
     </span>
    </p>
   </div>
   <div class='ocr_carea' id='block_1_4' title="bbox 510 5062 1033 5137">
    <p class='ocr_par' dir='ltr' id='par_1_4' title="bbox 510 5062 1033 5137">
     <span class='ocr_line' id='line_1_38' title="bbox 510 5062 1033 5137; baseline 0.017 -21"><span class='ocrx_word' id='word_1_396' title='bbox 510 5074 516 5097; x_wconf 72' lang='grc' dir='ltr'>ι</span> <span class='ocrx_word' id='word_1_397' title='bbox 531 5062 617 5116; x_wconf 69' lang='lat' dir='ltr'>sau.</span> <span class='ocrx_word' id='word_1_398' title='bbox 628 5067 653 5118; x_wconf 84' lang='lat' dir='ltr'>tn</span> <span class='ocrx_word' id='word_1_399' title='bbox 665 5068 722 5119; x_wconf 74' lang='lat' dir='ltr'>rur.</span> <span class='ocrx_word' id='word_1_400' title='bbox 737 5068 924 5137; x_wconf 63' lang='lat' dir='ltr'>aarum„</span> <span class='ocrx_word' id='word_1_401' title='bbox 937 5083 965 5137; x_wconf 76' lang='lat' dir='ltr'>p.</span> <span class='ocrx_word' id='word_1_402' title='bbox 977 5072 1033 5128; x_wconf 81' lang='lat' dir='ltr'>aaa.</span> 
     </span>
    </p>
   </div>
   <div class='ocr_carea' id='block_1_5' title="bbox 0 0 2285 6100">
    <p class='ocr_par' dir='ltr' id='par_1_5' title="bbox 0 0 2285 6100">
     <span class='ocr_line' id='line_1_39' title="bbox 0 0 2285 6100; baseline 0 0"><span class='ocrx_word' id='word_1_403' title='bbox 0 0 2285 6100; x_wconf 95' lang='lat' dir='ltr'> </span> 
     </span>
    </p>
   </div>
  </div>
 </body>
</html>
