4559 6100
461 574 536 648 aaa
1076 572 1200 644 amm
1226 547 1456 643 semlant

461 722 573 819 gratia
591 716 677 792 data
692 735 758 809 est,
778 718 856 793 aliis
874 718 1094 817 intelligendi
1107 734 1322 812 reservatur,
1340 740 1532 816 quousque
1549 738 1642 813 opus
1659 715 1705 787 sit
1719 714 1920 787 secundum
1937 716 2068 791 divinae

462 840 653 913 consilium
681 840 936 938 providentiae,
968 854 1004 912 et
1029 839 1237 938 aliquorum
1272 839 1413 911 sincera
1440 836 1587 909 devotio
1606 850 1685 907 tum
1709 824 1949 929 orationihus,
1987 851 2066 910 tum

460 960 567 1033 bonis
584 959 756 1059 operibus
772 958 811 1030 id
826 960 1079 1057 promeruerit.
1099 960 1247 1031 Interim
1264 973 1386 1031 autem
1402 955 1491 1028 dum
1511 956 1603 1028 ratio
1619 954 1719 1048 latet,
1740 956 1930 1028 satisfaciat
1946 972 2068 1031 aucto-

460 1082 558 1171 ritas,
588 1094 623 1152 et
650 1105 693 1153 ea
719 1079 907 1153 notissima
930 1094 1039 1179 atquc
1065 1080 1221 1153 maxima
1238 1077 1441 1178 propositio
1467 1076 1512 1150 de
1528 1075 1652 1173 vigore
1678 1076 1897 1148 auctoritatis
1921 1077 1958 1147 in
1985 1077 2063 1176 ipso

459 1225 614 1300 corpore
638 1200 724 1272 artis
747 1224 769 1270 a
794 1198 1021 1299 philosophis·
1046 1200 1177 1273 tradita
1200 1212 1462 1272 conservetur:
1484 1201 1590 1285 Quon
1614 1222 1783 1285 osismus,
1802 1197 1860 1268 vel
1877 1196 2062 1296 pluribus,

458 1320 516 1394 vel
539 1319 656 1392 doctis
685 1317 828 1391 ridetur
851 1318 1076 1410 hominibus,
1097 1320 1132 1393 ei
1155 1318 1357 1393 contradici
1382 1342 1458 1390 non
1479 1332 1663 1417 oportere.
1691 1316 1798 1388 Credi
1822 1317 1945 1414 itaque
1969 1317 2065 1391 salu·

456 1439 570 1513 briter
585 1438 694 1512 debet
710 1439 811 1536 quod
827 1439 995 1538 explicari
1012 1466 1086 1514 non
1103 1439 1210 1530 valet,
1227 1438 1424 1538 prmsertim
1441 1462 1527 1510 cum
1540 1461 1609 1510 nec
1622 1461 1689 1536 pro
1707 1460 1839 1534 magno
1849 1420 2058 1511 habendum

434 1561 515 1659 psit,
541 1557 642 1658 quod
659 1557 822 1633 humana
844 1557 1033 1631 infirmitas
1050 1558 1225 1633 disserere
1246 1557 1390 1649 sufficit,
1413 1582 1481 1629 nec
1502 1582 1568 1656 pro
1587 1554 1660 1628 fide
1682 1556 1940 1655 reputandum,
1961 1559 2062 1655 quod

454 1680 502 1754 de
519 1679 715 1753 manifestis
738 1679 945 1778 recipimus,
971 1679 1134 1753 humana
1158 1679 1338 1778 compulsi
1366 1680 1519 1772 ratione,
1538 1702 1607 1751 nec
1629 1676 1727 1777 apud
1751 1681 1869 1749 Deum
1892 1679 2061 1751 meritum

453 1800 578 1893 habet,
597 1801 636 1873 in
653 1825 728 1898 quo
743 1824 818 1872 non
835 1804 913 1873 Deo
930 1799 1089 1873 creditur
1102 1802 1166 1898 qui
1182 1801 1219 1871 in
1236 1799 1368 1871 sanctis
1386 1800 1562 1897 loquitur,
1580 1796 1645 1870 sed
1661 1796 1870 1870 ratiunculis
1892 1796 2061 1871 humanis

453 1944 533 2017 quae
550 1921 754 2017 frequenter
770 1919 954 2008 falluntur,
976 1935 1012 1993 et
1028 1922 1088 1993 vix
1104 1918 1329 2018 deprehendi
1347 1933 1497 2018 possunt
1511 1916 1659 2015 quando
1675 1917 1747 1989 sint
1765 1917 1934 1990 rationes.
1954 1916 2059 1992 Unde

454 2040 648 2136 Gregorius
669 2040 706 2111 iu
730 2038 880 2112 homilia
908 2065 952 2111 rx
977 2043 1093 2137 Super
1110 2039 1323 2138 Evangeltir¹
1358 2066 1367 2109 ι
1401 2037 1646 2128 «Sciendum,
1675 2036 1814 2134 inquit,
1848 2035 1954 2109 nobis
1982 2051 2056 2129 est,

453 2160 554 2258 quod
573 2160 696 2233 divina
714 2161 878 2259 operatio
894 2161 925 2233 si
948 2161 1088 2233 ratione
1099 2157 1438 2260 comprehenditur,
1460 2182 1536 2230 non
1560 2171 1613 2229 est
1627 2155 1862 2249 admirabilis,
1882 2181 1950 2230 nec
1969 2155 2059 2232 fides

451 2280 563 2355 habet
585 2282 775 2373 meritum,
804 2282 863 2355 oui
890 2282 1053 2355 humana
1077 2281 1170 2354 ratio
1193 2278 1331 2380 praebet
1356 2278 1692 2378 experimentum.»
1722 2275 1774 2347 Ad
1801 2277 1875 2350 hoc
1903 2291 1939 2350 et
1966 2278 2056 2352 illud

452 2401 629 2474 Ambrosii
653 2404 811 2476 occurrit
830 2401 1024 2477 consilium
1046 2400 1090 2477 de
1106 2400 1195 2473 Fr'de
1215 2400 1263 2476 ad
1284 2401 1496 2472 Gratianum
1513 2400 1769 2498 imperatorem
1792 2398 1981 2471 scribentis
2000 2398 2056 2472 his

449 2520 599 2593 verbis:
633 2551 651 2589 a
676 2522 765 2594 Mihi
787 2522 1009 2622 impossibile
1032 2535 1085 2595 est
1107 2521 1349 2631 generationis
1375 2521 1467 2594 scire
1495 2533 1693 2610 secretum3
1714 2541 1823 2616 supra
1848 2521 2055 2609 Potestates‚

450 2663 559 2737 supra
585 2639 751 2736 angelos,
780 2665 889 2739 supra
911 2640 1122 2734 Cherubim,
1151 2663 1260 2739 supra
1284 2639 1487 2738 Seraphim,
1508 2662 1616 2737 supra
1643 2661 1792 2708 omnem
1816 2660 1959 2709 sensum
1982 2654 2049 2711 est.

450 2759 608 2829 scrutari
630 2783 708 2830 non
730 2759 813 2832 licet
828 2784 985 2860 superna
1004 2760 1190 2858 mysteria3
1210 2759 1294 2832 licet
1309 2760 1401 2831 scire
1424 2756 1526 2856 quod
1543 2771 1663 2848 natus,
1681 2754 1856 2828 nonlicet
1876 2754 2054 2829 discutere

450 2876 806 2974 quemadmodum.»
826 2884 915 2951 item
932 2880 1029 2953 idem
1043 2908 1052 2951 :
1065 2910 1084 2948 a
1097 2878 1253 2954 Credere
1267 2879 1410 2976 jussum
1425 2894 1492 2971 est,
1512 2902 1587 2950 non
1604 2877 1782 2950 discutere
1798 2877 2053 2975 permissum.»

450 3003 500 3069 ac
514 3020 639 3071 rursus
652 2997 784 3096 adjecit
807 3025 817 3072 ε
846 2999 1087 3098 «Mysterium
1112 3000 1226 3074 Patris
1248 3020 1317 3074 nec
1341 2998 1460 3098 angeli
1485 3010 1682 3100 potuerunt
1698 2996 2052 3096 comprehenderes

449 3119 542 3190 Hinc
566 3133 604 3191 et
626 3124 667 3190 B.
694 3120 911 3217 Augustinus
931 3120 975 3192 de
1000 3119 1091 3194 Frile
1109 3119 1272 3217 Symbolr'
1293 3119 1341 3194 ad
1364 3119 1596 3193 Laurentium
1619 3143 1752 3218 papam
1778 3118 1939 3193 scribens
1964 3121 2055 3193 inter

449 3253 568 3312 cetera
596 3241 647 3312 ait
667 3266 677 3310 z
698 3268 719 3308 a
740 3240 921 3340 Propheta
946 3239 1052 3313 dicit·
1072 3269 1081 3314 r
1112 3271 1130 3309 α
1148 3241 1222 3313 Nisi
1248 3240 1484 3329 credideritis,
1513 3264 1589 3312 non
1620 3237 1873 3335 intelligetis.»
1903 3245 1994 3314 ltem
2015 3240 2054 3314 in

448 3359 579 3432 eodem
612 3367 674 3429 εἰ(
688 3359 886 3448 Quomodo
903 3381 991 3433 sane
1007 3364 1104 3434 Deus
1130 3365 1235 3434 Pater
1263 3362 1425 3456 genuerit
1451 3359 1580 3434 Filium
1607 3359 1694 3431 nolo
1722 3360 1912 3452 discutias,
1945 3385 1992 3433 ne
2019 3376 2053 3435 te

447 3479 622 3553 curiosius
639 3480 770 3553 inseras
791 3480 829 3553 in
852 3479 1023 3580 prolundi
1045 3480 1154 3578 hujus
1170 3504 1356 3571 arcanum,
1379 3505 1426 3553 ne
1449 3479 1541 3552 sorte
1564 3478 1655 3552 dum
1670 3479 1860 3554 inaccessae
1875 3479 1970 3553 lucis
1986 3481 2052 3555 ful-

447 3622 572 3694 gorem
597 3599 815 3698 pertinacius
840 3601 1093 3699 perscrutaris,
1115 3600 1284 3696 exiguum
1308 3602 1427 3698 ipsum
1450 3599 1551 3698 quod
1577 3599 1791 3672 mortalibus
1816 3601 1942 3676 divino
1971 3627 2051 3675 mu·

445 3743 534 3790 nere
558 3741 771 3792 concessum
790 3734 845 3791 est
866 3719 997 3819 perdas
1019 3733 1219 3817 aspectum.
1246 3720 1351 3796 Unde
1376 3734 1412 3793 et
1440 3720 1499 3795 illa
1523 3720 1759 3793 comminatio
1788 3722 1965 3820 Sapientis
1987 3747 2051 3796 seu

445 3836 666 3928 consihum',
689 3843 910 3912 «scrutator
933 3838 1127 3935 majestatis
1153 3839 1379 3937 opprimetur
1396 3866 1419 3913 a
1434 3840 1598 3937 gloria.»
1621 3844 1665 3911 Et
1688 3840 1929 3938 Hieronymus
1943 3867 2051 3938 super

444 3959 641 4028 Jerumr'am
668 3957 762 4030 libro
780 3962 828 4030 vt
850 3987 859 4030 t
883 3989 901 4026 c
915 3958 1014 4047 Quid
1038 3958 1128 4047 sibi,
1155 3959 1290 4055 inquit,
1319 3962 1356 4032 in
1378 3960 1462 4033 loco
1485 3960 1558 4033 hoc
1586 3960 1738 4032 voluerit
1762 3959 1881 4034 Editio
1897 3960 2050 4056 Vulgata

445 4101 590 4175 possem
616 4076 750 4172 dicere,
776 4093 812 4152 et
827 4103 974 4152 sensum
991 4078 1149 4178 aliquem
1170 4081 1342 4178 reperire,
1368 4082 1437 4154 nisi
1455 4081 1502 4154 de
1519 4080 1637 4154 verbis
1660 4082 1727 4153 Dei
1750 4080 1914 4155 humano
1939 4106 2050 4157 sensu

444 4199 686 4294 argumentari
703 4213 797 4271 esset
816 4198 1080 4295 sacrilegum.»
1101 4203 1236 4274 Rursus
1257 4199 1303 4276 de
1330 4203 1517 4298 Baptirmo
1538 4200 1775 4300 parvulorum
1793 4203 2011 4298 Augustinus
2034 4232 2043 4276 ε

446 4317 570 4407 «Ubi,
600 4318 739 4416 inquit,
771 4317 817 4391 de
847 4343 887 4391 re
915 4319 1168 4392 obscurissima
1197 4297 1418 4419 disputatur,
1450 4346 1528 4393 non
1557 4320 1812 4418 adjuvantibus
1841 4322 2045 4395 divinarum

441 4437 701 4537 scripturarum
729 4440 835 4512 cerh's
861 4438 1039 4538 clarisque
1068 4439 1316 4531 documentis,
1350 4441 1522 4516 cohibere
1556 4466 1595 4515 se
1623 4440 1734 4514 debet
1763 4440 1925 4518 humana
1954 4467 2044 4542 prae-

440 4558 587 4648 sumtio,
607 4557 698 4630 nihil
716 4557 848 4632 heiens
864 4560 901 4632 iu
919 4561 1067 4633 alteram
1083 4575 1223 4660 partem
1239 4561 1471 4634 declinando.
1490 4590 1509 4631 u
1529 4560 1583 4633 ad
1604 4574 1807 4634 extremum
1822 4561 1912 4636 illud
1936 4562 2043 4637 nobis

443 4678 705 4777 opponendum
731 4677 899 4774 arbitror,
925 4694 965 4751 ut
987 4680 1107 4753 dicere
1130 4680 1289 4754 illitales
1310 4682 1446 4774 velint,
1473 4707 1511 4755 se
1540 4707 1616 4755 non
1641 4681 1724 4754 ideo
1748 4681 1859 4756 fidem
1882 4699 2044 4757 nostram

320 4857 330 4876 ,
441 4797 649 4898 reprobare,
675 4797 760 4897 quia
782 4800 931 4899 probari
948 4801 1004 4874 rel
1021 4801 1148 4874 disseri
1173 4825 1249 4874 non
1265 4801 1373 4893 valet,
1400 4802 1464 4875 sed
1484 4802 1595 4901 magis
1617 4804 1702 4901 quia
1724 4799 1870 4876 delendi
1889 4829 1963 4877 non
1980 4828 2043 4903 po·

443 4933 523 5007 test,
550 4944 636 4991 curn
658 4943 739 4992 eam
760 4920 905 5019 penitus
926 4920 1121 4993 manifeste
1149 4922 1306 4995 rabones
1329 4937 1421 4996 stare
1444 4946 1519 4995 non
1539 4924 1762 5022 permittant.
1793 4927 1822 4996 Α
1849 4923 1981 5024 quihus
2006 4923 2045 4997 id

481 5176 566 5226 'Hom
579 5178 608 5227 r'n
619 5177 815 5242 amandun,
824 5179 939 5231 hamat.
951 5179 1056 5230 *Ἰώ
1064 5217 1071 5245 ,
1082 5191 1136 5244 erp.
1145 5193 1218 5238 rmr.
1227 5182 1251 5233 9.
1263 5206 1296 5219 ·-
1305 5181 1616 5246 ’Proumpmnat
