4559 6100
424 539 443 551 ·
480 499 554 574 att
1084 501 1213 572 1⁹1⁴„th
1239 501 1476 574 ABAEbdliDl

528 647 633 720 Unde
648 671 722 719 non
743 647 893 720 minima
919 646 997 719 lieri
1017 649 1167 745 quaestio
1195 649 1299 740 solet,
1326 672 1438 745 quare
1462 647 1627 722 videlieet
1653 673 1760 748 poena
1783 650 1859 724 baeo
1874 668 2074 728 reservatur

479 767 540 840 ubi
562 782 750 866 peecatum
772 765 872 865 quod
893 767 971 863 ejus
992 784 1184 856 causaest,
1208 767 1463 842 condonatur:
1495 783 1533 840 ut
1558 772 1621 865 qui
1645 768 1808 842 videlicet
1830 772 1869 842 in
1890 771 2074 870 baptismo

478 886 620 983 plenam
637 899 868 984 peccatorum
882 887 1126 960 remissionem
1143 887 1359 985 percipiunt,
1377 887 1497 959 statim
1518 885 1615 959 illam
1636 885 1759 958 saltem
1781 913 1890 985 quam
1910 891 1946 962 in
1969 917 2074 988 para·

477 1001 556 1075 diso
581 1018 664 1076 ante
698 1019 885 1103 peccatum
915 1004 1110 1097 habebant,
1137 1007 1440 1080 immortalitatem
1466 1003 1705 1104 recuperent?
1721 1006 1772 1077 sd
1789 1032 1898 1105 quam
1920 1009 2070 1107 quidem

476 1123 711 1217 questionem
722 1123 880 1195 Isidorus
893 1122 1088 1195 desumere
1101 1123 1192 1196 hono
1204 1124 1426 1223 respondens
1439 1123 1502 1196 lib.
1516 1128 1545 1209 1,
1558 1149 1639 1223 cap.
1657 1150 1751 1211 xxur,
1765 1128 1815 1197 ait
1829 1154 1837 1197 :
1853 1156 1870 1195 κ
1885 1129 1921 1201 Si
1931 1152 1953 1199 a
1964 1153 2070 1227 prena

476 1243 640 1338 presenti
653 1243 819 1315 homiues
833 1242 1074 1316 liberarentur
1084 1268 1149 1342 per
1161 1243 1395 1343 baptismum,
1409 1246 1526 1343 ipsum
1543 1258 1706 1341 putarent
1718 1245 1884 1343 baptismi
1898 1249 2067 1345 pretium,

477 1385 551 1432 non
567 1361 655 1435 illud
673 1375 860 1435 aeternum.
884 1367 976 1459 Ergo
992 1362 1112 1435 soluto
1125 1379 1225 1436 reatu
1241 1364 1391 1462 peccati,
1408 1377 1529 1436 manet
1545 1378 1666 1435 tamen
1683 1364 1846 1461 quaedam
1865 1367 2070 1465 temporalis

461 1485 596 1576 'poeua,
616 1497 655 1553 ut
672 1481 732 1555 illa
745 1482 938 1555 ferventius
952 1483 1024 1554 vita
1041 1484 1256 1579 requiratur,
1276 1507 1355 1580 quae
1369 1484 1472 1556 erita
1493 1465 1608 1581 poeriis
1629 1482 1799 1556 omnibus
1823 1485 1952 1558 aliena.
1980 1487 2069 1574 Quis
2136 1545 2140 1562 ,

476 1603 607 1672 etemm
624 1601 759 1674 nesciat
774 1626 903 1674 omnes
919 1602 992 1674 iere
1007 1602 1175 1674 homines
1193 1602 1274 1701 plus
1291 1602 1525 1701 temporalem
1550 1604 1660 1674 vitam
1681 1627 1791 1700 qnam
1808 1618 1979 1677 aeternam
2005 1630 2068 1704 ap·

475 1732 607 1816 petere,
626 1745 795 1819 cumpro
810 1745 853 1793 ea
866 1744 979 1818 quam
992 1722 1146 1793 retinere
1160 1745 1234 1793 non
1252 1736 1404 1818 possunt
1417 1724 1532 1795 multo
1545 1703 1699 1821 amplius
1721 1748 1832 1820 quam
1846 1748 1914 1821 pro
1938 1739 2069 1798 eterna

474 1838 650 1931 laborent,
670 1856 706 1912 et
723 1840 805 1939 plus
820 1840 983 1940 corporis
998 1866 1109 1939 quam
1129 1842 1258 1914 animae
1282 1857 1435 1914 mortem
1458 1867 1601 1941 pavere,
1623 1857 1661 1914 et
1682 1844 1794 1940 magis
1817 1844 1998 1916 sollicitari
2022 1844 2068 1918 de

472 1961 656 2057 presentis
668 1961 747 2032 vitae
760 1962 928 2033 aerumnis
944 1984 1052 2058 quam
1070 1960 1222 2032 futurae?
1246 1961 1282 2031 Si
1300 1959 1406 2057 hujus
1431 1964 1551 2059 itaque
1571 1962 1735 2035 animalis
1763 1964 1843 2034 vitre
1867 1961 2069 2036 felicitatem

473 2103 511 2152 se
532 2080 691 2153 detinere
707 2080 996 2172 considerarent,
1017 2080 1171 2178 amplius
1189 2079 1235 2150 ad
1253 2079 1416 2154 Ecclesiae
1432 2095 1653 2155 sacramenta
1670 2096 1818 2180 propter
1834 2084 1938 2156 istam
1958 2106 2069 2180 quam

473 2214 621 2297 propter
633 2215 800 2272 aeternarn
816 2225 855 2272 se
870 2214 1130 2299 praepamreut3
1151 2214 1187 2272 et
1208 2198 1314 2295 hujus
1330 2200 1573 2298 qualicunque
1586 2199 1768 2295 refrigerio
1782 2202 1955 2292 contenti,
1974 2201 2068 2274 illius

471 2316 728 2412 perfectionem
751 2319 871 2415 gloriae
898 2320 953 2392 rel
977 2319 1128 2392 omnino
1154 2330 1440 2411 contemnerent,
1463 2320 1519 2391 vel
1542 2320 1661 2394 minus
1680 2333 1890 2417 appeterent
1909 2346 1919 2391 ε
1936 2322 1974 2392 in
1997 2320 2067 2392 hoc

369 2441 372 2446 ’
474 2436 552 2532 ipso
568 2436 695 2535 iniqui,
709 2438 809 2535 quod
826 2463 970 2510 summo
985 2438 1087 2511 bono
1102 2437 1250 2509 inferius
1268 2451 1541 2536 anteponerent.
1558 2469 1575 2506 ι

522 2585 540 2619 ι
556 2557 665 2643 Quod
689 2560 719 2630 si
744 2559 900 2656 spiritus.
919 2588 936 2624 ιι
957 2558 1037 2629 Dixi
1061 2558 1147 2655 quia
1169 2573 1489 2655 corpus-nostrum
1514 2573 1698 2630 mortuum
1724 2572 1796 2646 est,
1817 2556 1854 2629 id
1882 2572 1935 2630 est
1959 2560 2065 2632 morti

474 2676 661 2772 temporali
684 2674 886 2773 subjectum
910 2690 1085 2763 remanet,
1113 2676 1221 2747 etiam
1249 2690 1329 2773 post
1353 2677 1602 2752 remissionem
1627 2691 1857 2774 peccatorum
1883 2676 2071 2748 omnium..

472 2791 542 2863 Sed
559 2792 606 2865 ab
622 2793 690 2866 hac
708 2796 817 2868 etiam
843 2794 1058 2866 mortalitate
1074 2795 1193 2891 ipsum
1211 2792 1420 2866 liberabitur
1437 2795 1474 2866 in
1491 2797 1772 2887 resurrectione,
1792 2810 1918 2867 utnon
1944 2795 2063 2870 solum

472 2911 643 3004 animam,
664 2937 789 2985 verum
811 2913 918 2985 etiam
938 2938 1071 3011 corpus
1095 2913 1216 2985 divina
1238 2912 1411 3007 glorificet
1430 2915 1555 3010 gratia.
1576 2919 1620 2987 lit
1640 2914 1711 2988 hoo
1731 2930 1786 2987 est
1802 2913 1902 3012 quod
1917 2914 1980 3005 ait,
2001 2916 2063 2985 «si

472 3028 617 3127 spiritus
641 3033 730 3129 ejus,
746 3064 764 3100 ιι
786 3033 824 3105 id
846 3047 902 3104 est
925 3032 1055 3121 Patris,
1083 3057 1157 3129 quo
1179 3030 1345 3105 videlicet
1369 3036 1471 3105 Patre
1493 3033 1615 3107 divina
1637 3033 1835 3132 specialiter
1862 3033 2063 3129 designatur

472 3152 643 3246 potentia.
673 3153 834 3248 «Ejus»
864 3154 1025 3249 inquam,
1059 3152 1175 3249 aqui»
1203 3176 1268 3250 per
1292 3152 1475 3251 propriam
1500 3157 1697 3250 potentiam
1725 3153 1965 3225 «suscitavit»
1987 3152 2062 3247 jam

470 3282 579 3366 oaput
592 3284 755 3343 nostrum
772 3302 790 3339 ιι
800 3296 825 3344 a
835 3270 998 3360 mortuis,
1015 3268 1053 3340 id
1065 3284 1118 3342 est
1133 3274 1266 3342 lesum.
1281 3300 1298 3338 ιι
1313 3271 1498 3362 Habitaus,
1517 3284 1558 3342 ut
1574 3270 1788 3364 dictumest,
1806 3271 1843 3343 in
1858 3269 1975 3357 nobis,
1985 3271 2062 3369 ipse

471 3384 567 3459 idem
584 3391 678 3486 aqui
691 3391 1003 3463 suscitavitlesum
1014 3417 1032 3456 ιι
1050 3413 1125 3463 ιιοιι
1143 3390 1190 3462 ab
1206 3388 1427 3481 infirmitate,
1440 3389 1505 3462 sed
1517 3414 1538 3461 a
1550 3404 1680 3478 morte,
1691 3404 1761 3461 etc.
1774 3389 1859 3461 ldeo
1876 3390 2061 3467 resuscita-

470 3505 606 3579 tionem
621 3509 749 3581 Christi
764 3510 904 3608 repetit,
924 3523 964 3580 ut
978 3533 1021 3581 ea
1032 3510 1159 3608 saepius
1169 3523 1367 3582 memorata
1379 3509 1578 3581 securiores
1593 3534 1661 3582 nos
1678 3508 1816 3581 reddat.
1840 3506 2063 3580 «vivificabit

469 3626 575 3697 etiam
592 3643 715 3700 nostra
735 3628 900 3701 mortalia
919 3651 1086 3724 corpora,
1101 3656 1119 3694 ιι
1139 3643 1179 3698 ut
1198 3627 1362 3701 eamdem
1387 3628 1657 3701 resurrectionis
1673 3626 1824 3724 gloriam
1840 3628 1877 3698 in
1894 3627 2009 3725 capite
2027 3640 2061 3698 et

471 3744 633 3816 membra
648 3747 883 3844 participent;
902 3744 1094 3817 vivificabit
1113 3769 1188 3816 non
1207 3745 1407 3842 quomodo
1424 3770 1579 3843 corpora
1596 3747 1849 3844 reproborum,
1862 3771 1942 3844 quae
1952 3746 2062 3843 pussi-

470 3860 557 3934 bilia
569 3879 686 3951 eruut,
705 3880 741 3937 et
756 3866 930 3938 cruciatui
943 3879 1043 3962 apta3
1060 3864 1123 3936 sed
1141 3879 1288 3962 propter
1305 3864 1596 3939 «inhabitantem
1612 3867 1790 3966 spiritum,
1803 3895 1821 3935 ιι
1837 3866 1874 3939 id
1890 3881 1945 3939 est
1954 3879 2063 3963 prout

470 3978 622 4054 debetur
644 3986 849 4057 reverentie
865 3984 1008 4082 spiritus
1027 3982 1174 4075 Christi,
1195 3984 1258 4081 qui
1280 3985 1317 4055 in
1334 3984 1548 4082 corporibus
1565 3984 1633 4058 illis
1650 3988 1754 4083 quasi
1779 3985 1818 4056 iu
1835 3986 1970 4082 templo
1986 3986 2060 4080 jam

470 4097 607 4175 habitat
622 4118 659 4176 et
675 4104 836 4201 quiescit,
852 4104 927 4200 jam
945 4127 1008 4202 per
1026 4102 1102 4199 ejus
1119 4104 1270 4200 gratiam
1284 4086 1455 4201 repressis
1472 4103 1629 4178 motibus
1647 4104 1861 4177 carnalibus.

484 4280 486 4285 ,
518 4227 597 4294 Nou
615 4248 723 4323 parra
742 4237 795 4295 est
814 4224 975 4321 quaestio,
995 4248 1079 4295 cum
1099 4223 1220 4299 diviua
1236 4222 1434 4297 substantia
1449 4223 1646 4299 humanam
1662 4225 1731 4298 sibi
1748 4226 1785 4297 in
1803 4249 1914 4297 unam
1931 4222 2062 4297 Christi

468 4331 658 4442 personam
681 4343 922 4440 conjunxerit,
950 4357 986 4415 et
1011 4344 1138 4415 eadem
1164 4343 1209 4414 sit
1233 4343 1377 4440 penitus
1406 4345 1519 4416 Patris
1548 4357 1584 4416 et
1611 4344 1685 4417 Filii
1710 4359 1746 4416 et
1771 4345 1923 4441 Spiritus
1948 4345 2061 4415 sancti

466 4461 662 4535 substantia
678 4463 885 4552 individua,
909 4487 975 4535 cur
993 4463 1100 4535 Filius
1116 4464 1237 4561 potius
1256 4487 1365 4559 qnam
1383 4468 1486 4537 Pater
1509 4478 1572 4536 aut
1587 4465 1739 4561 Spiritus
1755 4479 1899 4537 sanctus
1920 4462 2061 4534 dicatur

467 4583 671 4656 incarnatus
695 4609 702 4653 :
725 4583 778 4655 vel
801 4608 887 4654 oum
911 4582 982 4654 sint
1009 4607 1120 4680 opera
1136 4582 1314 4663 Trinitatis
1339 4580 1502 4674 indivisa,
1530 4582 1695 4655 videlieet
1722 4597 1761 4655 ut
1782 4581 1960 4680 quidquid
1988 4602 2088 4676 uua'

468 4726 702 4799 pomeriorum
722 4702 805 4774 tacit
820 4716 857 4774 et
872 4715 1006 4773 ceterae
1023 4701 1166 4793 faciant,
1183 4701 1373 4797 quomodo
1388 4700 1481 4777 filius
1495 4725 1641 4775 carnem
1657 4703 1888 4800 assumpsisse
1903 4700 2057 4790 dicatur,

464 4837 500 4894 et
516 4848 590 4897 non
610 4828 713 4896 Pater
729 4835 791 4895 aut
814 4820 989 4920 Spiritus?
1011 4819 1082 4893 Sed
1105 4819 1177 4894 boc
1200 4846 1245 4897 ex
1260 4821 1500 4920 Λιιοροὶοᾳίιι1
1519 4835 1643 4899 nostra
1667 4835 1821 4919 petatur.
1843 4850 1860 4893 s
1874 4825 1968 4918 Ergo
1993 4820 2060 4893 fra·

496 5106 501 5132 ¹
514 5100 604 5154 Forsan
616 5103 744 5164 meudun
757 5096 968 5164 anthropoloaio,
980 5106 1008 5149 ut
1018 5098 1118 5163 oonjtclt
1129 5098 1283 5151 antonus.
1298 5097 1373 5161 Quale
1384 5100 1417 5153 att
1427 5100 1492 5151 titud
1504 5097 1623 5151 luterell
1634 5110 1698 5161 opus
1709 5096 1781 5160 plana
1791 5109 1838 5148 uos
1848 5095 1919 5160 tuatt.
