4559 6100
408 400 479 471 636
1010 394 1139 466 PE'l'lll
1167 393 1400 466 sumntum

412 548 618 633 credamus,
647 558 683 615 et
700 569 775 616 non
799 543 916 615 solum
941 542 1029 640 quid
1051 556 1159 639 agant
1175 567 1250 614 non
1273 556 1417 633 curent,
1449 541 1511 613 sed
1538 540 1624 638 quid
1649 540 1797 612 doleant
1819 538 2005 633 ignorent;

413 667 608 741 deteriores
624 662 781 736 habendi
803 661 874 754 his,
895 662 941 733 de
957 660 1241 760 quibusVeritas
1264 663 1328 734 ait¹
1351 690 1359 733 :
1381 692 1398 730 u
1414 664 1529 759 Super
1544 660 1752 737 cathedram
1768 658 1882 754 Moysi
1902 656 2010 729 sede·-

415 802 500 860 runt
526 783 657 857 Scribae
679 797 716 856 et
741 782 908 854 Pharisaei
934 810 942 852 :
971 807 1206 880 quaecumque
1230 806 1315 880 ergo
1342 781 1495 854 dixerint
1520 781 1642 869 vobis,
1668 794 1805 853 servate
1828 791 1865 851 et
1890 778 2005 864 facite,

416 904 616 979 secundum
632 917 753 976 autem
773 927 883 1001 opera
901 926 1028 975 eorum
1045 901 1157 974 nolite
1174 901 1301 973 facere.
1325 903 1582 998 «Tanquamsi
1599 901 1752 973 diceret:
1766 898 2010 994 Magisterium

416 1026 503 1121 legis
522 1024 608 1096 tales
624 1022 809 1113 obtinent,
828 1047 985 1119 quorum
1003 1044 1113 1119 opera
1131 1045 1214 1093 cum
1233 1021 1305 1113 sint
1328 1019 1439 1113 mala,
1459 1035 1495 1093 et
1510 1019 1559 1092 ob
1576 1019 1646 1093 hoc
1662 1016 1880 1117 respuenda,
1899 1014 2008 1087 verba

418 1162 537 1218 tamen
561 1145 627 1216 Dei
651 1167 730 1240 quae
751 1142 797 1214 de
823 1141 994 1214 cathedra
1017 1139 1152 1237 Moysi,
1177 1141 1249 1213 hoe
1270 1154 1340 1229 est,
1368 1140 1414 1212 de
1440 1141 1641 1238 magisterio
1664 1139 1771 1236 legis,
1799 1134 2004 1236 proferunt,

419 1261 645 1362 suscipienda
662 1276 759 1354 sunt,
778 1278 817 1333 ut
833 1262 938 1334 simul
955 1285 1034 1357 quae
1052 1262 1215 1357 ipsorum
1230 1274 1315 1332 sunt
1332 1283 1442 1358 opera
1457 1260 1677 1356 rejiciamus,
1696 1272 1732 1330 et
1748 1281 1826 1353 quae
1843 1254 1909 1327 Dei
1925 1267 2008 1325 sunt

416 1383 528 1456 verba
544 1383 773 1454 retineamus.

465 1506 544 1578 Non
573 1517 626 1574 est
647 1527 731 1598 ergo
756 1502 880 1574 talium
902 1501 1067 1574 doctrina
1090 1500 1355 1573 contemnenda
1381 1502 1444 1597 qui
1466 1500 1560 1575 bene
1576 1500 1785 1601 praedicant,
1813 1497 1894 1569 licet
1918 1491 2008 1564 male

416 1624 558 1711 vivant,
586 1637 621 1693 et
644 1622 707 1718 qui
725 1620 896 1692 erudiunt
918 1620 1044 1712 verbo,
1062 1620 1145 1692 licet
1166 1643 1241 1691 non
1257 1618 1435 1692 aedificent
1449 1621 1627 1719 exemplo,
1646 1635 1683 1692 et
1701 1620 1796 1691 viam
1815 1611 2008 1688 ostendunt

415 1766 526 1840 quam
543 1742 645 1839 sequi
661 1741 804 1831 nolunt,
825 1764 899 1831 non
919 1755 994 1812 tam
1014 1739 1061 1812 de
1082 1740 1238 1811 caecitate
1254 1740 1462 1837 ignorantiae
1478 1764 1587 1837 quam
1603 1740 1648 1812 de
1665 1738 1771 1837 culpa
1790 1731 2008 1830 negligentiae

412 1859 625 1955 judicando.
657 1859 729 1947 Qui
750 1882 837 1929 vero
860 1883 928 1930 nee
951 1860 1046 1931 viam
1071 1858 1237 1956 subjectis
1262 1859 1452 1932 ostendere
1477 1861 1597 1932 valent
1625 1861 1686 1958 qui
1712 1857 1858 1930 ducatui
1883 1875 2009 1925 eornm

416 1981 641 2081 committere
657 2004 695 2050 se
711 1978 859 2069 debent,
875 1993 911 2049 et
929 1976 975 2050 ab
993 1980 1043 2050 eis
1059 1980 1201 2076 require
1215 1978 1496 2073 documentum,
1513 1980 1576 2077 qui
1593 1978 1723 2051 docere
1742 1976 1918 2049 nesciunt.
1938 1976 2008 2042 Nec

416 2114 536 2171 tamen
563 2097 828 2198 desperandum
853 2113 907 2170 est
932 2096 1099 2194 subjectis
1124 2123 1146 2170 a
1171 2097 1413 2171 misericordia
1439 2099 1524 2191 Dei,
1552 2123 1637 2170 cum
1663 2096 1710 2169 ad
1734 2093 2008 2168 satisfactionem

417 2219 568 2291 omnino
594 2218 720 2317 parati,
741 2217 970 2316 praelatorum
994 2242 1157 2309 suorum,
1181 2219 1344 2316 quamvis
1361 2242 1550 2306 caecorum,
1569 2217 1718 2289 arbitrio
1740 2241 1778 2288 se
1796 2213 1954 2301 tradunt,
1974 2224 2009 2281 et

415 2338 512 2434 quod
539 2338 590 2410 illi
616 2363 682 2438 per
706 2362 865 2409 errorem
894 2338 1013 2409 minus
1045 2337 1256 2425 instituunt,
1286 2339 1343 2410 isti
1370 2363 1434 2437 per
1460 2338 1704 2411 obedientiam
1728 2336 1917 2432 diligenter
1947 2354 2008 2402 eos

415 2472 624 2555 sequuntur.
646 2460 727 2527 Non
749 2456 847 2527 enim
870 2480 970 2527 error
988 2454 1217 2553 praelatorum
1240 2456 1419 2552 subjectos
1443 2458 1608 2548 damnat,
1633 2481 1701 2530 nec
1724 2454 1868 2527 illorum
1882 2452 2006 2523 vitium

415 2578 502 2647 istos
517 2589 659 2647 accusat
670 2605 680 2666 3
693 2598 768 2661 ¹nee
781 2575 907 2670 jamin
925 2573 1092 2671 subjectis
1105 2577 1212 2675 culpa
1225 2591 1386 2649 remanet
1399 2570 1471 2675 ‹jua
1485 2579 1697 2667 moriautur,
1713 2599 1806 2673 quos
1817 2575 1891 2669 jam
1905 2587 2008 2644 autea

414 2694 624 2791 poenitentia
637 2698 728 2785 Deo,
746 2707 784 2763 ut
800 2691 968 2785 diximus,
987 2695 1289 2781 reconciliaverat,
1305 2698 1404 2794 prius
1412 2696 1546 2769 scilicet
1563 2696 1732 2795 quemad
1746 2695 2007 2771 confessionem

415 2813 579 2884 venirent
607 2813 663 2883 vel
691 2812 937 2884 satisfactionis
966 2813 1226 2885 institutionem
1253 2817 1485 2915 susciperent.
1514 2819 1551 2889 si
1579 2815 1665 2916 quid
1694 2832 1812 2888 tamen
1834 2813 1880 2886 de
1904 2838 2009 2913 prena

415 2930 664 3003 satisfactionis
691 2932 809 3003 minus
830 2943 883 3004 est
900 2932 1103 3005 institutum
1124 2957 1235 3030 quam
1258 2950 1435 3033 oporteat,
1455 2941 1551 3009 Deus
1573 2938 1636 3035 qui
1658 2935 1796 3007 nullum
1822 2947 2008 3033 peecatum

416 3052 633 3149 impunitum
659 3051 824 3146 dimittit,
850 3066 885 3123 et
909 3053 1049 3147 singula
1075 3042 1251 3150 quantuni
1277 3054 1386 3128 debet
1413 3059 1529 3155 punit,
1558 3082 1626 3155 pro
1650 3056 1848 3153 quantitate
1874 3053 2007 3152 peccati

415 3170 667 3256 satisfactionis¹
683 3172 885 3269 aequitatem
903 3170 1082 3263 servabit;
1104 3172 1201 3272 ipsos
1219 3173 1385 3247 videlicet
1401 3177 1612 3274 poenitentes
1630 3201 1704 3248 non
1721 3174 1860 3247 aeternis
1874 3171 2010 3271 suppli-

415 3292 477 3362 ciis
504 3291 740 3380 reservand0,
765 3290 829 3362 sed
855 3293 891 3362 in
913 3292 982 3364 hac
1002 3292 1075 3364 vita
1094 3292 1150 3363 vel
1173 3293 1210 3363 in
1230 3292 1347 3366 futura
1370 3297 1485 3393 poenis
1510 3295 1720 3393 purgatoriis
1741 3292 1954 3392 affligendo,
1980 3292 2009 3361 si

414 3435 496 3491 nos,
524 3412 687 3509 inquam,
718 3412 754 3482 in
780 3426 904 3484 nostra
928 3412 1168 3484 satisfactione
1193 3415 1410 3510 negligentes
1435 3416 1616 3488 fuerimus.
1643 3414 1747 3487 Unde
1771 3412 2004 3513 Apostolus¹:

418 3531 488 3602 «Si
511 3555 591 3621 nns,
612 3531 748 3627 inquit,
769 3528 1064 3626 dijudicaremus,
1086 3555 1160 3603 uon
1178 3533 1302 3629 utique
1322 3534 1640 3631 dijudicaremur.»
1659 3534 1767 3623 Quod
1789 3548 1843 3607 est
1862 3532 2004 3606 dicere:

413 3643 450 3746 Si
475 3665 543 3711 nos
570 3642 636 3739 ipsi
663 3654 787 3712 nostra
811 3642 1022 3738 puniremus
1048 3644 1103 3714 vel
1130 3645 1389 3740 corrigeremus
1414 3661 1574 3745 peccata,
1606 3669 1835 3745 nequaquam
1858 3642 2008 3742 abipso

415 3760 556 3854 gravium
584 3773 701 3830 essent
728 3759 924 3856 punienda.
957 3763 1084 3858 Magna
1118 3762 1280 3861 profecto
1310 3765 1555 3839 misericordia
1579 3768 1644 3838 Dei
1671 3790 1756 3838 cum
1782 3788 1850 3837 nos
1884 3776 2007 3834 nostro

411 3877 548 3980 judicio
566 3876 725 3970 dimittit,
742 3903 788 3950 ne
802 3880 877 3977 ipse
889 3881 1015 3979 puniat
1031 3884 1198 3977 graviori.
1213 3888 1284 3956 Has
1299 3899 1419 3957 autem
1436 3910 1560 3984 poenas
1573 3886 1652 3958 vitae
1667 3885 1859 3984 praesentis,
1878 3879 2008 3978 quibus

416 3998 462 4069 de
484 3998 638 4097 peccatis
660 3996 912 4089 satisfacimus,
934 4001 1152 4097 jejunand0,
1171 4004 1227 4075 vel
1246 4004 1403 4095 orando,
1423 4003 1622 4102 vigilando,
1641 4005 1698 4076 vel
1724 4002 2008 4102 quibuscumque

417 4116 536 4191 modis
566 4140 711 4187 carnem
730 4117 966 4207 macerando,
984 4119 1042 4191 vel
1061 4146 1139 4216 quae
1157 4121 1262 4194 uobis
1282 4123 1523 4196 subtrahimus
1538 4125 1658 4221 egenis
1679 4121 1937 4223 impendendo,
1958 4145 2010 4193 sa-

416 4236 653 4309 tisfactionem
671 4259 861 4324 vocamus3
887 4231 977 4334 quas
1002 4239 1072 4310 alio
1095 4242 1244 4312 nomine
1269 4243 1306 4313 in
1332 4243 1523 4340 Evangelio
1546 4275 1563 4312 κ
1580 4245 1714 4316 fructus
1737 4243 1973 4343 poenitentiae’
1988 4271 2006 4307 ι»

419 4359 590 4428 novimus
604 4355 790 4455 appellari,
812 4355 872 4428 ubi
892 4356 1056 4430 videlicet
1072 4360 1121 4430 ait
1137 4387 1146 4430 ι
1170 4389 1186 4427 n
1202 4363 1319 4433 Facite
1336 4363 1471 4436 fructus
1486 4363 1615 4459 dignos
1630 4364 1865 4463 poenitentiae3
1886 4392 1904 4432 u
1922 4387 1965 4436 ac
1981 4365 2008 4434 si

417 4492 538 4584 aperte
548 4475 745 4549 diceretur:
760 4479 877 4574 Digna
888 4478 1128 4552 satisfactione
1145 4481 1244 4578 quod
1259 4481 1470 4580 deliquistis,
1489 4484 1731 4574 emendando,
1744 4484 1793 4557 ita
1807 4484 1868 4556 hic
1881 4509 2009 4557 recon-

417 4595 589 4702 ciliamini
606 4599 696 4682 Deo,
717 4610 756 4666 ut
774 4595 944 4695 deinceps
966 4599 1066 4697 quod
1082 4602 1159 4698 ipse
1180 4603 1319 4699 puniat,
1340 4627 1567 4701 nequaquam
1584 4604 1758 4695 inveniat;
1777 4616 1814 4676 et
1829 4605 2009 4699 graviores

416 4740 540 4812 poenas
568 4713 770 4788 mitioribus
793 4719 996 4815 praevenite.
1019 4724 1065 4791 Ut
1082 4722 1180 4794 enim
1198 4727 1325 4795 Beatus
1346 4725 1471 4796 asserit
1486 4724 1702 4821 Augustinus
1730 4751 1738 4794 :
1760 4756 1777 4790 α
1793 4729 1910 4797 Poenae
1931 4725 2008 4796 vitae

447 4987 563 5049 'ttatttr.,
576 5001 630 5052 cap.
644 5002 715 5051 run,
726 5004 749 5039 v.
762 4994 785 5041 2.
800 5017 829 5028 -
843 4993 977 5078 ’Comata
991 4994 1084 5058 Lem.
1097 5009 1137 5058 n,
1150 5012 1173 5046 r.
1186 5001 1224 5050 at.
1239 5027 1267 5036 -
1280 4998 1393 5062 ³llattlr.,
1410 5016 1463 5066 cap.
1478 5016 1515 5067 ru,
1531 5018 1545 5051 r
1565 5008 1588 5058 8.
