4559 6100
729 559 1034 650 'rnxcrxros
1059 576 1118 648 nu
1145 572 1488 649 rursurncnnus.
1864 575 1936 649 rsa

341 724 587 798 intellectuum
613 740 753 819 natura,
782 741 822 798 ut
845 725 1012 800 videlicet
1035 727 1126 799 sicut
1149 749 1358 799 sermonum
1381 725 1440 797 alii
1462 722 1639 822 simplices
1660 738 1763 816 suut,
1792 724 1937 821 singulae

341 845 474 917 scilicet
499 844 692 938 dictiones,
722 846 780 918 alii
805 847 1016 943 compositi,
1038 845 1134 919 velut
1158 845 1340 917 orationes
1364 869 1454 942 quas
1477 868 1522 917 ex
1547 842 1694 915 diversis
1717 868 1860 917 necesse
1885 860 1939 917 est

340 965 471 1038 confici
485 965 704 1039 dictionibus
717 968 899 1066 propriam
914 968 950 1039 in
966 968 1051 1066 ipsis
1067 965 1366 1064 significationem
1383 963 1599 1056 tenentibus,
1618 963 1666 1036 ita
1685 979 1721 1035 et
1736 963 1936 1037 intellectus

340 1112 383 1158 ex
400 1086 627 1159 sermonibus
642 1085 768 1177 habiti,
789 1086 845 1159 vel
857 1088 960 1184 juxta
975 1088 1137 1185 ipsorum
1153 1085 1426 1157 instructionem
1442 1081 1615 1173 habendi,
1630 1081 1741 1154 modo
1758 1084 1936 1181 simplices

341 1219 437 1295 sunt,
461 1206 524 1303 qui
547 1203 713 1278 videlicet
734 1230 776 1277 ex
801 1205 1021 1303 simplicibus
1041 1195 1199 1278 habendi
1219 1218 1303 1276 sunt
1324 1202 1571 1295 sermonibus,
1594 1199 1708 1273 modo
1731 1204 1933 1301 compositi,

341 1324 404 1420 qui
431 1349 474 1395 ex
500 1325 722 1422 compositis.
749 1327 846 1397 Sicut
869 1326 967 1398 enim
994 1326 1056 1423 qui
1076 1324 1234 1423 loquitur
1259 1338 1294 1395 et
1318 1323 1430 1396 dicit:
1459 1322 1604 1393 «homo
1633 1319 1813 1413 ambulat,
1831 1349 1849 1388 u
1874 1347 1938 1420 per

341 1441 461 1538 plures
482 1443 711 1544 progreditur
728 1444 980 1542 significativas
1004 1444 1198 1536 dictiones,
1217 1445 1266 1515 ita
1288 1443 1351 1540 qui
1368 1440 1468 1514 audit
1485 1466 1528 1514 ex
1549 1441 1697 1537 singulis
1717 1439 1939 1515 dictionibus

341 1565 509 1661 proprios
545 1563 749 1660 colligendo
781 1565 981 1638 intellectus
1007 1563 1189 1664 procedit3
1220 1564 1380 1663 primum
1408 1561 1553 1659 quidem
1585 1560 1773 1634 hominem
1808 1562 1938 1634 intelli·

339 1682 479 1778 gendo,
497 1709 583 1756 cum
600 1683 764 1756 videlicet
781 1685 881 1756 audit
899 1715 917 1754 u
929 1685 1056 1779 homo,
1072 1716 1090 1752 »
1109 1683 1210 1783 quod
1229 1683 1275 1755 ad
1296 1680 1571 1780 significandum
1586 1679 1775 1753 bominem
1792 1682 1938 1754 institu-

340 1813 417 1872 tum
445 1816 516 1890 est,
544 1818 669 1901 postea
691 1801 991 1897 ambulationem,
1018 1829 1102 1877 cum
1121 1803 1222 1874 audit
1249 1800 1460 1894 «ambulat,
1478 1831 1496 1868 >2
1520 1823 1601 1873 eam
1625 1800 1772 1898 insuper
1796 1799 1936 1873 homini

340 1920 559 2018 copulando.
590 1921 740 1995 attende
760 1937 881 1995 autem
911 1923 1013 2022 quod
1037 1922 1193 1994 diximus
1211 1922 1429 1994 intellectum
1455 1919 1655 2018 simplicem
1681 1943 1757 1993 non
1775 1921 1839 2017 qui
1863 1944 1938 1992 om·

338 2039 427 2110 nino
456 2039 618 2139 partibus
639 2055 755 2134 caret,
783 2042 846 2114 sed
874 2043 936 2139 qui
961 2066 1026 2141 per
1050 2041 1309 2114 successionem
1332 2040 1448 2113 nullas
1469 2037 1590 2112 habet.
1619 2042 1718 2139 Saepe
1746 2039 1844 2112 enim
1872 2063 1937 2138 per

339 2153 536 2231 dictionem
566 2183 675 2232 uuam
706 2162 809 2258 plura
839 2160 1068 2258 intelligimus
1096 2161 1219 2247 simul,
1250 2160 1360 2234 veluti
1389 2184 1471 2232 cum
1508 2157 1677 2232 audimus
1704 2157 1820 2249 «duo,
1834 2186 1852 2226 u
1879 2160 1936 2231 rel

342 2283 478 2373 «tria,n
505 2284 562 2355 vel
586 2285 695 2356 etiam
714 2284 786 2356 hoc
811 2308 945 2358 nomen
975 2286 1123 2384 «plura,
1138 2315 1157 2355 u
1185 2286 1239 2357 vel
1269 2283 1491 2383 «populum,
1507 2311 1526 2352 u
1553 2282 1609 2355 vel
1637 2311 1656 2351 r<
1668 2306 1825 2379 gregem,
1837 2311 1855 2351 u
1879 2283 1936 2355 vel

341 2424 584 2495 «acervum»
608 2403 666 2475 vel
691 2432 708 2472 «
722 2403 887 2496 domum,
902 2433 920 2473 u
940 2420 976 2478 et
1001 2404 1191 2503 quodlibet
1211 2429 1346 2477 nomen
1371 2404 1568 2476 multarum
1591 2401 1935 2500 comprehensivum

339 2544 474 2622 rerum,
493 2522 567 2594 sive
585 2523 740 2620 partium
755 2523 795 2625 ,in
813 2525 1011 2622 quantitate
1026 2525 1332 2612 convenientium,
1354 2523 1428 2595 sive
1450 2523 1605 2595 materiae
1621 2520 1728 2593 simul
1744 2535 1780 2593 et
1797 2521 1932 2593 lormae.

339 2642 429 2711 Nam
448 2640 607 2713 bominis
630 2667 764 2714 nomen
787 2656 823 2715 et
848 2645 1033 2716 materiam
1050 2645 1164 2742 ipsam
1180 2644 1345 2715 animalis
1369 2657 1405 2716 et
1427 2641 1704 2715 rationalitatem
1729 2655 1765 2713 et
1779 2645 1790 2679 ¹
1803 2655 1936 2714 morta·

337 2757 473 2832 litatem
493 2760 599 2833 simul
615 2760 846 2851 determinat;
865 2763 928 2835 sed
952 2762 1058 2834 simul
1076 2763 1217 2849 omnia,
1244 2787 1319 2833 uon
1338 2787 1403 2860 per
1423 2761 1685 2833 successionem
1711 2760 1748 2830 in
1771 2760 1850 2856 ipso
1868 2785 1935 2832 uo·

338 2879 436 2950 mine
454 2879 711 2977 intelliguntur.
738 2885 782 2953 tu
801 2880 921 2979 plures
947 2880 1094 2953 fortasse
1113 2894 1197 2952 sunt
1213 2879 1320 2952 simul
1337 2880 1498 2952 actiones
1521 2880 1558 2950 in
1576 2902 1651 2951 uno
1674 2877 1845 2977 simplicis
1863 2902 1936 2950 ser·

338 2999 457 3070 monis
483 2996 679 3092 intellectu,
708 2999 906 3073 secundum
932 2999 1004 3073 boc
1027 2998 1128 3097 quod
1151 2998 1257 3098 plura
1272 3000 1432 3098 concipit
1454 2999 1619 3089 animus,
1642 3011 1683 3069 ut
1704 2995 1870 3070 videlicet
1893 3023 1937 3071 ex

339 3141 573 3215 unaquaque
592 3143 630 3190 re
654 3143 765 3214 quam
783 3118 956 3191 deliberat
981 3144 1091 3191 uuam
1115 3118 1248 3191 lrabeat
1265 3120 1458 3191 actionem.
1480 3116 1551 3191 Sed
1578 3131 1698 3189 tamen
1718 3139 1794 3187 non
1818 3116 1937 3190 minus

337 3234 487 3332 simplex
514 3250 567 3308 est
596 3236 795 3309 intellectus
820 3237 1012 3331 dicendus,
1042 3239 1072 3309 si
1107 3238 1215 3310 nullis
1241 3263 1307 3336 per
1331 3237 1593 3310 successionem
1623 3233 1784 3334 partibus
1816 3248 1935 3309 tamen

337 3354 480 3427 dicitur.
506 3359 660 3430 Possunt
684 3357 804 3455 itaque
826 3357 960 3429 eaedem
979 3382 1035 3430 res
1060 3371 1097 3430 et
1117 3382 1182 3455 per
1206 3357 1406 3455 simplicem
1422 3354 1530 3429 simul
1552 3353 1772 3426 intellectum
1793 3352 1937 3451 concipi

337 3488 373 3546 et
398 3499 463 3572 per
485 3477 727 3574 compositum
754 3476 1023 3551 succedentem.
1051 3481 1140 3549 Nam
1168 3492 1204 3549 et
1233 3492 1304 3549 tres
1332 3475 1468 3576 lapides
1493 3490 1579 3548 ante
1612 3498 1671 3546 me
1696 3472 1832 3571 positos
1859 3497 1935 3544 uno

336 3594 467 3666 intuitu
484 3595 596 3668 modo
621 3598 729 3669 simul
755 3597 884 3690 rideo,
908 3597 1021 3671 modo
1047 3623 1112 3696 per
1137 3597 1399 3669 successionem
1423 3594 1587 3696 pluribus
1609 3592 1797 3667 obtutibus
1822 3614 1936 3664 nuum

335 3725 419 3810 post
453 3713 564 3787 alium
597 3715 717 3789 rideo.
762 3718 862 3789 Sicut
895 3743 982 3814 ergo
1010 3742 1137 3806 seusu,
1168 3718 1217 3789 ita
1250 3730 1287 3787 et
1316 3714 1497 3789 intellectu
1525 3717 1660 3813 agitur,
1692 3725 1733 3783 ut
1771 3709 1936 3782 videlicet

336 3832 448 3905 modo
474 3834 610 3932 aliquid
631 3836 737 3908 simul
763 3839 905 3910 animus
928 3861 993 3935 per
1023 3835 1245 3923 intellectum
1270 3833 1469 3934 simplicem
1491 3833 1707 3934 speculetur,
1732 3828 1845 3902 modo
1870 3852 1936 3926 per

335 3953 598 4027 successionem
624 3955 773 4029 diversis
795 3956 1034 4029 intellectibus
1056 3955 1209 4028 diversa.
1230 3957 1274 4027 Et
1293 3955 1365 4027 hoc
1386 3967 1452 4048 est,
1472 3968 1514 4026 ut
1541 3953 1709 4042 arbitror,
1734 3948 1936 4022 differentia

335 4071 580 4146 intellectuum
600 4074 768 4148 dictionis
784 4090 821 4148 et
837 4077 1010 4148 orationis
1032 4073 1178 4148 easdem
1194 4097 1343 4173 prorsus
1367 4098 1424 4145 res
1441 4072 1692 4170 significantis,
1717 4066 1818 4167 quod
1835 4063 1935 4138 vide·

335 4189 418 4264 licet
448 4218 514 4292 per
543 4192 739 4267 dictionem
770 4220 849 4293 quae
875 4195 982 4268 nullis
1014 4194 1147 4268 scilicet
1171 4192 1414 4291 significativis
1437 4192 1598 4292 partibus
1622 4203 1782 4281 constat,
1813 4185 1936 4258 omnia

335 4308 441 4380 simul
466 4311 715 4408 intelligimus,
745 4338 810 4413 per
837 4314 1038 4388 orationem
1065 4337 1152 4386 vero
1180 4312 1308 4386 eadem
1333 4336 1401 4412 per
1425 4312 1688 4386 successionem
1717 4305 1930 4401 colligimus.

335 4425 444 4498 Verbi
460 4429 600 4523 gratia:
622 4456 708 4504 eum
724 4434 769 4504 sit
794 4433 920 4507 cadem
944 4433 991 4506 ad
1013 4434 1291 4530 conceptionem
1311 4455 1433 4503 rerum
1452 4430 1628 4504 sententia
1649 4424 1757 4522 hujus
1777 4421 1935 4493 nominis

337 4547 522 4639 «animal,
540 4580 558 4616 r
578 4564 614 4622 et
631 4551 708 4647 ejus
727 4551 952 4626 diffinitionis
969 4577 1049 4650 quae
1066 4567 1147 4625 est:
1172 4581 1189 4621 u
1203 4576 1336 4651 corpus
1354 4551 1553 4625 auimatum
1568 4545 1748 4636 sensibile,
1766 4572 1784 4611 n
1803 4540 1934 4615 modus

334 4679 454 4739 tamen
473 4668 695 4765 intelligendi
719 4671 757 4743 in
778 4694 841 4759 eo,
859 4686 899 4744 ut
917 4671 1089 4766 diximus,
1114 4670 1244 4763 dilsert,
1272 4670 1372 4770 quod
1393 4693 1457 4768 per
1472 4692 1607 4742 nomen
1628 4665 1735 4740 simul
1754 4661 1816 4736 illa
1841 4661 1930 4751 tria,

335 4807 402 4882 per
432 4783 692 4862 diffinitionem
728 4789 962 4864 succedenter
996 4815 1040 4865 ea
1072 4790 1323 4888 intelligimus;
1356 4790 1448 4863 sicut
1476 4788 1652 4862 dictiones
1683 4786 1778 4884 ipsas
1810 4804 1934 4852 succe·

335 4902 462 4980 denter
477 4908 644 4983 audimus
660 4910 872 5009 priusquam
890 4925 1057 4986 naturam
1076 4912 1241 5009 corporis
1258 4908 1502 5000 attendentes,
1520 4932 1605 4983 cum
1617 4905 1786 4981 audimus
1800 4923 1933 4998 corpus

364 5187 371 5216 ¹
384 5182 418 5233 ut
428 5184 604 5247 supplertnus.
