4559 6100
771 534 1030 609 mentuunt
1055 535 1334 611 cflutstnnl.
1785 533 1862 608 543

255 694 357 777 ltem,
391 691 475 761 «lix
493 702 529 761 te
550 712 616 786 per
639 711 723 760 eum
750 688 904 788 Spiritus
927 702 1072 761 sauctus
1090 703 1174 760 tuus
1196 704 1262 761 est.
1279 716 1299 756 n
1332 691 1437 779 ltem,
1470 685 1634 759 «Filium
1656 701 1761 758 tuum
1786 709 1864 759 una

254 825 373 882 tecum
396 808 565 899 adorem,
594 821 757 881 sanctum
786 809 957 908 Spiritum
987 823 1103 902 tuum,
1128 810 1192 907 qui
1214 833 1256 880 ex
1279 821 1315 882 te
1340 832 1406 906 per
1423 807 1647 904 unigenitum
1669 820 1771 883 tuum
1787 818 1854 898 est,

254 953 507 1028 promerear.»
528 933 572 999 Et
597 927 669 999 hoc
703 927 852 1001 sortasse
866 928 979 1000 modo
1000 928 1030 1000 si
1056 953 1078 1001 a
1098 928 1178 1001 solo
1203 932 1306 1000 Patre
1331 926 1529 1027 procedere
1552 926 1724 1024 Spiritum
1742 925 1856 997 Graeoi

254 1048 472 1145 intelligant,
497 1072 542 1121 eo
561 1046 729 1120 videlicet
750 1048 852 1145 quod
875 1048 926 1119 sic
942 1047 989 1121 ab
1008 1049 1089 1147 ipso
1106 1048 1150 1123 sit
1171 1047 1276 1146 quasi
1303 1070 1325 1119 a
1348 1071 1493 1119 summo
1521 1060 1558 1117 et
1584 1068 1660 1115 non
1687 1045 1865 1118 existente

255 1168 301 1240 ab
335 1168 422 1262 alio,
456 1166 555 1240 nulla
589 1183 642 1240 est
669 1169 852 1241 sententiae
873 1169 1140 1260 controversia,
1170 1167 1237 1241 sed
1263 1167 1458 1241 verborum
1486 1166 1683 1239 diversitas.
1715 1167 1864 1236 Certum

253 1288 390 1386 quippe
415 1306 488 1377 est,
522 1301 559 1360 et
583 1287 697 1360 solam
724 1313 916 1387 personam
934 1289 1048 1361 Patris
1067 1289 1140 1361 hoc
1156 1287 1268 1361 modo
1294 1310 1473 1361 summam
1492 1284 1627 1359 debere
1650 1283 1863 1382 pmdicari3

258 1421 294 1479 et
311 1408 484 1506 Spiritum
506 1406 554 1479 ab
570 1407 650 1506 ipso
671 1433 818 1508 quoque
844 1433 921 1482 esse
938 1409 1030 1481 sicut
1047 1432 1067 1482 a
1084 1409 1187 1502 Filio,
1215 1409 1279 1506 qui
1303 1409 1416 1507 ipsius
1438 1430 1586 1505 quoque
1609 1405 1700 1478 sicut
1727 1417 1762 1476 et
1783 1404 1864 1476 Filii

254 1525 407 1624 Spiritus
423 1525 567 1599 dicitur.
1374 1592 1381 1605 .

304 1646 411 1735 Quod
439 1671 525 1719 rero
551 1647 717 1720 nonnulli
745 1664 939 1724 moventur
961 1676 1005 1723 ex
1026 1676 1071 1725 eo
1096 1649 1198 1749 quod
1224 1649 1378 1725 dicimus
1393 1648 1523 1720 Filium
1546 1650 1690 1719 aPatre
1714 1669 1780 1743 per
1801 1670 1866 1742 ge·

253 1767 478 1839 nerationem
497 1792 595 1859 esse3
617 1783 652 1840 et
674 1768 846 1868 Spiritum
870 1795 891 1843 a
915 1775 1018 1844 Patre
1038 1785 1074 1842 et
1094 1794 1117 1843 a
1138 1769 1228 1841 Filio
1251 1794 1317 1870 per
1338 1769 1626 1867 processionem
1651 1789 1719 1838 uec
1736 1780 1858 1838 tamen

252 1884 336 1957 ideo
360 1889 499 1958 Patrem
517 1911 583 1987 per
603 1888 826 1961 existentiam
847 1890 1006 1988 priorem
1031 1914 1108 1962 esse
1128 1888 1231 1981 Filio,
1256 1889 1314 1961 vel
1337 1892 1477 1961 Patrem
1495 1900 1559 1959 aut
1575 1885 1703 1958 Filium
1723 1885 1862 1983 Spiritu

252 2019 415 2078 sanctor
445 2021 563 2105 potest
597 2032 640 2079 ex
668 2006 868 2079 multorum
894 2008 1126 2081 similitudine
1156 2006 1406 2105 exemplorum
1439 2005 1563 2080 refelli.
1596 2004 1689 2077 Solis
1722 2005 1864 2104 quippe

252 2123 451 2199 substantia
476 2141 513 2198 et
540 2127 731 2226 splendida
753 2141 806 2199 est
828 2142 864 2200 et
887 2128 1149 2220 illuminabilis,
1175 2126 1212 2200 id
1238 2143 1291 2201 est
1315 2143 1445 2227 potens
1472 2126 1677 2199 illuminare
1700 2123 1857 2223 aliquid,

251 2259 286 2316 et
314 2268 400 2317 cum
423 2247 469 2319 sit
494 2232 667 2346 splendor
697 2270 741 2318 ex
776 2245 877 2336 sole,
904 2262 940 2320 et
968 2246 1252 2320 illuminabilitas
1276 2271 1321 2319 ex
1352 2247 1428 2319 sole
1453 2244 1561 2318 simul
1584 2259 1622 2317 et
1644 2243 1856 2342 splendore,

252 2387 453 2462 numquam
482 2378 603 2439 tamen
622 2365 760 2464 aliquid
779 2390 821 2437 ex
851 2366 909 2439 his
939 2365 1053 2440 tribus
1081 2391 1147 2465 per
1176 2368 1401 2441 existentiam
1433 2365 1571 2465 aliquid
1602 2363 1737 2436 borum
1767 2391 1862 2464 prae·

253 2500 369 2555 oessll.

301 2603 424 2676 Sedet
442 2604 569 2702 siquis
589 2605 687 2679 illam
706 2604 996 2705 philosophicam
1020 2605 1212 2680 Platonicae
1234 2606 1383 2679 rationis
1402 2604 1732 2678 considerationem
1753 2606 1861 2678 altius

251 2720 439 2820 inspiciat,
471 2749 551 2823 quae
574 2724 740 2798 videlicet
773 2724 820 2797 de
844 2729 923 2797 Deo
952 2724 1082 2824 opilice
1107 2725 1154 2798 ad
1179 2724 1451 2798 similitudinem
1489 2724 1684 2824 quamdam
1718 2725 1859 2798 solertis

251 2841 396 2913 artilicis
418 2843 503 2940 agit,
526 2844 807 2942 praemeditantis
828 2844 962 2919 scilicet
979 2860 1013 2917 et
1036 2844 1269 2918 deliberantis
1285 2868 1327 2917 ea
1345 2869 1423 2942 quae
1440 2844 1597 2918 facturus
1616 2860 1682 2938 est,
1703 2845 1856 2943 nequid

251 2958 547 3036 inconvenienter
572 2979 783 3064 componat,
811 2979 849 3036 et
870 2966 971 3064 prius
994 2964 1134 3063 singula
1155 2964 1295 3037 ratione
1316 2988 1427 3062 quam
1449 2988 1559 3065 opere
1574 2964 1784 3055 formantis3
1809 2966 1857 3038 ad

250 3077 350 3152 hunc
363 3084 500 3181 quippe
517 3084 671 3156 modum
688 3085 789 3158 Plato
806 3085 940 3158 formas
960 3085 1181 3185 exemplares
1198 3085 1235 3156 iu
1252 3100 1372 3158 mente
1388 3085 1511 3158 divina
1529 3085 1748 3174 considerat,
1768 3111 1857 3182 quas

252 3197 350 3271 ideas
372 3202 551 3300 appellat,
577 3203 685 3276 etad
716 3228 807 3302 quas
832 3204 1067 3303 postmodum
1100 3204 1202 3302 quasi
1227 3203 1273 3275 ad
1299 3204 1482 3302 exemplar
1512 3203 1699 3302 quoddam
1724 3208 1855 3278 summi

250 3317 397 3392 artilicis
418 3322 646 3419 providentia
675 3337 824 3423 operata
847 3337 922 3415 est3
946 3323 1084 3396 videbit
1108 3324 1282 3422 Spiritum
1306 3326 1477 3396 Sanctum
1500 3348 1544 3395 ex
1571 3323 1660 3394 Filio
1683 3347 1852 3421 quoque,

251 3437 328 3511 sive
350 3463 414 3537 per
434 3439 561 3512 Filium
579 3457 675 3514 recte
693 3442 904 3541 procedere,
924 3467 1008 3515 curn
1028 3466 1072 3514 ex
1096 3443 1236 3515 ratione
1257 3444 1445 3543 Sapientiae
1470 3442 1638 3513 universa
1660 3442 1725 3512 Dei
1743 3465 1853 3541 opera

251 3556 557 3655 administrentur,
581 3563 687 3634 etita
713 3561 987 3660 quodammodo
1009 3576 1208 3660 conceptus
1230 3561 1360 3635 divinae
1383 3561 1514 3634 mentis
1538 3560 1575 3632 in
1600 3560 1765 3633 ellectum
1788 3586 1855 3660 par

250 3677 500 3773 operationem
527 3680 691 3779 prodeat.
715 3681 877 3754 Ellectus
896 3693 1017 3753 autem
1039 3679 1087 3752 ad
1105 3681 1276 3779 Spiritum
1305 3683 1505 3781 pertinent,
1530 3681 1594 3777 qui
1621 3703 1665 3752 ex
1691 3678 1855 3753 bonitate

251 3795 450 3868 conditoris
478 3801 675 3872 eveniunt:
696 3802 781 3899 quia
808 3800 960 3899 Spiritus
983 3799 1060 3899 ipse
1084 3799 1227 3873 bonitas
1250 3816 1314 3873 est.
1339 3802 1511 3873 Dicamus
1536 3801 1656 3897 itaque
1681 3800 1853 3898 Spiritum

250 3935 294 3986 en
317 3915 407 3987 Filio
423 3941 572 4016 quoque
590 3919 800 4019 procedere,
819 3945 904 3992 cum
925 3920 1017 3992 ratio
1034 3919 1165 3992 divinae
1182 3919 1415 4019 providentiae
1432 3920 1479 3994 ad
1498 3920 1667 3993 ellectum
1684 3919 1854 4017 benigni-

250 4033 332 4107 tatis
350 4035 575 4133 perducitur,
600 4053 637 4112 et
654 4039 754 4137 qnod
771 4038 818 4113 ab
833 4053 968 4112 aeterno
986 4039 1191 4112 laciendum
1209 4040 1421 4139 providerit,
1442 4037 1689 4138 temporaliter
1704 4039 1853 4138 quaudo

251 4152 327 4224 vult
343 4154 438 4228 lacit.
458 4161 563 4230 Hanc
581 4174 701 4233 autem
727 4161 1009 4257 processionem,
1031 4184 1102 4257 qua
1119 4160 1255 4233 scilicet
1270 4176 1468 4261 conceptus
1485 4159 1614 4233 mentis
1628 4160 1667 4230 iu
1684 4159 1852 4232 ellectum

251 4274 439 4371 operando
455 4276 590 4375 prodit,
619 4281 818 4353 Priscianus
835 4281 871 4351 in
890 4280 1010 4377 primo
1037 4282 1346 4354 constructionum
1368 4280 1557 4378 diligenter
1578 4280 1709 4379 aperit,
1728 4279 1853 4352 dicens

250 4395 433 4489 generales
454 4411 489 4468 et
509 4398 680 4496 speciales
704 4400 837 4472 formas
861 4423 983 4472 rerum
1005 4399 1274 4498 intelligibiliter
1290 4400 1327 4472 in
1351 4415 1473 4473 mente
1491 4400 1614 4473 divina
1635 4400 1850 4489 constitisse,

249 4525 444 4612 antequam
468 4516 505 4588 in
528 4540 683 4615 corpora
706 4518 907 4617 prodirent,
925 4518 998 4591 hoc
1014 4533 1068 4591 est
1088 4520 1125 4591 in
1147 4520 1274 4593 ellecta
1296 4543 1362 4619 per
1378 4519 1627 4618 operationem
1647 4546 1656 4589 x
1677 4518 1777 4616 quod
1799 4533 1853 4591 est

249 4629 382 4722 dicere,
402 4648 507 4707 autea
524 4636 682 4735 providit
698 4640 797 4710 Deus
813 4637 903 4736 quid
923 4652 960 4710 et
980 4638 1132 4736 qualiter
1149 4652 1287 4737 ageret,
1306 4662 1417 4735 quam
1437 4637 1526 4710 illud
1545 4662 1654 4736 opere
1670 4637 1847 4736 impleret.

250 4756 299 4823 tlc
312 4753 343 4823 si
361 4753 509 4847 diceret,
529 4755 619 4828 nihil
635 4758 930 4855 impraerneditate
947 4759 1023 4829 sive
1038 4758 1231 4830 indiscrete
1247 4757 1329 4855 egit.
1350 4757 1555 4829 Macrobius
1571 4781 1717 4854 quoque
1734 4758 1849 4853 ipsam

250 4871 379 4943 mundi
400 4874 577 4967 animam,
597 4898 708 4974 quam
732 4891 901 4975 putamus
921 4877 1093 4977 Spiritum
1110 4892 1275 4952 sanctum
1294 4877 1455 4972 intelligi,
1475 4901 1516 4948 ex
1536 4882 1627 4974 Noy,
1646 4875 1717 4947 hoc
1739 4889 1792 4947 est
1806 4900 1849 4948 ex

249 4989 338 5063 Filio
363 4993 543 5092 praecipue
565 5018 641 5066 esse
661 4994 831 5087 declarat,
847 5021 930 5069 cum
954 5011 1077 5096 aperte
1099 5021 1180 5069 eam
1203 5022 1226 5070 a
1247 5001 1326 5094 Noy
1347 5010 1501 5067 creatam
1517 4996 1591 5068 sive
1608 5008 1743 5084 natam,
1759 4995 1850 5068 sicut

247 5124 284 5182 et
310 5111 424 5209 ipsam
447 5118 562 5213 Noym
586 5119 703 5187 aDeo
727 5120 831 5189 Patre
856 5141 933 5190 esse
959 5115 1162 5217 profitetur,
1190 5119 1238 5189 ita
1262 5117 1472 5215 generaliter
1491 5114 1537 5188 de
1564 5116 1701 5213 origine
1722 5115 1850 5189 animae
