<?xml version="1.0" encoding="UTF-8"?>
<!DOCTYPE html PUBLIC "-//W3C//DTD XHTML 1.0 Transitional//EN"
    "http://www.w3.org/TR/xhtml1/DTD/xhtml1-transitional.dtd">
<html xmlns="http://www.w3.org/1999/xhtml" xml:lang="en" lang="en">
 <head>
  <title>
</title>
<meta http-equiv="Content-Type" content="text/html;charset=utf-8" />
  <meta name='ocr-system' content='tesseract 3.04.00' />
  <meta name='ocr-capabilities' content='ocr_page ocr_carea ocr_par ocr_line ocrx_word'/>
</head>
<body>
  <div class='ocr_page' id='page_1' title='image "./petriablardiope00despgoog_0884.png"; bbox 0 0 4559 6100; ppageno 0'>
   <div class='ocr_carea' id='block_1_1' title="bbox 0 6012 38 6100">
    <p class='ocr_par' dir='ltr' id='par_1_1' title="bbox 0 6012 38 6100">
     <span class='ocr_line' id='line_1_1' title="bbox 0 6012 38 6100; baseline 0 0"><span class='ocrx_word' id='word_1_1' title='bbox 0 6012 38 6100; x_wconf 95' lang='lat' dir='ltr'><strong> </strong></span> 
     </span>
    </p>
   </div>
   <div class='ocr_carea' id='block_1_2' title="bbox 192 100 1872 1272">
    <p class='ocr_par' dir='ltr' id='par_1_2' title="bbox 192 100 1872 1272">
     <span class='ocr_line' id='line_1_2' title="bbox 199 100 1796 175; baseline 0.001 -4"><span class='ocrx_word' id='word_1_2' title='bbox 199 104 267 171; x_wconf 89' lang='lat' dir='ltr'><strong>stici</strong></span> <span class='ocrx_word' id='word_1_3' title='bbox 283 102 358 171; x_wconf 88' lang='lat' dir='ltr'><strong>lidei</strong></span> <span class='ocrx_word' id='word_1_4' title='bbox 374 105 533 171; x_wconf 80' lang='lat' dir='ltr'><strong>ventrium</strong></span> <span class='ocrx_word' id='word_1_5' title='bbox 555 101 704 169; x_wconf 75' lang='lat' dir='ltr'><strong>lacunas¹</strong></span> <span class='ocrx_word' id='word_1_6' title='bbox 728 103 763 167; x_wconf 93' lang='lat' dir='ltr'><strong>in</strong></span> <span class='ocrx_word' id='word_1_7' title='bbox 783 100 1000 168; x_wconf 78' lang='lat' dir='ltr'><strong>misericordia</strong></span> <span class='ocrx_word' id='word_1_8' title='bbox 1022 117 1056 168; x_wconf 87' lang='lat' dir='ltr'><strong>et</strong></span> <span class='ocrx_word' id='word_1_9' title='bbox 1077 103 1222 170; x_wconf 87' lang='lat' dir='ltr'><strong>caritate.</strong></span> <span class='ocrx_word' id='word_1_10' title='bbox 1248 102 1337 169; x_wconf 88' lang='lat' dir='ltr'><strong>Sedit</strong></span> <span class='ocrx_word' id='word_1_11' title='bbox 1358 120 1467 173; x_wconf 86' lang='lat' dir='ltr'><strong>autem</strong></span> <span class='ocrx_word' id='word_1_12' title='bbox 1490 108 1525 173; x_wconf 94' lang='lat' dir='ltr'><strong>in</strong></span> <span class='ocrx_word' id='word_1_13' title='bbox 1543 108 1680 175; x_wconf 88' lang='lat' dir='ltr'><strong>concilio</strong></span> <span class='ocrx_word' id='word_1_14' title='bbox 1702 111 1796 174; x_wconf 90' lang='lat' dir='ltr'><strong>vani-</strong></span> 
     </span>
     <span class='ocr_line' id='line_1_3' title="bbox 198 219 1796 316; baseline 0.003 -26"><span class='ocrx_word' id='word_1_15' title='bbox 198 225 288 303; x_wconf 86' lang='lat' dir='ltr'><strong>tatis,</strong></span> <span class='ocrx_word' id='word_1_16' title='bbox 312 240 424 290; x_wconf 82' lang='lat' dir='ltr'><strong>oontm</strong></span> <span class='ocrx_word' id='word_1_17' title='bbox 444 223 562 292; x_wconf 78' lang='lat' dir='ltr'><strong>Psalmi</strong></span> <span class='ocrx_word' id='word_1_18' title='bbox 583 223 761 302; x_wconf 87' lang='lat' dir='ltr'><strong>decretum,</strong></span> <span class='ocrx_word' id='word_1_19' title='bbox 779 219 911 311; x_wconf 77' lang='lat' dir='ltr'><strong>qudam</strong></span> <span class='ocrx_word' id='word_1_20' title='bbox 925 221 1090 287; x_wconf 85' lang='lat' dir='ltr'><strong>memoriae</strong></span> <span class='ocrx_word' id='word_1_21' title='bbox 1110 221 1243 289; x_wconf 85' lang='lat' dir='ltr'><strong>celebris</strong></span> <span class='ocrx_word' id='word_1_22' title='bbox 1264 223 1458 314; x_wconf 79' lang='lat' dir='ltr'><strong>Episcopus,</strong></span> <span class='ocrx_word' id='word_1_23' title='bbox 1481 228 1516 292; x_wconf 92' lang='lat' dir='ltr'><strong>in</strong></span> <span class='ocrx_word' id='word_1_24' title='bbox 1540 230 1629 316; x_wconf 86' lang='lat' dir='ltr'><strong>cujus</strong></span> <span class='ocrx_word' id='word_1_25' title='bbox 1653 229 1796 296; x_wconf 89' lang='lat' dir='ltr'><strong>auctori-</strong></span> 
     </span>
     <span class='ocr_line' id='line_1_4' title="bbox 198 341 1797 435; baseline 0.004 -26"><span class='ocrx_word' id='word_1_26' title='bbox 198 359 297 411; x_wconf 87' lang='lat' dir='ltr'><strong>tatem</strong></span> <span class='ocrx_word' id='word_1_27' title='bbox 312 344 524 435; x_wconf 88' lang='lat' dir='ltr'><strong>plurimorum</strong></span> <span class='ocrx_word' id='word_1_28' title='bbox 546 366 580 410; x_wconf 91' lang='lat' dir='ltr'><strong>se</strong></span> <span class='ocrx_word' id='word_1_29' title='bbox 600 341 797 409; x_wconf 88' lang='lat' dir='ltr'><strong>reclamabat</strong></span> <span class='ocrx_word' id='word_1_30' title='bbox 815 364 970 408; x_wconf 78' lang='lat' dir='ltr'><strong>assensus.</strong></span> <span class='ocrx_word' id='word_1_31' title='bbox 988 342 1050 407; x_wconf 89' lang='lat' dir='ltr'><strong>Hic</strong></span> <span class='ocrx_word' id='word_1_32' title='bbox 1064 342 1248 408; x_wconf 80' lang='lat' dir='ltr'><strong>hesternam</strong></span> <span class='ocrx_word' id='word_1_33' title='bbox 1263 341 1427 433; x_wconf 82' lang='lat' dir='ltr'><strong>crapulam</strong></span> <span class='ocrx_word' id='word_1_34' title='bbox 1449 360 1595 431; x_wconf 83' lang='lat' dir='ltr'><strong>ructans,</strong></span> <span class='ocrx_word' id='word_1_35' title='bbox 1611 347 1797 433; x_wconf 89' lang='lat' dir='ltr'><strong>hujusmodi</strong></span> 
     </span>
     <span class='ocr_line' id='line_1_5' title="bbox 197 461 1797 556; baseline 0.004 -29"><span class='ocrx_word' id='word_1_36' title='bbox 197 465 232 528; x_wconf 91' lang='lat' dir='ltr'><strong>in</strong></span> <span class='ocrx_word' id='word_1_37' title='bbox 257 466 413 531; x_wconf 89' lang='lat' dir='ltr'><strong>concione</strong></span> <span class='ocrx_word' id='word_1_38' title='bbox 437 486 618 532; x_wconf 88' lang='lat' dir='ltr'><strong>sermonem</strong></span> <span class='ocrx_word' id='word_1_39' title='bbox 643 463 784 529; x_wconf 87' lang='lat' dir='ltr'><strong>evomuit</strong></span> <span class='ocrx_word' id='word_1_40' title='bbox 811 485 820 528; x_wconf 77' lang='grc' dir='ltr'><strong>ι</strong></span> <span class='ocrx_word' id='word_1_41' title='bbox 846 461 991 545; x_wconf 86' lang='lat' dir='ltr'><strong>Fratres,</strong></span> <span class='ocrx_word' id='word_1_42' title='bbox 1018 462 1197 528; x_wconf 75' lang='lat' dir='ltr'><strong>christiana</strong></span> <span class='ocrx_word' id='word_1_43' title='bbox 1223 461 1384 553; x_wconf 83' lang='lat' dir='ltr'><strong>religionis</strong></span> <span class='ocrx_word' id='word_1_44' title='bbox 1410 465 1600 556; x_wconf 86' lang='lat' dir='ltr'><strong>participes,</strong></span> <span class='ocrx_word' id='word_1_45' title='bbox 1631 469 1797 533; x_wconf 86' lang='lat' dir='ltr'><strong>communi</strong></span> 
     </span>
     <span class='ocr_line' id='line_1_6' title="bbox 197 580 1796 677; baseline 0.003 -28"><span class='ocrx_word' id='word_1_46' title='bbox 197 583 340 672; x_wconf 81' lang='lat' dir='ltr'><strong>periculo</strong></span> <span class='ocrx_word' id='word_1_47' title='bbox 364 584 542 674; x_wconf 89' lang='lat' dir='ltr'><strong>providete.</strong></span> <span class='ocrx_word' id='word_1_48' title='bbox 569 582 619 649; x_wconf 89' lang='lat' dir='ltr'><strong>Ne</strong></span> <span class='ocrx_word' id='word_1_49' title='bbox 641 580 720 648; x_wconf 88' lang='lat' dir='ltr'><strong>fides</strong></span> <span class='ocrx_word' id='word_1_50' title='bbox 745 581 778 646; x_wconf 90' lang='lat' dir='ltr'><strong>in</strong></span> <span class='ocrx_word' id='word_1_51' title='bbox 799 580 892 647; x_wconf 91' lang='lat' dir='ltr'><strong>vobis</strong></span> <span class='ocrx_word' id='word_1_52' title='bbox 915 581 1073 663; x_wconf 88' lang='lat' dir='ltr'><strong>turbetur,</strong></span> <span class='ocrx_word' id='word_1_53' title='bbox 1094 604 1136 647; x_wconf 91' lang='lat' dir='ltr'><strong>ne</strong></span> <span class='ocrx_word' id='word_1_54' title='bbox 1167 583 1307 649; x_wconf 87' lang='lat' dir='ltr'><strong>sincerus</strong></span> <span class='ocrx_word' id='word_1_55' title='bbox 1332 582 1491 649; x_wconf 75' lang='lat' dir='ltr'><strong>columba</strong></span> <span class='ocrx_word' id='word_1_56' title='bbox 1518 584 1629 650; x_wconf 88' lang='lat' dir='ltr'><strong>oculus</strong></span> <span class='ocrx_word' id='word_1_57' title='bbox 1650 601 1796 677; x_wconf 84' lang='lat' dir='ltr'><strong>turgente</strong></span> 
     </span>
     <span class='ocr_line' id='line_1_7' title="bbox 196 699 1795 792; baseline 0.003 -26"><span class='ocrx_word' id='word_1_58' title='bbox 196 700 321 768; x_wconf 88' lang='lat' dir='ltr'><strong>macula</strong></span> <span class='ocrx_word' id='word_1_59' title='bbox 343 702 534 771; x_wconf 86' lang='lat' dir='ltr'><strong>obducatur.</strong></span> <span class='ocrx_word' id='word_1_60' title='bbox 558 701 646 770; x_wconf 77' lang='lat' dir='ltr'><strong>Nihil</strong></span> <span class='ocrx_word' id='word_1_61' title='bbox 671 703 758 769; x_wconf 91' lang='lat' dir='ltr'><strong>enim</strong></span> <span class='ocrx_word' id='word_1_62' title='bbox 775 699 909 792; x_wconf 89' lang='lat' dir='ltr'><strong>prodest</strong></span> <span class='ocrx_word' id='word_1_63' title='bbox 931 699 1065 771; x_wconf 88' lang='lat' dir='ltr'><strong>aliarum</strong></span> <span class='ocrx_word' id='word_1_64' title='bbox 1082 701 1237 767; x_wconf 89' lang='lat' dir='ltr'><strong>virtutum</strong></span> <span class='ocrx_word' id='word_1_65' title='bbox 1249 703 1423 791; x_wconf 86' lang='lat' dir='ltr'><strong>possessio,</strong></span> <span class='ocrx_word' id='word_1_66' title='bbox 1441 702 1499 768; x_wconf 90' lang='lat' dir='ltr'><strong>ubi</strong></span> <span class='ocrx_word' id='word_1_67' title='bbox 1514 702 1611 769; x_wconf 88' lang='lat' dir='ltr'><strong>fuerit</strong></span> <span class='ocrx_word' id='word_1_68' title='bbox 1632 702 1709 770; x_wconf 87' lang='lat' dir='ltr'><strong>fidei</strong></span> <span class='ocrx_word' id='word_1_69' title='bbox 1734 703 1795 770; x_wconf 88' lang='lat' dir='ltr'><strong>de·</strong></span> 
     </span>
     <span class='ocr_line' id='line_1_8' title="bbox 196 818 1796 914; baseline 0.005 -32"><span class='ocrx_word' id='word_1_70' title='bbox 196 818 312 903; x_wconf 74' lang='lat' dir='ltr'><strong>secun,</strong></span> <span class='ocrx_word' id='word_1_71' title='bbox 331 824 423 910; x_wconf 85' lang='lat' dir='ltr'><strong>juxta</strong></span> <span class='ocrx_word' id='word_1_72' title='bbox 448 823 528 889; x_wconf 88' lang='lat' dir='ltr'><strong>illud</strong></span> <span class='ocrx_word' id='word_1_73' title='bbox 551 820 744 914; x_wconf 68' lang='lat' dir='ltr'><strong>Apostoli‘:</strong></span> <span class='ocrx_word' id='word_1_74' title='bbox 767 820 828 886; x_wconf 78' lang='lat' dir='ltr'><strong>«Si</strong></span> <span class='ocrx_word' id='word_1_75' title='bbox 854 820 971 910; x_wconf 88' lang='lat' dir='ltr'><strong>linguis</strong></span> <span class='ocrx_word' id='word_1_76' title='bbox 995 820 1167 886; x_wconf 90' lang='lat' dir='ltr'><strong>hominum</strong></span> <span class='ocrx_word' id='word_1_77' title='bbox 1192 819 1307 911; x_wconf 87' lang='lat' dir='ltr'><strong>loquar</strong></span> <span class='ocrx_word' id='word_1_78' title='bbox 1331 838 1365 888; x_wconf 91' lang='lat' dir='ltr'><strong>et</strong></span> <span class='ocrx_word' id='word_1_79' title='bbox 1388 822 1605 914; x_wconf 81' lang='lat' dir='ltr'><strong>Angelorum,</strong></span> <span class='ocrx_word' id='word_1_80' title='bbox 1632 824 1796 890; x_wconf 83' lang='lat' dir='ltr'><strong>caritatem</strong></span> 
     </span>
     <span class='ocr_line' id='line_1_9' title="bbox 195 938 1872 1031; baseline 0.001 -27"><span class='ocrx_word' id='word_1_81' title='bbox 195 956 304 1007; x_wconf 89' lang='lat' dir='ltr'><strong>autem</strong></span> <span class='ocrx_word' id='word_1_82' title='bbox 320 965 387 1008; x_wconf 91' lang='lat' dir='ltr'><strong>non</strong></span> <span class='ocrx_word' id='word_1_83' title='bbox 406 944 560 1029; x_wconf 87' lang='lat' dir='ltr'><strong>habeam,</strong></span> <span class='ocrx_word' id='word_1_84' title='bbox 586 942 664 1008; x_wconf 92' lang='lat' dir='ltr'><strong>nihil</strong></span> <span class='ocrx_word' id='word_1_85' title='bbox 685 942 765 1007; x_wconf 89' lang='lat' dir='ltr'><strong>mihi</strong></span> <span class='ocrx_word' id='word_1_86' title='bbox 784 938 959 1031; x_wconf 75' lang='lat' dir='ltr'><strong>prodest.»</strong></span> <span class='ocrx_word' id='word_1_87' title='bbox 983 939 1182 1006; x_wconf 84' lang='lat' dir='ltr'><strong>OMincrvoe</strong></span> <span class='ocrx_word' id='word_1_88' title='bbox 1200 940 1309 1031; x_wconf 89' lang='lat' dir='ltr'><strong>lepos!</strong></span> <span class='ocrx_word' id='word_1_89' title='bbox 1332 964 1354 1007; x_wconf 94' lang='lat' dir='ltr'><strong>o</strong></span> <span class='ocrx_word' id='word_1_90' title='bbox 1372 941 1451 1008; x_wconf 89' lang='lat' dir='ltr'><strong>sales</strong></span> <span class='ocrx_word' id='word_1_91' title='bbox 1473 943 1588 1009; x_wconf 77' lang='lat' dir='ltr'><strong>Attici!</strong></span> <span class='ocrx_word' id='word_1_92' title='bbox 1612 941 1797 1030; x_wconf 82' lang='lat' dir='ltr'><strong>eloquentia</strong></span> <span class='ocrx_word' id='word_1_93' title='bbox 1868 1013 1872 1023; x_wconf 51' lang='grc'><strong>,</strong></span> 
     </span>
     <span class='ocr_line' id='line_1_10' title="bbox 194 1058 1794 1154; baseline 0.003 -31"><span class='ocrx_word' id='word_1_94' title='bbox 194 1058 353 1127; x_wconf 88' lang='lat' dir='ltr'><strong>Tulliana!</strong></span> <span class='ocrx_word' id='word_1_95' title='bbox 378 1063 471 1128; x_wconf 89' lang='lat' dir='ltr'><strong>Hauc</strong></span> <span class='ocrx_word' id='word_1_96' title='bbox 490 1079 576 1129; x_wconf 89' lang='lat' dir='ltr'><strong>certe</strong></span> <span class='ocrx_word' id='word_1_97' title='bbox 592 1061 730 1128; x_wconf 89' lang='lat' dir='ltr'><strong>caudam</strong></span> <span class='ocrx_word' id='word_1_98' title='bbox 751 1083 819 1126; x_wconf 92' lang='lat' dir='ltr'><strong>non</strong></span> <span class='ocrx_word' id='word_1_99' title='bbox 840 1058 910 1125; x_wconf 89' lang='lat' dir='ltr'><strong>vult</strong></span> <span class='ocrx_word' id='word_1_100' title='bbox 923 1061 977 1126; x_wconf 89' lang='lat' dir='ltr'><strong>hic</strong></span> <span class='ocrx_word' id='word_1_101' title='bbox 998 1062 1115 1127; x_wconf 90' lang='lat' dir='ltr'><strong>asinus.</strong></span> <span class='ocrx_word' id='word_1_102' title='bbox 1139 1061 1226 1128; x_wconf 89' lang='lat' dir='ltr'><strong>Talis</strong></span> <span class='ocrx_word' id='word_1_103' title='bbox 1240 1059 1312 1127; x_wconf 90' lang='lat' dir='ltr'><strong>linis</strong></span> <span class='ocrx_word' id='word_1_104' title='bbox 1331 1062 1390 1127; x_wconf 90' lang='lat' dir='ltr'><strong>tali</strong></span> <span class='ocrx_word' id='word_1_105' title='bbox 1405 1062 1502 1154; x_wconf 89' lang='lat' dir='ltr'><strong>capiti</strong></span> <span class='ocrx_word' id='word_1_106' title='bbox 1524 1085 1590 1128; x_wconf 92' lang='lat' dir='ltr'><strong>non</strong></span> <span class='ocrx_word' id='word_1_107' title='bbox 1606 1061 1794 1152; x_wconf 84' lang='lat' dir='ltr'><strong>respondet.</strong></span> 
     </span>
     <span class='ocr_line' id='line_1_11' title="bbox 192 1178 1795 1272; baseline 0.003 -31"><span class='ocrx_word' id='word_1_108' title='bbox 192 1178 290 1245; x_wconf 88' lang='lat' dir='ltr'><strong>Unde</strong></span> <span class='ocrx_word' id='word_1_109' title='bbox 310 1181 407 1247; x_wconf 90' lang='lat' dir='ltr'><strong>etiam</strong></span> <span class='ocrx_word' id='word_1_110' title='bbox 423 1183 478 1272; x_wconf 87' lang='lat' dir='ltr'><strong>qui</strong></span> <span class='ocrx_word' id='word_1_111' title='bbox 494 1182 651 1264; x_wconf 80' lang='lat' dir='ltr'><strong>faverunt,</strong></span> <span class='ocrx_word' id='word_1_112' title='bbox 676 1203 781 1272; x_wconf 86' lang='lat' dir='ltr'><strong>pressa</strong></span> <span class='ocrx_word' id='word_1_113' title='bbox 800 1180 919 1264; x_wconf 85' lang='lat' dir='ltr'><strong>fronte,</strong></span> <span class='ocrx_word' id='word_1_114' title='bbox 941 1181 1095 1247; x_wconf 88' lang='lat' dir='ltr'><strong>ruborem</strong></span> <span class='ocrx_word' id='word_1_115' title='bbox 1113 1181 1249 1247; x_wconf 87' lang='lat' dir='ltr'><strong>confessi</strong></span> <span class='ocrx_word' id='word_1_116' title='bbox 1268 1197 1353 1247; x_wconf 92' lang='lat' dir='ltr'><strong>sunt.</strong></span> <span class='ocrx_word' id='word_1_117' title='bbox 1372 1181 1482 1247; x_wconf 87' lang='lat' dir='ltr'><strong>Placet</strong></span> <span class='ocrx_word' id='word_1_118' title='bbox 1501 1197 1618 1262; x_wconf 82' lang='lat' dir='ltr'><strong>etnon</strong></span> <span class='ocrx_word' id='word_1_119' title='bbox 1633 1182 1795 1247; x_wconf 89' lang='lat' dir='ltr'><strong>immerito</strong></span> 
     </span>
    </p>
   </div>
   <div class='ocr_carea' id='block_1_3' title="bbox 189 1299 1796 1509">
    <p class='ocr_par' dir='ltr' id='par_1_3' title="bbox 189 1299 1796 1509">
     <span class='ocr_line' id='line_1_12' title="bbox 189 1299 1796 1393; baseline 0.002 -30"><span class='ocrx_word' id='word_1_120' title='bbox 189 1299 277 1365; x_wconf 90' lang='lat' dir='ltr'><strong>hanc</strong></span> <span class='ocrx_word' id='word_1_121' title='bbox 293 1302 402 1392; x_wconf 89' lang='lat' dir='ltr'><strong>magni</strong></span> <span class='ocrx_word' id='word_1_122' title='bbox 417 1303 555 1367; x_wconf 91' lang='lat' dir='ltr'><strong>nominis</strong></span> <span class='ocrx_word' id='word_1_123' title='bbox 570 1301 720 1367; x_wconf 89' lang='lat' dir='ltr'><strong>umbram</strong></span> <span class='ocrx_word' id='word_1_124' title='bbox 731 1301 820 1393; x_wconf 83' lang='lat' dir='ltr'><strong>gregi</strong></span> <span class='ocrx_word' id='word_1_125' title='bbox 835 1299 964 1366; x_wconf 89' lang='lat' dir='ltr'><strong>illorum</strong></span> <span class='ocrx_word' id='word_1_126' title='bbox 979 1302 1229 1382; x_wconf 87' lang='lat' dir='ltr'><strong>communicare,</strong></span> <span class='ocrx_word' id='word_1_127' title='bbox 1245 1301 1286 1368; x_wconf 89' lang='lat' dir='ltr'><strong>de</strong></span> <span class='ocrx_word' id='word_1_128' title='bbox 1302 1302 1417 1392; x_wconf 88' lang='lat' dir='ltr'><strong>quibus</strong></span> <span class='ocrx_word' id='word_1_129' title='bbox 1434 1302 1556 1369; x_wconf 90' lang='lat' dir='ltr'><strong>dictum</strong></span> <span class='ocrx_word' id='word_1_130' title='bbox 1573 1300 1635 1369; x_wconf 83' lang='lat' dir='ltr'><strong>cst⁸</strong></span> <span class='ocrx_word' id='word_1_131' title='bbox 1655 1324 1664 1368; x_wconf 77' lang='lat' dir='ltr'><strong>t</strong></span> <span class='ocrx_word' id='word_1_132' title='bbox 1688 1333 1701 1359; x_wconf 72' lang='grc' dir='ltr'><strong>α</strong></span> <span class='ocrx_word' id='word_1_133' title='bbox 1711 1303 1796 1367; x_wconf 88' lang='lat' dir='ltr'><strong>Con-</strong></span> 
     </span>
     <span class='ocr_line' id='line_1_13' title="bbox 191 1396 1796 1509; baseline 0.001 -28"><span class='ocrx_word' id='word_1_134' title='bbox 191 1432 347 1504; x_wconf 88' lang='lat' dir='ltr'><strong>capcrunt</strong></span> <span class='ocrx_word' id='word_1_135' title='bbox 361 1430 510 1497; x_wconf 88' lang='lat' dir='ltr'><strong>ventum,</strong></span> <span class='ocrx_word' id='word_1_136' title='bbox 535 1431 568 1482; x_wconf 91' lang='lat' dir='ltr'><strong>et</strong></span> <span class='ocrx_word' id='word_1_137' title='bbox 583 1396 662 1482; x_wconf 72' lang='lat' dir='ltr'><strong>ielas</strong></span> <span class='ocrx_word' id='word_1_138' title='bbox 679 1437 805 1482; x_wconf 82' lang='lat' dir='ltr'><strong>araneas</strong></span> <span class='ocrx_word' id='word_1_139' title='bbox 821 1431 1005 1483; x_wconf 80' lang='lat' dir='ltr'><strong>texuerunt.</strong></span> <span class='ocrx_word' id='word_1_140' title='bbox 1019 1448 1034 1476; x_wconf 68' lang='grc' dir='ltr'>ι</span> <span class='ocrx_word' id='word_1_141' title='bbox 1056 1416 1211 1483; x_wconf 83' lang='lat' dir='ltr'><strong>Praefatus</strong></span> <span class='ocrx_word' id='word_1_142' title='bbox 1226 1440 1303 1483; x_wconf 87' lang='lat' dir='ltr'><strong>vero</strong></span> <span class='ocrx_word' id='word_1_143' title='bbox 1319 1418 1487 1509; x_wconf 90' lang='lat' dir='ltr'><strong>episcopus</strong></span> <span class='ocrx_word' id='word_1_144' title='bbox 1508 1419 1607 1484; x_wconf 88' lang='lat' dir='ltr'><strong>etiam</strong></span> <span class='ocrx_word' id='word_1_145' title='bbox 1627 1417 1796 1509; x_wconf 84' lang='lat' dir='ltr'><strong>praemissis</strong></span> 
     </span>
    </p>
   </div>
   <div class='ocr_carea' id='block_1_4' title="bbox 181 1529 1795 3184">
    <p class='ocr_par' dir='ltr' id='par_1_4' title="bbox 187 1529 1795 2104">
     <span class='ocr_line' id='line_1_14' title="bbox 188 1529 1791 1631; baseline 0.002 -33"><span class='ocrx_word' id='word_1_146' title='bbox 188 1531 394 1626; x_wconf 86' lang='lat' dir='ltr'><strong>adjungens:</strong></span> <span class='ocrx_word' id='word_1_147' title='bbox 424 1537 554 1618; x_wconf 86' lang='lat' dir='ltr'><strong>Petrus,</strong></span> <span class='ocrx_word' id='word_1_148' title='bbox 589 1537 711 1627; x_wconf 89' lang='lat' dir='ltr'><strong>inquit,</strong></span> <span class='ocrx_word' id='word_1_149' title='bbox 746 1558 873 1626; x_wconf 87' lang='lat' dir='ltr'><strong>semper</strong></span> <span class='ocrx_word' id='word_1_150' title='bbox 903 1536 1013 1602; x_wconf 88' lang='lat' dir='ltr'><strong>turbat</strong></span> <span class='ocrx_word' id='word_1_151' title='bbox 1037 1537 1232 1621; x_wconf 76' lang='lat' dir='ltr'><strong>Ecclesiam,</strong></span> <span class='ocrx_word' id='word_1_152' title='bbox 1266 1552 1392 1629; x_wconf 78' lang='lat' dir='ltr'><strong>semper</strong></span> <span class='ocrx_word' id='word_1_153' title='bbox 1418 1540 1579 1631; x_wconf 82' lang='lat' dir='ltr'><strong>excogitat</strong></span> <span class='ocrx_word' id='word_1_154' title='bbox 1595 1529 1791 1604; x_wconf 84' lang='lat' dir='ltr'><strong>novitatem.</strong></span> 
     </span>
     <span class='ocr_line' id='line_1_15' title="bbox 189 1647 1794 1748; baseline 0.002 -31"><span class='ocrx_word' id='word_1_155' title='bbox 189 1651 222 1716; x_wconf 94' lang='grc' dir='ltr'>Ο</span> <span class='ocrx_word' id='word_1_156' title='bbox 235 1658 396 1743; x_wconf 88' lang='lat' dir='ltr'><strong>tempora!</strong></span> <span class='ocrx_word' id='word_1_157' title='bbox 415 1680 437 1720; x_wconf 96' lang='lat' dir='ltr'><strong>o</strong></span> <span class='ocrx_word' id='word_1_158' title='bbox 452 1658 577 1722; x_wconf 87' lang='lat' dir='ltr'><strong>mores!</strong></span> <span class='ocrx_word' id='word_1_159' title='bbox 596 1655 648 1723; x_wconf 89' lang='lat' dir='ltr'><strong>Sic</strong></span> <span class='ocrx_word' id='word_1_160' title='bbox 660 1647 785 1743; x_wconf 82' lang='lat' dir='ltr'><strong>judicat</strong></span> <span class='ocrx_word' id='word_1_161' title='bbox 799 1654 840 1722; x_wconf 91' lang='lat' dir='ltr'><strong>de</strong></span> <span class='ocrx_word' id='word_1_162' title='bbox 856 1654 923 1721; x_wconf 91' lang='lat' dir='ltr'><strong>sole</strong></span> <span class='ocrx_word' id='word_1_163' title='bbox 935 1679 1049 1722; x_wconf 85' lang='lat' dir='ltr'><strong>caecus.</strong></span> <span class='ocrx_word' id='word_1_164' title='bbox 1070 1656 1122 1722; x_wconf 90' lang='lat' dir='ltr'><strong>Sic</strong></span> <span class='ocrx_word' id='word_1_165' title='bbox 1142 1658 1246 1748; x_wconf 89' lang='lat' dir='ltr'><strong>pingit</strong></span> <span class='ocrx_word' id='word_1_166' title='bbox 1260 1659 1294 1723; x_wconf 90' lang='lat' dir='ltr'><strong>in</strong></span> <span class='ocrx_word' id='word_1_167' title='bbox 1315 1659 1414 1724; x_wconf 90' lang='lat' dir='ltr'><strong>abore</strong></span> <span class='ocrx_word' id='word_1_168' title='bbox 1436 1682 1581 1724; x_wconf 89' lang='lat' dir='ltr'><strong>mancus.</strong></span> <span class='ocrx_word' id='word_1_169' title='bbox 1606 1657 1657 1723; x_wconf 90' lang='lat' dir='ltr'><strong>Sic</strong></span> <span class='ocrx_word' id='word_1_170' title='bbox 1679 1657 1794 1722; x_wconf 89' lang='lat' dir='ltr'><strong>urbem</strong></span> 
     </span>
     <span class='ocr_line' id='line_1_16' title="bbox 189 1773 1795 1866; baseline 0.001 -28"><span class='ocrx_word' id='word_1_171' title='bbox 189 1774 392 1861; x_wconf 79' lang='lat' dir='ltr'><strong>appreciatur</strong></span> <span class='ocrx_word' id='word_1_172' title='bbox 417 1775 542 1842; x_wconf 71' lang='lat' dir='ltr'><strong>asinus.</strong></span> <span class='ocrx_word' id='word_1_173' title='bbox 559 1775 611 1842; x_wconf 84' lang='lat' dir='ltr'><strong>Sic</strong></span> <span class='ocrx_word' id='word_1_174' title='bbox 637 1773 791 1841; x_wconf 89' lang='lat' dir='ltr'><strong>animales</strong></span> <span class='ocrx_word' id='word_1_175' title='bbox 814 1776 964 1866; x_wconf 87' lang='lat' dir='ltr'><strong>Episcopi</strong></span> <span class='ocrx_word' id='word_1_176' title='bbox 984 1775 1147 1863; x_wconf 85' lang='lat' dir='ltr'><strong>judicant,</strong></span> <span class='ocrx_word' id='word_1_177' title='bbox 1174 1777 1218 1842; x_wconf 90' lang='lat' dir='ltr'><strong>sic</strong></span> <span class='ocrx_word' id='word_1_178' title='bbox 1243 1799 1333 1843; x_wconf 89' lang='lat' dir='ltr'><strong>casus</strong></span> <span class='ocrx_word' id='word_1_179' title='bbox 1355 1777 1528 1859; x_wconf 90' lang='lat' dir='ltr'><strong>ventilant,</strong></span> <span class='ocrx_word' id='word_1_180' title='bbox 1553 1778 1598 1844; x_wconf 89' lang='lat' dir='ltr'><strong>sic</strong></span> <span class='ocrx_word' id='word_1_181' title='bbox 1621 1775 1795 1841; x_wconf 90' lang='lat' dir='ltr'><strong>discutiunt</strong></span> 
     </span>
     <span class='ocr_line' id='line_1_17' title="bbox 187 1895 1792 1990; baseline 0.004 -31"><span class='ocrx_word' id='word_1_182' title='bbox 187 1895 342 1962; x_wconf 86' lang='lat' dir='ltr'><strong>rationes.</strong></span> <span class='ocrx_word' id='word_1_183' title='bbox 370 1897 422 1965; x_wconf 84' lang='lat' dir='ltr'><strong>Sic</strong></span> <span class='ocrx_word' id='word_1_184' title='bbox 445 1915 591 1990; x_wconf 88' lang='lat' dir='ltr'><strong>pugnant</strong></span> <span class='ocrx_word' id='word_1_185' title='bbox 617 1916 731 1966; x_wconf 89' lang='lat' dir='ltr'><strong>contra</strong></span> <span class='ocrx_word' id='word_1_186' title='bbox 752 1922 827 1966; x_wconf 91' lang='lat' dir='ltr'><strong>eum</strong></span> <span class='ocrx_word' id='word_1_187' title='bbox 850 1898 908 1965; x_wconf 86' lang='lat' dir='ltr'><strong>filii</strong></span> <span class='ocrx_word' id='word_1_188' title='bbox 929 1901 1039 1967; x_wconf 88' lang='lat' dir='ltr'><strong>matris</strong></span> <span class='ocrx_word' id='word_1_189' title='bbox 1066 1923 1144 1966; x_wconf 86' lang='lat' dir='ltr'><strong>suaa.</strong></span> <span class='ocrx_word' id='word_1_190' title='bbox 1174 1899 1226 1966; x_wconf 89' lang='lat' dir='ltr'><strong>Sic</strong></span> <span class='ocrx_word' id='word_1_191' title='bbox 1245 1924 1316 1967; x_wconf 89' lang='lat' dir='ltr'><strong>sues</strong></span> <span class='ocrx_word' id='word_1_192' title='bbox 1338 1925 1450 1968; x_wconf 80' lang='lat' dir='ltr'><strong>massae</strong></span> <span class='ocrx_word' id='word_1_193' title='bbox 1476 1900 1626 1969; x_wconf 88' lang='lat' dir='ltr'><strong>adversus</strong></span> <span class='ocrx_word' id='word_1_194' title='bbox 1648 1901 1792 1966; x_wconf 86' lang='lat' dir='ltr'><strong>silentem</strong></span> 
     </span>
     <span class='ocr_line' id='line_1_18' title="bbox 187 2017 377 2104; baseline 0.011 -24"><span class='ocrx_word' id='word_1_195' title='bbox 187 2017 377 2104; x_wconf 84' lang='lat' dir='ltr'><strong>grunniunt.</strong></span> 
     </span>
    </p>

    <p class='ocr_par' dir='ltr' id='par_1_5' title="bbox 181 2135 1795 3184">
     <span class='ocr_line' id='line_1_19' title="bbox 233 2135 1794 2232; baseline 0.004 -33"><span class='ocrx_word' id='word_1_196' title='bbox 233 2135 322 2201; x_wconf 86' lang='lat' dir='ltr'><strong>Intra</strong></span> <span class='ocrx_word' id='word_1_197' title='bbox 349 2152 399 2202; x_wconf 92' lang='lat' dir='ltr'><strong>tot</strong></span> <span class='ocrx_word' id='word_1_198' title='bbox 416 2138 524 2229; x_wconf 88' lang='lat' dir='ltr'><strong>itaque</strong></span> <span class='ocrx_word' id='word_1_199' title='bbox 552 2155 585 2206; x_wconf 91' lang='lat' dir='ltr'><strong>et</strong></span> <span class='ocrx_word' id='word_1_200' title='bbox 606 2154 711 2204; x_wconf 88' lang='lat' dir='ltr'><strong>tantas</strong></span> <span class='ocrx_word' id='word_1_201' title='bbox 739 2140 912 2231; x_wconf 81' lang='lat' dir='ltr'><strong>angustias,</strong></span> <span class='ocrx_word' id='word_1_202' title='bbox 943 2138 1162 2232; x_wconf 84' lang='lat' dir='ltr'><strong>deprehensus</strong></span> <span class='ocrx_word' id='word_1_203' title='bbox 1191 2140 1381 2208; x_wconf 79' lang='lat' dir='ltr'><strong>Abalardus</strong></span> <span class='ocrx_word' id='word_1_204' title='bbox 1409 2139 1452 2207; x_wconf 92' lang='lat' dir='ltr'><strong>ad</strong></span> <span class='ocrx_word' id='word_1_205' title='bbox 1474 2143 1614 2207; x_wconf 87' lang='lat' dir='ltr'><strong>Romani</strong></span> <span class='ocrx_word' id='word_1_206' title='bbox 1637 2142 1794 2207; x_wconf 80' lang='lat' dir='ltr'><strong>examinis</strong></span> 
     </span>
     <span class='ocr_line' id='line_1_20' title="bbox 185 2254 1794 2353; baseline 0.006 -35"><span class='ocrx_word' id='word_1_207' title='bbox 185 2254 332 2347; x_wconf 88' lang='lat' dir='ltr'><strong>confugit</strong></span> <span class='ocrx_word' id='word_1_208' title='bbox 349 2256 482 2348; x_wconf 83' lang='lat' dir='ltr'><strong>asylum.</strong></span> <span class='ocrx_word' id='word_1_209' title='bbox 502 2259 601 2325; x_wconf 72' lang='lat' dir='ltr'><strong>Filius</strong></span> <span class='ocrx_word' id='word_1_210' title='bbox 616 2283 700 2343; x_wconf 88' lang='lat' dir='ltr'><strong>sum,</strong></span> <span class='ocrx_word' id='word_1_211' title='bbox 717 2261 833 2348; x_wconf 89' lang='lat' dir='ltr'><strong>inquit,</strong></span> <span class='ocrx_word' id='word_1_212' title='bbox 850 2261 1006 2326; x_wconf 81' lang='lat' dir='ltr'><strong>Romanae</strong></span> <span class='ocrx_word' id='word_1_213' title='bbox 1021 2259 1176 2327; x_wconf 80' lang='lat' dir='ltr'><strong>ecclesias.</strong></span> <span class='ocrx_word' id='word_1_214' title='bbox 1194 2259 1279 2327; x_wconf 85' lang='lat' dir='ltr'><strong>Volo</strong></span> <span class='ocrx_word' id='word_1_215' title='bbox 1297 2284 1392 2327; x_wconf 89' lang='lat' dir='ltr'><strong>causa</strong></span> <span class='ocrx_word' id='word_1_216' title='bbox 1406 2284 1480 2328; x_wconf 89' lang='lat' dir='ltr'><strong>mea</strong></span> <span class='ocrx_word' id='word_1_217' title='bbox 1498 2262 1588 2351; x_wconf 89' lang='lat' dir='ltr'><strong>quasi</strong></span> <span class='ocrx_word' id='word_1_218' title='bbox 1603 2262 1694 2353; x_wconf 93' lang='lat' dir='ltr'><strong>impii</strong></span> <span class='ocrx_word' id='word_1_219' title='bbox 1705 2260 1794 2349; x_wconf 85' lang='lat' dir='ltr'><strong>judi·</strong></span> 
     </span>
     <span class='ocr_line' id='line_1_21' title="bbox 184 2377 1795 2471; baseline 0.006 -34"><span class='ocrx_word' id='word_1_220' title='bbox 184 2388 289 2442; x_wconf 85' lang='lat' dir='ltr'><strong>cetur.</strong></span> <span class='ocrx_word' id='word_1_221' title='bbox 311 2378 469 2444; x_wconf 86' lang='lat' dir='ltr'><strong>Caesarem</strong></span> <span class='ocrx_word' id='word_1_222' title='bbox 489 2377 628 2469; x_wconf 89' lang='lat' dir='ltr'><strong>appello.</strong></span> <span class='ocrx_word' id='word_1_223' title='bbox 647 2379 691 2443; x_wconf 87' lang='lat' dir='ltr'><strong>At</strong></span> <span class='ocrx_word' id='word_1_224' title='bbox 706 2379 888 2445; x_wconf 90' lang='lat' dir='ltr'><strong>Bernardus</strong></span> <span class='ocrx_word' id='word_1_225' title='bbox 906 2379 1034 2463; x_wconf 88' lang='lat' dir='ltr'><strong>Abbas,</strong></span> <span class='ocrx_word' id='word_1_226' title='bbox 1053 2382 1088 2445; x_wconf 89' lang='lat' dir='ltr'><strong>in</strong></span> <span class='ocrx_word' id='word_1_227' title='bbox 1104 2382 1194 2468; x_wconf 87' lang='lat' dir='ltr'><strong>cujus</strong></span> <span class='ocrx_word' id='word_1_228' title='bbox 1208 2379 1342 2447; x_wconf 90' lang='lat' dir='ltr'><strong>brachio</strong></span> <span class='ocrx_word' id='word_1_229' title='bbox 1358 2379 1479 2447; x_wconf 87' lang='lat' dir='ltr'><strong>fidebat</strong></span> <span class='ocrx_word' id='word_1_230' title='bbox 1494 2379 1666 2471; x_wconf 77' lang='lat' dir='ltr'><strong>praesidum</strong></span> <span class='ocrx_word' id='word_1_231' title='bbox 1684 2379 1795 2447; x_wconf 91' lang='lat' dir='ltr'><strong>multi-</strong></span> 
     </span>
     <span class='ocr_line' id='line_1_22' title="bbox 184 2491 1792 2591; baseline 0.006 -34"><span class='ocrx_word' id='word_1_232' title='bbox 184 2491 286 2573; x_wconf 91' lang='lat' dir='ltr'><strong>tudo,</strong></span> <span class='ocrx_word' id='word_1_233' title='bbox 311 2518 377 2561; x_wconf 91' lang='lat' dir='ltr'><strong>non</strong></span> <span class='ocrx_word' id='word_1_234' title='bbox 402 2497 498 2581; x_wconf 85' lang='lat' dir='ltr'><strong>dixit,</strong></span> <span class='ocrx_word' id='word_1_235' title='bbox 522 2514 559 2564; x_wconf 91' lang='lat' dir='ltr'><strong>nt</strong></span> <span class='ocrx_word' id='word_1_236' title='bbox 581 2499 701 2564; x_wconf 82' lang='lat' dir='ltr'><strong>Praeses</strong></span> <span class='ocrx_word' id='word_1_237' title='bbox 721 2500 775 2588; x_wconf 91' lang='lat' dir='ltr'><strong>qui</strong></span> <span class='ocrx_word' id='word_1_238' title='bbox 800 2499 932 2565; x_wconf 89' lang='lat' dir='ltr'><strong>tenebat</strong></span> <span class='ocrx_word' id='word_1_239' title='bbox 956 2500 1093 2567; x_wconf 90' lang='lat' dir='ltr'><strong>Paulum</strong></span> <span class='ocrx_word' id='word_1_240' title='bbox 1118 2502 1152 2565; x_wconf 91' lang='lat' dir='ltr'><strong>in</strong></span> <span class='ocrx_word' id='word_1_241' title='bbox 1177 2500 1311 2566; x_wconf 90' lang='lat' dir='ltr'><strong>vinculis</strong></span> <span class='ocrx_word' id='word_1_242' title='bbox 1325 2524 1338 2566; x_wconf 81' lang='grc' dir='ltr'><strong>ι</strong></span> <span class='ocrx_word' id='word_1_243' title='bbox 1356 2502 1514 2567; x_wconf 77' lang='lat' dir='ltr'><strong>Caesarem</strong></span> <span class='ocrx_word' id='word_1_244' title='bbox 1538 2500 1721 2591; x_wconf 84' lang='lat' dir='ltr'><strong>appellasti,</strong></span> <span class='ocrx_word' id='word_1_245' title='bbox 1749 2501 1792 2566; x_wconf 90' lang='lat' dir='ltr'><strong>ad</strong></span> 
     </span>
     <span class='ocr_line' id='line_1_23' title="bbox 183 2613 1791 2710; baseline 0.004 -33"><span class='ocrx_word' id='word_1_246' title='bbox 183 2613 344 2679; x_wconf 71' lang='lat' dir='ltr'><strong>Caesarem</strong></span> <span class='ocrx_word' id='word_1_247' title='bbox 357 2614 435 2699; x_wconf 82' lang='lat' dir='ltr'><strong>ibis3</strong></span> <span class='ocrx_word' id='word_1_248' title='bbox 448 2614 522 2682; x_wconf 88' lang='lat' dir='ltr'><strong>sed:</strong></span> <span class='ocrx_word' id='word_1_249' title='bbox 536 2618 695 2682; x_wconf 86' lang='lat' dir='ltr'><strong>Caesarem</strong></span> <span class='ocrx_word' id='word_1_250' title='bbox 708 2616 885 2708; x_wconf 89' lang='lat' dir='ltr'><strong>appellasti,</strong></span> <span class='ocrx_word' id='word_1_251' title='bbox 899 2617 942 2684; x_wconf 91' lang='lat' dir='ltr'><strong>ad</strong></span> <span class='ocrx_word' id='word_1_252' title='bbox 957 2620 1117 2685; x_wconf 84' lang='lat' dir='ltr'><strong>Caesarem</strong></span> <span class='ocrx_word' id='word_1_253' title='bbox 1129 2643 1196 2685; x_wconf 91' lang='lat' dir='ltr'><strong>non</strong></span> <span class='ocrx_word' id='word_1_254' title='bbox 1208 2620 1499 2686; x_wconf 77' lang='lat' dir='ltr'><strong>ibisllenunciavit</strong></span> <span class='ocrx_word' id='word_1_255' title='bbox 1513 2620 1601 2686; x_wconf 89' lang='lat' dir='ltr'><strong>enim</strong></span> <span class='ocrx_word' id='word_1_256' title='bbox 1616 2642 1688 2709; x_wconf 85' lang='lat' dir='ltr'><strong>quae</strong></span> <span class='ocrx_word' id='word_1_257' title='bbox 1704 2634 1791 2710; x_wconf 85' lang='lat' dir='ltr'><strong>gesta</strong></span> 
     </span>
     <span class='ocr_line' id='line_1_24' title="bbox 184 2732 1789 2831; baseline 0.004 -34"><span class='ocrx_word' id='word_1_258' title='bbox 184 2732 517 2824; x_wconf 83' lang='lat' dir='ltr'><strong>fuerantApostolioo,</strong></span> <span class='ocrx_word' id='word_1_259' title='bbox 529 2751 562 2801; x_wconf 89' lang='lat' dir='ltr'><strong>et</strong></span> <span class='ocrx_word' id='word_1_260' title='bbox 574 2737 681 2802; x_wconf 88' lang='lat' dir='ltr'><strong>statim</strong></span> <span class='ocrx_word' id='word_1_261' title='bbox 691 2759 711 2801; x_wconf 91' lang='lat' dir='ltr'><strong>a</strong></span> <span class='ocrx_word' id='word_1_262' title='bbox 723 2759 857 2803; x_wconf 85' lang='lat' dir='ltr'><strong>romana</strong></span> <span class='ocrx_word' id='word_1_263' title='bbox 869 2737 945 2804; x_wconf 88' lang='lat' dir='ltr'><strong>sede</strong></span> <span class='ocrx_word' id='word_1_264' title='bbox 954 2738 1088 2805; x_wconf 69' lang='lat' dir='ltr'><strong>littera*</strong></span> <span class='ocrx_word' id='word_1_265' title='bbox 1103 2739 1319 2806; x_wconf 89' lang='lat' dir='ltr'><strong>damnationis</strong></span> <span class='ocrx_word' id='word_1_266' title='bbox 1329 2740 1365 2805; x_wconf 89' lang='lat' dir='ltr'><strong>in</strong></span> <span class='ocrx_word' id='word_1_267' title='bbox 1376 2741 1507 2807; x_wconf 84' lang='lat' dir='ltr'><strong>Petrum</strong></span> <span class='ocrx_word' id='word_1_268' title='bbox 1518 2761 1577 2831; x_wconf 89' lang='lat' dir='ltr'><strong>per</strong></span> <span class='ocrx_word' id='word_1_269' title='bbox 1590 2739 1789 2807; x_wconf 82' lang='lat' dir='ltr'><strong>Gallicanam</strong></span> 
     </span>
     <span class='ocr_line' id='line_1_25' title="bbox 183 2852 1787 2951; baseline 0.003 -33"><span class='ocrx_word' id='word_1_270' title='bbox 183 2852 361 2919; x_wconf 87' lang='lat' dir='ltr'><strong>Ecclesiam</strong></span> <span class='ocrx_word' id='word_1_271' title='bbox 386 2855 587 2922; x_wconf 85' lang='lat' dir='ltr'><strong>volaverunt.</strong></span> <span class='ocrx_word' id='word_1_272' title='bbox 616 2858 795 2923; x_wconf 75' lang='lat' dir='ltr'><strong>Damnatam</strong></span> <span class='ocrx_word' id='word_1_273' title='bbox 819 2857 925 2924; x_wconf 87' lang='lat' dir='ltr'><strong>taliter</strong></span> <span class='ocrx_word' id='word_1_274' title='bbox 949 2880 985 2923; x_wconf 93' lang='lat' dir='ltr'><strong>os</strong></span> <span class='ocrx_word' id='word_1_275' title='bbox 1009 2858 1105 2940; x_wconf 92' lang='lat' dir='ltr'><strong>illud,</strong></span> <span class='ocrx_word' id='word_1_276' title='bbox 1129 2860 1391 2951; x_wconf 85' lang='lat' dir='ltr'><strong>promptuarium</strong></span> <span class='ocrx_word' id='word_1_277' title='bbox 1411 2861 1563 2945; x_wconf 85' lang='lat' dir='ltr'><strong>rationis,</strong></span> <span class='ocrx_word' id='word_1_278' title='bbox 1586 2860 1667 2926; x_wconf 91' lang='lat' dir='ltr'><strong>tuba</strong></span> <span class='ocrx_word' id='word_1_279' title='bbox 1693 2859 1787 2941; x_wconf 86' lang='lat' dir='ltr'><strong>fidei,</strong></span> 
     </span>
     <span class='ocr_line' id='line_1_26' title="bbox 182 2970 1789 3097; baseline 0.006 -63"><span class='ocrx_word' id='word_1_280' title='bbox 182 2970 359 3063; x_wconf 90' lang='lat' dir='ltr'><strong>hospitium</strong></span> <span class='ocrx_word' id='word_1_281' title='bbox 380 2975 554 3042; x_wconf 85' lang='lat' dir='ltr'><strong>Trinitatis.</strong></span> <span class='ocrx_word' id='word_1_282' title='bbox 586 2977 776 3062; x_wconf 77' lang='lat' dir='ltr'><strong>Damnatus,</strong></span> <span class='ocrx_word' id='word_1_283' title='bbox 800 2977 883 3070; x_wconf 88' lang='lat' dir='ltr'><strong>proh</strong></span> <span class='ocrx_word' id='word_1_284' title='bbox 912 2976 1026 3044; x_wconf 88' lang='lat' dir='ltr'><strong>dolor!</strong></span> <span class='ocrx_word' id='word_1_285' title='bbox 1050 2978 1181 3066; x_wconf 89' lang='lat' dir='ltr'><strong>absens,</strong></span> <span class='ocrx_word' id='word_1_286' title='bbox 1212 2980 1376 3097; x_wconf 83' lang='lat' dir='ltr'><strong>inauditus</strong></span> <span class='ocrx_word' id='word_1_287' title='bbox 1398 2996 1448 3047; x_wconf 88' lang='lat' dir='ltr'><strong>ct</strong></span> <span class='ocrx_word' id='word_1_288' title='bbox 1455 2981 1666 3047; x_wconf 85' lang='lat' dir='ltr'><strong>inconvictus.</strong></span> <span class='ocrx_word' id='word_1_289' title='bbox 1699 2978 1789 3065; x_wconf 89' lang='lat' dir='ltr'><strong>Quid</strong></span> 
     </span>
     <span class='ocr_line' id='line_1_27' title="bbox 181 3088 872 3184; baseline 0.014 -30"><span class='ocrx_word' id='word_1_290' title='bbox 181 3088 312 3157; x_wconf 84' lang='lat' dir='ltr'><strong>dicam?</strong></span> <span class='ocrx_word' id='word_1_291' title='bbox 327 3095 444 3184; x_wconf 89' lang='lat' dir='ltr'><strong>quidve</strong></span> <span class='ocrx_word' id='word_1_292' title='bbox 462 3119 529 3162; x_wconf 89' lang='lat' dir='ltr'><strong>non</strong></span> <span class='ocrx_word' id='word_1_293' title='bbox 545 3096 675 3163; x_wconf 84' lang='lat' dir='ltr'><strong>dicam?</strong></span> <span class='ocrx_word' id='word_1_294' title='bbox 691 3097 872 3183; x_wconf 89' lang='lat' dir='ltr'><strong>Bernarde,</strong></span> 
     </span>
    </p>
   </div>
   <div class='ocr_carea' id='block_1_5' title="bbox 501 3328 1358 3785">
    <p class='ocr_par' dir='ltr' id='par_1_6' title="bbox 503 3328 1269 3504">
     <span class='ocr_line' id='line_1_28' title="bbox 503 3328 1269 3411; baseline 0.008 -25"><span class='ocrx_word' id='word_1_295' title='bbox 503 3328 550 3387; x_wconf 85' lang='lat' dir='ltr'><strong>Nil</strong></span> <span class='ocrx_word' id='word_1_296' title='bbox 567 3347 641 3408; x_wconf 86' lang='lat' dir='ltr'><strong>opus</strong></span> <span class='ocrx_word' id='word_1_297' title='bbox 654 3341 698 3389; x_wconf 88' lang='lat' dir='ltr'><strong>est</strong></span> <span class='ocrx_word' id='word_1_298' title='bbox 710 3328 801 3405; x_wconf 88' lang='lat' dir='ltr'><strong>bello,</strong></span> <span class='ocrx_word' id='word_1_299' title='bbox 814 3330 930 3390; x_wconf 87' lang='lat' dir='ltr'><strong>veniam</strong></span> <span class='ocrx_word' id='word_1_300' title='bbox 946 3349 1105 3411; x_wconf 82' lang='lat' dir='ltr'><strong>pacemque</strong></span> <span class='ocrx_word' id='word_1_301' title='bbox 1119 3350 1269 3411; x_wconf 81' lang='lat' dir='ltr'><strong>rogamus,</strong></span> 
     </span>
     <span class='ocr_line' id='line_1_29' title="bbox 582 3421 1208 3504; baseline 0.01 -24"><span class='ocrx_word' id='word_1_302' title='bbox 582 3421 761 3504; x_wconf 84' lang='lat' dir='ltr'><strong>Porrigimus</strong></span> <span class='ocrx_word' id='word_1_303' title='bbox 771 3424 886 3501; x_wconf 83' lang='lat' dir='ltr'><strong>junctas</strong></span> <span class='ocrx_word' id='word_1_304' title='bbox 900 3423 938 3484; x_wconf 91' lang='lat' dir='ltr'><strong>ad</strong></span> <span class='ocrx_word' id='word_1_305' title='bbox 953 3437 1002 3485; x_wconf 91' lang='lat' dir='ltr'><strong>tua</strong></span> <span class='ocrx_word' id='word_1_306' title='bbox 1016 3425 1079 3485; x_wconf 87' lang='lat' dir='ltr'><strong>lora</strong></span> <span class='ocrx_word' id='word_1_307' title='bbox 1092 3445 1208 3486; x_wconf 83' lang='lat' dir='ltr'><strong>manus.</strong></span> 
     </span>
    </p>

    <p class='ocr_par' dir='ltr' id='par_1_7' title="bbox 507 3516 1222 3600">
     <span class='ocr_line' id='line_1_30' title="bbox 507 3516 1222 3600; baseline 0.007 -26"><span class='ocrx_word' id='word_1_308' title='bbox 507 3518 581 3576; x_wconf 79' lang='lat' dir='ltr'><strong>lura</strong></span> <span class='ocrx_word' id='word_1_309' title='bbox 595 3516 699 3576; x_wconf 88' lang='lat' dir='ltr'><strong>cadent</strong></span> <span class='ocrx_word' id='word_1_310' title='bbox 712 3537 821 3594; x_wconf 88' lang='lat' dir='ltr'><strong>rerum,</strong></span> <span class='ocrx_word' id='word_1_311' title='bbox 837 3529 968 3579; x_wconf 88' lang='lat' dir='ltr'><strong>vertetur</strong></span> <span class='ocrx_word' id='word_1_312' title='bbox 983 3519 1094 3579; x_wconf 88' lang='lat' dir='ltr'><strong>sanctio</strong></span> <span class='ocrx_word' id='word_1_313' title='bbox 1111 3520 1222 3600; x_wconf 82' lang='lat' dir='ltr'><strong>legum,</strong></span> 
     </span>
    </p>

    <p class='ocr_par' dir='ltr' id='par_1_8' title="bbox 503 3608 1197 3694">
     <span class='ocr_line' id='line_1_31' title="bbox 503 3608 1197 3694; baseline 0.006 -27"><span class='ocrx_word' id='word_1_314' title='bbox 503 3609 534 3668; x_wconf 89' lang='lat' dir='ltr'><strong>si</strong></span> <span class='ocrx_word' id='word_1_315' title='bbox 548 3608 603 3684; x_wconf 88' lang='lat' dir='ltr'><strong>vis,</strong></span> <span class='ocrx_word' id='word_1_316' title='bbox 618 3610 643 3670; x_wconf 88' lang='lat' dir='ltr'><strong>si</strong></span> <span class='ocrx_word' id='word_1_317' title='bbox 657 3610 789 3688; x_wconf 88' lang='lat' dir='ltr'><strong>mandas,</strong></span> <span class='ocrx_word' id='word_1_318' title='bbox 800 3612 826 3671; x_wconf 88' lang='lat' dir='ltr'><strong>si</strong></span> <span class='ocrx_word' id='word_1_319' title='bbox 838 3612 879 3671; x_wconf 88' lang='lat' dir='ltr'><strong>sic</strong></span> <span class='ocrx_word' id='word_1_320' title='bbox 892 3610 1026 3673; x_wconf 90' lang='lat' dir='ltr'><strong>decernis</strong></span> <span class='ocrx_word' id='word_1_321' title='bbox 1038 3612 1197 3694; x_wconf 86' lang='lat' dir='ltr'><strong>agendum,</strong></span> 
     </span>
    </p>

    <p class='ocr_par' dir='ltr' id='par_1_9' title="bbox 501 3703 1358 3785">
     <span class='ocr_line' id='line_1_32' title="bbox 501 3703 1358 3785; baseline 0.004 -23"><span class='ocrx_word' id='word_1_322' title='bbox 501 3703 595 3776; x_wconf 85' lang='lat' dir='ltr'><strong>Quem</strong></span> <span class='ocrx_word' id='word_1_323' title='bbox 609 3723 698 3783; x_wconf 87' lang='lat' dir='ltr'><strong>penes</strong></span> <span class='ocrx_word' id='word_1_324' title='bbox 710 3703 862 3765; x_wconf 83' lang='lat' dir='ltr'><strong>arbitrium</strong></span> <span class='ocrx_word' id='word_1_325' title='bbox 877 3719 931 3777; x_wconf 83' lang='lat' dir='ltr'><strong>est,</strong></span> <span class='ocrx_word' id='word_1_326' title='bbox 944 3719 973 3766; x_wconf 88' lang='lat' dir='ltr'><strong>et</strong></span> <span class='ocrx_word' id='word_1_327' title='bbox 985 3706 1040 3780; x_wconf 89' lang='lat' dir='ltr'><strong>vis,</strong></span> <span class='ocrx_word' id='word_1_328' title='bbox 1053 3719 1082 3768; x_wconf 88' lang='lat' dir='ltr'><strong>et</strong></span> <span class='ocrx_word' id='word_1_329' title='bbox 1092 3726 1197 3767; x_wconf 90' lang='lat' dir='ltr'><strong>norma</strong></span> <span class='ocrx_word' id='word_1_330' title='bbox 1209 3705 1358 3785; x_wconf 86' lang='lat' dir='ltr'><strong>loquendi.</strong></span> 
     </span>
    </p>
   </div>
   <div class='ocr_carea' id='block_1_6' title="bbox 178 3911 1784 4257">
    <p class='ocr_par' dir='ltr' id='par_1_10' title="bbox 178 3911 1784 4257">
     <span class='ocr_line' id='line_1_33' title="bbox 179 3911 1782 4016; baseline 0.007 -39"><span class='ocrx_word' id='word_1_331' title='bbox 179 3911 278 3998; x_wconf 83' lang='lat' dir='ltr'><strong>Cujus</strong></span> <span class='ocrx_word' id='word_1_332' title='bbox 292 3937 446 4005; x_wconf 88' lang='lat' dir='ltr'><strong>unquam,</strong></span> <span class='ocrx_word' id='word_1_333' title='bbox 464 3919 537 3985; x_wconf 89' lang='lat' dir='ltr'><strong>lesu</strong></span> <span class='ocrx_word' id='word_1_334' title='bbox 553 3921 652 4003; x_wconf 91' lang='lat' dir='ltr'><strong>bone,</strong></span> <span class='ocrx_word' id='word_1_335' title='bbox 668 3925 762 4016; x_wconf 88' lang='lat' dir='ltr'><strong>culpa</strong></span> <span class='ocrx_word' id='word_1_336' title='bbox 775 3943 842 3992; x_wconf 89' lang='lat' dir='ltr'><strong>tam</strong></span> <span class='ocrx_word' id='word_1_337' title='bbox 859 3951 961 3994; x_wconf 75' lang='lat' dir='ltr'><strong>cacos</strong></span> <span class='ocrx_word' id='word_1_338' title='bbox 978 3929 1093 3995; x_wconf 89' lang='lat' dir='ltr'><strong>hahuit</strong></span> <span class='ocrx_word' id='word_1_339' title='bbox 1104 3927 1241 4015; x_wconf 87' lang='lat' dir='ltr'><strong>judices,</strong></span> <span class='ocrx_word' id='word_1_340' title='bbox 1259 3944 1379 3993; x_wconf 89' lang='lat' dir='ltr'><strong>utnon</strong></span> <span class='ocrx_word' id='word_1_341' title='bbox 1399 3928 1547 4016; x_wconf 84' lang='lat' dir='ltr'><strong>utrinque</strong></span> <span class='ocrx_word' id='word_1_342' title='bbox 1563 3945 1667 3988; x_wconf 83' lang='lat' dir='ltr'><strong>causae</strong></span> <span class='ocrx_word' id='word_1_343' title='bbox 1682 3923 1782 3989; x_wconf 88' lang='lat' dir='ltr'><strong>latera</strong></span> 
     </span>
     <span class='ocr_line' id='line_1_34' title="bbox 178 4032 1784 4138; baseline 0.02 -43"><span class='ocrx_word' id='word_1_344' title='bbox 178 4032 392 4100; x_wconf 75' lang='lat' dir='ltr'><strong>ventilarent?</strong></span> <span class='ocrx_word' id='word_1_345' title='bbox 417 4053 546 4105; x_wconf 89' lang='lat' dir='ltr'><strong>utnon</strong></span> <span class='ocrx_word' id='word_1_346' title='bbox 571 4042 608 4127; x_wconf 24' lang='lat' dir='ltr'><strong>in·</strong></span> <span class='ocrx_word' id='word_1_347' title='bbox 632 4067 730 4131; x_wconf 91' lang='lat' dir='ltr'><strong>quam</strong></span> <span class='ocrx_word' id='word_1_348' title='bbox 750 4048 962 4136; x_wconf 85' lang='lat' dir='ltr'><strong>potissimum·</strong></span> <span class='ocrx_word' id='word_1_349' title='bbox 972 4065 1099 4138; x_wconf 88' lang='lat' dir='ltr'><strong>partem</strong></span> <span class='ocrx_word' id='word_1_350' title='bbox 1120 4052 1173 4135; x_wconf 87' lang='lat' dir='ltr'><strong>jus</strong></span> <span class='ocrx_word' id='word_1_351' title='bbox 1197 4063 1345 4135; x_wconf 82' lang='lat' dir='ltr'><strong>vergeret</strong></span> <span class='ocrx_word' id='word_1_352' title='bbox 1370 4043 1561 4111; x_wconf 84' lang='lat' dir='ltr'><strong>elimarent?</strong></span> <span class='ocrx_word' id='word_1_353' title='bbox 1588 4043 1644 4110; x_wconf 87' lang='lat' dir='ltr'><strong>Isti</strong></span> <span class='ocrx_word' id='word_1_354' title='bbox 1670 4042 1784 4126; x_wconf 56' lang='grc' dir='ltr'><strong>οΙιιιιὸἰ5</strong></span> 
     </span>
     <span class='ocr_line' id='line_1_35' title="bbox 178 4148 1783 4257; baseline 0.008 -40"><span class='ocrx_word' id='word_1_355' title='bbox 178 4148 281 4218; x_wconf 81' lang='lat' dir='ltr'><strong>oculis</strong></span> <span class='ocrx_word' id='word_1_356' title='bbox 295 4152 429 4244; x_wconf 88' lang='lat' dir='ltr'><strong>palpant</strong></span> <span class='ocrx_word' id='word_1_357' title='bbox 444 4158 623 4250; x_wconf 84' lang='lat' dir='ltr'><strong>negotium,</strong></span> <span class='ocrx_word' id='word_1_358' title='bbox 648 4176 682 4227; x_wconf 91' lang='lat' dir='ltr'><strong>et</strong></span> <span class='ocrx_word' id='word_1_359' title='bbox 701 4164 791 4251; x_wconf 86' lang='lat' dir='ltr'><strong>quasi</strong></span> <span class='ocrx_word' id='word_1_360' title='bbox 807 4162 925 4229; x_wconf 89' lang='lat' dir='ltr'><strong>oculati</strong></span> <span class='ocrx_word' id='word_1_361' title='bbox 940 4186 1049 4233; x_wconf 75' lang='lat' dir='ltr'><strong>mrum</strong></span> <span class='ocrx_word' id='word_1_362' title='bbox 1068 4165 1249 4257; x_wconf 87' lang='lat' dir='ltr'><strong>cognitores</strong></span> <span class='ocrx_word' id='word_1_363' title='bbox 1265 4186 1342 4229; x_wconf 88' lang='lat' dir='ltr'><strong>arcu</strong></span> <span class='ocrx_word' id='word_1_364' title='bbox 1361 4164 1537 4254; x_wconf 83' lang='lat' dir='ltr'><strong>iniquitatis</strong></span> <span class='ocrx_word' id='word_1_365' title='bbox 1551 4164 1678 4230; x_wconf 89' lang='lat' dir='ltr'><strong>intenso</strong></span> <span class='ocrx_word' id='word_1_366' title='bbox 1695 4165 1783 4229; x_wconf 85' lang='lat' dir='ltr'><strong>toxi-</strong></span> 
     </span>
    </p>
   </div>
   <div class='ocr_carea' id='block_1_7' title="bbox 173 4456 1779 4616">
    <p class='ocr_par' dir='ltr' id='par_1_11' title="bbox 173 4456 1779 4614">
     <span class='ocr_line' id='line_1_36' title="bbox 205 4456 1779 4534; baseline 0.005 -26"><span class='ocrx_word' id='word_1_367' title='bbox 205 4456 349 4513; x_wconf 61' lang='lat' dir='ltr'><strong>micton.</strong></span> <span class='ocrx_word' id='word_1_368' title='bbox 373 4466 445 4520; x_wconf 58' lang='grc' dir='ltr'><strong>Μ.</strong></span> <span class='ocrx_word' id='word_1_369' title='bbox 467 4464 540 4517; x_wconf 75' lang='lat' dir='ltr'><strong>Ant.</strong></span> <span class='ocrx_word' id='word_1_370' title='bbox 562 4464 790 4518; x_wconf 62' lang='lat' dir='ltr'><strong>fidelissimam</strong></span> <span class='ocrx_word' id='word_1_371' title='bbox 817 4466 952 4533; x_wconf 59' lang='lat' dir='ltr'><strong>lucrinum</strong></span> <span class='ocrx_word' id='word_1_372' title='bbox 1006 4468 1083 4521; x_wconf 71' lang='lat' dir='ltr'><strong>*tat</strong></span> <span class='ocrx_word' id='word_1_373' title='bbox 1085 4483 1165 4534; x_wconf 85' lang='lat' dir='ltr'><strong>‚.cvp</strong></span> <span class='ocrx_word' id='word_1_374' title='bbox 1178 4479 1228 4533; x_wconf 83' lang='lat' dir='ltr'><strong>ut,</strong></span> <span class='ocrx_word' id='word_1_375' title='bbox 1245 4470 1415 4522; x_wconf 27' lang='lat' dir='ltr'><strong>vw-lctt.</strong></span> <span class='ocrx_word' id='word_1_376' title='bbox 1425 4467 1518 4519; x_wconf 37' lang='lat' dir='ltr'><strong>&amp;amb</strong></span> <span class='ocrx_word' id='word_1_377' title='bbox 1535 4465 1696 4530; x_wconf 69' lang='lat' dir='ltr'><strong>litemqncd</strong></span> <span class='ocrx_word' id='word_1_378' title='bbox 1707 4477 1779 4516; x_wconf 84' lang='lat' dir='ltr'><strong>sensu</strong></span> 
     </span>
     <span class='ocr_line' id='line_1_37' title="bbox 173 4539 1081 4616; baseline 0 -17"><span class='ocrx_word' id='word_1_379' title='bbox 173 4539 240 4599; x_wconf 66' lang='lat' dir='ltr'><strong>*laod</strong></span> <span class='ocrx_word' id='word_1_380' title='bbox 271 4554 344 4595; x_wconf 82' lang='lat' dir='ltr'><strong>sensu</strong></span> <span class='ocrx_word' id='word_1_381' title='bbox 363 4553 439 4598; x_wconf 79' lang='lat' dir='ltr'><strong>caret.</strong></span> <span class='ocrx_word' id='word_1_382' title='bbox 456 4547 641 4612; x_wconf 45' lang='lat' dir='ltr'><strong>accunt,</strong></span> <span class='ocrx_word' id='word_1_383' title='bbox 653 4546 671 4600; x_wconf 91' lang='lat' dir='ltr'><strong>l</strong></span> <span class='ocrx_word' id='word_1_384' title='bbox 671 4561 751 4614; x_wconf 79' lang='lat' dir='ltr'><strong>,cap</strong></span> <span class='ocrx_word' id='word_1_385' title='bbox 772 4562 830 4616; x_wconf 76' lang='lat' dir='ltr'><strong>riu,</strong></span> <span class='ocrx_word' id='word_1_386' title='bbox 848 4564 872 4602; x_wconf 89' lang='lat' dir='ltr'><strong>v</strong></span> <span class='ocrx_word' id='word_1_387' title='bbox 888 4557 953 4603; x_wconf 88' lang='lat' dir='ltr'><strong>t.-</strong></span> <span class='ocrx_word' id='word_1_388' title='bbox 1007 4558 1081 4600; x_wconf 85' lang='lat' dir='ltr'><strong>caret.</strong></span> 
     </span>
    </p>
   </div>
   <div class='ocr_carea' id='block_1_8' title="bbox 0 0 2284 5560">
    <p class='ocr_par' dir='ltr' id='par_1_12' title="bbox 0 0 2284 5560">
     <span class='ocr_line' id='line_1_38' title="bbox 0 0 2284 5560; baseline 0 0"><span class='ocrx_word' id='word_1_389' title='bbox 0 0 2284 5560; x_wconf 95' lang='lat' dir='ltr'><strong> </strong></span> 
     </span>
    </p>
   </div>
  </div>
 </body>
</html>
