4559 6100
427 532 499 604 320
926 615 929 622 Δ
1029 522 1422 599 rami-inminui

428 679 532 751 Unde
547 678 637 751 alius
654 673 946 777 dicitlpostolus
956 677 982 746 ¹:
999 674 1096 762 «Qui
1111 675 1209 746 enim
1221 673 1428 772 proximum
1444 695 1553 770 quem
1568 669 1667 744 ridet
1681 695 1756 745 non
1769 672 1897 772 diligit,
1908 679 2026 751 Deum

425 823 535 898 quem
548 794 939 897 nonvidet,quomodo
949 807 1068 895 potest
1078 792 1245 891 diligere?
1256 796 1369 881 »Quo
1381 793 1479 865 enim
1490 793 1741 892 naturamagis
1752 796 2024 888 sumusaffines,

425 918 581 1018 amplius
598 918 674 1017 ipsa
690 941 759 990 nos
777 914 825 989 ad
841 914 1075 988 dilectionem
1090 913 1229 985 invitat.
1259 909 1370 1002 lldeo,
1388 911 1551 1008 iuquam,
1573 940 1593 981 «
1611 935 1695 985 cum
1717 914 1889 990 omnibus
1901 941 2027 1017 pacem

426 1035 613 1131 habentes,
628 1065 647 1105 u
659 1049 700 1109 ut
709 1037 739 1108 si
756 1033 914 1133 aliquem
930 1030 1154 1105 offendendo
1164 1030 1395 1121 excesseritis,
1413 1060 1431 1096 r
1443 1053 1519 1102 nou
1535 1032 1775 1133 vosmetipsos
1783 1033 2025 1127 defendatis»

426 1155 464 1229 id
487 1173 541 1231 est
557 1155 723 1256 proprias
739 1153 862 1254 culpas
887 1152 1076 1246 excusetis,
1097 1148 1196 1224 «sed
1221 1147 1304 1223 date
1327 1148 1451 1222 locum
1476 1149 1552 1245 irae,
1566 1178 1583 1218 »x
1602 1149 1640 1224 id
1663 1167 1717 1226 cst
1739 1143 1855 1227 cedite
1877 1155 1970 1229 irato
1992 1168 2029 1228 et

427 1273 566 1348 offenso
591 1274 688 1349 fratri
707 1266 901 1374 patienter,
919 1272 1054 1345 scilicet
1075 1270 1153 1369 ejus
1175 1269 1266 1344 iram
1289 1269 1457 1364 ferentes,
1480 1293 1556 1342 nou
1575 1294 1660 1344 eum
1680 1271 1811 1345 iterum
1830 1298 1895 1374 per
1917 1298 2025 1348 excu-

427 1394 603 1468 sationem
628 1408 785 1468 vestram
808 1404 1091 1467 commoventes.
1118 1394 1219 1462 Tunc
1242 1389 1339 1462 enirn
1362 1388 1423 1462 irae
1446 1388 1523 1486 ejus
1540 1389 1796 1487 resisteremus,
1817 1407 1856 1466 ut
1872 1393 2025 1496 amplius

427 1528 602 1602 estuaret,
620 1514 675 1588 rel
693 1514 730 1587 iu
745 1538 789 1587 eo
803 1525 1016 1605 remaneret,
1035 1534 1112 1584 nou
1127 1509 1338 1583 cederemus
1351 1522 1392 1581 ut
1408 1507 1455 1580 nb
1471 1532 1517 1581 eo
1531 1508 1707 1584 transiret.

479 1662 498 1703 «
513 1634 691 1735 Scriptum
706 1647 760 1706 est
773 1634 885 1726 enim,
900 1630 1063 1705 »scilicet
1076 1630 1113 1702 in
1124 1626 1322 1702 Proverbiis
1331 1631 1355 1722 ¹,
1371 1653 1389 1698 rr
1401 1626 1490 1701 mihi
1500 1626 1708 1703 uindictam.
1725 1658 1743 1699 u
1759 1634 1809 1703 dc
1820 1630 1852 1703 si
1867 1629 2024 1707 diceret:

428 1752 514 1827 ldeo
534 1779 620 1828 cum
644 1752 827 1827 offenditis
849 1753 958 1846 alios,
983 1749 1123 1825 debetis
1150 1748 1307 1822 offensos
1332 1748 1508 1847 patienter
1529 1748 1696 1844 tolerare,
1721 1764 1757 1824 et
1784 1774 1915 1824 eorum
1936 1751 2026 1827 iram

429 1886 604 1971 quantum
634 1872 797 1973 poteritis
822 1872 957 1962 lenire,
988 1869 1076 1971 quia
1100 1869 1211 1942 etiam
1236 1868 1266 1941 si
1289 1866 1336 1941 ab
1366 1868 1418 1940 eis
1448 1867 1576 1941 offensi
1598 1870 1733 1956 essetis,
1765 1861 1931 1944 hortatur
1963 1875 2027 1945 voe

428 1992 606 2065 Dominus
629 2016 677 2065 ne
702 2016 768 2064 ros
792 1990 879 2065 inde
906 1990 1121 2064 vindicetis:
1145 1987 1209 2062 sed
1236 1987 1269 2061 ei
1293 1986 1488 2060 vindictam
1510 1989 1695 2062 reservetis
1722 1988 1884 2063 dicenti:
1908 1985 2027 2063 «Mihi

428 2110 641 2206 vindictam,
655 2139 672 2180 u
688 2108 844 2184 subaudi
869 2124 1066 2204 reservate,
1090 2139 1108 2175 α
1119 2123 1156 2182 et
1176 2131 1243 2205 ego
1262 2105 1458 2180 retribuam
1472 2137 1490 2173 s
1515 2105 1632 2201 illam,
1653 2122 1692 2181 ut
1708 2108 1841 2182 scilicet
1860 2107 2022 2183 ulciscar.

429 2229 636 2304 Notandum
661 2230 761 2330 quod
788 2230 818 2303 si
838 2229 912 2305 hoc
934 2228 1152 2328 intelligatur
1178 2224 1380 2300 exhortatio
1408 2225 1456 2299 ad
1481 2226 1740 2327 perfectionem
1762 2229 1885 2328 potius
1912 2252 2024 2328 quam

428 2347 484 2421 lex
513 2363 550 2421 et
577 2365 794 2450 praeceptum
808 2350 834 2443 ⁸,
864 2349 955 2421 sicut
980 2361 1017 2421 et
1050 2346 1151 2447 quod
1174 2346 1313 2419 Veritas
1340 2345 1391 2417 ait
1404 2347 1428 2440 ⁸,
1459 2350 1538 2420 «Et
1558 2361 1620 2420 tua
1646 2371 1694 2420 ne
1724 2362 1865 2447 repetas
1885 2374 1930 2419 :n
1958 2373 2026 2448 po·

427 2481 497 2541 test
508 2481 545 2542 et
563 2467 654 2542 illud
671 2468 771 2568 quod
787 2467 925 2542 dictum
941 2483 995 2543 est
1009 2468 1188 2568 superius,
1210 2496 1228 2535 r
1242 2490 1317 2538 nou
1334 2464 1589 2564 nosmetipsos,
1611 2481 1698 2557 etc,
1713 2497 1731 2534 s
1754 2468 1806 2541 ita
1823 2465 2025 2542 exhortatio

428 2587 659 2687 perfectionis
688 2588 864 2686 intelligi,
906 2603 947 2662 ut
985 2613 1070 2662 cum
1104 2610 1127 2661 a
1160 2584 1450 2686 persecutoribus
1487 2583 1681 2660 defendere
1718 2611 1787 2660 nos
1819 2586 2022 2687 possimus,

427 2706 620 2805 perfectius
636 2721 757 2780 tamen
781 2706 877 2780 dicat
898 2731 975 2781 esse
998 2708 1150 2781 omnino
1171 2729 1245 2778 non
1271 2701 1484 2799 defendere,
1507 2702 1571 2777 sed
1593 2705 1715 2807 potius
1730 2705 1896 2804 injuriam
1920 2704 2025 2778 nobis

428 2822 561 2896 illatam
585 2826 822 2913 sustinentes,
847 2849 957 2924 quam
985 2822 1215 2899 defendendo
1240 2847 1373 2922 corpus
1402 2823 1561 2896 animam
1588 2840 1750 2899 nostram
1774 2824 2022 2917 vulnerantes,

429 2966 514 3015 eum
538 2942 703 3017 videlicet
727 2944 904 3043 perirem
926 2942 1192 3034 interficiendo,
1217 2967 1333 3041 aquo
1364 2942 1512 3017 fortasse
1528 2967 1596 3017 uos
1619 2943 1722 3019 aliter
1736 2942 1929 3018 defendere
1945 2967 2021 3016 non

429 3045 642 3162 possumus.
669 3063 740 3137 Sed
770 3065 861 3137 sicut
887 3078 923 3137 et
939 3064 1029 3139 illud
1051 3064 1215 3164 superius
1241 3089 1310 3163 pro
1333 3077 1512 3163 praecepto
1537 3067 1780 3165 exposuimus,
1804 3077 1923 3164 potest
1946 3063 2025 3136 for·

428 3182 520 3256 sitan
559 3198 597 3256 et
620 3182 693 3256 lroc
726 3207 794 3283 pro
828 3196 1008 3283 praecepto
1042 3182 1216 3281 intelligi:
1254 3181 1375 3255 «Mihi
1402 3182 1622 3275 vindictam,
1659 3198 1771 3258 etc.»
1801 3182 1901 3257 Sicut
1928 3184 2025 3256 euim

423 3300 534 3398 judex
548 3326 634 3376 cnm
651 3302 728 3400 lege
743 3300 801 3376 rel
811 3326 935 3377 amore
946 3302 1014 3375 Dei
1026 3302 1090 3401 qui
1104 3301 1221 3398 legem
1236 3301 1388 3375 instituit
1399 3304 1626 3397 constrictus,
1641 3328 1744 3377 reum
1756 3300 1937 3392 interficit,
1949 3326 2023 3375 non

427 3435 567 3497 tantum
589 3424 667 3524 ipse
690 3422 764 3496 hoc
785 3422 902 3497 facere
927 3422 1060 3496 dicitur
1085 3445 1196 3520 quam
1219 3422 1278 3495 lex
1301 3423 1359 3495 rel
1384 3427 1481 3496 Deus
1507 3422 1583 3522 ipse
1608 3420 1673 3522 qui
1696 3421 1769 3497 hoc
1794 3422 1911 3497 facere
1934 3420 2024 3521 pre·

426 3541 536 3641 cipit,
569 3555 606 3616 et
629 3541 676 3615 ad
705 3540 779 3613 hoe
812 3539 1019 3614 faciendum
1049 3555 1223 3641 tanquam
1252 3539 1492 3617 instrumento
1522 3541 1648 3636 utitur,
1685 3543 1800 3616 itaet
1832 3565 1917 3615 cum
1948 3540 2024 3613 zelo

423 3658 566 3755 justitiae
589 3660 646 3733 rel
669 3684 795 3734 amore
819 3659 980 3734 vindicta
1004 3673 1060 3733 est
1085 3658 1311 3760 imputanda.
1338 3658 1448 3748 Quod
1477 3661 1600 3756 itaque
1624 3661 1785 3762 precipit
1812 3663 1931 3753 Deus,
1956 3658 2025 3733 sibi

349 3816 352 3827 ν
427 3778 623 3851 vindictam
638 3779 828 3871 reservari,
851 3792 891 3851 ut
911 3779 988 3880 ipse
1009 3777 1105 3850 illam
1124 3777 1243 3870 faciat,
1265 3778 1337 3851 tale
1355 3792 1409 3851 est
1422 3792 1463 3852 ut
1481 3803 1591 3852 nemo
1616 3779 1799 3854 vindicare
1819 3780 2021 3879 praeeumat,

425 3896 523 3989 nisi⁸,
544 3910 584 3970 ut
599 3894 816 3987 dictumest,
833 3900 932 3970 Deus
946 3895 1018 3970 hoc
1034 3920 1100 3997 per
1116 3897 1235 3996 ipsum
1255 3910 1351 3995 ngat,
1374 3897 1436 3995 qui
1453 3898 1521 3971 ait·
1540 3925 1549 3969 r
1570 3902 1679 3997 «Ego
1695 3898 1881 3989 occidam,
1899 3912 1935 3971 et
1956 3921 2023 3996 ego

426 4016 546 4088 rivere
557 4015 698 4089 faciam.
715 4045 733 4086 u
744 4014 849 4089 Unde
858 4019 1073 4114 Augustinus
1085 4018 1325 4109 Quaestionum
1336 4018 1570 4090 r'uLeviticum
1577 4041 1657 4117 cap.
1667 4042 1749 4092 cxxx
1764 4020 1904 4092 :ecum
1910 4016 2023 4089 homo

422 4134 517 4231 juste
526 4134 715 4229 occiditur,
727 4136 781 4208 lex
791 4133 1029 4228 eumoccidit,
1040 4159 1116 4208 non
1126 4150 1178 4207 tn.
1191 4164 1210 4203 u
1220 4134 1609 4209 ldemdeCr'vr'tnteDei
1614 4135 2021 4225 lib.l⁷:«Nouoccides,

425 4252 482 4326 his
494 4255 751 4353 exceptisquos
760 4259 858 4327 Deus
872 4252 988 4327 occidi
1001 4251 1117 4351 jubet.
1129 4258 1209 4326 Non
1220 4268 1341 4329 autem
1355 4255 1432 4354 ipse
1445 4255 1577 4330 occidit
1588 4258 1650 4356 qui
1664 4256 1903 4330 ministerium
1916 4253 2024 4328 dehet

420 4370 585 4468 jubenti,
603 4374 740 4446 scilicet
759 4373 1023 4450 adminiculum
1039 4372 1159 4471 gladio
1181 4375 1308 4447 utenti.
1328 4377 1429 4453 Tunc
1444 4375 1565 4474 itaque
1583 4375 1698 4449 homo
1720 4373 1854 4448 occidit
1870 4376 1954 4447 curn
1978 4395 2022 4444 ex

422 4514 462 4564 se
483 4491 534 4584 id,
559 4517 635 4565 non
661 4517 705 4567 ex
725 4497 804 4567 Deo
828 4495 913 4590 agit.
933 4496 1025 4566 Cum
1043 4515 1129 4565 vero
1149 4515 1193 4564 ex
1214 4491 1336 4566 divina
1352 4494 1576 4568 institutione
1598 4495 1655 4568 vel
1668 4495 1829 4592 jussione
1851 4490 1890 4565 id
1914 4490 2020 4584 facit,

425 4612 522 4683 Deus
538 4614 841 4712 potiustanquam
859 4613 1139 4685 instrumentum
1156 4610 1193 4683 id
1209 4611 1306 4703 facit,
1320 4637 1432 4712 quam
1444 4613 1559 4687 homo
1570 4614 1659 4713 ipse.
1675 4613 1734 4685 Sic
1745 4614 1882 4713 quippe
1896 4633 2023 4710 quem·

423 4727 510 4803 libet
525 4743 711 4830 potentem
727 4730 865 4829 aliquid
881 4729 1058 4804 aedificare
1073 4729 1131 4804 rel
1148 4729 1264 4805 facere
1279 4730 1447 4826 dicimus,
1463 4757 1549 4807 cum
1567 4731 1613 4807 ad
1627 4731 1705 4829 ejus
1723 4731 1916 4830 imperium
1932 4727 2021 4802 illud

452 5024 550 5079 'llnan
560 5062 570 5089 ,
581 5041 636 5091 cop.
649 5040 683 5091 rr,
696 5042 719 5076 r.
731 5031 771 5080 2ο.
781 5029 923 5093 deror„
936 5042 991 5092 cap.
1005 5042 1067 5092 xxv,
1078 5042 1102 5080 r.
1115 5032 1195 5082 at·
1250 5032 1291 5084 tc.
1301 5033 1346 5069 -⁸
1357 5032 1487 5084 Anbdlee
1498 5046 1544 5096 pro
1553 5032 1632 5085 Nisi..
1642 5031 1782 5094 -wcut,
1792 5045 1847 5096 cap.
1858 5043 1936 5094 usu,
1947 5031 2023 5089 stt.

419 5107 507 5160 unu.
519 5110 601 5170 ouem
615 5123 669 5161 cor.
689 5110 720 5160 Et
733 5118 898 5176 proruptum.
913 5135 945 5148 -
956 5109 1043 5176 ‘Lue,
1053 5124 1109 5176 cap.
1126 5125 1160 5176 u,
1172 5126 1195 5166 r.
1248 5111 1364 5178 -tcep
1376 5126 1434 5177 ¹¹13
1447 5112 1556 5180 orm
1570 5112 1623 5176 vlt,
1635 5114 1685 5166 ccl.
1697 5116 1736 5167 u.
