4559 6100
352 496 358 515 .
458 450 529 525 608
1057 450 1185 524 Pfflttt
1212 447 1447 523 ABAElellll

457 601 691 672 commoveri.
711 600 769 670 Sic
785 614 820 671 et
844 601 881 671 in
906 599 1129 696 languorem,
1151 604 1230 674 Deo
1254 601 1501 699 permittente,
1522 623 1788 697 nonnunquam
1803 601 1942 699 aliquos
1969 605 2049 676 mit-

457 735 550 813 ttmt,
578 740 621 793 ac
640 719 874 818 postmodum
890 720 1174 819 supplicantibus
1199 719 1267 792 sibi
1290 720 1448 793 remedia
1469 720 1672 811 conferunt,
1692 736 1728 792 et
1745 722 1949 820 frequenter
1964 746 2049 794 cum

457 853 595 910 cessant
618 836 759 930 ledere,
786 860 912 911 curare
937 839 1147 910 creduntur.
1173 840 1338 936 Denique
1360 840 1397 911 in
1420 842 1573 937 AEgypto
1599 838 1712 911 multa
1736 855 1863 912 contra
1888 843 2047 937 Moysem

458 958 670 1030 mirabiliter
678 959 817 1056 operari
833 983 899 1056 per
914 982 1038 1055 magos
1052 973 1136 1029 sunt
1149 958 1326 1056 permissi,
1347 956 1551 1054 ecquidem
1568 957 1719 1029 naturali
1734 959 1771 1030 vi
1786 982 1920 1049 renam,
1940 984 2048 1056 quarn

460 1092 647 1169 noverant,
664 1100 739 1148 non
756 1090 831 1150 tam
845 1100 972 1149 eorum
989 1100 1068 1174 quae
1084 1076 1259 1150 faciebant
1280 1090 1460 1149 creatores
1475 1072 1617 1148 dicendi
1632 1098 1740 1174 quam
1757 1078 2016 1177 compositores
2035 1107 2044 1149 :

459 1196 557 1269 velut
577 1198 605 1268 si
623 1198 706 1294 quis
718 1197 818 1293 juxta
833 1196 1093 1269 documentum
1107 1197 1271 1292 Virgilii¹,
1291 1210 1397 1268 tunsa
1412 1216 1523 1267 carne
1537 1197 1629 1269 tauri
1650 1221 1735 1295 apes
1752 1196 1837 1268 inde
1854 1194 1932 1283 fieri
1948 1196 2049 1270 labo·

461 1316 575 1389 rando
589 1315 758 1401 efficeret,
780 1338 854 1387 non
871 1331 944 1388 tam
962 1340 1072 1415 apum
1088 1332 1228 1388 crettor
1245 1338 1355 1412 qttam
1370 1328 1506 1387 naturae
1521 1330 1738 1413 preparatur
1753 1314 1928 1388 dicendus
1944 1333 2044 1389 esset.

461 1441 512 1507 Er
534 1435 602 1507 bac
624 1436 744 1531 itaque
774 1458 894 1506 rerum
919 1436 1048 1533 peritia
1069 1456 1180 1531 quam
1196 1433 1333 1506 habent
1352 1436 1388 1505 in
1407 1458 1532 1506 earum
1556 1435 1693 1507 naturis
1706 1434 1890 1507 daemones
1916 1458 1982 1508 nos
2009 1438 2046 1509 in

460 1554 666 1646 libidinem,
694 1556 749 1627 vel
775 1569 919 1627 caeteras
947 1555 1058 1625 animi
1088 1554 1270 1651 passiones
1296 1564 1547 1641 commovent,
1575 1575 1804 1650 quacumque
1832 1568 1908 1626 arte
1942 1553 2049 1628 nobis

461 1675 707 1773 ignorantibus
723 1694 782 1745 eas
795 1672 1038 1764 admovendo,
1053 1673 1127 1744 sive
1144 1673 1183 1743 in
1201 1686 1318 1769 gustu,
1337 1671 1464 1743 sivein
1482 1674 1595 1743 tactu⁸
1608 1696 1669 1745 eas
1684 1671 1871 1771 ponendo,
1886 1674 1943 1745 vel
1961 1694 2046 1770 quo

461 1794 549 1866 libet
573 1793 685 1865 modo
708 1814 768 1865 eas
789 1792 937 1864 interius
953 1793 1009 1864 vel
1032 1792 1186 1864 exterius
1208 1789 1436 1864 collocando.
1462 1790 1579 1863 blultae
1594 1793 1729 1890 quippe
1744 1806 1830 1864 sunt
1846 1791 1883 1864 in
1905 1790 2045 1882 herbis,

462 1914 518 1986 vel
536 1912 746 2005 seminibus,
764 1910 821 1984 vel
832 1922 909 1982 tam
925 1909 1097 1983 arborum
1120 1932 1229 2005 quam
1252 1909 1413 2009 lapidum
1435 1911 1571 1982 naturis
1592 1911 1686 1980 vires
1704 1909 1751 1982 ad
1767 1910 2048 1982 commovendos

460 2032 516 2106 vel
531 2030 715 2130 pacandos
730 2031 872 2104 animos
889 2042 1031 2102 nostros
1047 2042 1154 2127 aptae,
1172 2048 1261 2125 quas
1278 2029 1343 2127 qui
1361 2027 1549 2123 diligenter
1564 2043 1723 2118 nossent,
1741 2029 1815 2102 hoc
1830 2052 1935 2125 agere
1950 2028 2049 2101 facile

459 2166 618 2250 pmoem.

1116 2342 1301 2431 CAPUT
1341 2343 1393 2432 V.

841 2561 900 2618 Cur
926 2578 1017 2637 opera
1041 2559 1150 2637 peceati
1174 2557 1266 2637 magis
1291 2576 1379 2635 quem
1402 2557 1497 2637 ipsum
1523 2555 1670 2635 puniatur.

509 2749 600 2817 Sunt
628 2746 734 2816 etiam
760 2744 823 2840 qui
848 2764 924 2814 non
948 2740 1178 2814 mediocriter
1205 2755 1412 2831 moventur,
1436 2764 1521 2813 cum
1544 2741 1696 2814 audiunt
1723 2766 1791 2815 nos
1815 2743 1936 2816 dicere
1961 2769 2049 2842 opus

462 2863 597 2964 peccati
614 2886 690 2935 non
702 2861 847 2961 proprie
858 2874 1044 2959 peccatum
1061 2860 1147 2950 dici,
1163 2859 1218 2931 vel
1229 2860 1425 2957 quicquam
1439 2880 1515 2931 non
1530 2859 1663 2932 addere
1679 2860 1725 2934 ad
1737 2864 1874 2962 peccati
1887 2886 2051 2960 augmen·

461 2999 554 3076 tum,
572 3006 637 3055 cur
660 2982 803 3079 gravior
820 2978 1011 3053 satisfactio
1031 2978 1289 3079 poenitentibus
1308 2978 1516 3077 injungatur
1531 2978 1577 3051 de
1593 2981 1713 3079 operis
1731 2980 1862 3054 ellectu
1878 2980 2049 3081 quamde

463 3104 576 3203 culpae
601 3116 714 3175 reatu.
735 3099 876 3189 Quibus
898 3099 1046 3197 quidem
1069 3099 1142 3171 boc
1167 3100 1323 3198 primum
1348 3097 1564 3197 respondeo,
1595 3123 1660 3171 cur
1683 3121 1759 3173 non
1782 3103 1963 3200 praecipue
1987 3102 2051 3174 mi·

463 3238 587 3297 rentur
609 3245 677 3321 pro
702 3246 760 3310 eo,
785 3218 886 3317 qttod
906 3240 981 3291 non
1004 3241 1192 3317 nunqnam
1215 3237 1345 3316 magna
1363 3217 1611 3292 satisfactionis
1627 3218 1825 3292 instituitur
1841 3245 1968 3320 prena,
1992 3221 2051 3293 ubi

464 3344 561 3416 nulla
577 3341 814 3414 intercesserit
826 3339 955 3437 culpa;
979 3353 1016 3410 et
1036 3361 1099 3410 eos
1114 3338 1336 3437 quandoque
1351 3337 1481 3436 punire
1496 3335 1713 3431 debeamus,
1733 3363 1828 3436 quos
1845 3339 2052 3414 innocentes

464 3466 594 3537 scimus
603 3463 618 3532 l
628 3465 717 3533 Ecce
728 3460 826 3532 enim
839 3479 975 3557 pauper
984 3456 1102 3555 aliqua
1118 3457 1248 3530 mulier
1258 3456 1475 3529 infantulum
1490 3455 1599 3528 babet
1612 3455 1817 3551 lactentem,
1832 3483 1901 3532 nec
1915 3475 2051 3531 tantum

465 3583 760 3656 indumentorum
777 3577 899 3667 habet,
918 3592 1006 3649 utet
1020 3579 1172 3676 parvulo
1190 3578 1226 3647 in
1240 3578 1355 3666 cunis,
1372 3590 1409 3648 et
1422 3577 1493 3648 sibi
1506 3575 1669 3649 sulficere
1686 3579 1812 3676 possit.
1827 3579 2052 3652 Miseratione

463 3705 582 3799 itaque
598 3698 762 3771 infantuli
785 3711 979 3786 commota,
1000 3720 1083 3767 eum
1100 3694 1167 3766 sibi
1185 3695 1353 3792 apponit,
1373 3709 1413 3766 ut
1427 3696 1582 3793 propriis
1601 3696 1748 3794 insuper
1765 3697 1885 3771 foveat
1904 3699 2050 3797 pannis,

463 3835 497 3891 et
519 3818 665 3890 tandem
683 3814 888 3887 infirmitate
910 3815 987 3910 ejus
1003 3815 1038 3885 vi
1061 3827 1196 3887 uaturae
1214 3827 1391 3911 superate,
1418 3815 1622 3911 opprimere
1644 3817 1783 3911 cogitur
1805 3840 1915 3912 quem
1932 3840 2051 3890 amore

464 3961 606 4010 summo
621 3934 858 4034 amplectitur.
880 3933 1021 4019 «Habe,
1036 3933 1153 4030 inquit
1169 3932 1398 4028 Augustinus,
1414 3932 1623 4006 charitatem
1642 3948 1679 4006 et
1693 3934 1749 4008 fac
1764 3935 1940 4033 quidquid
1953 3936 2016 4007 vis.
2031 3965 2048 4002 r>

465 4062 552 4144 Quae
571 4070 690 4126 tamen
709 4077 776 4150 pro
792 4051 1042 4140 satisfactione,
1062 4050 1209 4122 eumad
1228 4050 1445 4149 Episcopum
1459 4052 1610 4142 venerit,
1629 4054 1745 4148 gravis
1761 4054 1794 4125 ei
1812 4078 1921 4152 poena
1936 4054 2052 4150 injun-

466 4179 571 4272 gitur,
592 4199 667 4246 non
682 4198 749 4271 pro
763 4172 869 4270 culpa
890 4194 999 4266 quam
1020 4171 1252 4256 commiserit,
1271 4170 1334 4242 sed
1353 4186 1392 4243 ut
1408 4172 1485 4271 ipsa
1508 4172 1677 4272 deinceps
1692 4174 1749 4247 vel
1766 4191 1899 4248 caeterae
1918 4175 2053 4247 feminae

466 4300 502 4367 in
526 4294 656 4367 talibus
676 4289 910 4392 providendis
929 4290 1103 4363 cautiores
1129 4288 1338 4362 reddantur.
1367 4296 1635 4390 Nonnunquam
1657 4295 1768 4367 etiam
1791 4297 1969 4391 contingit
1989 4295 2053 4367 ali-

466 4439 574 4512 quem
593 4413 639 4485 ab
661 4411 814 4484 inimicis
839 4409 911 4481 suis
935 4408 1034 4509 apud
1054 4409 1213 4506 judicem
1236 4410 1415 4502 accusari,
1442 4424 1478 4481 et
1498 4411 1570 4483 tale
1593 4412 1682 4510 quid
1708 4414 1758 4486 itti
1779 4415 1934 4513 imponi,
1959 4412 2054 4486 unde

467 4534 567 4606 illurn
589 4535 817 4604 innocentem
840 4553 917 4601 esse
935 4528 1044 4625 judex
1067 4526 1265 4624 cognoscit.
1287 4529 1383 4614 Quia
1403 4543 1522 4603 tamen
1540 4530 1591 4602 illi
1608 4533 1755 4626 instant,
1778 4549 1816 4605 et
1836 4534 2053 4605 audientiam

467 4657 504 4726 iu
530 4652 667 4750 judicio
697 4648 898 4748 postulant,
923 4663 1059 4720 statuto
1087 4647 1145 4720 die
1166 4669 1310 4719 causam
1336 4647 1598 4744 ingrediuntur,
1629 4664 1736 4724 testes
1762 4652 1952 4750 ptulerunt
1975 4653 2054 4724 lieet

469 4775 573 4847 falsos
592 4771 637 4845 ad
655 4793 739 4843 eum
754 4793 863 4867 quem
880 4783 1070 4862 accusant,
1089 4765 1378 4840 convincendum
1400 4797 1407 4839 :
1426 4793 1519 4868 quos
1538 4785 1659 4843 mmen
1687 4785 1792 4845 testes
1812 4798 1898 4846 cum
1919 4796 2054 4870 nequa-

503 5036 508 5063 ·
522 5033 620 5095 sera..
630 5032 673 5081 tu.
686 5028 732 5088 tv,
745 5042 769 5078 v.
782 5029 837 5078 rto.
849 5027 897 5063 -2
909 5025 992 5075 esum
1004 5022 1116 5085 samur
