4559 6100
746 517 1001 590 rnaotoon
1041 520 1319 594 cnrrsrnnt.
1415 484 1429 499 '
1767 521 1841 593 sar

236 667 367 741 nullius
383 667 532 763 indiget,
552 689 638 762 erga
653 666 812 765 seipsum
829 666 1062 762 benignitatis
1080 668 1211 741 allecto
1227 668 1450 741 commoveri
1471 693 1547 740 non
1564 683 1696 766 potest,
1716 684 1756 741 ut
1772 671 1841 744 sibi

235 788 372 887 aliquid
389 814 432 860 ex
450 787 671 883 benignitate
693 786 892 886 impendat,
912 788 977 860 sed
995 813 1080 884 erga
1096 805 1279 862 creaturas
1302 805 1457 878 tantum,
1476 813 1556 886 quae
1573 813 1715 886 semper
1732 791 1841 866 donis

236 909 355 1003 gratiae
380 908 456 1006 ejus
481 905 658 1003 indigent.
684 908 856 995 Quodam
879 908 1001 1004 itaque
1025 909 1136 980 modo
1161 933 1184 981 a
1206 912 1325 1008 seipso
1347 915 1444 981 Deus
1469 908 1515 980 ad
1538 921 1718 983 ereuturas
1741 912 1839 984 exire

236 1026 367 1100 dicitur
388 1053 454 1127 per
470 1027 699 1123 benignitatis
717 1027 885 1100 allectum
908 1028 983 1100 sire
1000 1028 1182 1118 ellectum,
1202 1054 1288 1101 cum
1304 1028 1375 1101 boc
1399 1029 1518 1127 ipsum
1537 1026 1639 1125 quod
1658 1025 1839 1124 benignus

236 1163 303 1237 est,
333 1161 396 1221 aut
420 1146 577 1242 benigne
602 1144 738 1242 aliquid
766 1170 810 1219 ex
835 1147 981 1219 caritate
1011 1150 1096 1245 agit,
1126 1148 1328 1219 secundum
1353 1148 1523 1220 allectum
1548 1146 1623 1217 sive
1648 1146 1836 1240 ellectum,

236 1291 345 1364 quem
362 1267 399 1338 in
416 1267 586 1339 creaturis
603 1265 747 1357 habeat,
767 1267 922 1339 dicatur.
939 1272 1039 1340 Tunc
1055 1292 1143 1340 vero
1161 1270 1199 1342 in
1215 1294 1254 1340 se
1269 1293 1334 1367 per
1349 1268 1607 1364 benignitatem
1622 1283 1837 1357 remaneret,
1890 1254 1892 1272 '

237 1387 268 1459 si
289 1385 357 1458 sibi
375 1386 553 1483 benignus
577 1410 652 1459 esse
675 1403 809 1484 posset,
829 1388 989 1484 aliquam
1006 1389 1044 1460 in
1063 1412 1102 1460 se
1124 1387 1400 1461 beneficentiam
1425 1385 1640 1460 exercendo.
1661 1391 1712 1458 Ex
1736 1392 1840 1460 Patre

237 1521 358 1578 autem
381 1521 417 1578 et
435 1506 523 1578 Filio
541 1504 738 1603 procedere
759 1508 911 1605 Spiritus
934 1507 1057 1599 babet,
1077 1510 1163 1605 quia
1186 1507 1307 1579 bonus
1329 1508 1408 1605 ipse
1427 1506 1575 1577 allectus
1594 1506 1669 1577 sive
1691 1506 1840 1580 effectus

239 1626 393 1698 faciendi
419 1625 555 1722 aliquid
572 1650 616 1697 ex
632 1622 794 1725 potentia
812 1627 923 1726 ipsius
946 1629 1171 1726 et'sapientia
1186 1627 1371 1726 provenit,
1390 1651 1474 1698 cum
1491 1625 1574 1697 ideo
1590 1625 1676 1697 velit
1688 1631 1789 1699 vDeus
1804 1643 1841 1700 et

238 1745 364 1837 faciat,
393 1747 479 1844 quia
507 1761 543 1817 et
565 1760 685 1844 potest
708 1747 798 1820 illud
822 1748 1020 1845 adimplere
1045 1762 1081 1818 et
1105 1746 1284 1819 sollerter¹
1309 1746 1467 1818 efficere.
1494 1745 1570 1817 Nisi
1595 1746 1691 1818 enim
1719 1762 1841 1844 posset

238 1864 386 1962 aliquid,
416 1865 547 1938 frustm
566 1864 656 1938 illud
675 1865 795 1959 vellet,
819 1868 906 1964 quia
928 1866 1087 1939 efficacia
1110 1881 1265 1956 careret3
1291 1880 1327 1937 et
1348 1867 1416 1937 nisi
1439 1864 1601 1937 sollerter
1622 1864 1727 1945 sciret
1751 1864 1841 1937 illud

238 1983 393 2077 efficere,
416 2009 492 2057 non
515 1984 668 2059 baberet
680 1989 863 2083 egregium
887 1986 1069 2058 ellectum.
1096 1989 1245 2058 Constat
1267 1986 1374 2057 etiam
1397 1983 1487 2055 nibil
1506 2004 1592 2055 eum
1607 2007 1713 2081 posse
1727 1983 1839 2071 velle,

239 2103 306 2175 nisi
327 2105 521 2203 optimum,
538 2129 607 2177 nec
623 2106 882 2179 rationabiliter
898 2105 988 2177 illud
1009 2105 1116 2177 vellet
1138 2105 1240 2202 quod
1260 2107 1455 2202 ignoraret.
1476 2108 1522 2175 Ut
1540 2106 1662 2200 itaque
1683 2105 1842 2176 rationa-

240 2221 358 2294 biliter
376 2222 511 2319 aliquid
528 2224 614 2296 velit
632 2225 749 2298 facere
765 2241 802 2297 et
818 2226 969 2325 optime,
989 2238 1134 2323 oportet
1154 2249 1238 2296 eum
1252 2238 1299 2297 -et
1320 2222 1392 2295 boc
1409 2247 1528 2321 posse,
1546 2236 1582 2294 et
1601 2236 1684 2294 ante
1703 2246 1842 2319 eogno-

238 2366 337 2414 scere
355 2368 434 2439 quae
450 2342 578 2436 iaciat,
596 2358 632 2416 et
647 2346 737 2418 scire
753 2348 890 2445 optime
902 2346 1029 2416 iacere.
1045 2348 1167 2415 Bonus
1178 2345 1299 2442 itaque
1316 2343 1466 2417 allectus
1485 2344 1552 2414 Dei
1566 2341 1843 2440 quodammodo

240 2484 282 2532 ex
309 2463 472 2560 potentia
493 2463 570 2560 ejus
596 2487 639 2536 ac
664 2466 837 2563 sapientia
862 2463 1062 2553 descendit,
1093 2464 1193 2560 quod
1218 2479 1274 2536 est
1298 2463 1471 2562 Spiritum
1498 2484 1543 2533 er
1560 2466 1664 2534 Patre
1691 2477 1728 2535 et
1754 2461 1842 2533 Filio

240 2579 346 2651 simul
365 2581 563 2679 procedere
582 2611 591 2655 ε
612 2585 697 2681 quia
721 2609 766 2656 eo
783 2585 877 2677 vult,
896 2600 938 2656 ut
958 2583 1097 2655 dictum
1119 2596 1192 2673 est,
1213 2585 1351 2682 optime
1369 2595 1501 2653 cuncta
1523 2580 1685 2672 efficere,
1703 2582 1789 2679 quia
1805 2595 1843 2652 et
1861 2654 1865 2677 ,

240 2712 359 2795 potest
376 2714 412 2771 et
425 2701 504 2783 scit.

288 2820 403 2892 Graeci
425 2834 547 2893 tamen
569 2846 613 2893 ex
629 2821 709 2894 solo
727 2827 842 2916 Patre,
864 2848 939 2896 nou
964 2827 1073 2899 etiam
1094 2850 1137 2899 ex
1155 2823 1244 2897 Filio
1267 2821 1441 2921 Spiritum
1463 2834 1629 2891 sanctum
1645 2818 1844 2916 procedere

241 2940 473 3034 confitentur,
497 2968 542 3016 eo
564 2944 698 3019 scilicet
719 2945 820 3040 quod
838 2948 976 3020 Veritas
996 2951 1035 3021 in
1060 2944 1255 3045 Evangelio
1279 2945 1390 3017 fidem
1412 2944 1551 3037 integre
1569 2940 1778 3013 continente
1798 2940 1853 3013 de'

242 3064 471 3160 processione
495 3065 648 3164 Spiritus
668 3066 843 3162 loquens,
871 3068 990 3140 solum
1012 3075 1155 3141 Patrem
1177 3078 1440 3140 commemorat
1467 3064 1608 3135 dicens¹
1628 3087 1637 3129 x
1658 3061 1845 3158 «Spiritus

242 3181 304 3276 qui
323 3204 346 3252 a
366 3185 471 3253 Patre
488 3184 665 3280 procedit.
685 3187 795 3273 »Qui
818 3187 927 3258 etiam
944 3213 1052 3286 super
1072 3187 1145 3259 hoc
1167 3185 1371 3282 quodcum
1393 3207 1415 3255 a
1437 3180 1526 3252 Filio
1547 3187 1692 3277 quoque
1715 3203 1843 3275 proce-

243 3298 328 3374 dere
351 3300 546 3394 credimus,
573 3325 641 3374 nos
657 3302 891 3377 vehementer
914 3321 1089 3401 arguunt,
1116 3321 1225 3402 atque
1251 3328 1333 3376 reos
1355 3299 1595 3375 anathematis
1618 3297 1733 3369 teneri
1755 3322 1846 3370 asse·

242 3433 340 3507 runt,
361 3420 463 3517 quod
479 3422 516 3493 in
532 3422 792 3521 principalibus
808 3424 970 3496 conciliis
987 3449 1068 3522 quae
1084 3424 1184 3523 apud
1207 3447 1270 3495 eos
1286 3422 1467 3494 celebrata
1484 3431 1587 3510 sunt,
1607 3417 1658 3489 ita
1680 3414 1845 3513 symbola

243 3562 372 3612 eorum
398 3540 599 3636 subjunctis
621 3541 910 3616 anathematibus
933 3546 1069 3617 sancita
1093 3543 1182 3638 sint,
1210 3558 1251 3615 ut
1272 3541 1361 3614 nulli
1386 3539 1432 3612 de
1454 3538 1526 3610 fide
1542 3535 1720 3608 Trinitatis
1745 3534 1844 3607 aliod

245 3657 377 3731 docere
392 3660 450 3731 vel
467 3660 568 3732 aliter
583 3662 791 3759 praedicare,
804 3686 915 3760 qnam
932 3663 981 3736 ibi
999 3666 1218 3756 continetur,
1237 3662 1355 3734 liceat.
1373 3664 1411 3730 ln
1428 3656 1562 3756 quibus
1577 3652 1751 3753 symbolis
1759 3679 1845 3727 cum

243 3776 280 3847 in
301 3779 531 3875 processione
557 3781 709 3879 Spiritus
732 3781 778 3853 de
798 3783 878 3855 solo
901 3788 1003 3855 Patre
1022 3795 1329 3856 commemoretur
1344 3806 1353 3849 z
1367 3778 1640 3872 «Quicumque,
1658 3774 1842 3871 inquiunt,

245 3896 377 3986 Filium
400 3896 552 3990 addunt,
576 3900 767 3974 anathema
785 3903 1019 3974 incurrunt.»
1038 3901 1183 3975 Addunt
1199 3902 1309 3974 etiam
1326 3899 1373 3972 ad
1392 3896 1703 3995 exaggerationem
1727 3894 1846 3992 impu·

244 4015 388 4108 dentiae,
407 4033 537 4091 nostrae
552 4021 798 4094 testimonium
825 4022 1087 4117 damnationis,
1115 4021 1323 4121 symbolum
1349 4019 1451 4110 fidei,
1479 4015 1581 4115 quod
1606 4015 1708 4111 juxta
1732 4013 1846 4085 tradi·

246 4137 382 4210 tionem
413 4138 667 4237 praedictorum
696 4141 950 4236 conciliorum,
967 4148 1040 4216 Leo
1066 4145 1191 4215 tertius
1222 4148 1344 4214 Romae
1370 4138 1626 4236 transcriptum
1656 4135 1692 4205 in
1724 4132 1847 4205 tabula

244 4258 396 4354 posteris
419 4273 588 4354 argentea
608 4260 766 4361 reliquit,
794 4288 863 4362 pro
887 4287 1026 4354 amore,
1054 4278 1094 4335 ut
1115 4265 1266 4361 ipsemet
1287 4260 1392 4352 dicit,
1417 4274 1453 4330 et
1470 4256 1610 4328 cautela
1634 4252 1848 4325 orthodoxa

246 4374 341 4447 fidei.
373 4381 412 4447 ln
441 4402 514 4474 quo
541 4379 691 4477 quidem
719 4381 888 4480 symbolo
914 4384 991 4482 ipse
1022 4406 1170 4481 quoque
1202 4384 1239 4453 in
1268 4377 1503 4479 processione
1527 4375 1698 4473 Spiritus,
1728 4370 1846 4442 solnm

244 4513 506 4570 commemorat
526 4504 680 4594 Patrem,
706 4501 763 4574 his
779 4503 928 4599 quidem
946 4503 1063 4576 verbis
1084 4532 1092 4575 ι
1116 4531 1133 4571 «
1150 4508 1193 4572 Et
1208 4504 1246 4573 in
1262 4500 1434 4598 Spiritum
1455 4510 1622 4570 sanctum
1646 4491 1847 4564 Dominum

245 4628 281 4684 et
306 4615 565 4710 vivificantem,
589 4643 634 4691 ex
660 4626 762 4693 Patre
787 4622 1067 4720 procedentem,
1096 4646 1180 4693 cum
1208 4625 1311 4692 Patre
1337 4632 1373 4689 et
1397 4617 1486 4689 Filio
1508 4610 1785 4686 coadorandum
1811 4621 1849 4680 et

246 4731 535 4830 glorificandum,
565 4752 635 4810 etc.
656 4767 675 4806 r
701 4744 741 4810 ln
769 4755 903 4836 quanta
922 4756 1041 4812 antem
1074 4740 1273 4812 reverentia
1296 4734 1507 4836 principalia
1525 4731 1589 4803 'itta
1616 4729 1770 4802 concilia
1793 4739 1847 4798 te·

245 4854 367 4929 nenda
393 4856 481 4944 sint,
510 4856 636 4930 beatus
663 4858 850 4956 diligenter
875 4860 991 4959 aperit
1016 4861 1250 4956 Gregorim',
1269 4858 1385 4957 quise
1412 4878 1454 4927 ea
1480 4869 1665 4948 tamquam
1691 4859 1851 4944 quatuor

278 5124 362 5187 ’Μ’
378 5128 411 5176 st
429 5128 476 5177 scit
493 5128 617 5184 sollerter.
636 5155 668 5171 -
682 5131 692 5162 ²
706 5129 789 5196 loru„
804 5146 860 5196 up.
877 5144 919 5196 xv,
937 5145 960 5182 v.
972 5135 1013 5186 26.
1025 5156 1056 5172 ·-
1066 5131 1175 5197 mmet..
1185 5133 1232 5183 ΙΙΙ».
1247 5130 1289 5191 tr,
1301 5131 1373 5191 epist
1387 5131 1411 5178 t.

368 5237 392 5274 ιι
1690 5213 1729 5270 68
