4559 6100
527 530 574 600 st
686 530 691 543 '
898 560 900 565 ¹
1137 526 1259 597 PETRI
1283 522 1513 597 ABAELARDl

525 676 573 751 itt
590 698 632 747 ex
648 695 722 747 una
737 671 928 770 Scriptura
948 697 1057 746 sacrae
1072 677 1251 751 sententia
1269 676 1511 774 expositiones
1527 673 1636 764 etiam
1654 694 1719 769 per
1734 670 1947 741 innumeros
1963 665 2113 739 intellec·

526 809 597 884 tus,
615 794 718 890 quasi
732 791 831 865 varia
851 807 1065 866 ornamenta
1080 809 1326 896 componunt,
1346 819 1426 891 quae
1443 808 1563 873 tamen
1579 790 1703 865 omnia
1718 788 1765 860 ad
1782 788 1953 860 decorem
1972 785 2114 861 coelestis

525 938 664 1012 spousae
680 910 888 1011 proficiunt.
903 940 922 981 n
943 917 1023 1012 lpse
1039 926 1209 1012 praeterea
1231 912 1447 1005 Macrobius,
1467 935 1605 1010 eaquae
1626 909 1672 981 de
1688 909 1809 980 anima
1825 906 1954 979 mundi
1968 931 1990 980 a
2008 906 2117 1005 philo·

529 1033 652 1133 sophis
669 1030 875 1122 dictasunt,
893 1033 1044 1129 mystice
1057 1032 1326 1131 interpretanda
1340 1057 1416 1104 esse
1435 1029 1608 1103 meminit.
1626 1027 1736 1118 Quod
1749 1029 1858 1100 etlam
1871 1026 1972 1122 juxta
1987 1025 2117 1098 literam
2172 1110 2183 1115 ¹

528 1152 660 1252 exponi
677 1152 850 1224 veraciter
865 1165 928 1223 aut
948 1154 1205 1224 convenienter
1220 1152 1425 1231 nullatenus
1440 1164 1589 1248 queant,
1609 1162 1650 1219 ut
1665 1171 1774 1246 supra
1788 1146 2030 1237 meminimus,
2048 1146 2118 1244 ipsa

528 1296 596 1344 nos
622 1271 724 1344 litera
742 1271 788 1344 ad
814 1270 1075 1369 expositionem
1104 1273 1291 1369 mysticam
1317 1270 1513 1369 compellit.
1546 1256 1711 1341 Pluribus
1737 1290 1884 1366 quoque
1914 1265 2117 1337 testimoniis
2194 1264 2198 1271 '

528 1406 737 1465 sanctorum
758 1389 949 1463 didicimus
971 1390 1192 1464 Platonicam
1209 1406 1342 1462 sectam
1366 1389 1550 1463 catholicae
1572 1385 1658 1458 fidei
1674 1385 1870 1485 plurimum
1887 1384 2116 1456 concordare.

531 1510 635 1583 Unde
652 1536 728 1583 nou
746 1511 823 1583 sine
843 1532 951 1582 causa
967 1511 1142 1582 maximus
1166 1510 1266 1581 Plato
1287 1508 1588 1608 philosophorum
1610 1530 1684 1604 prae
1703 1504 1835 1576 caeteris
1853 1501 2121 1575 commendatur

530 1629 577 1702 ab
591 1629 774 1721 omnihus,
795 1652 871 1711 non
888 1627 1005 1701 solum
1026 1652 1047 1700 a
1067 1628 1189 1726 peritis
1203 1629 1418 1702 secularium
1435 1628 1587 1719 artium,
1614 1624 1864 1697 verumetiam
1880 1607 2058 1694 asauctis.
2073 1626 2121 1693 De

531 1773 605 1847 quo
622 1765 725 1848 pater
741 1749 958 1845 Augustinus
968 1749 1006 1819 in
1023 1747 1087 1819 lib.
1107 1748 1154 1820 de
1172 1752 1324 1821 Ciuitate
1338 1752 1409 1820 Dei
1415 1752 1423 1788 ¹
1440 1775 1449 1819 z
1472 1778 1489 1813 «
1502 1748 1690 1836 Mirantur,
1708 1744 1839 1840 inquit,
1859 1741 2006 1837 quidam
2023 1739 2122 1814 nobis

532 1872 569 1942 in
587 1869 718 1942 Christi
735 1869 847 1968 gratia
864 1870 1000 1961 sociati,
1019 1896 1105 1943 cum
1120 1870 1274 1943 audiunt
1286 1871 1342 1942 vel
1360 1870 1483 1966 legunt
1499 1868 1701 1959 Platonem,
1717 1889 1802 1936 eum
1816 1861 1862 1933 de
1874 1866 1952 1934 Deo
1967 1863 2033 1934 ista
2047 1887 2123 1934 sen·

533 1991 618 2063 sisse
637 2016 716 2088 quae
740 1988 894 2061 multum
911 1982 1109 2088 congruere
1124 1993 1264 2064 veritati
1280 2005 1410 2063 nostrae
1427 1989 1609 2086 religionis
1633 1998 1888 2084 agnoscuntur.
1908 1983 2014 2055 Unde
2037 2007 2124 2056 non·

534 2108 623 2181 nulli
637 2122 858 2207 putaverunt
875 2132 977 2202 eum,
996 2110 1145 2207 quaudo
1168 2111 1324 2209 perrexit
1340 2111 1377 2182 in
1401 2114 1612 2208 AEgyptum,
1639 2104 1855 2177 Hieremiam
1876 2101 2050 2196 audiisse,
2073 2102 2126 2174 vel

533 2230 733 2328 Scripturas
751 2228 982 2328 propheticas
994 2232 1032 2302 in
1048 2230 1176 2304 eadem
1191 2231 1480 2330 peregrinatione
1496 2228 1633 2325 legisse.
1653 2226 1690 2296 Si
1703 2224 1892 2321 diligenter
1903 2235 2128 2322 computetur

532 2362 740 2446 temporum
757 2350 861 2436 ratio,
888 2374 967 2446 quae
984 2348 1157 2423 chronica
1173 2349 1322 2423 historia
1338 2350 1556 2441 continetur,
1576 2347 1763 2419 Platonem
1778 2340 1914 2415 indicat
1931 2366 1951 2414 a
1970 2355 2128 2440 tempure

531 2490 606 2563 quo
630 2466 860 2566 prophetavit
882 2469 1098 2556 Hieremias,
1123 2483 1270 2540 centum
1296 2469 1369 2540 sere
1385 2492 1502 2541 annos
1520 2481 1645 2566 postea
1667 2477 1794 2537 natum
1815 2462 1933 2533 luisse.
1958 2463 2128 2549 Quicum

533 2587 715 2681 octoginta
731 2601 768 2659 et
780 2612 898 2659 uuum
917 2588 1071 2682 visisset,
1090 2586 1137 2659 ab
1155 2612 1252 2659 anno
1266 2587 1393 2659 mortis
1406 2588 1482 2685 ejus
1493 2611 1681 2685 usquequo
1693 2582 1903 2656 Ptolemaeus
1914 2604 1976 2652 rex
1991 2582 2130 2679 AEgypfi

533 2705 731 2803 Scripturas
748 2706 979 2804 propheticas
994 2731 1058 2805 per
1079 2707 1305 2805 septuaginta
1321 2706 1489 2778 Hebraeos
1505 2709 1568 2804 qui
1585 2709 1745 2777 Graecam
1761 2702 1918 2798 linguam
1934 2714 2127 2793 noverant,

535 2822 820 2921 interpretandas
838 2823 1024 2903 habendas
1040 2828 1193 2916 curavit,
1213 2826 1299 2898 anni
1317 2826 1545 2924 reperiuntur
1563 2824 1675 2896 ferme
1691 2846 1838 2895 novem.
1857 2820 2131 2920 Quapropterin

534 2941 595 3015 illa
618 2943 905 3041 peregrinatione
928 2969 992 3018 sua
1015 2946 1116 3018 Plato
1137 2970 1206 3020 nec
1230 2946 1447 3018 Hieremiam
1470 2945 1593 3016 videre
1617 2944 1750 3044 potuit,
1777 2955 1878 3012 tanto
1901 2953 1984 3013 ante
2007 2938 2132 3011 delun·

535 3077 654 3153 ctum,
675 3089 742 3137 nec
760 3065 906 3138 easdem
922 3069 1121 3165 Scripturas
1143 3066 1226 3164 legit
1244 3068 1281 3138 in
1302 3070 1440 3157 Graeco,
1467 3091 1545 3163 quae
1566 3066 1734 3138 nondum
1755 3063 1898 3135 fuerant
1915 3062 1952 3132 in
1972 3064 2135 3133 Graecum

472 3203 480 3223 ·
537 3183 732 3273 translatam
755 3186 836 3278 nisi,
856 3187 940 3283 quia
958 3185 1022 3257 suit
1038 3188 1204 3259 acerrimi
1220 3187 1339 3273 studii,
1361 3188 1453 3259 sicut
1469 3188 1713 3285 AEgyptiacas,
1733 3186 1782 3257 ita
1798 3198 1834 3256 et
1850 3184 1934 3254 istas
1951 3205 2017 3280 per
2032 3182 2136 3253 inter·

535 3291 675 3398 prete'm
691 3302 829 3377 didicit.
847 3334 863 3372 u
882 3305 979 3377 Adeo
1000 3321 1121 3379 autem
1142 3308 1220 3406 ipsa
1238 3308 1396 3379 Platonis
1420 3307 1516 3380 dicta
1535 3305 1654 3378 verbis
1674 3304 1822 3376 Domini
1838 3317 1946 3399 atque
1962 3301 2136 3400 pradica-

535 3421 626 3494 tioni
639 3424 715 3518 ejus
727 3447 928 3497 consonare
942 3424 1123 3514 videntur,
1138 3437 1191 3519 ut,
1210 3427 1302 3498 sicut
1318 3426 1415 3500 idem
1430 3426 1621 3527 praedictus
1635 3425 1765 3498 doctor
1775 3425 1813 3496 in
1826 3422 1987 3497 secundo
1996 3421 2138 3494 deuon

536 3545 634 3616 trina
653 3543 880 3616 Christiana¹
896 3544 1098 3643 profitetur,
1118 3546 1265 3643 quidam
1284 3548 1435 3620 lectores
1451 3563 1487 3620 et
1505 3548 1694 3620 dilectores
1717 3545 1874 3618 Platonis
1893 3544 1969 3615 ausi
1994 3556 2078 3614 sunt
2100 3543 2139 3614 in

535 3675 675 3735 tantam
692 3687 928 3761 prorumpere
944 3665 1133 3756 insaniam,
1154 3665 1255 3761 quod
1277 3666 1439 3739 dicerent
1454 3668 1602 3739 Domini
1621 3666 1736 3737 nostri
1752 3668 1834 3736 Jesu
1849 3661 1978 3733 Christi
1995 3675 2142 3732 senten·

538 3780 604 3851 tias
624 3803 713 3876 quas
733 3781 856 3852 mirari
879 3796 915 3853 et
932 3781 1125 3879 praedicare
1149 3798 1342 3881 coguntur,
1368 3788 1414 3859 de
1433 3786 1589 3859 Platonis
1615 3785 1716 3870 libris
1740 3807 1823 3854 eum
1847 3780 2025 3853 didicisse.
2046 3780 2144 3854 Hine

537 3898 647 3970 etiam
662 3897 875 3971 Ptolemaeus
894 3925 955 3973 rex
972 3902 1009 3971 in
1025 3901 1186 3975 Platonis
1199 3903 1333 3999 dogma
1349 3904 1478 3978 eadem
1493 3904 1628 3995 videre,
1646 3906 1684 3976 ni
1697 3901 1812 3990 fallor,
1828 3899 1944 3972 dictus
1957 3912 2023 3991 est,
2039 3899 2145 3997 quod

537 4020 654 4090 Deum
666 4033 702 4089 et
716 4033 889 4112 mentem,
908 4019 1010 4093 idest
1023 4025 1166 4094 Patrem
1176 4037 1212 4094 et
1224 4022 1399 4118 Verbum,
1417 4049 1461 4098 er
1475 4025 1667 4098 Platonicis
1680 4022 1820 4122 scriptis
1833 4020 2019 4092 didicerat.
2037 4016 2147 4092 Unde

537 4139 765 4236 septuaginta
780 4140 990 4240 interpretes
1006 4166 1089 4214 cum
1106 4143 1139 4215 ei
1160 4141 1276 4238 legem
1293 4144 1544 4239 transferrent,
1563 4169 1737 4219 arcanum
1753 4142 1884 4216 divinae
1900 4140 2147 4238 generationis

537 4256 720 4355 prudenti,
736 4274 775 4330 ut
790 4260 922 4333 Judaei¹
939 4260 1084 4356 dicunt,
1104 4264 1255 4335 consilio
1267 4264 1413 4363 penitus
1425 4278 1628 4356 tacuerunt,
1642 4290 1690 4338 ne
1702 4265 1732 4339 si
1748 4261 1787 4336 id
1798 4286 1945 4362 quoque
1962 4258 2060 4360 apud
2074 4263 2148 4333 He·

538 4374 654 4449 braeos
671 4379 855 4478 praedicari
871 4379 1024 4472 audiret,
1042 4381 1223 4482 duplicem
1243 4381 1468 4459 divinitatem
1484 4409 1561 4458 esse
1579 4383 1879 4485 deprehenderet,
1897 4379 2020 4478 quod⁸
2034 4392 2150 4453 antea

538 4509 680 4570 tantum
691 4500 799 4572 unius
808 4501 875 4574 Dei
889 4500 1007 4575 cultor
1020 4503 1213 4598 exstiterat,
1229 4528 1296 4576 nec
1304 4520 1455 4605 propter
1465 4505 1693 4582 Platonicum
1707 4502 1841 4602 dogma
1852 4501 1899 4575 ab
1911 4501 2044 4573 unitate
2055 4499 2152 4571 Dei·

536 4616 617 4690 tatis
630 4616 847 4715 deviaverat,
867 4620 949 4693 licet
962 4621 1014 4693 ibi
1030 4621 1151 4720 plures
1165 4621 1335 4722 distingui
1349 4649 1521 4724 personas
1541 4625 1707 4718 audierit,
1727 4625 1838 4697 unius
1853 4635 1975 4695 tamen
1990 4617 2154 4692 Deitatis

536 4735 779 4834 singularitate
801 4755 952 4814 servata.
974 4742 1065 4814 Hinc
1089 4744 1329 4841 Hieronymus
1349 4744 1504 4846 Prologo
1526 4747 1742 4819 Pentateuct‘
1761 4742 1926 4817 meminit
1949 4740 2099 4828 dicens,
2129 4762 2156 4812 a

567 5027 632 5078 ¹Hb.
646 5027 707 5094 vm,
719 5041 774 5093 cap.
784 5043 813 5093 n,
827 5032 889 5096 opp.
899 5040 930 5094 ,t.
945 5031 1001 5098 Vll,
1014 5037 1061 5085 col.
1079 5037 1131 5088 toa.
1145 5063 1177 5074 -
1187 5042 1196 5072 ²
1205 5007 1257 5087 Db.
1270 5036 1307 5102 ll,
1363 5039 1429 5101 attur
1440 5040 1465 5088 tn
1477 5038 1540 5089 Cod.
1551 5037 1613 5091 Vlct.
1628 4995 1654 5087 et
1666 5037 1729 5090 Edit.
1744 5036 1815 5094 amb.
1831 5036 1861 5085 Ut
1872 5033 1958 5084 cidari
1974 5032 2075 5096 diota&
2092 5044 2163 5096 <1¹¹³

536 5122 590 5171 cap.
599 5123 685 5163 xxvru.
698 5113 772 5177 opp..
785 5120 796 5162 t
813 5110 858 5177 ΙΙΙ,
868 5114 915 5165 col.
926 5117 1054 5170 ³6.-³Sic
1066 5118 1149 5170 Theoi.
1163 5120 1255 5171 christ.
1264 5118 1309 5170 bo·
1363 5118 1457 5170 nutum
1468 5133 1565 5170 sensum
1579 5120 1678 5170 tranent
1692 5115 1833 5169 -⁴1⁴'orsan
1846 5115 1903 5177 Qui.
