4559 6100
1071 616 1199 689 PETRI
1225 615 1458 690 AssAEttttttt

943 1099 1592 1262 irnunsuouunus

445 1466 450 1473 ·
521 1449 647 1548 Operis
663 1461 762 1547 parte
779 1447 990 1547 superiori¹,
1009 1447 1213 1522 testimonia
1230 1446 1393 1546 quadam
1410 1461 1483 1521 tam
1502 1441 1781 1545 Prophetarum,
1804 1468 1915 1542 quam
1941 1445 2057 1543 philo·

472 1563 669 1665 sophorum
689 1565 913 1663 collegimus,
941 1564 1071 1664 quibus
1086 1580 1218 1641 sanotae
1233 1565 1412 1640 Trinitatis
1428 1563 1536 1638 fidem
1552 1577 1810 1655 astrueremus,
1831 1561 1893 1634 ubi
1910 1560 2057 1661 quidem

472 1684 559 1756 dum
580 1683 879 1785 pbilosophorum
896 1684 1096 1760 infidelium
1113 1685 1346 1791 assertiones,
1371 1682 1463 1757 sicut
1482 1696 1518 1757 et
1543 1696 1747 1756 sanctorum
1765 1685 1930 1773 Patrum,
1957 1684 2058 1793 quasi

472 1806 508 1874 in
533 1804 782 1878 auctoritatem
806 1802 1029 1896 induximus,
1054 1804 1252 1879 multorum
1276 1828 1344 1877 nos
1360 1799 1643 1877 detractionibus
1659 1800 1906 1877 corrodendos
1922 1806 2058 1900 patere²

471 1923 741 2018 praesensimus,
759 1936 900 2022 atquea
916 1921 1100 1998 nonnullis
1117 1921 1222 1996 nobis
1238 1922 1277 1997 id
1294 1920 1635 2022 improperandum,
1663 1920 1763 2020 quod
1781 1924 1819 1993 B.
1839 1920 2056 2017 Hieronymo

470 2039 627 2114 amultis
642 2041 729 2114 olim
752 2041 904 2141 legimus
929 2043 1131 2140 objectum,
1159 2065 1245 2116 cum
1269 2064 1344 2115 non
1372 2040 1490 2115 solum
1517 2038 1576 2114 ille
1600 2054 1635 2114 et
1658 2039 1906 2130 ethnicorum,
1932 2062 2057 2113 verum

471 2159 577 2231 etiam
591 2158 840 2234 haereticorum
853 2162 1053 2235 testimonia
1070 2161 1143 2233 suis
1159 2161 1330 2234 insereret
1342 2160 1492 2261 scriptis.
1510 2158 1614 2233 Unde
1626 2172 1662 2232 et
1676 2154 1847 2232 adversus
1861 2157 2056 2231 calumnias

472 2282 587 2378 Magni
603 2283 764 2355 Oratoris
780 2282 879 2355 urbis
898 2286 1018 2356 llomae
1032 2282 1220 2383 epistolam
1240 2280 1421 2375 scribens,
1446 2284 1494 2354 ita
1510 2305 1656 2355 exorsus
1671 2283 1735 2356 ait⁸
1751 2307 1760 2352 ε
1785 2310 1802 2347 s
1823 2279 1920 2369 Quid
1929 2283 2056 2379 quaeris

469 2398 567 2494 quod
585 2399 622 2470 in
639 2400 820 2499 opusculis
844 2403 977 2473 nostris
993 2400 1205 2473 secularium
1221 2399 1405 2472 literarum
1426 2399 1607 2474 interdum
1623 2422 1801 2498 ponamus
1821 2398 2001 2498 exempla,
2021 2414 2056 2471 et

468 2516 665 2589 eandorem
682 2518 836 2591 ecclesiae
852 2518 1080 2592 ethnicorum
1099 2517 1267 2590 sordibus
1288 2515 1517 2616 polluamus?
1542 2522 1734 2616 Nunquam
1749 2517 1821 2590 hoc
1836 2541 2012 2616 quaereres
2026 2520 2055 2589 si
2128 2556 2134 2563 ·

468 2636 658 2732 scripturas
672 2659 789 2709 sacras
805 2637 962 2733 legeres,
980 2637 1009 2708 si
1024 2637 1236 2734 interpretes
1248 2658 1372 2707 earum
1387 2635 1600 2709 revolveres.
1620 2637 1709 2725 Quis
1730 2636 1827 2709 enim
1849 2636 1999 2729 nesciat,
2019 2650 2055 2708 et

469 2754 504 2823 in
522 2754 644 2849 Moyse
661 2777 703 2827 ac
718 2754 976 2852 Prophetarum
989 2752 1247 2847 voluminibus,
1258 2753 1422 2851 quiedam
1435 2769 1614 2854 assumpta
1630 2754 1677 2828 de
1695 2754 1879 2852 gentilium
1893 2753 2005 2844 libris,
2019 2769 2055 2827 et

469 2869 699 2943 Salomonem
719 2872 977 2971 philosophari,
998 2888 1035 2944 et
1053 2872 1282 2970 proposuisse
1296 2872 1482 2964 nonnulla,
1501 2887 1537 2945 et
1552 2872 1670 2970 aliqua
1686 2861 1934 2973 respondisse?
1950 2873 2053 2946 Unde

467 2991 503 3062 in
521 2990 671 3066 exordio
687 2991 955 3065 Proverbtbrum
975 3007 1183 3066 commonet
1203 3006 1243 3065 ut
1265 2991 1502 3088 intelligamus
1525 3017 1708 3068 sermones
1729 2994 1945 3095 prudentiae,
1969 3018 2053 3068 ver-

467 3111 647 3207 sutiasque
669 3109 883 3204 verborum,
914 3110 1122 3210 parabolas,
1152 3126 1188 3183 et
1216 3109 1412 3185 obscurum
1427 3136 1655 3203 sermonem,
1677 3113 1772 3188 dicta
1788 3113 2001 3215 sapientium
2018 3129 2053 3186 et

467 3227 673 3324 enigmata,
697 3253 777 3327 quae
803 3230 948 3328 proprie
973 3243 1057 3302 sunt
1083 3228 1352 3304 dialecticorum
1375 3243 1412 3303 et
1428 3230 1739 3331 philosophorum.
1766 3232 1837 3306 Sed
1864 3248 1900 3306 et
1923 3231 2050 3308 Paulus

468 3344 656 3443 apostolus
669 3347 887 3445 Epimenidis
903 3361 1017 3445 poetae
1033 3346 1166 3420 abusus
1181 3349 1357 3422 versiculo
1375 3364 1447 3440 est,
1464 3350 1624 3422 scribens
1637 3349 1683 3423 ad
1700 3351 1837 3423 'litum‘
1853 3379 1861 3420 ε

728 3571 892 3635 Cretenses
907 3593 1032 3660 semper
1047 3565 1235 3652 mendaces,
1253 3573 1345 3637 mnlae
1360 3573 1486 3652 hestioe,
1502 3589 1628 3639 ventres
1643 3575 1737 3663 pigri.

466 3778 503 3844 ln
522 3773 590 3845 alia
605 3797 752 3870 quoque
765 3773 913 3873 epistola
928 3774 1113 3847 Menandri
1130 3779 1235 3873 ponit
1252 3780 1447 3851 senarium⁸
1465 3807 1472 3848 :

727 3993 941 4086 Corrumpunt
955 4017 1059 4059 mores
1073 3996 1177 4061 bonos
1193 3996 1465 4066 confabulationes
1478 4001 1581 4064 malae.

463 4216 504 4283 Et
520 4214 616 4314 apud
635 4215 860 4290 Athenienses
878 4220 916 4290 in
933 4221 1053 4291 Martis
1068 4221 1166 4292 curia
1192 4220 1390 4317 disputans,
1418 4227 1562 4295 Aratum
1588 4238 1711 4298 testem
1731 4230 1849 4297 vocat‘
1868 4254 1876 4295 :
1898 4255 1915 4292 r
1936 4227 2047 4323 lpsius

461 4333 556 4404 enirn
586 4347 621 4404 et
643 4359 754 4431 genus
782 4360 915 4408 sumus.
939 4367 957 4402 »
976 4340 1095 4427 Pater,
1115 4336 1187 4410 hoc
1205 4353 1258 4411 est
1283 4339 1412 4413 doctor
1426 4338 1618 4416 Christiani
1642 4345 1836 4435 exercitus,
1863 4359 1899 4416 et
1924 4357 2047 4417 orator

460 4452 612 4524 invictus
627 4477 694 4550 pro
709 4439 850 4525 Christo
867 4478 1012 4527 causam
1027 4480 1155 4556 agens,
1175 4460 1281 4530 etiarn
1306 4458 1575 4557 inscriptionem
1592 4461 1775 4534 fortuitam
1803 4477 1878 4536 arte
1903 4477 2046 4558 torquet

459 4568 495 4638 in
523 4586 771 4665 argumentum
802 4570 897 4644 fidei.
923 4572 1104 4646 Didicerat
1129 4577 1267 4648 enima
1293 4599 1379 4648 vero
1404 4578 1558 4668 Davidl,
1577 4593 1789 4676 extorquere
1811 4578 1858 4652 de
1880 4578 2045 4653 manibus

459 4685 615 4760 hostium
629 4688 808 4783 gladium,
837 4705 872 4763 et
888 4689 999 4763 Goliae
1026 4692 1270 4789 superbissimi
1296 4709 1403 4793 caput
1424 4697 1572 4794 proprio
1591 4721 1763 4772 mucrone
1781 4711 1958 4771 trunoare.
1979 4701 2044 4770 Le·

458 4821 542 4898 gant
557 4806 592 4877 in
609 4811 896 4879 Deuteronomiot
911 4809 1069 4881 mulieris
1084 4811 1233 4907 captivae
1246 4811 1445 4885 radendum
1461 4829 1591 4911 caput,
1613 4816 1819 4914 supercilia,
1839 4839 1966 4888 omnes
1985 4818 2044 4914 pi·

488 5066 613 5116 *ambesa
621 5064 861 5130 superioria-'Str
868 5066 982 5118 Amboea
989 5068 1079 5120 Forum
1084 5082 1220 5133 parcre-
1271 5084 1298 5117 s.
1310 5072 1348 5119 tt.
1357 5094 1389 5107 -
1402 5068 1432 5120 ⁵1
1451 5068 1574 5134 Connth,
1596 5084 1652 5135 cap.
1664 5085 1706 5134 xv,
1727 5087 1742 5121 r
1764 5078 1803 5126 st.
1817 5100 1848 5112 -
1857 5077 1868 5107 ⁸
1878 5076 1933 5127 Art.
1945 5079 2042 5140 apost,

463 5139 539 5208 Epist.
549 5147 590 5205 ts,
604 5142 681 5207 Opp,
694 5151 713 5194 t.
726 5140 769 5203 ll,
781 5157 806 5206 p.
819 5146 858 5205 ll,
870 5147 917 5196 eol.
929 5147 985 5196 est.
996 5170 1026 5184 -
1040 5147 1116 5208 ⁶Tit,
1133 5158 1188 5208 erp,
1199 5160 1215 5205 r,
1273 5163 1326 5212 cap.
1335 5162 1400 5210 xru,
1413 5163 1436 5200 r.
1449 5153 1518 5201 ts-
1529 5155 1536 5183 ²
1546 5151 1555 5202 Ι
1561 5148 1631 5214 item,
1641 5166 1694 5216 rap.
1710 5158 1814 5205 rut-⁸
1824 5155 1972 5218 brut-,cap
1989 5170 2041 5207 nr.
