4559 6100
474 497 548 571 600
1081 504 1212 581 PETRl
1236 504 1472 579 summunt

473 663 620 747 peccata
635 651 916 744 committamus,
932 653 1100 727 nonnulli
1116 668 1237 729 tamen
1250 680 1361 729 omne
1375 669 1563 755 peccatum
1577 653 1820 729 voluntarium
1833 676 1910 726 esse
1925 651 2074 744 dicunt,

473 768 509 839 in
539 793 613 865 quo
640 785 678 842 et
704 772 901 869 quamdam
927 773 1167 847 differentiam
1196 777 1334 875 pcccati
1362 800 1384 849 a
1406 775 1593 857 voluntate
1619 774 1830 867 inveniunt,
1860 796 1949 844 cnm
1974 771 2078 845 alind

473 886 657 981 voluntas,
684 889 784 964 aliud
799 892 1046 967 voluntarium
1066 893 1228 987 dicatur,
1245 895 1318 969 hoc
1336 911 1411 986 est,
1431 894 1531 969 aliud
1551 894 1737 982 voluntas,
1764 891 1865 965 alind
1884 916 1950 990 per
1966 891 2075 988 quod

479 1006 649 1123 voluntag
664 1011 914 1085 committitur.

528 1135 572 1199 At
597 1154 682 1201 vero
705 1131 735 1201 si
756 1147 944 1229 peccatum
972 1133 1145 1225 dicimus,
1174 1136 1275 1232 quod
1291 1136 1439 1236 proprie
1460 1134 1532 1208 dici
1553 1148 1740 1233 peccatum
1762 1132 1897 1232 prefati
1921 1154 2070 1219 sumus,

479 1248 550 1320 hoc
567 1264 637 1341 est,
659 1278 677 1318 a
691 1264 938 1351 contemptum
953 1255 1019 1326 Dei
1035 1256 1111 1327 sive
1124 1278 1343 1328 consensum
1359 1257 1396 1327 in
1410 1280 1456 1328 eo
1469 1255 1569 1353 quod
1591 1252 1772 1326 credimus
1793 1265 1943 1351 propter
1958 1255 2076 1323 Deum

479 1368 751 1459 dimittendum,
769 1398 787 1438 n
807 1373 995 1469 quomodo
1005 1373 1158 1447 dicimus
1174 1390 1363 1473 peceatum
1376 1400 1453 1449 esse
1469 1374 1725 1461 voluntarium,
1738 1371 1811 1445 boc
1826 1385 1895 1461 est,
1909 1394 1976 1442 nos
1984 1370 2076 1443 velle

479 1492 594 1560 Deum
618 1504 867 1576 contemnere,
889 1494 991 1590 qnod
1016 1509 1071 1566 est
1092 1518 1255 1593 peccare,
1273 1497 1331 1568 vel
1349 1495 1546 1568 deteriores
1570 1491 1665 1585 lieri,
1689 1506 1751 1565 aut
1769 1492 1900 1589 dignos
1922 1489 2074 1562 damna·

479 1609 576 1680 tione
599 1607 718 1680 efficit
735 1612 909 1698 Quamvis
925 1615 1023 1686 enim
1046 1614 1199 1687 velimus
1222 1613 1339 1687 lacere
1360 1615 1398 1688 id
1423 1613 1522 1711 qnod
1544 1612 1677 1686 debere
1697 1613 1818 1711 puniri
1839 1611 1991 1700 scimm,
2019 1609 2076 1681 vel

480 1727 576 1800 unde
601 1730 721 1827 puniri
747 1729 844 1827 digni
870 1731 999 1822 simus,
1024 1757 1100 1805 non
1123 1748 1242 1806 tamen
1267 1735 1388 1833 puniri
1409 1736 1598 1824 volumus;
1629 1733 1666 1804 in
1692 1732 1765 1803 boc
1787 1732 1866 1829 ipso
1893 1729 2076 1802 manifeste

478 1847 605 1944 iniqui,
631 1847 734 1946 quod
764 1847 837 1921 hoc
863 1850 1030 1923 volumus
1054 1852 1169 1925 lacere
1195 1852 1297 1950 quod
1318 1868 1373 1926 est
1395 1854 1579 1951 iniquum,
1607 1875 1681 1924 non
1708 1865 1828 1923 tamen
1854 1873 1969 1949 poenae
1996 1872 2076 1944 quae

476 1966 572 2062 justa
587 1981 662 2058 est,
689 1966 810 2041 subire
826 1967 994 2042 volumus
1009 1972 1225 2068 aequitatem.
1245 1973 1417 2071 Displicet
1431 1997 1540 2072 poena
1559 1996 1637 2067 quae
1650 1968 1745 2067 justa
1761 1983 1833 2057 est3
1851 1966 1967 2066 placet
1983 1967 2077 2039 actio

479 2110 559 2183 qnae
584 2101 638 2158 est
660 2087 802 2182 injusta.
835 2090 935 2187 Saepe
960 2090 1069 2163 etiam
1094 2092 1289 2188 contingit,
1315 2106 1355 2164 ut
1385 2117 1469 2164 cnm
1491 2090 1643 2163 velimus
1663 2086 1908 2162 concumbere
1927 2110 2013 2158 cum
2034 2109 2076 2157 ea

479 2228 588 2300 quam
601 2205 734 2277 scimus
749 2205 990 2304 conjugatam,
1009 2210 1126 2308 specie
1142 2209 1236 2283 illius
1250 2211 1370 2304 illecti,
1393 2234 1622 2309 nequaquam
1633 2223 1755 2283 tamen
1775 2205 1971 2281 adulterari
1989 2228 2073 2276 cum

479 2348 521 2396 ea
537 2323 722 2411 vellemus,
741 2349 852 2423 quam
867 2351 944 2400 esse
960 2329 1189 2427 conjugatam
1211 2329 1402 2403 nollemus.
1420 2331 1521 2403 llulti
1534 2355 1555 2403 e
1570 2329 1752 2402 contrario
1769 2340 1852 2399 sunt
1866 2326 1930 2423 qui
1947 2348 2076 2396 uxores

482 2458 670 2541 potentum
689 2444 735 2517 ad
754 2444 904 2541 gloriam
921 2472 1023 2521 suam
1043 2474 1088 2523 eo
1106 2451 1220 2546 magis
1236 2464 1424 2550 appetunt,
1445 2451 1530 2547 quia
1545 2449 1670 2521 talium
1695 2470 1824 2521 uxores
1848 2460 1947 2536 sunt,
1968 2468 2076 2540 quam

479 2567 507 2634 si
530 2577 648 2635 essent
675 2565 855 2663 innuptae3
883 2570 995 2664 magis
1020 2568 1213 2643 adulterari
1239 2594 1349 2667 quam
1371 2569 1539 2642 fornicari
1563 2567 1735 2664 cupiunt,
1763 2565 1835 2637 hoc
1860 2578 1927 2654 est,
1963 2563 2074 2657 magis

480 2706 589 2777 quam
612 2684 730 2755 minus
748 2683 932 2757 excedere.
959 2689 1050 2758 Sunt
1074 2713 1166 2786 quos
1190 2689 1343 2760 omnino
1359 2689 1455 2787 piget
1475 2689 1511 2759 in
1536 2709 1754 2758 consensum
1776 2682 2072 2781 concupiscentiae

479 2800 535 2873 vel
553 2801 684 2873 malam
705 2801 928 2877 voluntatem
948 2804 1060 2896 trahi,
1079 2821 1114 2878 et
1133 2805 1206 2879 hoc
1223 2832 1266 2879 ex
1284 2806 1491 2879 infirmitate
1512 2805 1630 2877 carnis
1651 2802 1741 2876 velle
1765 2816 1957 2900 coguntur,
1977 2800 2074 2898 quod

479 2945 709 3019 nequaquam
743 2921 874 2994 vellent
899 2922 1002 2998 velle.
1032 2925 1229 3013 Quomodo
1260 2951 1345 3024 ergo
1369 2925 1429 2998 hic
1454 2948 1650 2997 consensus
1689 2946 1798 3019 quem
1829 2919 1965 2993 habere
2000 2944 2072 2991 non

479 3040 658 3134 volumus,
680 3041 901 3115 voluntarius
922 3043 1074 3136 dicetur,
1096 3061 1147 3140 ut,
1169 3045 1369 3119 secundum
1384 3044 1580 3143 quosdam,
1604 3042 1701 3116 velut
1720 3041 1857 3116 dictum
1876 3056 1942 3128 est,
1969 3064 2074 3113 omne

479 3177 667 3262 peccatum
692 3162 853 3236 dicamus
876 3163 1133 3258 voluntarium,
1161 3166 1322 3264 prolecto
1343 3190 1418 3237 non
1439 3164 1560 3251 video,
1587 3164 1654 3236 nisi
1678 3162 1922 3234 voluntarium
1945 3159 2075 3232 intelli·

480 3307 604 3376 gamus
629 3281 676 3354 ad
703 3283 946 3357 exclusionem
964 3287 1167 3378 necessarii,
1194 3310 1279 3357 cum
1303 3284 1469 3357 videlicet
1493 3282 1634 3356 nullom
1662 3296 1851 3380 peccatum
1874 3278 2074 3353 inevitabile

480 3404 545 3488 sit,
565 3401 620 3473 vel
638 3401 879 3475 voluntarium
898 3404 1060 3478 dicamus
1082 3405 1184 3504 qnod
1208 3430 1249 3478 er
1268 3405 1388 3503 aliqua
1407 3402 1582 3502 procedat
1595 3401 1794 3473 voluntate.
1821 3404 1913 3472 Nam
1934 3401 1999 3472 etsi
2018 3399 2075 3470 ille

480 3522 543 3619 qui
567 3536 713 3595 coactus
738 3522 928 3595 dominum
952 3550 1058 3597 sunm
1082 3523 1228 3616 occidit,
1256 3548 1333 3596 non
1358 3522 1485 3595 babuit
1510 3523 1734 3595 voluntatem
1759 3520 1796 3592 in
1815 3520 2011 3610 occisione,
2038 3518 2073 3590 id

482 3655 603 3714 tamen
621 3668 665 3714 ex
680 3642 799 3738 aliqua
815 3643 993 3716 commisit
1004 3642 1203 3731 voluntate,
1222 3667 1308 3716 cum
1321 3640 1487 3716 videlicet
1502 3656 1657 3716 mortem
1674 3639 1839 3730 evadere,
1858 3637 1917 3712 vel
1933 3637 2073 3710 dillerre

483 3760 599 3833 vellet.

532 3885 622 3953 Sunt
646 3883 709 3979 qui
735 3909 810 3957 non
837 3885 1065 3959 mediocriter
1089 3901 1304 3959 moveantur
1325 3911 1410 3960 cum
1434 3886 1584 3962 audiant
1606 3908 1673 3959 nos
1693 3884 1812 3958 dicere
1830 3883 2075 3980 operationem

480 4002 619 4099 peccati
644 4003 733 4075 nihil
763 4004 895 4078 addere
921 4005 969 4078 ad
994 4020 1133 4078 reatum
1156 4007 1211 4080 vel
1235 4007 1282 4081 ad
1309 4008 1580 4081 damnationem
1604 4004 1702 4106 apud
1726 4007 1856 4076 Deum.
1892 3998 2075 4098 Objiciunt

482 4120 616 4220 quippe
639 4121 740 4217 quod
769 4123 805 4194 iu
833 4125 974 4196 actione
997 4126 1136 4224 peccati
1160 4126 1325 4223 quaedam
1352 4125 1542 4200 delectatio
1573 4140 1756 4224 sequatur,
1787 4146 1866 4221 quae
1889 4132 2076 4218 peccatum

482 4254 622 4334 augeat,
642 4253 681 4312 ut
699 4241 736 4312 in
759 4241 857 4313 coitu
871 4243 928 4316 vel
950 4268 1012 4314 esu
1029 4242 1092 4315 illo
1108 4269 1218 4341 quem
1233 4245 1401 4317 diximus.
1418 4245 1526 4334 Quod
1543 4243 1691 4341 quidem
1712 4266 1788 4338 nou
1805 4238 1960 4313 absurde
1976 4236 2075 4310 dice·

482 4374 574 4448 rent,
607 4361 636 4432 si
657 4360 836 4436 carnalem
861 4361 1068 4459 hujusmodi
1096 4362 1371 4437 delectationem
1398 4379 1586 4465 peccatum
1612 4386 1688 4436 esse
1713 4362 1980 4449 convincerent,
2009 4380 2076 4427 nec

482 4478 551 4552 tale
583 4478 669 4578 quid
697 4481 873 4554 committi
900 4507 1005 4581 posse
1035 4483 1104 4554 nisi
1129 4482 1329 4583 peccando.
1357 4484 1465 4573 Quod
1489 4484 1651 4582 profecto
1676 4483 1705 4554 si
1730 4480 1924 4578 recipiant,
1954 4476 2076 4574 utique

481 4599 618 4674 nemini
638 4600 721 4671 licet
744 4598 839 4674 hanc
862 4603 979 4675 carnis
1001 4601 1278 4676 delectationem
1300 4603 1457 4692 habere;
1485 4602 1584 4676 unde
1609 4626 1677 4675 nec
1701 4600 1873 4697 conjuges
1900 4599 2076 4669 immunes

481 4734 566 4792 suut
582 4744 605 4793 a
625 4733 793 4820 peccato,
822 4746 906 4794 cnm
932 4719 1001 4796 hac
1021 4720 1090 4794 sibi
1106 4724 1242 4796 carnali
1259 4723 1496 4797 delectatione
1516 4744 1686 4795 concessa
1703 4719 1986 4819 permiscentur,
2010 4736 2075 4786 nec

481 4839 540 4916 ille
558 4861 706 4937 quoquc
725 4840 788 4937 qui
810 4864 873 4914 esu
890 4840 1089 4915 delectabili
1107 4842 1243 4915 fructus
1266 4844 1321 4915 sui
1338 4842 1506 4916 vescitur.
1530 4846 1656 4914 Essent
1677 4840 1783 4913 etiam
1806 4837 1844 4910 in
1868 4835 1975 4933 culpa
1994 4832 2076 4931 qui·

480 4958 566 5032 libet
588 4959 722 5032 infirmi
744 4961 805 5060 qui
829 4960 875 5033 ad
902 4962 1181 5049 recreationem,
1201 4979 1242 5036 ut
1263 4962 1310 5036 de
1335 4962 1542 5036 infirmitate
1559 4960 1825 5048 convalescant,
1854 4952 2076 5029 suavioribus

482 5076 571 5150 cibis
591 5079 770 5171 foventur,
790 5105 881 5178 quos
897 5106 1124 5179 nequaqnam
1138 5083 1216 5155 sine
1232 5081 1470 5157 delectatione
1485 5094 1645 5173 sumunt,
1664 5078 1721 5153 vel
1738 5078 1768 5152 si
1784 5086 1978 5164 sumerent,
2000 5094 2074 5144 uon
