4559 6100
481 556 553 629 386
1079 551 1206 623 PETlll
1232 550 1467 623 ABAELARDI

482 719 517 777 et
529 701 719 774 virtutibus
740 699 937 794 adornata,
961 698 1112 799 pulchre
1127 700 1163 772 in
1181 702 1260 797 ipso
1281 725 1353 772 suae
1374 699 1634 773 adhortationis
1654 714 1690 772 et
1710 663 1905 798 discipliuae
1922 687 2071 771 exordio

482 824 617 896 dictum
647 826 727 913 est¹,

771 917 804 982 Si
816 919 903 983 Deus
919 933 967 982 est
985 920 1127 1001 animus,
1144 918 1236 982 nobis
1253 933 1289 981 ut
1300 918 1441 982 carmina
1458 917 1582 995 dicunt,

771 1025 832 1089 Hic
845 1024 904 1089 tibi
921 1026 1079 1115 praecipue
1096 1024 1132 1089 fit
1146 1048 1226 1114 pura
1241 1039 1348 1089 mente
1367 1024 1531 1090 colendus.

534 1202 582 1264 Ac
608 1193 660 1263 sia
682 1203 783 1289 perte
806 1189 920 1261 lilium
944 1192 1123 1261 instruens
1139 1187 1235 1261 dicat
1255 1215 1263 1257 ε
1283 1191 1375 1260 Cum
1394 1193 1491 1260 Deus
1515 1191 1559 1260 sit
1579 1189 1732 1280 animus,
1763 1188 1834 1261 hoc
1858 1203 1911 1259 est
1933 1211 2017 1259 vera
2039 1203 2074 1261 et

485 1311 674 1412 spiritualis
701 1311 792 1398 vita,
824 1311 915 1382 sicut
946 1326 981 1381 et
1008 1311 1086 1409 ipsa
1112 1306 1302 1408 perbibent
1334 1309 1465 1407 scripta
1490 1324 1699 1408 poetarum,
1728 1308 1825 1379 velut
1857 1307 1917 1380 illa
1942 1309 2074 1404 Virgilii

485 1431 606 1524 verba,
626 1455 704 1528 quae
723 1453 831 1529 super
846 1428 917 1501 hoc
936 1431 1054 1527 ipsum
1076 1428 1279 1500 Macrobius
1301 1427 1453 1516 inducit,
1473 1430 1563 1500 sicut
1579 1427 1811 1528 postmodum
1829 1427 2071 1516 ostendemus,

484 1549 583 1622 bunc
609 1551 796 1649 praecipue,
826 1548 958 1621 scilicet
975 1552 1092 1620 Deum
1115 1547 1208 1619 bene
1225 1547 1382 1620 vivendo
1399 1548 1569 1646 glorifica.
1595 1553 1688 1620 Bene
1713 1549 1820 1618 etiam
1835 1571 1918 1618 cum
1943 1548 2073 1620 animal

485 1695 560 1742 esse
585 1668 685 1741 Plato
711 1667 889 1740 muudum
912 1668 1054 1759 dixerit,
1074 1668 1265 1765 ipsumque
1282 1667 1550 1765 intelligentem,
1579 1658 1651 1738 boc
1673 1680 1725 1737 est
1747 1665 1919 1738 rationale
1944 1667 2073 1738 animal

485 1815 560 1863 esse
586 1788 780 1888 perbibuit,
810 1788 1007 1860 secundum
1033 1788 1105 1859 boc
1131 1787 1277 1878 scilicet,
1304 1787 1404 1885 quod
1429 1788 1505 1883 ejus
1530 1787 1649 1859 anima
1671 1801 1806 1883 quanto
1825 1787 1958 1857 caereris
1983 1812 2075 1884 prae-

485 1909 636 1981 stantior
660 1909 787 1996 existit,
810 1922 910 1978 tanto
936 1905 1181 1979 rationabilius
1202 1907 1238 1976 in
1260 1907 1339 2005 ipso
1356 1920 1486 1978 cuncta
1502 1907 1572 2003 agit
1593 1920 1700 2003 atque
1715 1905 1887 2003 disponit.
1905 1908 1959 1976 De
1975 1907 2076 2001 cujus

486 2027 631 2125 quidem
657 2051 803 2098 summae
823 2026 969 2098 rationis
991 2025 1218 2098 ordinatione
1239 2050 1324 2098 cum
1345 2026 1509 2099 subditur
1525 2025 1622 2122 quod
1644 2024 1718 2095 baec
1737 2026 1815 2122 ipsa
1842 2023 1968 2095 mundi
1982 2025 2076 2096 vide-

485 2148 567 2219 licet
592 2146 724 2238 anima,
755 2169 878 2217 causas
905 2146 1070 2216 omnium
1099 2169 1178 2244 quae
1206 2147 1425 2244 proveniunt
1452 2145 1632 2244 providet,
1662 2143 1821 2214 divinam
1849 2144 1883 2214 ei
1912 2145 2075 2215 omnium

487 2281 692 2339 naturarum
714 2264 978 2363 providentiam
1001 2267 1168 2362 assignat,
1189 2277 1224 2337 et
1240 2265 1369 2337 divinae
1385 2264 1647 2365 plenitudinem
1664 2264 1829 2354 scientiae,
1849 2288 1892 2335 ex
1908 2289 1982 2361 quo
2002 2266 2076 2362 ipsa

485 2388 591 2457 etiam
609 2391 704 2457 Deus
718 2411 793 2457 esse
810 2385 985 2479 innuitur,
1002 2386 1118 2457 metiri
1135 2408 1178 2456 ac
1192 2384 1391 2457 deliberare
1408 2409 1541 2481 eaquae
1558 2384 1676 2456 lutura
1690 2395 1773 2453 sunt
1789 2407 1831 2455 ex
1847 2382 2076 2481 praesentibus

486 2506 628 2596 dicitur,
657 2505 741 2602 quia
763 2497 865 2602 juxta
890 2530 932 2577 ea
958 2509 1124 2601 quaejam
1148 2520 1231 2577 suut
1251 2519 1394 2604 oportet
1416 2505 1534 2576 lutura
1555 2503 1757 2602 preparari,
1784 2518 1824 2574 ut
1846 2504 1897 2575 eis
1920 2527 2077 2598 congrua

486 2625 712 2696 ordinatione
739 2623 917 2695 cohaerere
934 2624 1071 2721 possint
1097 2638 1214 2718 atque¹
1230 2625 1357 2722 aptari.
1383 2622 1491 2711 Quod
1514 2637 1634 2695 autem
1660 2622 1824 2694 subditur
1850 2647 1893 2694 ex
1920 2621 2077 2718 reliquiis

487 2742 725 2813 concretionis
745 2740 937 2812 mundanae
962 2743 1089 2813 animae
1114 2737 1253 2812 nostras
1278 2742 1316 2813 id
1341 2757 1393 2814 est
1417 2742 1594 2813 humanas
1619 2742 1756 2813 animas
1781 2766 1857 2813 esse
1881 2739 2073 2831 consectas,

488 2858 555 2930 tale
582 2873 635 2929 est
657 2858 748 2929 acsi
770 2857 984 2932 diceret'eas
1005 2854 1164 2931 animam
1187 2858 1314 2931 mnndi
1335 2862 1372 2932 in
1390 2860 1558 2960 potentiis
1575 2884 1617 2933 ac
1642 2859 1831 2932 virtutibus
1847 2859 1987 2950 imitari,
2011 2859 2075 2930 sed

487 2978 595 3072 lunge
624 2977 661 3047 in
687 2976 759 3047 hnc
786 2976 864 3075 ipso
887 3001 909 3050 a
932 2977 1104 3075 dignitate
1135 2979 1211 3075 ejus
1240 2977 1446 3053 abscedere.
1475 2983 1641 3080 Congrue
1670 2981 1777 3053 etiam
1807 2979 1892 3052 dicit
1919 2978 2077 3051 animam

488 3094 627 3185 mundi,
653 3119 721 3167 nec
744 3096 891 3193 alicujus
913 3098 963 3168 rei
985 3098 1021 3168 in
1041 3097 1195 3191 mundo,
1216 3100 1306 3171 sicut
1327 3114 1361 3171 et
1381 3103 1538 3172 animam
1562 3101 1719 3172 bominis
1735 3099 1897 3190 dicimus,
1924 3123 1991 3171 nec
2014 3098 2077 3169 ali-

489 3215 590 3311 cujus
619 3215 770 3286 membri
799 3215 961 3288 humaui.
992 3217 1119 3301 Anima
1151 3218 1285 3316 quippe
1321 3219 1367 3292 ab
1398 3221 1592 3292 animando
1619 3220 1714 3292 dicta
1739 3235 1814 3311 est,
1846 3244 1914 3291 uec
1944 3204 2076 3316 aliquid

489 3335 633 3433 proprie
655 3335 806 3406 animari
830 3336 972 3429 dicitur,
998 3337 1067 3408 nisi
1092 3336 1128 3408 id
1152 3338 1281 3434 inquo
1305 3353 1379 3412 tota
1396 3342 1450 3412 vis
1470 3340 1702 3436 vegetationis
1724 3341 1772 3411 ita
1793 3318 2075 3429 consummatur,
2176 3426 2180 3435 ¹

356 3492 367 3519 t
488 3468 529 3525 ut
543 3454 641 3526 'nibil
664 3455 809 3554 corpori
829 3455 879 3526 illi
895 3470 1056 3552 vegetato
1081 3455 1263 3530 adhaerere
1284 3461 1499 3532 extrinsecus
1521 3482 1663 3531 necesse
1689 3459 1733 3530 sit
1750 3458 1797 3529 ad
1818 3459 2077 3555 vegetationem

489 3598 597 3670 quam
618 3572 728 3646 habet
746 3575 782 3644 in
809 3598 846 3645 se
868 3575 946 3672 ipso
969 3575 1266 3647 conservandam.
1282 3581 1374 3649 Cum
1397 3580 1517 3676 itaque
1543 3575 1702 3649 mundus
1724 3578 1823 3672 juxta
1846 3576 2077 3675 philosophos

479 3693 655 3765 universa
688 3691 894 3781 concludat,
924 3708 964 3764 ut
995 3693 1084 3764 nibil
1110 3708 1209 3766 extra
1237 3698 1354 3793 ipsum
1388 3698 1562 3768 divinitus
1594 3696 1861 3794 disponendum
1896 3694 2077 3793 relinqua-

400 3867 406 3882 .
490 3825 561 3902 tur,
591 3824 686 3881 recte
709 3813 831 3882 anima
854 3810 981 3882 muudi
1000 3810 1097 3884 dicta
1114 3826 1180 3905 cst,
1201 3815 1293 3886 sicut
1318 3832 1353 3888 et
1376 3818 1495 3888 anima
1521 3816 1691 3908 bominis,
1715 3838 1800 3887 cum
1834 3816 2001 3886 universa
2026 3816 2078 3885 vis

491 3930 617 4000 animae
640 3930 678 3999 in
700 3953 744 4000 eo
772 3944 1070 4003 consummetur:
1096 3932 1188 4004 adeo
1218 3934 1377 4031 quidem,
1423 3951 1463 4007 ut
1488 3960 1556 4007 nec
1584 3937 1704 4033 ipsum
1740 3935 1918 4007 mundum
1951 3934 2075 4006 oculos
2108 3986 2122 4013 ,

490 4047 546 4119 vel
570 4061 695 4121 caetera
728 4070 901 4121 sensuum
934 4050 1171 4124 instrumenta
1198 4052 1332 4126 habere
1366 4057 1585 4155 oportuerit,
1620 4057 1711 4127 sicut
1743 4044 1884 4151 etipse
1913 4054 2077 4152 perbibet

490 4166 604 4254 Plato,
626 4190 711 4238 cum
726 4165 823 4238 nulla
841 4182 939 4240 extra
962 4169 1079 4267 ipsum
1101 4188 1312 4246 remaneant
1336 4174 1381 4247 ad
1405 4161 1492 4272 quae
1507 4175 1571 4246 ista
1593 4175 1900 4274 opportunitatem
1922 4174 2078 4268 aliquam

492 4285 662 4360 habeant.

537 4406 598 4476 His
619 4430 663 4477 ex
686 4406 834 4479 Platone
857 4406 1015 4479 breviter
1038 4408 1214 4501 collectis,
1244 4425 1351 4508 atque
1375 4410 1422 4483 ad
1447 4425 1577 4484 nostrae
1599 4411 1682 4485 lidei
1705 4411 1949 4484 testimonium
1973 4410 2073 4495 satis,

432 4546 435 4556 ⁴
489 4537 528 4594 ut
553 4523 719 4616 arbitror,
748 4524 934 4622 diligenter
958 4526 1145 4626 expeditis,
1171 4553 1395 4626 consequens
1419 4533 1583 4603 existimo
1609 4532 1657 4606 ad
1682 4553 1851 4629 sequaces
1884 4530 1960 4627 ejus
1983 4551 2079 4600 com·

487 4662 618 4732 meare,
646 4656 686 4714 ut
708 4666 752 4716 ea
776 4670 855 4742 quae
878 4646 924 4717 ab
945 4646 1032 4745 ipsis
1052 4672 1200 4746 quoque
1225 4650 1271 4722 de
1297 4652 1416 4723 anima
1438 4652 1565 4725 mundi
1582 4650 1677 4723 dicta
1702 4667 1798 4741 suut,
1826 4648 1924 4721 nulla
1941 4648 2078 4720 ratione

486 4762 743 4835 convenienter
765 4764 880 4863 accipi
900 4789 1005 4865 posse
1027 4781 1284 4863 monstremus,
1310 4771 1376 4842 nisi
1399 4771 1546 4868 Spiritui
1570 4786 1694 4843 sancto
1711 4794 1777 4869 per
1800 4768 2079 4868 pulcherrimam

488 4883 663 4955 involucri
680 4881 831 4978 figuram
849 4885 1086 4980 assignentur.
1106 4891 1184 4960 Hoc
1206 4889 1340 4987 quippe
1357 4888 1530 4986 loquendi
1553 4914 1665 4987 genus
1689 4886 1912 4987 philosophis
1928 4909 2075 4996 quoque

515 5152 521 5179 ⁸
537 5146 645 5197 Gelonis
656 5146 772 5198 Disticha
793 5182 801 5209 ,
813 5162 837 5199 v.
852 5154 873 5198 1.
