<?xml version="1.0" encoding="UTF-8"?>
<!DOCTYPE html PUBLIC "-//W3C//DTD XHTML 1.0 Transitional//EN"
    "http://www.w3.org/TR/xhtml1/DTD/xhtml1-transitional.dtd">
<html xmlns="http://www.w3.org/1999/xhtml" xml:lang="en" lang="en">
 <head>
  <title>
</title>
<meta http-equiv="Content-Type" content="text/html;charset=utf-8" />
  <meta name='ocr-system' content='tesseract 3.04.00' />
  <meta name='ocr-capabilities' content='ocr_page ocr_carea ocr_par ocr_line ocrx_word'/>
</head>
<body>
  <div class='ocr_page' id='page_1' title='image "./petriablardiope00despgoog_0338.png"; bbox 0 0 4559 6100; ppageno 0'>
   <div class='ocr_carea' id='block_1_1' title="bbox 440 532 1422 606">
    <p class='ocr_par' dir='ltr' id='par_1_1' title="bbox 440 532 1422 606">
     <span class='ocr_line' id='line_1_1' title="bbox 440 532 1422 606; baseline 0 0"><span class='ocrx_word' id='word_1_1' title='bbox 440 533 512 606; x_wconf 81' lang='lat'><strong>306</strong></span> <span class='ocrx_word' id='word_1_2' title='bbox 1042 532 1169 604; x_wconf 80' lang='lat' dir='ltr'><strong>Pt&#39;tttt</strong></span> <span class='ocrx_word' id='word_1_3' title='bbox 1195 533 1422 606; x_wconf 75' lang='lat' dir='ltr'><strong>tuAEttuut</strong></span> 
     </span>
    </p>
   </div>
   <div class='ocr_carea' id='block_1_2' title="bbox 357 680 2029 5188">
    <p class='ocr_par' dir='ltr' id='par_1_2' title="bbox 357 680 2029 4117">
     <span class='ocr_line' id='line_1_2' title="bbox 439 680 2027 785; baseline 0.003 -29"><span class='ocrx_word' id='word_1_4' title='bbox 439 680 594 756; x_wconf 86' lang='lat' dir='ltr'><strong>ostendit</strong></span> <span class='ocrx_word' id='word_1_5' title='bbox 619 683 804 781; x_wconf 80' lang='lat' dir='ltr'><strong>proposito</strong></span> <span class='ocrx_word' id='word_1_6' title='bbox 828 681 994 779; x_wconf 67' lang='lat' dir='ltr'><strong>memplc</strong></span> <span class='ocrx_word' id='word_1_7' title='bbox 1016 680 1280 781; x_wconf 85' lang='lat' dir='ltr'><strong>desperandum</strong></span> <span class='ocrx_word' id='word_1_8' title='bbox 1303 706 1379 754; x_wconf 91' lang='lat' dir='ltr'><strong>oon</strong></span> <span class='ocrx_word' id='word_1_9' title='bbox 1400 708 1494 770; x_wconf 84' lang='lat' dir='ltr'><strong>esse,</strong></span> <span class='ocrx_word' id='word_1_10' title='bbox 1515 685 1599 780; x_wconf 85' lang='lat' dir='ltr'><strong>quia</strong></span> <span class='ocrx_word' id='word_1_11' title='bbox 1619 699 1657 757; x_wconf 90' lang='lat' dir='ltr'><strong>et</strong></span> <span class='ocrx_word' id='word_1_12' title='bbox 1679 687 1757 784; x_wconf 82' lang='lat' dir='ltr'><strong>ipse</strong></span> <span class='ocrx_word' id='word_1_13' title='bbox 1776 686 1825 759; x_wconf 79' lang='lat' dir='ltr'><strong>ad</strong></span> <span class='ocrx_word' id='word_1_14' title='bbox 1848 687 2027 785; x_wconf 79' lang='lat' dir='ltr'><strong>bocquc-</strong></span> 
     </span>
     <span class='ocr_line' id='line_1_3' title="bbox 440 799 2025 904; baseline 0.003 -30"><span class='ocrx_word' id='word_1_15' title='bbox 440 801 526 874; x_wconf 88' lang='lat' dir='ltr'><strong>tidie</strong></span> <span class='ocrx_word' id='word_1_16' title='bbox 546 801 698 894; x_wconf 89' lang='lat' dir='ltr'><strong>laborat,</strong></span> <span class='ocrx_word' id='word_1_17' title='bbox 716 826 801 873; x_wconf 90' lang='lat' dir='ltr'><strong>cum</strong></span> <span class='ocrx_word' id='word_1_18' title='bbox 815 803 860 872; x_wconf 83' lang='lat' dir='ltr'><strong>sit</strong></span> <span class='ocrx_word' id='word_1_19' title='bbox 877 799 1068 904; x_wconf 49' lang='lat' dir='ltr'><strong>apostolus</strong></span> <span class='ocrx_word' id='word_1_20' title='bbox 1083 802 1267 886; x_wconf 89' lang='lat' dir='ltr'><strong>Gentium,</strong></span> <span class='ocrx_word' id='word_1_21' title='bbox 1285 815 1324 872; x_wconf 89' lang='lat' dir='ltr'><strong>nt</strong></span> <span class='ocrx_word' id='word_1_22' title='bbox 1338 803 1446 873; x_wconf 86' lang='lat' dir='ltr'><strong>etiam</strong></span> <span class='ocrx_word' id='word_1_23' title='bbox 1460 801 1600 898; x_wconf 78' lang='lat' dir='ltr'><strong>aliquos</strong></span> <span class='ocrx_word' id='word_1_24' title='bbox 1621 828 1664 892; x_wconf 73' lang='lat' dir='ltr'><strong>ex</strong></span> <span class='ocrx_word' id='word_1_25' title='bbox 1682 804 1814 878; x_wconf 79' lang='lat' dir='ltr'><strong>ludaeis</strong></span> <span class='ocrx_word' id='word_1_26' title='bbox 1827 822 2025 884; x_wconf 81' lang='lat' dir='ltr'><strong>convertat.</strong></span> 
     </span>
     <span class='ocr_line' id='line_1_4' title="bbox 440 905 2028 1019; baseline 0.003 -27"><span class='ocrx_word' id='word_1_27' title='bbox 440 919 548 1009; x_wconf 89' lang='lat' dir='ltr'><strong>Quod</strong></span> <span class='ocrx_word' id='word_1_28' title='bbox 572 905 798 1017; x_wconf 71' lang='lat' dir='ltr'><strong>quidem&#39;est</strong></span> <span class='ocrx_word' id='word_1_29' title='bbox 819 905 979 994; x_wconf 83' lang='lat' dir='ltr'><strong>officinm</strong></span> <span class='ocrx_word' id='word_1_30' title='bbox 1004 946 1110 994; x_wconf 79' lang='lat' dir='ltr'><strong>mum</strong></span> <span class='ocrx_word' id='word_1_31' title='bbox 1132 919 1349 1019; x_wconf 64' lang='lat' dir='ltr'><strong>predicandi</strong></span> <span class='ocrx_word' id='word_1_32' title='bbox 1370 919 1505 992; x_wconf 88' lang='lat' dir='ltr'><strong>scilicet</strong></span> <span class='ocrx_word' id='word_1_33' title='bbox 1523 921 1718 1012; x_wconf 85' lang='lat' dir='ltr'><strong>honorare,</strong></span> <span class='ocrx_word' id='word_1_34' title='bbox 1741 908 1780 995; x_wconf 83' lang='lat' dir='ltr'><strong>id</strong></span> <span class='ocrx_word' id='word_1_35' title='bbox 1804 907 2028 1002; x_wconf 75' lang='lat' dir='ltr'><strong>estmaxime</strong></span> 
     </span>
     <span class='ocr_line' id='line_1_5' title="bbox 440 1037 2025 1141; baseline 0.004 -29"><span class='ocrx_word' id='word_1_36' title='bbox 440 1038 706 1128; x_wconf 88' lang='lat' dir='ltr'><strong>commendare,</strong></span> <span class='ocrx_word' id='word_1_37' title='bbox 725 1065 808 1112; x_wconf 90' lang='lat' dir='ltr'><strong>cnm</strong></span> <span class='ocrx_word' id='word_1_38' title='bbox 829 1066 871 1112; x_wconf 82' lang='lat' dir='ltr'><strong>ex</strong></span> <span class='ocrx_word' id='word_1_39' title='bbox 893 1039 1093 1116; x_wconf 75' lang='lat' dir='ltr'>abundanti</span> <span class='ocrx_word' id='word_1_40' title='bbox 1113 1040 1182 1112; x_wconf 86' lang='lat' dir='ltr'><strong>bos</strong></span> <span class='ocrx_word' id='word_1_41' title='bbox 1201 1041 1310 1113; x_wconf 88' lang='lat' dir='ltr'><strong>etiam</strong></span> <span class='ocrx_word' id='word_1_42' title='bbox 1333 1037 1432 1110; x_wconf 88' lang='lat' dir='ltr'><strong>dicto</strong></span> <span class='ocrx_word' id='word_1_43' title='bbox 1456 1037 1628 1132; x_wconf 88' lang='lat' dir='ltr'><strong>lucretur,</strong></span> <span class='ocrx_word' id='word_1_44' title='bbox 1644 1067 1802 1139; x_wconf 90' lang='lat' dir='ltr'><strong>quorum</strong></span> <span class='ocrx_word' id='word_1_45' title='bbox 1821 1045 2025 1141; x_wconf 71' lang='lat' dir='ltr'><strong>Apostolus,</strong></span> 
     </span>
     <span class='ocr_line' id='line_1_6' title="bbox 440 1157 2029 1259; baseline 0.004 -28"><span class='ocrx_word' id='word_1_46' title='bbox 440 1158 476 1230; x_wconf 89' lang='lat' dir='ltr'><strong>id</strong></span> <span class='ocrx_word' id='word_1_47' title='bbox 494 1174 547 1232; x_wconf 89' lang='lat' dir='ltr'><strong>est</strong></span> <span class='ocrx_word' id='word_1_48' title='bbox 566 1159 789 1257; x_wconf 72' lang='lat' dir='ltr'><strong>praedicator,</strong></span> <span class='ocrx_word' id='word_1_49' title='bbox 807 1185 882 1233; x_wconf 92' lang='lat' dir='ltr'><strong>non</strong></span> <span class='ocrx_word' id='word_1_50' title='bbox 900 1175 953 1232; x_wconf 91' lang='lat' dir='ltr'><strong>est</strong></span> <span class='ocrx_word' id='word_1_51' title='bbox 969 1162 1045 1259; x_wconf 87' lang='lat' dir='ltr'><strong>ipse</strong></span> <span class='ocrx_word' id='word_1_52' title='bbox 1058 1159 1274 1231; x_wconf 90' lang='lat' dir='ltr'><strong>constitutus</strong></span> <span class='ocrx_word' id='word_1_53' title='bbox 1291 1157 1508 1255; x_wconf 68' lang='lat' dir='ltr'><strong>«Apostolus</strong></span> <span class='ocrx_word' id='word_1_54' title='bbox 1528 1161 1703 1256; x_wconf 82' lang='lat' dir='ltr'><strong>gentimn.</strong></span> <span class='ocrx_word' id='word_1_55' title='bbox 1720 1191 1738 1228; x_wconf 76' lang='lat' dir='ltr'><strong>s</strong></span> <span class='ocrx_word' id='word_1_56' title='bbox 1757 1166 1803 1233; x_wconf 87' lang='lat' dir='ltr'><strong>Et</strong></span> <span class='ocrx_word' id='word_1_57' title='bbox 1818 1163 1848 1233; x_wconf 92' lang='lat' dir='ltr'><strong>si</strong></span> <span class='ocrx_word' id='word_1_58' title='bbox 1864 1162 2029 1237; x_wconf 82' lang='lat' dir='ltr'><strong>videlieet</strong></span> 
     </span>
     <span class='ocr_line' id='line_1_7' title="bbox 441 1263 2024 1380; baseline 0.003 -28"><span class='ocrx_word' id='word_1_59' title='bbox 441 1279 587 1352; x_wconf 88' lang='lat' dir='ltr'><strong>minime</strong></span> <span class='ocrx_word' id='word_1_60' title='bbox 600 1263 817 1371; x_wconf 73' lang='lat' dir='ltr'><strong>iudeorum,</strong></span> <span class='ocrx_word' id='word_1_61' title='bbox 838 1281 901 1352; x_wconf 80' lang='lat' dir='ltr'><strong>usi</strong></span> <span class='ocrx_word' id='word_1_62' title='bbox 917 1280 1105 1378; x_wconf 87' lang='lat' dir='ltr'><strong>quomodo</strong></span> <span class='ocrx_word' id='word_1_63' title='bbox 1125 1302 1335 1378; x_wconf 74' lang='lat' dir='ltr'>provocem,</span> <span class='ocrx_word' id='word_1_64' title='bbox 1355 1306 1374 1343; x_wconf 77' lang='lat' dir='ltr'><strong>n</strong></span> <span class='ocrx_word' id='word_1_65' title='bbox 1395 1293 1468 1350; x_wconf 87' lang='lat' dir='ltr'><strong>tam</strong></span> <span class='ocrx_word' id='word_1_66' title='bbox 1484 1278 1604 1351; x_wconf 86' lang='lat' dir='ltr'><strong>verbis</strong></span> <span class='ocrx_word' id='word_1_67' title='bbox 1620 1304 1731 1378; x_wconf 88' lang='lat' dir='ltr'><strong>quam</strong></span> <span class='ocrx_word' id='word_1_68' title='bbox 1747 1281 1930 1380; x_wconf 78' lang='lat' dir='ltr'><strong>exemplis,</strong></span> <span class='ocrx_word' id='word_1_69' title='bbox 1950 1297 2024 1356; x_wconf 89' lang='lat' dir='ltr'><strong>tam</strong></span> 
     </span>
     <span class='ocr_line' id='line_1_8' title="bbox 439 1397 2021 1499; baseline 0.003 -30"><span class='ocrx_word' id='word_1_70' title='bbox 439 1399 648 1474; x_wconf 87' lang='lat' dir='ltr'><strong>auctoritate</strong></span> <span class='ocrx_word' id='word_1_71' title='bbox 661 1424 770 1497; x_wconf 87' lang='lat' dir='ltr'><strong>qnam</strong></span> <span class='ocrx_word' id='word_1_72' title='bbox 785 1401 934 1490; x_wconf 89' lang='lat' dir='ltr'><strong>ratione,</strong></span> <span class='ocrx_word' id='word_1_73' title='bbox 940 1415 1021 1494; x_wconf 23' lang='lat' dir='ltr'><strong>,tam</strong></span> <span class='ocrx_word' id='word_1_74' title='bbox 1037 1413 1160 1499; x_wconf 83' lang='lat' dir='ltr'><strong>aperta</strong></span> <span class='ocrx_word' id='word_1_75' title='bbox 1174 1398 1320 1472; x_wconf 88' lang='lat' dir='ltr'><strong>veritate</strong></span> <span class='ocrx_word' id='word_1_76' title='bbox 1331 1420 1443 1494; x_wconf 86' lang='lat' dir='ltr'><strong>quam</strong></span> <span class='ocrx_word' id='word_1_77' title='bbox 1454 1397 1531 1470; x_wconf 90' lang='lat' dir='ltr'><strong>utili</strong></span> <span class='ocrx_word' id='word_1_78' title='bbox 1543 1399 1769 1473; x_wconf 74' lang='lat' dir='ltr'><strong>simulatione</strong></span> <span class='ocrx_word' id='word_1_79' title='bbox 1785 1401 1841 1472; x_wconf 85' lang='lat' dir='ltr'><strong>vel</strong></span> <span class='ocrx_word' id='word_1_80' title='bbox 1855 1400 2021 1474; x_wconf 87' lang='lat' dir='ltr'><strong>dissimu-</strong></span> 
     </span>
     <span class='ocr_line' id='line_1_9' title="bbox 438 1515 2020 1615; baseline 0.005 -28"><span class='ocrx_word' id='word_1_81' title='bbox 438 1517 582 1607; x_wconf 87' lang='lat' dir='ltr'><strong>latione,</strong></span> <span class='ocrx_word' id='word_1_82' title='bbox 594 1519 641 1591; x_wconf 91' lang='lat' dir='ltr'><strong>de</strong></span> <span class='ocrx_word' id='word_1_83' title='bbox 655 1544 725 1615; x_wconf 91' lang='lat' dir='ltr'><strong>qua</strong></span> <span class='ocrx_word' id='word_1_84' title='bbox 741 1518 824 1590; x_wconf 87' lang='lat' dir='ltr'><strong>alibi</strong></span> <span class='ocrx_word' id='word_1_85' title='bbox 840 1518 939 1613; x_wconf 86' lang='lat' dir='ltr'><strong>dicit,</strong></span> <span class='ocrx_word' id='word_1_86' title='bbox 961 1552 978 1586; x_wconf 76' lang='grc' dir='ltr'><strong><em>ι</em></strong></span> <span class='ocrx_word' id='word_1_87' title='bbox 992 1519 1105 1591; x_wconf 83' lang='lat' dir='ltr'><strong>factus</strong></span> <span class='ocrx_word' id='word_1_88' title='bbox 1117 1544 1198 1590; x_wconf 86' lang='lat' dir='ltr'><strong>sum</strong></span> <span class='ocrx_word' id='word_1_89' title='bbox 1212 1517 1341 1590; x_wconf 85' lang='lat' dir='ltr'><strong>Judaeis</strong></span> <span class='ocrx_word' id='word_1_90' title='bbox 1354 1515 1509 1610; x_wconf 72' lang='lat' dir='ltr'><strong>tudem,</strong></span> <span class='ocrx_word' id='word_1_91' title='bbox 1525 1532 1563 1590; x_wconf 91' lang='lat' dir='ltr'><strong>et</strong></span> <span class='ocrx_word' id='word_1_92' title='bbox 1577 1518 1746 1591; x_wconf 87' lang='lat' dir='ltr'><strong>omnibns</strong></span> <span class='ocrx_word' id='word_1_93' title='bbox 1761 1520 1884 1592; x_wconf 85' lang='lat' dir='ltr'><strong>omnia</strong></span> <span class='ocrx_word' id='word_1_94' title='bbox 1896 1520 2020 1612; x_wconf 78' lang='lat' dir='ltr'><strong>lactus,</strong></span> 
     </span>
     <span class='ocr_line' id='line_1_10' title="bbox 439 1636 2021 1736; baseline 0.003 -28"><span class='ocrx_word' id='word_1_95' title='bbox 439 1650 614 1710; x_wconf 68' lang='lat' dir='ltr'><strong>utomnm</strong></span> <span class='ocrx_word' id='word_1_96' title='bbox 627 1637 895 1729; x_wconf 65' lang='lat' dir='ltr'><strong>lucrifaciam»</strong></span> <span class='ocrx_word' id='word_1_97' title='bbox 912 1663 1086 1714; x_wconf 84' lang='lat' dir='ltr'><strong>«carnem</strong></span> <span class='ocrx_word' id='word_1_98' title='bbox 1098 1662 1260 1730; x_wconf 56' lang='lat' dir='ltr'><strong>meumst»</strong></span> <span class='ocrx_word' id='word_1_99' title='bbox 1274 1636 1376 1710; x_wconf 88' lang='lat' dir='ltr'><strong>idest</strong></span> <span class='ocrx_word' id='word_1_100' title='bbox 1389 1636 1544 1730; x_wconf 75' lang='lat' dir='ltr'><strong>ludaeos,</strong></span> <span class='ocrx_word' id='word_1_101' title='bbox 1558 1640 1622 1736; x_wconf 91' lang='lat' dir='ltr'><strong>qui</strong></span> <span class='ocrx_word' id='word_1_102' title='bbox 1634 1638 2021 1735; x_wconf 77' lang='lat' dir='ltr'><strong>degeneremeosnnt,</strong></span> 
     </span>
     <span class='ocr_line' id='line_1_11' title="bbox 439 1754 2023 1850; baseline 0.003 -22"><span class='ocrx_word' id='word_1_103' title='bbox 439 1754 517 1828; x_wconf 82' lang='lat' dir='ltr'><strong>«ad</strong></span> <span class='ocrx_word' id='word_1_104' title='bbox 541 1756 800 1848; x_wconf 75' lang='lat' dir='ltr'><strong>aemulandum,</strong></span> <span class='ocrx_word' id='word_1_105' title='bbox 820 1789 837 1824; x_wconf 76' lang='lat' dir='ltr'><strong>n</strong></span> <span class='ocrx_word' id='word_1_106' title='bbox 862 1757 971 1831; x_wconf 87' lang='lat' dir='ltr'><strong>idest</strong></span> <span class='ocrx_word' id='word_1_107' title='bbox 993 1758 1209 1831; x_wconf 87' lang='lat' dir='ltr'><strong>imitandum</strong></span> <span class='ocrx_word' id='word_1_108' title='bbox 1230 1781 1289 1830; x_wconf 91' lang='lat' dir='ltr'><strong>me</strong></span> <span class='ocrx_word' id='word_1_109' title='bbox 1316 1758 1354 1827; x_wconf 92' lang='lat' dir='ltr'><strong>in</strong></span> <span class='ocrx_word' id='word_1_110' title='bbox 1377 1758 1629 1850; x_wconf 80' lang='lat' dir='ltr'><strong>conversione,</strong></span> <span class='ocrx_word' id='word_1_111' title='bbox 1648 1788 1667 1826; x_wconf 81' lang='lat' dir='ltr'><strong>e</strong></span> <span class='ocrx_word' id='word_1_112' title='bbox 1690 1773 1728 1831; x_wconf 90' lang='lat' dir='ltr'><strong>et</strong></span> <span class='ocrx_word' id='word_1_113' title='bbox 1751 1760 1869 1831; x_wconf 88' lang='lat' dir='ltr'><strong>salvos</strong></span> <span class='ocrx_word' id='word_1_114' title='bbox 1897 1760 2023 1834; x_wconf 74' lang='lat' dir='ltr'><strong>faciam</strong></span> 
     </span>
     <span class='ocr_line' id='line_1_12' title="bbox 435 1873 2023 1976; baseline 0.003 -29"><span class='ocrx_word' id='word_1_115' title='bbox 435 1873 600 1972; x_wconf 72' lang='lat' dir='ltr'><strong>aliquos»</strong></span> <span class='ocrx_word' id='word_1_116' title='bbox 619 1874 755 1961; x_wconf 87' lang='lat' dir='ltr'><strong>saltem,</strong></span> <span class='ocrx_word' id='word_1_117' title='bbox 774 1877 804 1948; x_wconf 88' lang='lat' dir='ltr'><strong>si</strong></span> <span class='ocrx_word' id='word_1_118' title='bbox 821 1901 896 1954; x_wconf 89' lang='lat' dir='ltr'><strong>non</strong></span> <span class='ocrx_word' id='word_1_119' title='bbox 914 1876 1057 1952; x_wconf 87' lang='lat' dir='ltr'><strong>multos.</strong></span> <span class='ocrx_word' id='word_1_120' title='bbox 1078 1878 1144 1948; x_wconf 83' lang='lat' dir='ltr'><strong>«Si</strong></span> <span class='ocrx_word' id='word_1_121' title='bbox 1156 1876 1268 1952; x_wconf 87' lang='lat' dir='ltr'><strong>enim.</strong></span> <span class='ocrx_word' id='word_1_122' title='bbox 1282 1906 1300 1942; x_wconf 72' lang='lat' dir='ltr'><strong>r</strong></span> <span class='ocrx_word' id='word_1_123' title='bbox 1320 1880 1365 1945; x_wconf 85' lang='lat' dir='ltr'><strong>Et</strong></span> <span class='ocrx_word' id='word_1_124' title='bbox 1383 1875 1510 1948; x_wconf 89' lang='lat' dir='ltr'><strong>merito</strong></span> <span class='ocrx_word' id='word_1_125' title='bbox 1527 1877 1567 1947; x_wconf 90' lang='lat' dir='ltr'><strong>in</strong></span> <span class='ocrx_word' id='word_1_126' title='bbox 1585 1877 1656 1949; x_wconf 90' lang='lat' dir='ltr'><strong>boc</strong></span> <span class='ocrx_word' id='word_1_127' title='bbox 1677 1879 1840 1976; x_wconf 80' lang='lat' dir='ltr'><strong>persisto,</strong></span> <span class='ocrx_word' id='word_1_128' title='bbox 1860 1894 1901 1949; x_wconf 90' lang='lat' dir='ltr'><strong>ut</strong></span> <span class='ocrx_word' id='word_1_129' title='bbox 1916 1880 2023 1952; x_wconf 80' lang='lat' dir='ltr'><strong>edam</strong></span> 
     </span>
     <span class='ocr_line' id='line_1_13' title="bbox 435 1994 2018 2092; baseline 0.004 -26"><span class='ocrx_word' id='word_1_130' title='bbox 435 2018 499 2066; x_wconf 89' lang='lat' dir='ltr'><strong>eos</strong></span> <span class='ocrx_word' id='word_1_131' title='bbox 518 2008 748 2087; x_wconf 85' lang='lat' dir='ltr'><strong>convertam,</strong></span> <span class='ocrx_word' id='word_1_132' title='bbox 765 1995 850 2092; x_wconf 87' lang='lat' dir='ltr'><strong>quia</strong></span> <span class='ocrx_word' id='word_1_133' title='bbox 871 2021 955 2068; x_wconf 90' lang='lat' dir='ltr'><strong>cum</strong></span> <span class='ocrx_word' id='word_1_134' title='bbox 976 1997 1119 2070; x_wconf 86' lang='lat' dir='ltr'><strong>amissio</strong></span> <span class='ocrx_word' id='word_1_135' title='bbox 1141 1995 1284 2068; x_wconf 89' lang='lat' dir='ltr'><strong>illorum</strong></span> <span class='ocrx_word' id='word_1_136' title='bbox 1304 1994 1546 2068; x_wconf 78' lang='lat' dir='ltr'><strong>reconciliatio</strong></span> <span class='ocrx_word' id='word_1_137' title='bbox 1563 1997 1609 2069; x_wconf 83' lang='lat' dir='ltr'><strong>sit</strong></span> <span class='ocrx_word' id='word_1_138' title='bbox 1631 1996 1757 2070; x_wconf 89' lang='lat' dir='ltr'><strong>mundi</strong></span> <span class='ocrx_word' id='word_1_139' title='bbox 1780 1997 1819 2068; x_wconf 89' lang='lat' dir='ltr'><strong>in</strong></span> <span class='ocrx_word' id='word_1_140' title='bbox 1835 1997 2018 2083; x_wconf 81' lang='lat' dir='ltr'><strong>Gentibus,</strong></span> 
     </span>
     <span class='ocr_line' id='line_1_14' title="bbox 434 2112 2022 2214; baseline 0.004 -30"><span class='ocrx_word' id='word_1_141' title='bbox 434 2136 476 2185; x_wconf 89' lang='lat' dir='ltr'><strong>ac</strong></span> <span class='ocrx_word' id='word_1_142' title='bbox 497 2137 563 2212; x_wconf 89' lang='lat' dir='ltr'><strong>per</strong></span> <span class='ocrx_word' id='word_1_143' title='bbox 585 2112 656 2186; x_wconf 89' lang='lat' dir='ltr'><strong>hoc</strong></span> <span class='ocrx_word' id='word_1_144' title='bbox 676 2113 783 2207; x_wconf 86' lang='lat' dir='ltr'><strong>utilis,</strong></span> <span class='ocrx_word' id='word_1_145' title='bbox 804 2113 917 2188; x_wconf 92' lang='lat' dir='ltr'><strong>multo</strong></span> <span class='ocrx_word' id='word_1_146' title='bbox 942 2115 1138 2188; x_wconf 83' lang='lat' dir='ltr'><strong>mirabilior</strong></span> <span class='ocrx_word' id='word_1_147' title='bbox 1162 2129 1198 2187; x_wconf 91' lang='lat' dir='ltr'><strong>et</strong></span> <span class='ocrx_word' id='word_1_148' title='bbox 1223 2113 1343 2186; x_wconf 88' lang='lat' dir='ltr'><strong>utilior</strong></span> <span class='ocrx_word' id='word_1_149' title='bbox 1370 2114 1437 2185; x_wconf 89' lang='lat' dir='ltr'><strong>erit</strong></span> <span class='ocrx_word' id='word_1_150' title='bbox 1460 2116 1659 2213; x_wconf 82' lang='lat' dir='ltr'><strong>assumpt&#39;m</strong></span> <span class='ocrx_word' id='word_1_151' title='bbox 1684 2139 1827 2204; x_wconf 89' lang='lat' dir='ltr'><strong>eornm,</strong></span> <span class='ocrx_word' id='word_1_152' title='bbox 1853 2142 1931 2214; x_wconf 82' lang='lat' dir='ltr'><strong>quae</strong></span> <span class='ocrx_word' id='word_1_153' title='bbox 1956 2121 2022 2192; x_wconf 88' lang='lat' dir='ltr'><strong>erit</strong></span> 
     </span>
     <span class='ocr_line' id='line_1_15' title="bbox 433 2233 2022 2332; baseline 0.005 -30"><span class='ocrx_word' id='word_1_154' title='bbox 433 2233 533 2328; x_wconf 84' lang='lat' dir='ltr'><strong>quasi</strong></span> <span class='ocrx_word' id='word_1_155' title='bbox 546 2247 771 2304; x_wconf 87' lang='lat' dir='ltr'><strong>mortuorum</strong></span> <span class='ocrx_word' id='word_1_156' title='bbox 785 2235 1015 2306; x_wconf 83' lang='lat' dir='ltr'><strong>resuscitatio.</strong></span> <span class='ocrx_word' id='word_1_157' title='bbox 1027 2234 1223 2308; x_wconf 83' lang='lat' dir='ltr'><strong>Mirabilius</strong></span> <span class='ocrx_word' id='word_1_158' title='bbox 1236 2248 1290 2306; x_wconf 88' lang='lat' dir='ltr'><strong>est</strong></span> <span class='ocrx_word' id='word_1_159' title='bbox 1301 2235 1398 2305; x_wconf 92' lang='lat' dir='ltr'><strong>enim</strong></span> <span class='ocrx_word' id='word_1_160' title='bbox 1409 2247 1594 2306; x_wconf 89' lang='lat' dir='ltr'><strong>mortuum</strong></span> <span class='ocrx_word' id='word_1_161' title='bbox 1606 2235 1789 2328; x_wconf 83' lang='lat' dir='ltr'><strong>suscitare,</strong></span> <span class='ocrx_word' id='word_1_162' title='bbox 1800 2259 1911 2332; x_wconf 89' lang='lat' dir='ltr'><strong>quam</strong></span> <span class='ocrx_word' id='word_1_163' title='bbox 1922 2236 2022 2318; x_wconf 81' lang='lat' dir='ltr'><strong>illum</strong></span> 
     </span>
     <span class='ocr_line' id='line_1_16' title="bbox 432 2350 2020 2450; baseline 0.004 -28"><span class='ocrx_word' id='word_1_164' title='bbox 432 2350 493 2447; x_wconf 89' lang='lat' dir='ltr'><strong>qui</strong></span> <span class='ocrx_word' id='word_1_165' title='bbox 508 2374 582 2421; x_wconf 91' lang='lat' dir='ltr'><strong>non</strong></span> <span class='ocrx_word' id='word_1_166' title='bbox 598 2351 683 2422; x_wconf 80' lang='lat' dir='ltr'><strong>vixit</strong></span> <span class='ocrx_word' id='word_1_167' title='bbox 699 2352 870 2440; x_wconf 85' lang='lat' dir='ltr'><strong>animare,</strong></span> <span class='ocrx_word' id='word_1_168' title='bbox 884 2352 986 2424; x_wconf 89' lang='lat' dir='ltr'><strong>idest</strong></span> <span class='ocrx_word' id='word_1_169' title='bbox 1001 2354 1109 2425; x_wconf 88' lang='lat' dir='ltr'><strong>vitam</strong></span> <span class='ocrx_word' id='word_1_170' title='bbox 1124 2352 1278 2426; x_wconf 89' lang='lat' dir='ltr'><strong>reddere</strong></span> <span class='ocrx_word' id='word_1_171' title='bbox 1290 2377 1398 2450; x_wconf 85' lang='lat' dir='ltr'><strong>quem</strong></span> <span class='ocrx_word' id='word_1_172' title='bbox 1415 2351 1515 2425; x_wconf 79' lang='lat' dir='ltr'><strong>dare.</strong></span> <span class='ocrx_word' id='word_1_173' title='bbox 1532 2352 1702 2440; x_wconf 85' lang='lat' dir='ltr'><strong>Quotidie</strong></span> <span class='ocrx_word' id='word_1_174' title='bbox 1719 2354 1818 2426; x_wconf 89' lang='lat' dir='ltr'><strong>enim</strong></span> <span class='ocrx_word' id='word_1_175' title='bbox 1830 2355 1964 2428; x_wconf 88' lang='lat' dir='ltr'><strong>scimus</strong></span> <span class='ocrx_word' id='word_1_176' title='bbox 1983 2357 2020 2428; x_wconf 90' lang='lat' dir='ltr'><strong>iu</strong></span> 
     </span>
     <span class='ocr_line' id='line_1_17' title="bbox 434 2469 2019 2562; baseline 0.005 -22"><span class='ocrx_word' id='word_1_177' title='bbox 434 2469 542 2542; x_wconf 90' lang='lat' dir='ltr'><strong>uteris</strong></span> <span class='ocrx_word' id='word_1_178' title='bbox 553 2484 709 2542; x_wconf 85' lang='lat' dir='ltr'><strong>metrum</strong></span> <span class='ocrx_word' id='word_1_179' title='bbox 719 2470 1059 2548; x_wconf 86' lang='lat' dir='ltr'><strong>naturalitercarnes</strong></span> <span class='ocrx_word' id='word_1_180' title='bbox 1068 2473 1219 2544; x_wconf 69' lang='lat' dir='ltr'><strong>aedmeri</strong></span> <span class='ocrx_word' id='word_1_181' title='bbox 1228 2497 1297 2544; x_wconf 88' lang='lat' dir='ltr'><strong>nec</strong></span> <span class='ocrx_word' id='word_1_182' title='bbox 1308 2472 1495 2562; x_wconf 88' lang='lat' dir='ltr'><strong>miramur,</strong></span> <span class='ocrx_word' id='word_1_183' title='bbox 1505 2486 1669 2544; x_wconf 90' lang='lat' dir='ltr'><strong>mortuos</strong></span> <span class='ocrx_word' id='word_1_184' title='bbox 1681 2486 1802 2546; x_wconf 90' lang='lat' dir='ltr'><strong>autem</strong></span> <span class='ocrx_word' id='word_1_185' title='bbox 1813 2473 2019 2548; x_wconf 79' lang='lat' dir='ltr'><strong>reviviscere</strong></span> 
     </span>
     <span class='ocr_line' id='line_1_18' title="bbox 433 2587 2020 2690; baseline 0.004 -30"><span class='ocrx_word' id='word_1_186' title='bbox 433 2587 593 2662; x_wconf 84' lang='lat' dir='ltr'><strong>miraculi</strong></span> <span class='ocrx_word' id='word_1_187' title='bbox 613 2604 703 2662; x_wconf 83' lang='lat' dir='ltr'><strong>esset</strong></span> <span class='ocrx_word' id='word_1_188' title='bbox 718 2593 838 2689; x_wconf 90' lang='lat' dir='ltr'><strong>potius</strong></span> <span class='ocrx_word' id='word_1_189' title='bbox 853 2614 962 2688; x_wconf 83' lang='lat' dir='ltr'><strong>quarn</strong></span> <span class='ocrx_word' id='word_1_190' title='bbox 982 2606 1129 2664; x_wconf 68' lang='lat' dir='ltr'><strong>natura.</strong></span> <span class='ocrx_word' id='word_1_191' title='bbox 1154 2594 1288 2664; x_wconf 85' lang='lat' dir='ltr'><strong>Gentes</strong></span> <span class='ocrx_word' id='word_1_192' title='bbox 1305 2591 1425 2689; x_wconf 88' lang='lat' dir='ltr'><strong>itaque</strong></span> <span class='ocrx_word' id='word_1_193' title='bbox 1442 2615 1636 2664; x_wconf 89' lang='lat' dir='ltr'><strong>conversas</strong></span> <span class='ocrx_word' id='word_1_194' title='bbox 1653 2589 1700 2664; x_wconf 83' lang='lat' dir='ltr'><strong>ad</strong></span> <span class='ocrx_word' id='word_1_195' title='bbox 1717 2595 1848 2682; x_wconf 86' lang='lat' dir='ltr'><strong>Deum,</strong></span> <span class='ocrx_word' id='word_1_196' title='bbox 1868 2616 2020 2690; x_wconf 84' lang='lat' dir='ltr'><strong>quarum</strong></span> 
     </span>
     <span class='ocr_line' id='line_1_19' title="bbox 380 2707 2018 2807; baseline 0.003 -28"><span class='ocrx_word' id='word_1_197' title='bbox 380 2711 385 2802; x_wconf 55' lang='grc' dir='ltr'><strong>’ῃ</strong></span> <span class='ocrx_word' id='word_1_198' title='bbox 431 2707 585 2805; x_wconf 88' lang='lat' dir='ltr'><strong>populus</strong></span> <span class='ocrx_word' id='word_1_199' title='bbox 613 2724 717 2786; x_wconf 82' lang='lat' dir='ltr'><strong>antea</strong></span> <span class='ocrx_word' id='word_1_200' title='bbox 745 2733 811 2807; x_wconf 89' lang='lat' dir='ltr'><strong>per</strong></span> <span class='ocrx_word' id='word_1_201' title='bbox 841 2708 950 2782; x_wconf 83' lang='lat' dir='ltr'><strong>fidem</strong></span> <span class='ocrx_word' id='word_1_202' title='bbox 979 2733 1053 2782; x_wconf 91' lang='lat' dir='ltr'><strong>noo</strong></span> <span class='ocrx_word' id='word_1_203' title='bbox 1077 2709 1184 2800; x_wconf 87' lang='lat' dir='ltr'><strong>vixit,</strong></span> <span class='ocrx_word' id='word_1_204' title='bbox 1213 2709 1381 2796; x_wconf 89' lang='lat' dir='ltr'><strong>animari,</strong></span> <span class='ocrx_word' id='word_1_205' title='bbox 1411 2708 1450 2781; x_wconf 89' lang='lat' dir='ltr'><strong>id</strong></span> <span class='ocrx_word' id='word_1_206' title='bbox 1477 2721 1532 2782; x_wconf 89' lang='lat' dir='ltr'><strong>est</strong></span> <span class='ocrx_word' id='word_1_207' title='bbox 1557 2707 1728 2781; x_wconf 78' lang='lat' dir='ltr'><strong>vivificari</strong></span> <span class='ocrx_word' id='word_1_208' title='bbox 1756 2711 1875 2807; x_wconf 89' lang='lat' dir='ltr'><strong>potius</strong></span> <span class='ocrx_word' id='word_1_209' title='bbox 1898 2710 2018 2784; x_wconf 87' lang='lat' dir='ltr'><strong>dicere</strong></span> 
     </span>
     <span class='ocr_line' id='line_1_20' title="bbox 404 2828 2018 2950; baseline 0.002 -51"><span class='ocrx_word' id='word_1_210' title='bbox 404 2901 410 2950; x_wconf 48' lang='lat' dir='ltr'><em>s</em></span> <span class='ocrx_word' id='word_1_211' title='bbox 431 2852 620 2923; x_wconf 88' lang='lat' dir='ltr'><strong>possumus</strong></span> <span class='ocrx_word' id='word_1_212' title='bbox 640 2853 749 2926; x_wconf 90' lang='lat' dir='ltr'><strong>quam</strong></span> <span class='ocrx_word' id='word_1_213' title='bbox 771 2829 984 2901; x_wconf 88' lang='lat' dir='ltr'><strong>resuscitari.</strong></span> <span class='ocrx_word' id='word_1_214' title='bbox 1004 2828 1266 2927; x_wconf 45' lang='grc' dir='ltr'><strong>ΜΨ,</strong></span> <span class='ocrx_word' id='word_1_215' title='bbox 1282 2828 1482 2932; x_wconf 25' lang='lat' dir='ltr'><strong>siflredeant</strong></span> <span class='ocrx_word' id='word_1_216' title='bbox 1500 2830 1547 2901; x_wconf 87' lang='lat' dir='ltr'><strong>ad</strong></span> <span class='ocrx_word' id='word_1_217' title='bbox 1562 2833 1695 2916; x_wconf 65' lang='lat' dir='ltr'><strong>Deum</strong></span> <span class='ocrx_word' id='word_1_218' title='bbox 1712 2840 1749 2900; x_wconf 90' lang='lat' dir='ltr'><strong>et</strong></span> <span class='ocrx_word' id='word_1_219' title='bbox 1765 2843 2018 2927; x_wconf 73' lang='lat' dir='ltr'><strong>convertantur</strong></span> 
     </span>
     <span class='ocr_line' id='line_1_21' title="bbox 430 2929 2025 3051; baseline 0 -34"><span class='ocrx_word' id='word_1_220' title='bbox 430 2946 540 3020; x_wconf 89' lang='lat' dir='ltr'><strong>corda</strong></span> <span class='ocrx_word' id='word_1_221' title='bbox 560 2961 703 3045; x_wconf 89' lang='lat' dir='ltr'><strong>patrum</strong></span> <span class='ocrx_word' id='word_1_222' title='bbox 715 2948 752 3018; x_wconf 91' lang='lat' dir='ltr'><strong>in</strong></span> <span class='ocrx_word' id='word_1_223' title='bbox 771 2946 877 3036; x_wconf 86' lang='lat' dir='ltr'><strong>lilios,</strong></span> <span class='ocrx_word' id='word_1_224' title='bbox 892 2949 994 3044; x_wconf 89' lang='lat' dir='ltr'><strong>quasi</strong></span> <span class='ocrx_word' id='word_1_225' title='bbox 1011 2947 1144 3018; x_wconf 89' lang='lat' dir='ltr'><strong>mortui</strong></span> <span class='ocrx_word' id='word_1_226' title='bbox 1159 2929 1386 3051; x_wconf 73' lang='lat' dir='ltr'><strong>suscitantur,</strong></span> <span class='ocrx_word' id='word_1_227' title='bbox 1403 2971 1488 3020; x_wconf 90' lang='lat' dir='ltr'><strong>cum</strong></span> <span class='ocrx_word' id='word_1_228' title='bbox 1502 2947 1664 3047; x_wconf 59' lang='lat' dir='ltr'><strong>populus</strong></span> <span class='ocrx_word' id='word_1_229' title='bbox 1675 2945 1893 3048; x_wconf 46' lang='lat' dir='ltr'><strong>lfleifflqul</strong></span> <span class='ocrx_word' id='word_1_230' title='bbox 1902 2961 2025 3046; x_wconf 60' lang='lat' dir='ltr'><strong>anna</strong></span> 
     </span>
     <span class='ocr_line' id='line_1_22' title="bbox 394 3017 2017 3165; baseline 0.002 -32"><span class='ocrx_word' id='word_1_231' title='bbox 394 3017 403 3133; x_wconf 75' lang='lat' dir='ltr'><strong>l</strong></span> <span class='ocrx_word' id='word_1_232' title='bbox 432 3090 495 3164; x_wconf 84' lang='lat' dir='ltr'><strong>per</strong></span> <span class='ocrx_word' id='word_1_233' title='bbox 511 3065 620 3140; x_wconf 86' lang='lat' dir='ltr'><strong>fidem</strong></span> <span class='ocrx_word' id='word_1_234' title='bbox 636 3054 774 3139; x_wconf 73' lang='lat' dir='ltr'><strong>viserit.</strong></span> <span class='ocrx_word' id='word_1_235' title='bbox 795 3072 838 3140; x_wconf 90' lang='lat' dir='ltr'><strong>Et</strong></span> <span class='ocrx_word' id='word_1_236' title='bbox 853 3081 949 3140; x_wconf 91' lang='lat' dir='ltr'><strong>certe</strong></span> <span class='ocrx_word' id='word_1_237' title='bbox 965 3047 1144 3141; x_wconf 77' lang='lat' dir='ltr'><strong>difficilius</strong></span> <span class='ocrx_word' id='word_1_238' title='bbox 1160 3050 1217 3138; x_wconf 80' lang='lat' dir='ltr'><strong>est</strong></span> <span class='ocrx_word' id='word_1_239' title='bbox 1228 3052 1434 3139; x_wconf 71' lang='lat' dir='ltr'><strong>istfim&#39;cum</strong></span> <span class='ocrx_word' id='word_1_240' title='bbox 1450 3060 1569 3165; x_wconf 81' lang='lat' dir='ltr'><strong>lapsus</strong></span> <span class='ocrx_word' id='word_1_241' title='bbox 1587 3066 1691 3138; x_wconf 86' lang='lat' dir='ltr'><strong>suerit</strong></span> <span class='ocrx_word' id='word_1_242' title='bbox 1704 3066 1886 3158; x_wconf 87' lang='lat' dir='ltr'><strong>suscitare,</strong></span> <span class='ocrx_word' id='word_1_243' title='bbox 1906 3090 2017 3163; x_wconf 80' lang='lat' dir='ltr'><strong>quam</strong></span> 
     </span>
     <span class='ocr_line' id='line_1_23' title="bbox 430 3183 2019 3284; baseline 0.001 -27"><span class='ocrx_word' id='word_1_244' title='bbox 430 3185 492 3281; x_wconf 93' lang='lat' dir='ltr'><strong>qui</strong></span> <span class='ocrx_word' id='word_1_245' title='bbox 509 3185 652 3282; x_wconf 86' lang='lat' dir='ltr'><strong>iniquus</strong></span> <span class='ocrx_word' id='word_1_246' title='bbox 671 3186 862 3284; x_wconf 87' lang='lat' dir='ltr'><strong>perstiterit</strong></span> <span class='ocrx_word' id='word_1_247' title='bbox 883 3185 1121 3282; x_wconf 84' lang='lat' dir='ltr'><strong>adjustitiam</strong></span> <span class='ocrx_word' id='word_1_248' title='bbox 1139 3185 1293 3258; x_wconf 89' lang='lat' dir='ltr'><strong>trahere.</strong></span> <span class='ocrx_word' id='word_1_249' title='bbox 1314 3183 1424 3274; x_wconf 93' lang='lat' dir='ltr'><strong>Quod</strong></span> <span class='ocrx_word' id='word_1_250' title='bbox 1441 3184 1603 3283; x_wconf 90' lang='lat' dir='ltr'><strong>quotidie</strong></span> <span class='ocrx_word' id='word_1_251' title='bbox 1623 3184 1661 3254; x_wconf 90' lang='lat' dir='ltr'><strong>iu</strong></span> <span class='ocrx_word' id='word_1_252' title='bbox 1683 3183 1768 3282; x_wconf 86' lang='lat' dir='ltr'><strong>ipsis</strong></span> <span class='ocrx_word' id='word_1_253' title='bbox 1783 3183 2019 3258; x_wconf 88' lang='lat' dir='ltr'><strong>conventibus</strong></span> 
     </span>
     <span class='ocr_line' id='line_1_24' title="bbox 430 3301 2017 3404; baseline 0.001 -28"><span class='ocrx_word' id='word_1_254' title='bbox 430 3304 652 3402; x_wconf 80' lang='lat' dir='ltr'><strong>Religionum</strong></span> <span class='ocrx_word' id='word_1_255' title='bbox 669 3305 883 3404; x_wconf 76' lang='lat' dir='ltr'><strong>experimur,</strong></span> <span class='ocrx_word' id='word_1_256' title='bbox 902 3329 987 3377; x_wconf 88' lang='lat' dir='ltr'><strong>eum</strong></span> <span class='ocrx_word' id='word_1_257' title='bbox 1011 3328 1073 3377; x_wconf 89' lang='lat' dir='ltr'><strong>eos</strong></span> <span class='ocrx_word' id='word_1_258' title='bbox 1088 3303 1213 3401; x_wconf 88' lang='lat' dir='ltr'><strong>quide</strong></span> <span class='ocrx_word' id='word_1_259' title='bbox 1237 3303 1347 3377; x_wconf 85' lang='lat' dir='ltr'><strong>seculi</strong></span> <span class='ocrx_word' id='word_1_260' title='bbox 1364 3303 1498 3377; x_wconf 87' lang='lat' dir='ltr'><strong>malitia</strong></span> <span class='ocrx_word' id='word_1_261' title='bbox 1514 3302 1562 3375; x_wconf 90' lang='lat' dir='ltr'><strong>ad</strong></span> <span class='ocrx_word' id='word_1_262' title='bbox 1584 3301 1840 3379; x_wconf 80' lang='lat' dir='ltr'><strong>monachatum</strong></span> <span class='ocrx_word' id='word_1_263' title='bbox 1865 3328 2017 3377; x_wconf 90' lang='lat' dir='ltr'><strong>conver·</strong></span> 
     </span>
     <span class='ocr_line' id='line_1_25' title="bbox 357 3421 2017 3523; baseline 0.001 -29"><span class='ocrx_word' id='word_1_264' title='bbox 357 3466 359 3470; x_wconf 81' lang='lat'><em>.</em></span> <span class='ocrx_word' id='word_1_265' title='bbox 430 3438 566 3511; x_wconf 88' lang='lat' dir='ltr'><strong>tuntur,</strong></span> <span class='ocrx_word' id='word_1_266' title='bbox 585 3424 686 3496; x_wconf 82' lang='lat' dir='ltr'><strong>facile</strong></span> <span class='ocrx_word' id='word_1_267' title='bbox 702 3424 739 3495; x_wconf 93' lang='lat' dir='ltr'><strong>in</strong></span> <span class='ocrx_word' id='word_1_268' title='bbox 761 3423 862 3495; x_wconf 88' lang='lat' dir='ltr'><strong>bono</strong></span> <span class='ocrx_word' id='word_1_269' title='bbox 885 3446 1112 3523; x_wconf 87' lang='lat' dir='ltr'><strong>perseverare</strong></span> <span class='ocrx_word' id='word_1_270' title='bbox 1136 3424 1322 3501; x_wconf 89' lang='lat' dir='ltr'><strong>videamus</strong></span> <span class='ocrx_word' id='word_1_271' title='bbox 1346 3423 1535 3521; x_wconf 86' lang='lat' dir='ltr'><strong>proposito</strong></span> <span class='ocrx_word' id='word_1_272' title='bbox 1554 3421 1760 3495; x_wconf 86' lang='lat' dir='ltr'><strong>:seculares</strong></span> <span class='ocrx_word' id='word_1_273' title='bbox 1780 3446 1867 3493; x_wconf 87' lang='lat' dir='ltr'><strong>vero</strong></span> <span class='ocrx_word' id='word_1_274' title='bbox 1893 3446 2017 3495; x_wconf 84' lang='lat' dir='ltr'><strong>mona·</strong></span> 
     </span>
     <span class='ocr_line' id='line_1_26' title="bbox 427 3539 2018 3639; baseline -0.001 -24"><span class='ocrx_word' id='word_1_275' title='bbox 427 3542 516 3617; x_wconf 88' lang='lat' dir='ltr'><strong>chos</strong></span> <span class='ocrx_word' id='word_1_276' title='bbox 540 3543 596 3614; x_wconf 80' lang='lat' dir='ltr'><strong>vir</strong></span> <span class='ocrx_word' id='word_1_277' title='bbox 613 3557 675 3614; x_wconf 88' lang='lat' dir='ltr'><strong>aut</strong></span> <span class='ocrx_word' id='word_1_278' title='bbox 695 3567 880 3639; x_wconf 88' lang='lat' dir='ltr'><strong>nunquam</strong></span> <span class='ocrx_word' id='word_1_279' title='bbox 903 3543 1206 3639; x_wconf 59' lang='lat' dir='ltr'><strong>redireQrissio</strong></span> <span class='ocrx_word' id='word_1_280' title='bbox 1221 3541 1426 3614; x_wconf 87' lang='lat' dir='ltr'><strong>Jndaeornm</strong></span> <span class='ocrx_word' id='word_1_281' title='bbox 1450 3542 1578 3617; x_wconf 91' lang='lat' dir='ltr'><strong>merito</strong></span> <span class='ocrx_word' id='word_1_282' title='bbox 1595 3539 1725 3613; x_wconf 88' lang='lat' dir='ltr'><strong>dicitur</strong></span> <span class='ocrx_word' id='word_1_283' title='bbox 1742 3562 1826 3612; x_wconf 91' lang='lat' dir='ltr'><strong>cum</strong></span> <span class='ocrx_word' id='word_1_284' title='bbox 1842 3564 1904 3613; x_wconf 87' lang='lat' dir='ltr'><strong>eos</strong></span> <span class='ocrx_word' id='word_1_285' title='bbox 1922 3545 2018 3615; x_wconf 88' lang='lat' dir='ltr'><strong>Deus</strong></span> 
     </span>
     <span class='ocr_line' id='line_1_27' title="bbox 428 3655 2017 3759; baseline 0 -26"><span class='ocrx_word' id='word_1_286' title='bbox 428 3686 492 3759; x_wconf 89' lang='lat' dir='ltr'><strong>per</strong></span> <span class='ocrx_word' id='word_1_287' title='bbox 505 3658 748 3733; x_wconf 72' lang='lat' dir='ltr'><strong>infidelitatem</strong></span> <span class='ocrx_word' id='word_1_288' title='bbox 765 3660 932 3752; x_wconf 84' lang='lat' dir='ltr'><strong>amiserit,</strong></span> <span class='ocrx_word' id='word_1_289' title='bbox 948 3685 1040 3759; x_wconf 88' lang='lat' dir='ltr'><strong>qnos</strong></span> <span class='ocrx_word' id='word_1_290' title='bbox 1054 3661 1155 3759; x_wconf 90' lang='lat' dir='ltr'><strong>prius</strong></span> <span class='ocrx_word' id='word_1_291' title='bbox 1170 3658 1350 3756; x_wconf 83' lang='lat' dir='ltr'><strong>subjectos</strong></span> <span class='ocrx_word' id='word_1_292' title='bbox 1361 3685 1427 3759; x_wconf 91' lang='lat' dir='ltr'><strong>per</strong></span> <span class='ocrx_word' id='word_1_293' title='bbox 1440 3658 1548 3732; x_wconf 87' lang='lat' dir='ltr'><strong>fidem</strong></span> <span class='ocrx_word' id='word_1_294' title='bbox 1562 3658 1720 3731; x_wconf 84' lang='lat' dir='ltr'><strong>tenebat.</strong></span> <span class='ocrx_word' id='word_1_295' title='bbox 1732 3655 1858 3731; x_wconf 83' lang='lat' dir='ltr'><strong>Mundi</strong></span> <span class='ocrx_word' id='word_1_296' title='bbox 1870 3660 2017 3733; x_wconf 89' lang='lat' dir='ltr'><strong>nomine</strong></span> 
     </span>
     <span class='ocr_line' id='line_1_28' title="bbox 428 3776 2017 3877; baseline 0.001 -28"><span class='ocrx_word' id='word_1_297' title='bbox 428 3777 586 3852; x_wconf 87' lang='lat' dir='ltr'><strong>Gentiles</strong></span> <span class='ocrx_word' id='word_1_298' title='bbox 610 3776 785 3873; x_wconf 80' lang='lat' dir='ltr'><strong>designat,</strong></span> <span class='ocrx_word' id='word_1_299' title='bbox 803 3778 867 3875; x_wconf 91' lang='lat' dir='ltr'><strong>qui</strong></span> <span class='ocrx_word' id='word_1_300' title='bbox 892 3778 1004 3873; x_wconf 85' lang='lat' dir='ltr'><strong>magis</strong></span> <span class='ocrx_word' id='word_1_301' title='bbox 1029 3780 1122 3850; x_wconf 90' lang='lat' dir='ltr'><strong>inter</strong></span> <span class='ocrx_word' id='word_1_302' title='bbox 1148 3777 1370 3850; x_wconf 88' lang='lat' dir='ltr'><strong>insensibiles</strong></span> <span class='ocrx_word' id='word_1_303' title='bbox 1393 3777 1522 3852; x_wconf 90' lang='lat' dir='ltr'><strong>mundi</strong></span> <span class='ocrx_word' id='word_1_304' title='bbox 1545 3791 1664 3877; x_wconf 87' lang='lat' dir='ltr'><strong>partes</strong></span> <span class='ocrx_word' id='word_1_305' title='bbox 1686 3801 1793 3851; x_wconf 85' lang='lat' dir='ltr'><strong>sensu</strong></span> <span class='ocrx_word' id='word_1_306' title='bbox 1816 3801 1858 3848; x_wconf 88' lang='lat' dir='ltr'><strong>ac</strong></span> <span class='ocrx_word' id='word_1_307' title='bbox 1878 3779 2017 3851; x_wconf 87' lang='lat' dir='ltr'><strong>ratione</strong></span> 
     </span>
     <span class='ocr_line' id='line_1_29' title="bbox 428 3885 2017 3993; baseline -0.001 -22"><span class='ocrx_word' id='word_1_308' title='bbox 428 3911 602 3983; x_wconf 85' lang='lat' dir='ltr'><strong>carentes,</strong></span> <span class='ocrx_word' id='word_1_309' title='bbox 623 3895 710 3967; x_wconf 90' lang='lat' dir='ltr'><strong>dum</strong></span> <span class='ocrx_word' id='word_1_310' title='bbox 737 3896 835 3971; x_wconf 87' lang='lat' dir='ltr'><strong>idola</strong></span> <span class='ocrx_word' id='word_1_311' title='bbox 860 3894 1032 3987; x_wconf 87' lang='lat' dir='ltr'><strong>colerent,</strong></span> <span class='ocrx_word' id='word_1_312' title='bbox 1051 3920 1162 3993; x_wconf 89' lang='lat' dir='ltr'><strong>quam</strong></span> <span class='ocrx_word' id='word_1_313' title='bbox 1187 3898 1280 3970; x_wconf 87' lang='lat' dir='ltr'><strong>inter</strong></span> <span class='ocrx_word' id='word_1_314' title='bbox 1306 3896 1472 3969; x_wconf 89' lang='lat' dir='ltr'><strong>homines</strong></span> <span class='ocrx_word' id='word_1_315' title='bbox 1496 3885 1688 3969; x_wconf 87' lang='lat' dir='ltr'><strong>rationales</strong></span> <span class='ocrx_word' id='word_1_316' title='bbox 1712 3908 1893 3971; x_wconf 85' lang='lat' dir='ltr'><strong>creaturas</strong></span> <span class='ocrx_word' id='word_1_317' title='bbox 1919 3920 2017 3970; x_wconf 89' lang='lat' dir='ltr'><strong>eom-</strong></span> 
     </span>
     <span class='ocr_line' id='line_1_30' title="bbox 427 4015 747 4117; baseline -0.016 -26"><span class='ocrx_word' id='word_1_318' title='bbox 427 4016 577 4117; x_wconf 75' lang='lat' dir='ltr'><strong>putandi</strong></span> <span class='ocrx_word' id='word_1_319' title='bbox 596 4015 747 4093; x_wconf 80' lang='lat' dir='ltr'><strong>fueraut.</strong></span> 
     </span>
    </p>

    <p class='ocr_par' dir='ltr' id='par_1_3' title="bbox 424 4131 2017 5188">
     <span class='ocr_line' id='line_1_31' title="bbox 470 4131 2017 4235; baseline 0.002 -32"><span class='ocrx_word' id='word_1_320' title='bbox 470 4166 495 4203; x_wconf 74' lang='lat' dir='ltr'><strong>s</strong></span> <span class='ocrx_word' id='word_1_321' title='bbox 507 4135 682 4228; x_wconf 73' lang='lat' dir='ltr'><strong>Quaerit,</strong></span> <span class='ocrx_word' id='word_1_322' title='bbox 693 4164 711 4201; x_wconf 84' lang='grc'><em>»</em></span> <span class='ocrx_word' id='word_1_323' title='bbox 721 4133 758 4207; x_wconf 88' lang='lat' dir='ltr'><strong>id</strong></span> <span class='ocrx_word' id='word_1_324' title='bbox 767 4134 1044 4232; x_wconf 84' lang='lat' dir='ltr'><strong>estcujusrnodi,</strong></span> <span class='ocrx_word' id='word_1_325' title='bbox 1058 4134 1190 4209; x_wconf 87' lang='lat' dir='ltr'><strong>scilicet</strong></span> <span class='ocrx_word' id='word_1_326' title='bbox 1203 4164 1221 4201; x_wconf 78' lang='lat' dir='ltr'><strong>e</strong></span> <span class='ocrx_word' id='word_1_327' title='bbox 1233 4136 1453 4235; x_wconf 75' lang='lat' dir='ltr'><strong>assumptio»</strong></span> <span class='ocrx_word' id='word_1_328' title='bbox 1464 4131 1670 4208; x_wconf 81' lang='lat' dir='ltr'><strong>ludaeorum</strong></span> <span class='ocrx_word' id='word_1_329' title='bbox 1680 4133 1906 4226; x_wconf 85' lang='lat' dir='ltr'><strong>amissorum,</strong></span> <span class='ocrx_word' id='word_1_330' title='bbox 1920 4162 1938 4206; x_wconf 84' lang='lat' dir='ltr'><strong>e</strong></span> <span class='ocrx_word' id='word_1_331' title='bbox 1948 4136 2017 4209; x_wconf 87' lang='lat' dir='ltr'><strong>nisi</strong></span> 
     </span>
     <span class='ocr_line' id='line_1_32' title="bbox 428 4250 2014 4353; baseline -0.003 -29"><span class='ocrx_word' id='word_1_332' title='bbox 428 4256 554 4328; x_wconf 79' lang='lat' dir='ltr'><strong>vitaer</strong></span> <span class='ocrx_word' id='word_1_333' title='bbox 572 4255 766 4344; x_wconf 59' lang='lat' dir='ltr'><strong>mortuis»</strong></span> <span class='ocrx_word' id='word_1_334' title='bbox 787 4252 825 4324; x_wconf 91' lang='lat' dir='ltr'><strong>id</strong></span> <span class='ocrx_word' id='word_1_335' title='bbox 847 4268 900 4325; x_wconf 85' lang='lat' dir='ltr'><strong>est</strong></span> <span class='ocrx_word' id='word_1_336' title='bbox 926 4254 995 4326; x_wconf 90' lang='lat' dir='ltr'><strong>nisi</strong></span> <span class='ocrx_word' id='word_1_337' title='bbox 1020 4255 1242 4327; x_wconf 87' lang='lat' dir='ltr'><strong>resuscitatio</strong></span> <span class='ocrx_word' id='word_1_338' title='bbox 1264 4269 1494 4329; x_wconf 90' lang='lat' dir='ltr'><strong>mortuorum</strong></span> <span class='ocrx_word' id='word_1_339' title='bbox 1516 4255 1552 4325; x_wconf 90' lang='lat' dir='ltr'><strong>in</strong></span> <span class='ocrx_word' id='word_1_340' title='bbox 1575 4250 1756 4353; x_wconf 82' lang='lat' dir='ltr'><strong>peccatis?</strong></span> <span class='ocrx_word' id='word_1_341' title='bbox 1776 4251 1915 4341; x_wconf 82' lang='lat' dir='ltr'><strong>«Quod</strong></span> <span class='ocrx_word' id='word_1_342' title='bbox 1936 4253 1979 4323; x_wconf 89' lang='lat' dir='ltr'><strong>si.</strong></span> <span class='ocrx_word' id='word_1_343' title='bbox 1995 4282 2014 4320; x_wconf 74' lang='lat' dir='ltr'><strong>n</strong></span> 
     </span>
     <span class='ocr_line' id='line_1_33' title="bbox 428 4369 2016 4474; baseline -0.004 -27"><span class='ocrx_word' id='word_1_344' title='bbox 428 4372 604 4449; x_wconf 87' lang='lat' dir='ltr'><strong>Delibatio</strong></span> <span class='ocrx_word' id='word_1_345' title='bbox 628 4388 682 4447; x_wconf 91' lang='lat' dir='ltr'><strong>est</strong></span> <span class='ocrx_word' id='word_1_346' title='bbox 705 4371 903 4469; x_wconf 83' lang='lat' dir='ltr'><strong>degustatio</strong></span> <span class='ocrx_word' id='word_1_347' title='bbox 930 4374 1082 4471; x_wconf 81' lang='lat' dir='ltr'><strong>alicujus</strong></span> <span class='ocrx_word' id='word_1_348' title='bbox 1107 4376 1218 4474; x_wconf 89' lang='lat' dir='ltr'><strong>partis</strong></span> <span class='ocrx_word' id='word_1_349' title='bbox 1243 4389 1393 4473; x_wconf 80' lang='lat' dir='ltr'><strong>sumptae</strong></span> <span class='ocrx_word' id='word_1_350' title='bbox 1423 4372 1469 4446; x_wconf 90' lang='lat' dir='ltr'><strong>de</strong></span> <span class='ocrx_word' id='word_1_351' title='bbox 1497 4388 1595 4463; x_wconf 90' lang='lat' dir='ltr'><strong>toto,</strong></span> <span class='ocrx_word' id='word_1_352' title='bbox 1615 4396 1680 4471; x_wconf 91' lang='lat' dir='ltr'><strong>per</strong></span> <span class='ocrx_word' id='word_1_353' title='bbox 1703 4394 1813 4469; x_wconf 86' lang='lat' dir='ltr'><strong>quam</strong></span> <span class='ocrx_word' id='word_1_354' title='bbox 1837 4369 2016 4468; x_wconf 85' lang='lat' dir='ltr'><strong>explorari</strong></span> 
     </span>
     <span class='ocr_line' id='line_1_34' title="bbox 427 4488 2015 4591; baseline -0.003 -26"><span class='ocrx_word' id='word_1_355' title='bbox 427 4492 539 4591; x_wconf 83' lang='lat' dir='ltr'><strong>possit</strong></span> <span class='ocrx_word' id='word_1_356' title='bbox 562 4492 668 4590; x_wconf 76' lang='lat' dir='ltr'><strong>qtmle</strong></span> <span class='ocrx_word' id='word_1_357' title='bbox 695 4488 784 4565; x_wconf 91' lang='lat' dir='ltr'><strong>illud</strong></span> <span class='ocrx_word' id='word_1_358' title='bbox 811 4491 857 4563; x_wconf 88' lang='lat' dir='ltr'><strong>sit</strong></span> <span class='ocrx_word' id='word_1_359' title='bbox 882 4505 1012 4584; x_wconf 87' lang='lat' dir='ltr'><strong>totum,</strong></span> <span class='ocrx_word' id='word_1_360' title='bbox 1042 4493 1078 4564; x_wconf 91' lang='lat' dir='ltr'><strong>id</strong></span> <span class='ocrx_word' id='word_1_361' title='bbox 1107 4507 1162 4566; x_wconf 88' lang='lat' dir='ltr'><strong>est</strong></span> <span class='ocrx_word' id='word_1_362' title='bbox 1185 4493 1288 4591; x_wconf 86' lang='lat' dir='ltr'><strong>cujus</strong></span> <span class='ocrx_word' id='word_1_363' title='bbox 1312 4494 1461 4591; x_wconf 82' lang='lat' dir='ltr'><strong>saporis.</strong></span> <span class='ocrx_word' id='word_1_364' title='bbox 1493 4494 1642 4589; x_wconf 90' lang='lat' dir='ltr'><strong>Semper</strong></span> <span class='ocrx_word' id='word_1_365' title='bbox 1667 4502 1788 4561; x_wconf 90' lang='lat' dir='ltr'><strong>autem</strong></span> <span class='ocrx_word' id='word_1_366' title='bbox 1814 4489 1850 4559; x_wconf 90' lang='lat' dir='ltr'><strong>in</strong></span> <span class='ocrx_word' id='word_1_367' title='bbox 1878 4489 2015 4586; x_wconf 89' lang='lat' dir='ltr'><strong>populo</strong></span> 
     </span>
     <span class='ocr_line' id='line_1_35' title="bbox 427 4608 2014 4707; baseline -0.002 -24"><span class='ocrx_word' id='word_1_368' title='bbox 427 4611 631 4685; x_wconf 83' lang='lat' dir='ltr'><strong>Jndaecrum</strong></span> <span class='ocrx_word' id='word_1_369' title='bbox 655 4612 720 4684; x_wconf 86' lang='lat' dir='ltr'><strong>suit</strong></span> <span class='ocrx_word' id='word_1_370' title='bbox 737 4610 855 4707; x_wconf 87' lang='lat' dir='ltr'><strong>aliqua</strong></span> <span class='ocrx_word' id='word_1_371' title='bbox 879 4637 994 4688; x_wconf 67' lang='lat' dir='ltr'><strong>mama</strong></span> <span class='ocrx_word' id='word_1_372' title='bbox 1015 4611 1176 4686; x_wconf 88' lang='lat' dir='ltr'><strong>fidelium</strong></span> <span class='ocrx_word' id='word_1_373' title='bbox 1196 4612 1480 4689; x_wconf 88' lang='lat' dir='ltr'><strong>incarnationem</strong></span> <span class='ocrx_word' id='word_1_374' title='bbox 1496 4611 1563 4684; x_wconf 90' lang='lat' dir='ltr'><strong>Dei</strong></span> <span class='ocrx_word' id='word_1_375' title='bbox 1580 4624 1615 4683; x_wconf 91' lang='lat' dir='ltr'><strong>et</strong></span> <span class='ocrx_word' id='word_1_376' title='bbox 1630 4609 1835 4707; x_wconf 87' lang='lat' dir='ltr'><strong>passionem</strong></span> <span class='ocrx_word' id='word_1_377' title='bbox 1857 4608 2014 4681; x_wconf 86' lang='lat' dir='ltr'><strong>insuam</strong></span> 
     </span>
     <span class='ocr_line' id='line_1_36' title="bbox 426 4725 2012 4830; baseline -0.001 -29"><span class='ocrx_word' id='word_1_378' title='bbox 426 4729 712 4829; x_wconf 82' lang='lat' dir='ltr'><strong>redemptionem</strong></span> <span class='ocrx_word' id='word_1_379' title='bbox 734 4733 1010 4828; x_wconf 81' lang='lat' dir='ltr'><strong>expectantium,</strong></span> <span class='ocrx_word' id='word_1_380' title='bbox 1030 4733 1157 4830; x_wconf 88' lang='lat' dir='ltr'><strong>quales</strong></span> <span class='ocrx_word' id='word_1_381' title='bbox 1178 4731 1365 4811; x_wconf 82' lang='lat' dir='ltr'><strong>Zacharias</strong></span> <span class='ocrx_word' id='word_1_382' title='bbox 1391 4744 1427 4803; x_wconf 89' lang='lat' dir='ltr'><strong>ct</strong></span> <span class='ocrx_word' id='word_1_383' title='bbox 1449 4727 1647 4821; x_wconf 78' lang='lat' dir='ltr'><strong>Elisabeth,</strong></span> <span class='ocrx_word' id='word_1_384' title='bbox 1662 4725 1809 4799; x_wconf 90' lang='lat' dir='ltr'><strong>Simeon</strong></span> <span class='ocrx_word' id='word_1_385' title='bbox 1835 4740 1872 4798; x_wconf 92' lang='lat' dir='ltr'><strong>et</strong></span> <span class='ocrx_word' id='word_1_386' title='bbox 1898 4729 2012 4818; x_wconf 79' lang='lat' dir='ltr'><strong>luna,</strong></span> 
     </span>
     <span class='ocr_line' id='line_1_37' title="bbox 426 4843 2013 4948; baseline -0.003 -29"><span class='ocrx_word' id='word_1_387' title='bbox 426 4848 621 4925; x_wconf 86' lang='lat' dir='ltr'><strong>Nathaneel</strong></span> <span class='ocrx_word' id='word_1_388' title='bbox 638 4863 676 4925; x_wconf 88' lang='lat' dir='ltr'><strong>et</strong></span> <span class='ocrx_word' id='word_1_389' title='bbox 692 4847 921 4940; x_wconf 79' lang='lat' dir='ltr'><strong>Nicodamus,</strong></span> <span class='ocrx_word' id='word_1_390' title='bbox 940 4865 976 4927; x_wconf 90' lang='lat' dir='ltr'><strong>et</strong></span> <span class='ocrx_word' id='word_1_391' title='bbox 996 4852 1163 4929; x_wconf 83' lang='lat' dir='ltr'><strong>nonnulli</strong></span> <span class='ocrx_word' id='word_1_392' title='bbox 1179 4850 1239 4925; x_wconf 89' lang='lat' dir='ltr'><strong>alii</strong></span> <span class='ocrx_word' id='word_1_393' title='bbox 1253 4851 1290 4921; x_wconf 89' lang='lat' dir='ltr'><strong>in</strong></span> <span class='ocrx_word' id='word_1_394' title='bbox 1307 4863 1470 4948; x_wconf 87' lang='lat' dir='ltr'><strong>tempere</strong></span> <span class='ocrx_word' id='word_1_395' title='bbox 1489 4848 1598 4923; x_wconf 84' lang='lat' dir='ltr'><strong>etiam</strong></span> <span class='ocrx_word' id='word_1_396' title='bbox 1613 4843 1744 4921; x_wconf 86' lang='lat' dir='ltr'><strong>Christi</strong></span> <span class='ocrx_word' id='word_1_397' title='bbox 1759 4845 1891 4942; x_wconf 89' lang='lat' dir='ltr'><strong>reperti</strong></span> <span class='ocrx_word' id='word_1_398' title='bbox 1915 4858 2013 4937; x_wconf 89' lang='lat' dir='ltr'><strong>sunt,</strong></span> 
     </span>
     <span class='ocr_line' id='line_1_38' title="bbox 426 4963 2015 5069; baseline -0.004 -30"><span class='ocrx_word' id='word_1_399' title='bbox 426 4968 556 5063; x_wconf 88' lang='lat' dir='ltr'><strong>quibus</strong></span> <span class='ocrx_word' id='word_1_400' title='bbox 580 4968 726 5067; x_wconf 89' lang='lat' dir='ltr'><strong>quidem</strong></span> <span class='ocrx_word' id='word_1_401' title='bbox 750 4966 905 5041; x_wconf 87' lang='lat' dir='ltr'><strong>revelata</strong></span> <span class='ocrx_word' id='word_1_402' title='bbox 933 4985 986 5041; x_wconf 88' lang='lat' dir='ltr'><strong>est</strong></span> <span class='ocrx_word' id='word_1_403' title='bbox 1005 4995 1160 5069; x_wconf 88' lang='lat' dir='ltr'><strong>persona</strong></span> <span class='ocrx_word' id='word_1_404' title='bbox 1185 4972 1262 5068; x_wconf 89' lang='lat' dir='ltr'><strong>ipsa</strong></span> <span class='ocrx_word' id='word_1_405' title='bbox 1279 4968 1451 5039; x_wconf 89' lang='lat' dir='ltr'><strong>divinitus</strong></span> <span class='ocrx_word' id='word_1_406' title='bbox 1467 4982 1504 5039; x_wconf 88' lang='lat' dir='ltr'><strong>ct</strong></span> <span class='ocrx_word' id='word_1_407' title='bbox 1524 4963 1758 5036; x_wconf 85' lang='lat' dir='ltr'><strong>determinate</strong></span> <span class='ocrx_word' id='word_1_408' title='bbox 1786 4975 1948 5053; x_wconf 88' lang='lat' dir='ltr'><strong>ostensa,</strong></span> <span class='ocrx_word' id='word_1_409' title='bbox 1976 4963 2015 5033; x_wconf 93' lang='lat' dir='ltr'><strong>in</strong></span> 
     </span>
     <span class='ocr_line' id='line_1_39' title="bbox 424 5080 2017 5188; baseline -0.004 -29"><span class='ocrx_word' id='word_1_410' title='bbox 424 5111 496 5183; x_wconf 88' lang='lat' dir='ltr'><strong>qua</strong></span> <span class='ocrx_word' id='word_1_411' title='bbox 522 5089 739 5186; x_wconf 88' lang='lat' dir='ltr'><strong>promissum</strong></span> <span class='ocrx_word' id='word_1_412' title='bbox 764 5088 865 5185; x_wconf 91' lang='lat' dir='ltr'><strong>quod</strong></span> <span class='ocrx_word' id='word_1_413' title='bbox 892 5104 1169 5188; x_wconf 83' lang='lat' dir='ltr'><strong>expectaverunt</strong></span> <span class='ocrx_word' id='word_1_414' title='bbox 1192 5087 1379 5160; x_wconf 88' lang='lat' dir='ltr'><strong>crederent</strong></span> <span class='ocrx_word' id='word_1_415' title='bbox 1403 5111 1480 5159; x_wconf 90' lang='lat' dir='ltr'><strong>esse</strong></span> <span class='ocrx_word' id='word_1_416' title='bbox 1502 5080 1772 5181; x_wconf 89' lang='lat' dir='ltr'><strong>complendum.</strong></span> <span class='ocrx_word' id='word_1_417' title='bbox 1798 5084 1842 5152; x_wconf 85' lang='lat' dir='ltr'><strong>Et</strong></span> <span class='ocrx_word' id='word_1_418' title='bbox 1866 5080 2017 5153; x_wconf 81' lang='lat' dir='ltr'><strong>fortasse</strong></span> 
     </span>
    </p>
   </div>
   <div class='ocr_carea' id='block_1_3' title="bbox 0 0 2284 6100">
    <p class='ocr_par' dir='ltr' id='par_1_4' title="bbox 0 0 2284 6100">
     <span class='ocr_line' id='line_1_40' title="bbox 0 0 2284 6100; baseline 0 4"><span class='ocrx_word' id='word_1_419' title='bbox 0 0 2284 6100; x_wconf 95' lang='lat' dir='ltr'><strong> </strong></span> 
     </span>
    </p>
   </div>
  </div>
 </body>
</html>
