4559 6100
455 546 528 618 ttt
981 601 983 606 s
1062 543 1189 616 f'E'l'lll
1216 537 1449 617 nominant

458 695 579 767 christi
610 717 814 793 praecones,
843 718 908 792 per
934 718 1026 791 qnos
1054 693 1169 766 hostis
1197 694 1348 767 hnmani
1375 698 1514 793 generis
1543 696 1653 770 fidem
1683 696 1848 768 omnium
1874 693 2054 765 bonorum

460 812 737 886 fundamentum
762 811 977 886 labefactare
1013 828 1177 886 conatur.
1213 814 1351 887 Talium
1385 841 1448 888 ora
1487 817 1674 915 qnondam
1702 815 1883 886 miraculis
1911 812 2056 885 obtrusa

457 947 554 1023 sunt,
581 957 666 1004 cnm
688 931 739 1003 illi
761 930 893 1024 verbis,
916 934 1029 1004 sancti
1056 958 1141 1005 vero
1166 949 1285 1032 patres
1309 935 1521 1007 dimicarent
1546 936 1659 1008 factis.
1680 934 1930 1006 Praeteriernnt
1953 932 2055 1004 mira·

461 1052 556 1141 cula,
574 1051 686 1122 crevit
701 1050 858 1141 malitia;
875 1051 1011 1125 fallacia
1027 1051 1189 1125 membra
1207 1077 1271 1125 sna
1287 1054 1460 1127 adversus
1477 1056 1661 1128 veritatem
1673 1054 1747 1149 jam
1764 1051 1907 1124 effrenis
1927 1066 2053 1134 armat,

460 1187 567 1269 atque
592 1195 707 1242 unum
725 1171 800 1267 jam
826 1184 1000 1269 superest,
1026 1174 1154 1270 utqui
1180 1198 1255 1245 non
1283 1197 1473 1272 possumus
1499 1175 1611 1263 factis,
1637 1196 1837 1272 pugnemus
1863 1169 1994 1259 verbis,
2020 1171 2055 1240 in

459 1294 536 1389 ipsa
563 1288 690 1363 confisi
714 1290 863 1361 veritate
886 1315 966 1387 quae
991 1290 1185 1378 confortat,
1210 1292 1354 1365 dicens¹
1374 1321 1382 1364 ε
1406 1295 1567 1365 «Ponite
1588 1294 1624 1365 in
1646 1291 1817 1364 cordibus
1834 1290 1960 1362 vestris
1982 1315 2055 1362 non

465 1409 710 1510 praemeditare
735 1408 924 1506 quomodo
953 1408 1219 1508 respondeatis3
1238 1435 1305 1509 ego
1332 1413 1430 1484 enim
1456 1410 1552 1485 dabo
1576 1410 1680 1484 vobis
1706 1436 1747 1483 os
1774 1424 1815 1510 et⁸
1827 1408 2054 1507 sapientiam,

463 1531 606 1603 cuiuon
625 1543 796 1629 poterunt
812 1530 987 1616 resistere,
1006 1542 1042 1599 et
1057 1529 1306 1603 contradicere
1324 1556 1450 1604 omnes
1468 1532 1661 1604 adversarii
1681 1531 1837 1602 vestri.»

510 1653 626 1748 Supra
645 1649 829 1721 universos
853 1661 975 1720 nutem
1002 1648 1169 1721 inimicos
1195 1651 1326 1722 Christi
1353 1665 1425 1723 tam
1448 1650 1635 1725 haereticos
1658 1675 1768 1748 quam
1794 1648 1948 1739 Judaeos,
1985 1651 2057 1721 sive

460 1769 631 1856 Gentiles,
653 1767 817 1841 subtilius
833 1765 943 1840 fidem
965 1782 1094 1840 sanctae
1111 1769 1291 1842 Trinitatis
1314 1772 1541 1869 perquirunt,
1561 1786 1597 1843 et
1612 1771 1748 1843 acutius
1769 1768 1955 1866 arguendo
1971 1793 2058 1840 con·

466 1889 620 1961 tendunt
642 1888 862 1988 professores
882 1884 1087 1977 dialecticae,
1114 1912 1179 1959 seu
1203 1889 1454 1988 importunitas
1476 1890 1733 1989 sophistarum,
1755 1912 1847 1987 quos
1865 1886 2059 1960 verborum

465 2010 607 2106 agmine
629 2022 736 2106 atque
763 2031 972 2079 sermonum
1000 2006 1235 2079 inundatione
1256 2008 1382 2081 beatos
1409 2033 1485 2082 esse
1509 2009 1607 2082 Plato
1634 2007 1818 2081 irridendo
1837 2006 1987 2105 judicat.
2017 2010 2060 2078 lli

465 2142 761 2226 argumentorum
784 2126 950 2199 exercitio
971 2125 1098 2198 confrsi
1131 2126 1217 2223 quid
1243 2130 1500 2201 murmurarint
1521 2130 1666 2221 scimus,
1690 2127 1755 2200 ubi
1774 2126 1920 2200 facultas
1940 2142 2060 2226 aperte

466 2248 664 2346 garriendi'
681 2272 756 2319 non
774 2246 898 2340 datur,
915 2246 967 2340 hi,
986 2246 1150 2345 inquam,
1171 2270 1245 2319 non
1259 2261 1401 2320 utentes
1412 2261 1502 2338 arte,
1518 2248 1584 2320 sed
1602 2248 1802 2320 abutentes.
1823 2251 1947 2343 Neque
1964 2248 2058 2319 enim

465 2370 652 2442 scientiam
678 2367 892 2462 dialectica,
926 2381 988 2439 aut
1016 2365 1206 2463 cujuslibet
1236 2366 1391 2441 liberalis
1429 2368 1528 2461 artis,
1561 2367 1624 2439 sed
1657 2366 1832 2439 fallaciam
1861 2365 2060 2464 sophisticae

465 2488 762 2577 condemnamus,
786 2487 980 2585 prasertim
1003 2511 1089 2557 cnm
1109 2489 1172 2558 SS.
1201 2511 1346 2585 qnoque
1371 2493 1518 2560 Petrum
1540 2487 1677 2585 judicio
1704 2486 1779 2558 haec
1802 2510 1859 2558 ars
1885 2487 2058 2574 maxime,

466 2623 506 2680 nt
520 2633 634 2717 ⁸supra
661 2606 904 2697 meminimus,
931 2605 1221 2698 commendetur,
1249 2621 1285 2678 ct
1311 2607 1437 2679 ceteris
1461 2606 1682 2705 praeferatur.
1703 2611 1814 2678 Tenet
1840 2606 1957 2702 itaque
1985 2605 2060 2676 hare

466 2726 708 2825 philosophia,
728 2724 925 2797 acutissimi
939 2722 1047 2820 gladii
1063 2725 1188 2814 instar,
1208 2750 1282 2821 quo
1299 2739 1473 2822 tyrannus
1488 2725 1535 2798 ad
1551 2725 1747 2825 perniciem
1762 2748 1918 2823 praeceps
1933 2724 2057 2808 utitur,

467 2844 513 2917 ad
526 2844 772 2917 defensionem
789 2867 831 2914 ac
847 2867 914 2941 pro
927 2842 1127 2913 intentione
1146 2843 1321 2914 utentium
1340 2844 1431 2915 sicut
1449 2843 1644 2942 plurimum
1661 2843 1846 2943 prodesse,
1865 2846 1914 2915 ita
1932 2856 1967 2914 et
1978 2844 2062 2942 pln-

468 2967 599 3036 rimnm
624 2987 757 3035 nocere
782 2976 914 3062 potest.
942 2962 1081 3033 Scimus
1105 2962 1253 3059 quidem
1280 2987 1300 3035 a
1327 2963 1587 3062 Peripateticis,
1615 2990 1708 3064 quos
1737 2989 1833 3036 nunc
1860 2962 2062 3038 dialecticos

467 3085 700 3186 appellamus,
722 3081 916 3156 nonnullas
938 3098 973 3155 et
988 3083 1167 3155 maximas
1191 3082 1342 3156 haereses
1360 3099 1433 3157 tam
1456 3086 1660 3158 Stoicorum
1675 3110 1786 3184 quam
1806 3086 2061 3183 Epicureorum

468 3204 574 3279 rectis
595 3202 795 3279 rationibus
816 3228 892 3276 esse
912 3227 1104 3303 repressas,
1132 3203 1223 3275 sient
1248 3218 1299 3275 est
1319 3203 1379 3276 illa
1406 3202 1452 3277 de
1468 3229 1540 3305 qua
1564 3219 1692 3278 contra
1716 3205 1856 3277 Stoicos
1881 3203 2063 3304 disputant

467 3341 502 3399 et
521 3326 719 3398 fortissimis
734 3337 898 3396 astruunt
914 3322 1145 3421 argumentis
1164 3321 1263 3421 qnod
1281 3323 1364 3395 licet
1379 3327 1475 3396 Dens
1491 3323 1537 3396 ab
1552 3337 1686 3397 aeterno
1705 3339 1838 3397 cuncta⁴
1852 3323 2060 3422 providerit,

468 3460 574 3544 atque
601 3445 713 3545 ipsius
741 3442 969 3543 providentia
996 3442 1147 3514 omuino
1175 3443 1246 3515 falli
1272 3467 1346 3514 non
1366 3444 1493 3543 possit,
1520 3468 1588 3516 nec
1614 3445 1841 3545 tamenuideo
1865 3458 1995 3516 cuncta
2021 3470 2061 3514 cx

469 3567 677 3640 necessitate
705 3563 937 3663 proveniunt,
969 3576 1011 3633 ut
1032 3562 1164 3634 scilicet
1189 3560 1340 3635 hnmani
1365 3579 1489 3662 pereat
1512 3563 1658 3637 libertas
1688 3564 1836 3639 arbitrii.
1870 3563 2060 3661 Alioquin,

466 3686 584 3784 inquit
599 3684 766 3784 princeps
786 3681 1101 3781 Peripateticorum
1117 3681 1320 3754 Aristoteles
1335 3683 1371 3753 in
1392 3687 1443 3754 η’
1460 3684 1758 3777 Perilrcrmenius,
1778 3708 1853 3755 non
1880 3683 2067 3781 oportebit

468 3804 646 3876 consiliari
670 3826 788 3899 neque
810 3801 998 3900 negotiari.
1026 3799 1210 3872 Delibero
1226 3816 1348 3873 autem
1373 3802 1521 3876 arbitrio
1545 3802 1819 3879 convenientius
1844 3802 1930 3877 alibi
1952 3803 2061 3875 disse·

467 3921 621 3997 rendum
639 3919 744 3993 nobis
761 3944 995 3993 reservamus.
1011 3917 1084 3991 Sed
1100 3943 1219 4017 neque
1238 3920 1345 3993 ullam
1365 3924 1551 3997 scientiam
1568 3925 1700 3997 mulam
1716 3949 1792 3998 esse
1808 3923 2060 4012 concedimus,

469 4044 577 4116 etiam
602 4042 700 4115 illam
721 4066 799 4141 qnae
825 4041 871 4113 de
898 4039 993 4112 malo
1021 4054 1086 4133 est,
1114 4064 1194 4136 qnae
1215 4040 1314 4139 justo
1344 4042 1484 4115 homini
1510 4044 1634 4118 deesse
1664 4070 1739 4117 non
1766 4058 1896 4144 potest,
1923 4069 1998 4115 non
2026 4058 2065 4115 ut

470 4164 603 4261 mulum
618 4175 711 4259 agat,
730 4158 793 4233 sed
812 4173 852 4231 nt
866 4159 997 4233 amalo
1014 4161 1233 4259 praecognito
1249 4160 1315 4233 sibi
1334 4163 1542 4261 providea13
1563 4162 1663 4261 quod
1677 4164 1744 4237 nisi
1758 4166 1957 4263 cognitum,
1977 4178 2065 4237 teste

472 4283 607 4377 Boetio,
628 4282 739 4354 vitare
753 4304 828 4352 non
847 4292 979 4378 posset.
999 4285 1079 4350 Non
1096 4293 1151 4351 est
1171 4282 1305 4353 malum
1320 4283 1410 4355 scire
1429 4283 1595 4382 decipere
1619 4282 1675 4355 rel
1692 4283 1898 4375 adulterari,
1918 4282 1982 4355 sed
1999 4283 2066 4354 ista

470 4403 707 4493 committere,
732 4398 816 4499 quia
839 4400 914 4495 ejus
937 4398 987 4470 rei
1009 4397 1108 4471 bona
1124 4413 1178 4470 est
1194 4401 1366 4496 cognitio,
1394 4403 1496 4500 cujus
1513 4404 1668 4500 pessima
1691 4418 1744 4475 cst
1762 4405 1855 4475 actio
1867 4431 1878 4494 ;
1903 4416 1940 4473 et
1958 4426 2066 4473 nemo

472 4538 594 4621 peccat
616 4516 871 4617 cognoscendo
892 4532 1094 4617 peccatum,
1114 4517 1177 4590 sed
1199 4521 1474 4593 committendo.
1501 4522 1538 4593 Si
1559 4547 1639 4620 quae
1657 4536 1778 4595 autem
1802 4522 1948 4595 scientia
1972 4521 2066 4593 mala

471 4657 574 4736 esset,
603 4643 726 4739 ntique
750 4655 787 4717 et
811 4638 948 4712 malum
973 4652 1064 4710 esset
1088 4637 1252 4735 qnaedam
1277 4664 1508 4738 cognoscere,
1536 4666 1604 4714 uec
1621 4643 1698 4741 jam
1718 4641 1858 4715 absolvi
1884 4665 1908 4714 a
1931 4639 2068 4713 malitia

472 4769 567 4838 Dens
591 4775 712 4864 posset
740 4760 802 4860 qni
830 4759 952 4831 omnia
978 4758 1093 4830 norit.
1126 4763 1164 4829 ln
1194 4758 1273 4859 ipso
1299 4760 1397 4839 enim
1423 4761 1502 4833 solo
1526 4761 1715 4862 plenitudo
1743 4776 1796 4834 est
1820 4761 2064 4849 scientiarum,

471 4886 573 4982 ciq'ns
589 4883 728 4957 donum
746 4880 864 4952 omnis
885 4878 1044 4951 scientia.
1071 4879 1224 4951 Scientiu
1245 4881 1379 4979 qnippe
1401 4897 1452 4953 est
1475 4882 1749 4981 comprehensio
1773 4881 1928 4954 veritatis
1946 4903 2067 4950 rernm

511 5163 593 5224 'ianm
605 5177 661 5226 cap.
674 5136 730 5224 ut,
739 5175 761 5211 r.
777 5164 812 5214 tt.
827 5187 857 5200 -
869 5159 1025 5222 ’utendum
1039 5160 1100 5209 forte
1113 5160 1149 5209 er'r
1160 5160 1245 5212 datur.
