4559 6100
757 562 1010 647 rflnutonu
1047 567 1322 649 tutantur.
1763 577 1837 657 ddi
1944 512 1950 519 ·

249 722 444 819 irsge'rritrrm
463 719 560 817 large
580 743 649 819 pro
664 742 741 792 uon
764 722 885 818 genito
907 721 1025 795 dioeoe
1045 746 1056 796 z
1080 722 1150 796 nisi
1166 723 1258 796 forte
1274 723 1425 822 diligens
1443 725 1557 799 leotm
1570 725 1643 801 boo
1657 727 1704 801 ad
1720 728 1838 830 hypo·
1867 806 1869 808 ,

247 839 379 913 tlrssim
394 865 462 939 per
472 860 688 912 eonsensum
698 841 1017 938 'potius'dellectaa
1034 866 1145 940 qrram
1156 842 1208 915 ad
1217 844 1372 916 veritatis
1387 844 1634 936 assertionem,
1648 861 1700 936 ut,
1718 872 1840 947 qaum·

249 958 447 1031 admodum
474 980 582 1057 supra
600 958 675 1055 jam
699 957 958 1053 adstruximus,
982 960 1091 1037 Pater
1111 976 1150 1033 et
1171 964 1472 1036 Generanssicut
1497 965 1680 1061 ingenitus
1699 980 1839 1042 tantum

260 1077 398 1152 desolo
416 1077 753 1173 Patrediei'lireat¹;
769 1100 844 1152 non
863 1080 970 1153 etiarn
979 1102 1056 1152 non
1067 1080 1209 1176 genitus
1217 1079 1266 1153 de
1273 1081 1351 1154 solo
1360 1081 1463 1170 Filio,
1474 1083 1836 1180 etSpiritnsSanctus,

249 1220 313 1270 seu
334 1196 535 1270 Procedens
553 1221 574 1270 a
591 1202 692 1270 Patre
710 1213 746 1272 et
761 1199 863 1293 Filio,
877 1199 932 1272 ‘de
946 1198 1025 1272 solo
1045 1200 1180 1300 Spiritu
1193 1203 1337 1275 Sancto.
1358 1206 1400 1273 At
1416 1226 1502 1274 vero
1519 1207 1629 1291 Deus,
1646 1203 1836 1293 Dominus,

249 1319 409 1406 Creator,
428 1317 680 1415 Omnipotens,
698 1321 917 1411 immensas,
938 1323 1118 1409 AEternus,
1138 1319 1370 1418 Principium,
1398 1321 1499 1414 Vita,
1518 1325 1669 1413 anem
1693 1336 1729 1394 et
1741 1347 1840 1420 quoe·

248 1458 405 1532 eumque
426 1435 475 1507 ad
491 1434 772 1509 divina-natura
793 1438 1002 1535 dignitatem
1023 1438 1187 1530 attinent,
1214 1463 1289 1511 non
1311 1438 1358 1511 ad
1379 1462 1616 1537 personarum
1638 1438 1839 1536 significan·

247 1553 351 1643 dam,
367 1567 447 1625 tam
471 1552 517 1626 de
541 1553 687 1651 singulis
705 1557 883 1653 personis,
907 1580 1018 1654 quam
1041 1556 1087 1628 de
1107 1558 1160 1629 eis
1175 1556 1282 1632 simul
1301 1556 1454 1631 dioenda
1472 1572 1567 1632 sunt.
1582 1559 1733 1633 Trinitas
1752 1583 1839 1633 vero
1897 1654 1902 1661 Ι

248 1670 298 1743 de
320 1670 438 1744 tribus
463 1673 716 1746 tantummodo
735 1677 902 1774 personis
925 1676 1031 1748 simul
1060 1689 1095 1748 et
1116 1676 1339 1773 conjunctim
1359 1675 1503 1769 dieitur,
1527 1701 1603 1750 non
1628 1676 1840 1752 divisim-de

252 1814 324 1862 una
344 1814 481 1881 earum,
503 1790 624 1865 valde
645 1792 785 1866 duabus
800 1820 865 1893 per
879 1820 940 1883 se,
953 1793 1018 1866 sed
1032 1793 1079 1865 de
1098 1793 1211 1866 tribus
1232 1807 1385 1867 tantum.
1405 1800 1527 1892 Neque
1549 1795 1648 1868 enim
1668 1799 1772 1867 Pater
1787 1810 1842 1868 est

251 1909 413 2000 Trinitas,
437 1910 510 1983 boe
536 1924 591 1982 est
614 1924 684 1984 tres
706 1937 868 2010 personae
885 1913 1011 2001 simul,
1035 1936 1109 1985 una
1133 1927 1296 2003 tanarm3
1324 1918 1421 1986 Deus
1443 1928 1583 1987 tantum
1602 1915 1679 2013 ipse
1690 1915 1841 1988 Trinitas

250 2040 317 2122 est,
340 2043 377 2101 et
400 2014 497 2101 Deus
516 2031 593 2128 ipse
618 2034 731 2122 Pater,
757 2052 824 2104 nec
849 2045 969 2104 tamen
990 2030 1074 2103 ideo
1098 2035 1202 2104 Pater
1215 2041 1276 2104 ‘est
1290 2033 1453 2106 Trinitas.
1476 2034 1536 2106 stc
1559 2058 1627 2106 nee
1647 2033 1755 2106 Filius
1774 2058 1841 2107 nec

249 2146 403 2245 Spiritus
418 2152 568 2221 Sanctus
584 2149 736 2221 Trinitas
750 2148 822 2221 dici
835 2165 965 2248 potest,
983 2151 1045 2222 sed
1064 2175 1135 2223 una
1156 2152 1347 2224 tantum’in
1364 2153 1533 2225 Trinitate
1548 2176 1716 2250 persona.
1740 2158 1841 2225 Pater

250 2268 372 2363 itaque
396 2282 433 2339 et
458 2268 564 2339 Filius
586 2283 621 2340 et
644 2268 795 2366 Spiritus
812 2271 962 2341 Sanctus
986 2270 1132 2368 propria
1153 2283 1236 2340 sunt
1259 2271 1407 2342 nomina
1430 2270 1651 2366 singularum
1671 2294 1840 2369 persona·

252 2409 354 2475 rum3
377 2400 413 2458 et
431 2386 584 2458 Trinitas
607 2386 714 2458 trium
734 2387 842 2459 simul
865 2388 1052 2487 proprium
1075 2402 1128 2460 est
1151 2411 1310 2483 nomen3
1330 2393 1427 2461 Deus
1447 2413 1534 2461 vero
1553 2402 1589 2461 et
1606 2389 1783 2462 Dominus
1806 2405 1843 2462 et

249 2518 380 2577 uoetera
403 2506 629 2604 supraposita
651 2507 858 2578 eommunia
883 2522 968 2579 sunt
990 2521 1061 2579 tam
1084 2506 1231 2602 singulis
1254 2508 1428 2606 personis,
1455 2531 1565 2606 qnam
1584 2507 1650 2579 toti
1664 2508 1838 2581 Trinitati.

253 2626 374 2695 Unum
390 2647 477 2695 vero
496 2642 631 2713 nornen
653 2624 827 2722 estquod
851 2625 999 2722 singulis
1020 2626 1184 2724 personis
1204 2640 1239 2697 et
1254 2649 1331 2697 non
1354 2626 1405 2698 eis
1427 2626 1534 2699 simul
1557 2649 1751 2699 commune
1772 2639 1839 2717 est,
1968 2679 1996 2691 ι

251 2741 325 2815 hoo
339 2741 505 2815 videlieet
516 2766 649 2816 nomen
665 2748 832 2838 Persona,
853 2744 952 2842 quod
965 2746 1003 2816 in
1019 2743 1153 2816 caeteris
1169 2744 1316 2817 minime
1327 2747 1495 2843 reperies.
1509 2749 1589 2818 Non
1604 2769 1692 2840 ergo
1710 2744 1842 2817 mirum

252 2862 340 2934 siet
365 2860 402 2935 id
425 2863 580 2936 solitarie
604 2861 677 2934 boo
699 2887 834 2936 nomen
859 2862 1059 2963 possideat,
1083 2877 1125 2935 ut
1145 2863 1265 2961 ipsum
1289 2862 1406 2936 solum
1424 2888 1466 2935 ea
1491 2861 1745 2937 communibus
1765 2886 1843 2961 per-

253 3002 426 3056 sonarum
443 2980 650 3056 nominibus
674 2982 857 3081 pluraliter
880 2983 1059 3057 efferatur.
1086 2982 1209 3056 Plures
1230 2984 1365 3082 quippe
1381 3006 1552 3083 personas
1571 2982 1736 3077 dicimus,
1760 2982 1844 3080 quia

253 3116 326 3174 tres
348 3126 520 3200 personas
535 3102 792 3201 predicamus3
810 3103 871 3175 sed
896 3126 971 3174 non
988 3103 1110 3202 plures
1124 3107 1220 3175 Deos
1233 3117 1295 3175 ant
1310 3103 1500 3193 Dominus,
1518 3102 1601 3174 lieet
1619 3126 1842 3200 unaquaeque

251 3220 362 3291 trium
386 3241 624 3319 personarum
646 3222 683 3292 in
701 3222 833 3319 seipsa
854 3226 950 3293 Deus
967 3224 1010 3292 sit
1026 3236 1061 3295 et
1076 3223 1276 3312 Dominus,
1294 3245 1363 3293 nee
1379 3220 1453 3293 ullo
1468 3218 1580 3291 modo
1598 3233 1844 3317 unapersnna

255 3339 299 3410 sit
314 3336 396 3410 alia.
419 3338 540 3410 Plures
562 3339 683 3436 itaque
703 3361 865 3436 personae
884 3338 1149 3429 dicuntur,‘sed
1164 3340 1367 3412 diversitate
1383 3339 1654 3437 proprietatum,
1678 3361 1766 3434 quas
1782 3361 1844 3409 su·

254 3457 376 3555 petius
396 3456 544 3555 singulis
564 3458 727 3556 personis
744 3457 1011 3555 assignavimus.
1033 3457 1155 3529 Plures
1177 3471 1298 3532 autem
1313 3463 1410 3530 Deos
1424 3471 1486 3530 aut
1503 3455 1679 3529 Dominus
1699 3456 1729 3528 si
1743 3454 1842 3528 diee-

255 3595 389 3667 remus,
419 3591 629 3649 autooetera
649 3577 809 3669 nomina,
832 3601 911 3674 qua
930 3574 1207 3648 substantialiter
1232 3576 1342 3673 magis
1367 3575 1413 3648 de
1433 3578 1512 3648 Deo
1527 3574 1709 3668 dicuntur,
1734 3598 1843 3672 quam

255 3693 415 3784 relative,
431 3694 504 3766 hoe
521 3694 633 3767 estad
651 3697 806 3794 seipsum
821 3710 857 3767 et
872 3719 947 3766 non
964 3693 1011 3767 ad
1028 3693 1154 3786 alium,
1172 3695 1263 3767 siem
1276 3710 1329 3767 est
1345 3697 1506 3790 Magnus,
1530 3699 1666 3786 Bonus,
1686 3709 1721 3766 et
1737 3693 1843 3766 simul

255 3814 440 3909 pluraliter
460 3813 666 3887 efferremus
689 3814 954 3888 multitudinem
979 3814 1202 3887 diversarum
1224 3839 1344 3888 rerum
1362 3829 1406 3888 et
1429 3838 1620 3887 numerum
1636 3812 1845 3886 substautia-

256 3953 337 4003 rum
365 3933 595 4006 essentialiter
619 3933 860 4028 diversarum,
889 3957 1043 4031 quarum
1070 3958 1294 4032 unaquaeque
1315 3938 1411 4006 Deus
1433 3949 1468 4004 et
1485 3933 1661 4005 Dominus
1686 3945 1789 4023 esset,
1808 3946 1844 4004 et

253 4069 389 4149 'magua
404 4052 477 4124 sive
493 4050 591 4124 bona
608 4053 879 4152 explicaremus:
894 4051 998 4125 Unde
1014 4053 1230 4148 Augustinus
1242 4051 1285 4123 de
1307 4050 1556 4126 Trinitatelib.
1572 4056 1618 4145 V,
1636 4074 1716 4149 cap.
1731 4054 1813 4135 vur'
1831 4077 1840 4122 t

261 4175 519 4270 «Quapropter
532 4170 619 4243 illud
632 4174 810 4271 praecipue
824 4187 1022 4266 teneamus,
1038 4170 1216 4269 quidquid
1231 4170 1277 4244 ad
1292 4195 1331 4243 se
1347 4159 1477 4243 dieitur
1494 4170 1618 4244 divina
1630 4169 1842 4259 sublimitas,

259 4285 534 4364 substantialiter
554 4290 625 4363 dici
644 4319 653 4363 ι
674 4292 775 4390 quod
795 4308 914 4365 autem
932 4291 979 4364 ad
1000 4290 1148 4388 aliquid,
1178 4315 1251 4361 non
1273 4289 1562 4381 substantialiter,
1589 4287 1654 4362 sed
1674 4288 1841 4380 relative3

258 4420 466 4506 tantamque
490 4410 563 4481 vim
587 4433 663 4482 esse
685 4410 846 4506 ejusdem
868 4410 1074 4484 substantia
1093 4412 1131 4481 in
1151 4413 1253 4481 Patre
1270 4423 1305 4480 et
1328 4408 1416 4481 Filio
1432 4422 1468 4480 et
1491 4405 1621 4505 Spiritu
1640 4421 1778 4499 saneto,
1805 4421 1845 4479 ut

260 4524 436 4622 quidquid
457 4526 505 4599 de
524 4527 672 4626 singulis
692 4528 739 4600 ad
756 4530 892 4628 seipsos
914 4531 1056 4623 dieitur,
1078 4549 1154 4601 non
1174 4527 1356 4626 pluraliter
1378 4527 1415 4598 in
1433 4551 1585 4620 summa,
1609 4526 1673 4599 sed
1689 4528 1843 4625 singula·

259 4643 347 4714 riter
361 4645 566 4741 accipiatur.
580 4674 598 4713 u
615 4652 704 4719 ltem
722 4675 732 4717 z
755 4648 965 4748 «Quidquid
982 4674 1067 4744 ergo
1085 4648 1132 4722 ad
1145 4647 1304 4744 seipsum
1317 4645 1445 4718 dicitur
1462 4650 1570 4735 Deus,
1583 4658 1618 4717 et
1634 4644 1680 4717 de
1695 4644 1843 4741 singulis
1945 4705 1950 4706 γ

252 4763 493 4861 personaliter
506 4765 649 4860 dicitur,
673 4766 836 4839 etsimul
859 4767 905 4840 de
925 4769 1002 4866 ipsa
1020 4768 1202 4859 Trinitate,
1227 4790 1301 4839 non
1321 4764 1517 4865 pluraliter,
1537 4763 1600 4837 sed
1621 4764 1844 4859 singulariter

291 5069 353 5121 ¹lite
364 5071 460 5122 ridetur
470 5071 564 5134 utqutd
572 5073 668 5138 deesse,
686 5085 819 5137 semmua
831 5074 936 5137 postulat
949 5079 977 5124 ut
987 5074 1082 5125 dlestur
1094 5074 1148 5124 «sle
1159 5074 1233 5124 etlam
1243 5069 1320 5123 itlius
1330 5077 1356 5122 et
1368 5070 1464 5133 genitus
1475 5070 1507 5120 de
1518 5068 1571 5119 solo
1582 5065 1680 5132 true»
1697 5074 1741 5119 snt
1750 5067 1843 5130 ultumi

258 5155 344 5205 strnlls.
360 5178 388 5192 -
400 5155 494 5226 ¹0pp,
506 5165 524 5205 t.
537 5153 601 5206 vlu.
