4559 6100
451 568 524 640 302
1052 562 1181 634 PE‘l'lil
1206 561 1441 636 AssAEtattnt
1567 565 1573 628 ἶ

450 714 544 785 banc
566 725 697 786 eorum
719 710 891 786 malitiam
914 710 1046 809 scripto
1065 711 1174 782 etiam
1194 710 1432 810 prophetavit.
1455 715 1577 807 «Ego,
1594 740 1612 777 »
1632 707 1744 782 verba
1760 723 1844 781 sunt
1864 708 1944 802 Dei,
1966 711 2042 781 «atl

451 831 765 920 emulationem»
786 829 894 904 idest
917 854 982 928 per
1006 852 1064 901 me
1090 830 1207 928 ipsum
1225 830 1455 928 predicando
1471 830 1557 903 dicit
1580 829 1689 902 Filius
1712 829 1802 902 Dei:
1825 828 2044 902 «Adducam

452 979 545 1028 vos»
575 951 613 1024 in
637 949 808 1024 invidiam
824 965 860 1023 et
879 948 1004 1021 odium
1023 965 1097 1022 tam
1123 949 1291 1048 meipsius
1313 975 1422 1048 qnam
1447 975 1625 1024 meorum.
1655 954 1747 1021 Cum
1772 964 1892 1021 autern
1910 948 2044 1021 invidia

452 1073 495 1144 sit
520 1071 644 1143 odium
662 1069 767 1144 alieni
787 1069 890 1162 boni,
910 1083 1130 1141 monstratur
1146 1068 1309 1167 prolecto
1330 1094 1392 1142 ens
1413 1072 1565 1144 scienter
1581 1072 1618 1142 in
1635 1069 1818 1142 Christum
1838 1067 2041 1166 deliquisse.

454 1222 472 1256 a
491 1194 532 1262 ln
548 1215 624 1263 non
640 1203 783 1285 gentem
800 1189 938 1261 mittam
954 1213 1020 1260 vos
1034 1213 1100 1285 per
1114 1189 1341 1288 insipientem
1358 1203 1517 1286 gentem,
1538 1219 1558 1259 a
1576 1189 1615 1263 id
1630 1203 1684 1262 est
1698 1213 1764 1288 per
1782 1189 2040 1287 dispersionem

452 1325 607 1384 vestram
623 1307 824 1382 faciendam
848 1307 895 1380 ab
914 1306 1117 1382 infidelibus
1137 1309 1319 1399 Romanis,
1339 1308 1466 1382 faciam
1482 1331 1547 1382 vos
1564 1334 1638 1383 non
1659 1334 1736 1383 esse
1750 1308 1938 1409 populum.
1960 1311 2040 1381 Non

451 1431 548 1502 enim
575 1444 670 1501 recte
694 1430 851 1528 populus
874 1427 928 1500 vel
946 1453 1033 1524 gens
1050 1426 1194 1520 dicitur,
1214 1427 1281 1500 nisi
1298 1427 1488 1501 hominurn
1511 1430 1752 1527 congregatio.
1775 1459 1793 1494 α
1807 1432 1848 1499 ln
1867 1428 1957 1499 iram
1975 1450 2040 1500 vos

453 1550 591 1622 mittam
605 1577 623 1616 u
642 1549 795 1621 aliorum
818 1547 1010 1619 hominum
1027 1547 1134 1619 etiam
1155 1544 1353 1645 dispersos,
1371 1561 1412 1618 ut
1431 1547 1530 1619 duris
1551 1547 1794 1620 exactionibus
1814 1571 1881 1618 vos
1901 1570 2042 1645 semper

451 1668 658 1767 opprimant
673 1682 781 1765 atque
796 1667 968 1764 affligant.
992 1667 1128 1738 «isaias
1147 1680 1279 1738 autem.
1297 1696 1314 1731 s
1334 1670 1414 1738 Non
1431 1665 1549 1739 solum
1565 1670 1716 1764 Moyses,
1734 1665 1797 1738 sed
1813 1667 1922 1739 etiam
1938 1665 2042 1739 isaias

452 1801 612 1885 patenter
628 1787 673 1861 de
694 1787 947 1885 reprobatione
969 1811 1097 1859 eorum
1118 1800 1155 1859 et
1177 1785 1350 1858 electione
1367 1787 1538 1859 Gentium
1560 1787 1611 1858 sic
1636 1786 1745 1859 audet
1765 1785 1897 1876 dicere,
1918 1787 1983 1858 etsi
2006 1811 2043 1858 se

451 1905 498 1978 ab
524 1908 575 1978 eis
598 1905 838 1979 occidendum
864 1904 1087 2005 previderet.
1117 1910 1175 1975 «Α
1201 1930 1277 1977 non
1293 1906 1545 2014 ,querentibus
1566 1931 1655 1978 meu
1681 1905 1769 1978 dicit
1794 1906 1983 1995 Dominus,
2005 1906 2042 1978 id

451 2046 504 2103 est
520 2056 542 2104 a
558 2031 772 2105 Gentilibus.
793 2032 942 2103 «Palam
952 2062 969 2097 n
987 2031 1072 2128 quia
1092 2029 1207 2102 multo
1230 2031 1383 2129 amplius
1400 2030 1557 2103 Ecclesia
1571 2030 1618 2103 de
1638 2034 1716 2102 Deo
1733 2053 1844 2127 qnam
1857 2034 2043 2128 synagoga

451 2150 590 2223 erudita
611 2166 677 2223 est.
700 2179 717 2219 u
740 2156 819 2222 Non
837 2133 1151 2246 interrogabant»
1170 2149 1275 2221 idest
1298 2147 1388 2221 nihil
1405 2149 1512 2222 etiam
1532 2172 1553 2222 a
1575 2174 1634 2223 me
1649 2150 1831 2246 requirere
1852 2164 2038 2236 noverant,

450 2295 560 2366 quem
580 2271 721 2369 penitus
741 2268 968 2367 ignorabant.
989 2269 1076 2341 «Ad
1100 2268 1206 2341 lsrael
1229 2284 1362 2363 autern,
1379 2299 1397 2335 r
1415 2267 1452 2341 id
1475 2284 1528 2341 est
1544 2268 1699 2357 ludaeos,
1724 2282 1802 2340 tota
1827 2268 1899 2356 die,
1925 2267 1963 2340 id
1989 2282 2043 2340 est

451 2404 528 2460 toto
558 2402 719 2486 tempore
746 2387 1009 2486 praedicationis
1032 2412 1133 2480 mee,
1163 2412 1242 2486 quae
1267 2412 1351 2460 vere
1375 2387 1506 2459 diceet
1531 2387 1745 2460 illuminatio
1768 2386 1894 2460 mundi
1919 2402 1971 2459 est
1988 2386 2041 2459 di·

449 2507 577 2599 cenda,
601 2537 618 2576 u
634 2507 789 2606 expandi
804 2532 931 2580 manus
947 2533 1059 2598 meas,
1076 2539 1094 2575 n
1112 2509 1152 2581 id
1169 2508 1282 2582 estad
1299 2533 1362 2581 eos
1377 2507 1599 2604 colligendos
1612 2507 1817 2580 ultroneum
1836 2531 1894 2579 me
1910 2504 2039 2595 obtuli,

450 2654 514 2725 per
537 2652 678 2717 manus,
705 2627 741 2699 id
767 2642 819 2699 est
842 2652 952 2727 opera
975 2629 1026 2699 eis
1049 2627 1210 2724 quotidie
1235 2627 1409 2719 exhibita,
1428 2651 1450 2698 a
1470 2628 1529 2699 via
1551 2627 1684 2700 scilicet
1707 2628 1879 2700 Gentium
1900 2628 2041 2726 penitus

450 2746 647 2839 declinans,
664 2759 704 2817 ut
719 2747 769 2817 eis
786 2747 937 2817 omuino
947 2770 1126 2819 vacarem.
1142 2745 1241 2818 «Sed
1257 2745 1578 2839 contradicentem,
1589 2773 1607 2815 u
1620 2748 1721 2844 quod
1736 2747 1838 2845 pejus
1853 2761 1904 2818 est
1923 2744 2039 2818 modis

450 2866 639 2954 omnibus,
660 2888 718 2937 me
733 2865 1024 2938 calumniantem.

500 3015 517 3055 u
534 2984 624 3057 Dico
658 3008 757 3082 ergo.
776 3012 794 3053 u
823 2985 918 3071 Quia
951 2998 1005 3058 tot
1039 2984 1310 3058 auctoritatibus
1337 2986 1584 3058 confutaverat
1619 2983 1758 3057 sudans
1783 2996 1821 3056 et
1846 2984 2039 3057 novissime

450 3106 620 3177 Gentium
637 3105 850 3177 electionem
867 3120 903 3177 et
923 3130 1050 3178 eornm
1072 3104 1366 3204 reprobationem
1382 3106 1567 3179 manifeste
1583 3105 1835 3205 prophetatam
1851 3104 2037 3194 docuerat,

450 3249 495 3297 ne
513 3225 598 3297 binc
624 3225 776 3297 maxime
802 3226 1029 3298 occasionem
1056 3224 1233 3321 gloriandi
1254 3225 1425 3298 adversus
1448 3225 1591 3298 Judaeos
1613 3224 1772 3297 Gentiles
1794 3226 1832 3296 in
1853 3248 1920 3296 sua
1941 3224 2041 3298 alter·

449 3346 590 3418 catione
617 3359 890 3445 presumerent,
917 3346 1021 3441 quasi
1049 3344 1286 3442 intelligentes
1314 3347 1490 3445 populum
1517 3345 1618 3417 illum
1642 3345 1788 3444 penitus
1815 3368 1891 3416 esse
1917 3369 2038 3444 repro-

448 3464 600 3537 batum:
627 3465 752 3564 incipit
779 3465 887 3537 etiam
911 3465 1110 3538 Gentilibus
1136 3465 1231 3538 hanc
1258 3466 1508 3562 gloriationem
1535 3479 1571 3538 et
1597 3465 1727 3538 tudaeis
1752 3463 2039 3563 desperationem

447 3585 606 3670 auferre,
633 3600 669 3658 et
686 3584 763 3679 jam
778 3583 825 3656 ad
846 3585 1085 3657 invectionem
1109 3585 1305 3657 Gentilium
1324 3586 1428 3674 redit,
1457 3600 1645 3657 uteorum
1667 3608 1812 3681 quoqne
1834 3581 2038 3682 superbiam

446 3719 621 3777 conterat.
658 3704 904 3777 Continuatio.
934 3706 1238 3803 Quandoquidem
1265 3721 1338 3778 tarn
1367 3706 1561 3779 manifestis
1593 3705 1806 3779 testimoniis
1834 3705 2038 3804 reprobatio

446 3823 652 3894 ludaeorum
667 3821 879 3895 confirmata
893 3837 960 3913 est,
972 3824 1068 3914 dico,
1083 3824 1120 3896 id
1136 3839 1189 3896 est
1203 3823 1370 3918 arbitror,
1386 3826 1620 3923 quaerendum
1636 3824 1736 3923 qnod
1751 3825 1911 3922 sequitur
1921 3838 1958 3896 et
1971 3825 2039 3897 sot:

449 3939 619 4013 vendnm.
634 3971 653 4011 u
671 3940 848 4042 Populum
865 3965 984 4036 suum,
998 3970 1017 4011 »
1036 3942 1074 4015 id
1088 3956 1141 4016 est
1156 3943 1298 4017 ludaeos
1315 3969 1358 4017 ex
1376 3958 1454 4017 toto
1477 3945 1620 4043 repulit,
1641 3958 1681 4016 nt
1695 3944 1835 4016 nullum
1852 3943 1937 4015 inde
1954 3942 2040 4015 ulte·

388 4121 394 4124 ⁴
447 4064 519 4133 rius
534 4077 703 4134 assumat.
718 4091 735 4129 α
754 4061 921 4153 Israelita,
933 4094 950 4128 »
972 4061 1008 4133 id
1026 4077 1080 4135 est
1098 4062 1239 4157 videns,
1259 4088 1333 4137 non
1352 4064 1566 4164 proselytus,
1585 4064 1682 4138 etde
1699 4060 2037 4160 generubrabam,

445 4206 519 4252 non
533 4180 658 4253 ismael
668 4180 725 4253 vel
736 4185 841 4267 Esau,
854 4180 1096 4273 descendens;
1110 4183 1173 4255 sed
1187 4207 1252 4282 per
1265 4184 1463 4281 Benjamin,
1475 4207 1543 4257 nec
1554 4183 1601 4257 de
1614 4184 1846 4280 generatione
1859 4182 2039 4258 maledicti

445 4300 542 4392 Saul,
567 4299 669 4397 cujus
690 4298 880 4399 reprobata
898 4316 951 4373 est
973 4327 993 4374 a
1013 4326 1124 4398 regno
1142 4304 1342 4401 posteritas.
1362 4332 1379 4373 a
1392 4302 1535 4376 Plebem
1557 4326 1661 4376 suarn
1684 4326 1794 4400 quarn
1810 4303 1998 4401 prescivit,
2018 4329 2034 4371 s

445 4418 552 4491 idest
576 4418 657 4491 illos
674 4443 768 4517 quos
791 4419 836 4491 de
853 4421 993 4519 populo
1018 4421 1080 4494 illo
1099 4422 1305 4520 quondam,
1324 4422 1458 4497 scilicet
1481 4423 1651 4523 peculiari
1669 4447 1738 4494 suo
1761 4421 2035 4522 praedestinavit.

450 4568 467 4605 u
485 4542 523 4609 ln
538 4537 651 4630 Helia,
663 4566 680 4607 u
695 4538 732 4612 id
749 4554 803 4612 cst
817 4538 880 4611 ubi
896 4539 942 4613 du
961 4541 1060 4615 Helia
1071 4542 1232 4640 loquitur
1247 4545 1285 4616 in
1301 4541 1395 4615 libro
1404 4547 1567 4642 Regum
1583 4572 1602 4611 a
1617 4541 1961 4631 Quemadmodum»
1974 4542 2042 4612 sci·

448 4658 529 4730 licet
546 4660 621 4756 ipse
634 4658 765 4753 Helias,
779 4690 796 4727 r
811 4660 1013 4760 interpellat
1027 4666 1143 4734 Deum
1160 4661 1351 4734 adversum
1365 4661 1485 4753 lsrael,
1497 4691 1514 4728 u
1526 4660 1564 4734 id
1579 4677 1633 4734 est
1650 4660 1789 4734 orando
1806 4658 1861 4732 vel
1877 4682 2042 4758 conque-

447 4778 561 4851 rendo
585 4795 759 4877 provocat
782 4784 900 4852 Deum
923 4781 969 4853 ad
992 4780 1187 4855 vindictam
1205 4784 1242 4853 in
1261 4781 1419 4879 nequitia
1445 4782 1737 4880 persequentium
1758 4804 1796 4853 se
1816 4779 2033 4853 ludaeorum.

449 4929 466 4965 u
482 4898 701 4972 Occiderant
715 4929 733 4969 u
759 4899 913 4985 subaudi
937 4901 1094 4996 Jesabel,
1125 4933 1143 4968 «ι
1158 4901 1396 4996 suffoderunt,
1410 4932 1428 4968 r
1448 4901 1486 4974 id
1511 4916 1564 4974 est
1587 4926 1608 4975 a
1635 4900 1871 4974 fundamento
1896 4900 2039 5000 penitus

481 5179 485 5205 ¹
502 5177 558 5240 ltep.
571 5176 613 5241 ΙΙΙ,
623 5192 677 5241 cap.
691 5192 741 5241 arr,
753 5193 776 5228 v.
788 5181 824 5230 ΙΙ.
