4559 6100
469 513 538 588 ror
927 516 931 539 ’
1066 516 1197 588 rarat
1222 514 1455 588 munaum
1567 607 1571 615 ,

463 665 525 763 plo
538 661 720 736 auditores
737 681 986 756 commoveat,
1003 680 1158 739 sectatus
1177 664 1325 763 quidem
1343 688 1444 754 eum,
1466 663 1514 736 de
1530 687 1606 761 quo
1622 662 1798 761 scriptum
1814 669 1888 735 est*
1904 691 1913 733 ε
1935 692 1954 732 a
1972 667 2061 752 Quas

464 784 571 881 coepit
583 787 684 855 lesus
700 783 814 857 lacere
830 801 867 858 et
883 786 1026 860 docere.
1043 817 1061 852 »
1076 786 1179 857 Prius
1195 783 1361 856 videlicet
1376 783 1505 872 lacere,
1518 796 1555 855 et
1566 796 1691 881 postea
1706 779 1851 854 docere.
1868 786 1961 855 Cum
1974 807 2062 856 vero

464 904 673 1002 praemiserit
697 928 831 978 nomeu
853 906 1001 995 Christi,
1020 903 1120 1001 quod
1136 916 1190 977 est
1208 926 1404 975 commune
1418 902 1584 975 omnium
1601 915 1675 973 tarn
1690 901 1728 972 in
1741 924 1862 997 regem
1878 925 1989 1000 quarn
2005 926 2061 976 sa·
2104 914 2107 923 '

465 1022 648 1095 cerdotem
664 1024 909 1118 inunctorum,
925 1024 1127 1097 secuudum
1144 1022 1245 1121 quod
1261 1023 1434 1120 scriptum
1450 1022 1546 1093 est¹:
1569 1019 1720 1092 «Nolite
1739 1034 1886 1117 tangere
1902 1020 2062 1094 Christos

465 1164 567 1215 meos
579 1168 589 1230 ;
603 1171 621 1208 r
635 1141 785 1239 subjecit
804 1145 992 1243 proprium
1016 1167 1150 1216 nomen
1170 1144 1268 1237 ejus,
1287 1140 1388 1239 quod
1404 1155 1459 1213 est
1472 1144 1588 1231 tesus,
1606 1153 1647 1211 ut
1662 1139 1762 1211 hunc
1775 1139 1941 1213 videlicet
1957 1139 2062 1212 Chri·

465 1272 562 1330 stum
587 1263 764 1333 aectoris
791 1277 866 1334 tam
888 1263 1130 1361 singularitate
1152 1284 1331 1359 personae,
1359 1283 1468 1355 quam
1490 1257 1661 1356 dignitate
1685 1258 1930 1356 distingueret.
1956 1258 2062 1332 Solus

466 1379 601 1478 quippe
614 1383 759 1479 proprie
773 1386 873 1454 lesus
889 1382 1020 1455 dicitur
1029 1436 1040 1472 ,
1055 1383 1118 1479 qui
1135 1380 1234 1453 solus
1249 1404 1334 1452 vere
1349 1393 1386 1451 et
1397 1379 1433 1451 in
1448 1392 1663 1478 perpetuum
1679 1378 1814 1450 salvare
1828 1393 1957 1477 potest.
1969 1382 2062 1452 Cum

467 1498 586 1593 itaque
600 1497 732 1572 dicitur
741 1500 923 1592 Christus,
945 1502 982 1574 id
999 1516 1053 1574 est
1067 1515 1216 1592 unctus,
1233 1500 1407 1597 quoniam
1418 1513 1492 1570 tam
1506 1522 1607 1595 reges
1618 1521 1728 1595 quam
1738 1496 1942 1570 sacerdotes
1955 1498 2062 1570 inun-

467 1615 659 1712 gebantur,
676 1620 833 1693 ostendit
848 1646 932 1693 eum
946 1645 967 1694 a
981 1622 1140 1694 Domino
1157 1620 1282 1692 tamin
1299 1642 1420 1715 regern
1441 1642 1552 1716 quam
1568 1618 1606 1690 in
1625 1616 1849 1690 sacerdotem
1865 1616 1972 1690 nobis
1986 1640 2063 1690 esse

467 1738 720 1829 constitutum,
744 1765 810 1839 per
827 1765 907 1837 quae
924 1741 1000 1814 duo
1017 1764 1083 1813 nos
1099 1726 1347 1836 salvet33quod
1361 1752 1467 1810 sonat
1483 1741 1597 1810 Jesus.
1613 1737 1788 1810 Sacerdos
1806 1738 1941 1836 quippe
1956 1737 2063 1811 nobis

467 1856 617 1947 exstitit,
631 1859 787 1956 seipsum
800 1885 865 1958 pro
881 1858 988 1932 nobis
1000 1860 1038 1931 in
1057 1883 1119 1932 ara
1132 1860 1250 1930 crucis
1265 1855 1503 1930 immolando.
1522 1860 1594 1929 Rex
1610 1880 1698 1930 vero
1714 1881 1782 1956 pro
1800 1855 2011 1930 fortitudine
2027 1872 2063 1930 et

468 1976 628 2070 potentia
642 1975 759 2049 dictus
774 1993 851 2051 est:
870 2003 942 2075 qua
966 1992 1085 2077 potest
1099 1978 1166 2051 sibi
1185 1978 1363 2075 subjicere
1385 1977 1525 2067 omnia,
1541 1990 1576 2051 et
1599 1991 1773 2075 tanquam
1790 1976 1916 2048 sortior
1933 1976 2061 2050 fortem

467 2091 611 2190 alligare
626 2094 825 2185 diabolum,
838 2113 964 2196 utpote
979 2099 1037 2171 ille
1048 2098 1109 2170 cui
1123 2102 1224 2171 Pater
1239 2096 1362 2169 omnia
1379 2095 1479 2168 dedit
1492 2097 1530 2168 in
1545 2120 1669 2170 manu.

519 2243 537 2277 α
555 2218 709 2286 Vocatus
727 2216 930 2314 Apostolus.
946 2246 965 2282 »
984 2221 1063 2288 Hoc
1080 2231 1134 2288 est
1147 2230 1296 2288 vocatus
1310 2239 1332 2287 a
1346 2220 1425 2288 Deo
1440 2230 1477 2287 et
1494 2215 1626 2288 electos
1647 2216 1684 2287 io
1702 2213 1966 2312 apostolatum,
1986 2238 2061 2287 non

466 2353 488 2401 a
514 2334 634 2429 seipso
656 2336 804 2406 veniens
830 2335 877 2408 ad
899 2335 1168 2435 praedicandum
1188 2363 1197 2407 z
1217 2335 1376 2431 alioquin
1393 2335 1450 2406 sur
1464 2349 1560 2408 esset
1570 2349 1606 2407 et
1619 2335 1725 2426 latro,
1747 2334 1847 2430 juxta
1861 2332 1950 2405 illud
1962 2333 2062 2405 Veri·

466 2450 570 2522 tatis:
587 2457 754 2525 «Omnes
769 2470 950 2552 quotquot
961 2470 1139 2527 venerunt
1156 2455 1250 2527 fures
1265 2468 1350 2527 sunt
1366 2468 1401 2526 et
1419 2454 1577 2527 latrones
1584 2456 1608 2525 ⁸.
1624 2482 1644 2521 a
1666 2484 1684 2520 a
1696 2457 1894 2544 Venerunt,
1908 2482 1927 2518 »
1946 2453 2062 2550 inquit

468 2570 729 2667 Hieronymus,
754 2602 772 2638 α
787 2598 863 2645 nou
879 2575 944 2673 qui
961 2575 1059 2646 missi
1085 2588 1217 2646 sunt.»
1243 2572 1348 2645 Unde
1371 2586 1408 2644 et
1428 2571 1522 2646 bens
1545 2570 1737 2670 Apostolus
1761 2574 1891 2644 missus
1912 2572 1987 2644 sive
2009 2569 2062 2642 le·
2101 2568 2105 2573 ’

468 2701 569 2783 gatus
608 2690 872 2789 interpretatur.
912 2691 1064 2764 Attende
1097 2694 1207 2764 etiam
1236 2690 1447 2762 humilitatis
1472 2714 1545 2763 suae
1569 2690 1946 2780 commendationem,
1980 2715 2062 2761 cum

467 2806 630 2878 dixerit«
642 2822 790 2879 vocatus
802 2839 819 2874 n
838 2811 1079 2908 potiusquam
1096 2810 1242 2882 electus.
1258 2810 1409 2882 Vocatio
1425 2809 1560 2907 quippe
1574 2808 1711 2880 clamor
1722 2811 1820 2882 vocis
1832 2823 1885 2881 est
1899 2807 1945 2880 ad
1955 2806 2062 2903 longe

468 2925 618 3022 positos,
637 2940 678 2998 ut
694 2927 867 3000 accedant
883 2928 939 3000 vel
953 2927 1114 3002 audiant.
1127 2933 1242 3001 Tanto
1258 2943 1379 3001 autem
1399 2928 1465 3000 iste
1489 2929 1664 3000 remotior
1679 2941 1754 3001 erat
1769 2953 1792 3002 a
1807 2933 1895 3019 Deo,
1923 2940 2060 3023 quanto

467 3045 660 3119 immanior
685 3063 762 3120 crat
786 3046 949 3121 Ecclesiae
970 3063 1191 3148 persecutor.
1217 3047 1413 3145 Diligenter
1436 3047 1556 3146 itaque
1587 3048 1636 3121 ait
1661 3073 1736 3121 nou
1767 3047 1910 3134 electus,
1928 3045 1986 3118 vel
2002 3069 2062 3124 aa·

467 3178 643 3263 sumptus,
662 3166 726 3239 sed
745 3198 763 3235 α
777 3183 925 3240 vocatus
942 3197 958 3237 u
986 3168 1089 3266 quasi
1104 3192 1125 3239 a
1141 3169 1249 3265 longe
1266 3192 1287 3240 a
1305 3169 1462 3241 Domino
1490 3181 1624 3240 tractus
1647 3167 1695 3241 ad
1715 3167 1947 3265 Evangelium
1970 3165 2063 3238 illius

467 3282 747 3384 predicandum.

518 3431 536 3468 α
551 3407 762 3503 Segregatus
778 3406 816 3477 iu
835 3406 1043 3503 Evangelio⁸
1065 3408 1144 3480 Dei.
1162 3437 1180 3473 n
1209 3407 1250 3480 ld
1273 3421 1339 3500 est,
1362 3429 1525 3479 seorsum
1550 3420 1586 3477 et
1610 3429 1675 3503 per
1695 3429 1746 3490 se,
1774 3429 1849 3477 non
1878 3428 1963 3476 cum
1986 3403 2062 3475 aliis

468 3522 638 3620 apostolis
658 3523 805 3614 electus,
823 3550 900 3597 non
918 3551 940 3598 a
955 3526 1098 3599 Christo
1125 3526 1245 3599 adhuc
1271 3528 1309 3598 in
1333 3539 1428 3598 terra
1449 3526 1658 3598 consistenti
1685 3523 1841 3616 mortali,
1857 3522 1921 3595 sed
1932 3523 2008 3618 jam
2023 3522 2061 3592 in

467 3641 670 3713 coelestibus
686 3640 733 3713 ad
749 3640 932 3714 dexteram
952 3645 1064 3717 Patris
1077 3645 1288 3735 constituto,
1299 3657 1418 3717 ettam
1432 3669 1497 3743 per
1507 3644 1803 3716 resurrectionem
1819 3665 1930 3739 quam
1944 3665 2064 3714 assen-

466 3760 606 3830 sionem
633 3757 844 3855 glorificato.
875 3760 980 3832 Unde
1002 3776 1041 3833 et
1061 3761 1108 3834 ad
1135 3762 1278 3834 Galatas
1299 3762 1477 3855 scribens,
1508 3776 1547 3835 ut
1571 3787 1675 3836 suam
1695 3760 1967 3834 commendaret
1994 3759 2065 3831 ele·

467 3879 624 3949 ctionem
640 3877 811 3950 adversus
827 3902 890 3982 eos
905 3881 969 3977 qui
984 3880 1299 3953 calumniabantur
1312 3906 1397 3954 cum
1405 3883 1541 3955 eoeteris
1548 3882 1721 3981 apostolis
1736 3906 1812 3953 non
1828 3904 1906 3953 esse
1923 3903 2064 3952 connu-

468 3995 695 4088 merandum,
718 3996 818 4094 quod
833 4021 908 4071 non
923 3998 1231 4073 sucritaDomino
1248 4005 1331 4073 Jesu
1346 4002 1489 4075 Christo
1507 4004 1544 4075 in
1559 4016 1652 4075 terra
1667 4026 1751 4074 curu
1765 4001 1901 4073 caeteris
1914 3997 2061 4089 electus,

469 4116 557 4187 ait‘:
574 4144 592 4181 α
609 4115 738 4187 Paulus
752 4116 954 4215 Apostolus,
974 4144 1049 4192 non
1067 4118 1115 4193 ab
1129 4119 1340 4193 hominibus
1357 4145 1476 4219 neque
1490 4146 1553 4220 per
1567 4120 1769 4209 hominem,
1785 4117 1849 4191 sed
1863 4142 1928 4216 per
1940 4121 2062 4188 Jesum

469 4232 651 4305 Christum
667 4249 704 4305 et
713 4238 832 4307 Deum
845 4242 1001 4328 Patrem,
1016 4240 1078 4336 qui
1094 4239 1277 4312 suscitavit
1293 4265 1412 4314 cuma
1428 4239 1603 4313 mortuis:
1617 4269 1635 4307 s
1651 4240 1740 4312 acsi
1759 4236 1916 4311 diceret:
1932 4233 2062 4306 Paulus

469 4352 659 4451 Apostolus
676 4379 751 4425 non
771 4341 834 4453 per
849 4355 1051 4446 hominem,
1069 4357 1107 4428 id
1123 4372 1189 4447 est,
1205 4359 1408 4452 mortalem,
1427 4359 1490 4432 sed
1513 4382 1579 4459 per
1599 4358 1782 4431 Christum
1805 4359 1879 4454 jam
1904 4375 2063 4426 resurre-

466 4473 586 4545 ctione
605 4472 854 4569 glorificatum,
873 4491 909 4548 et
925 4477 1016 4548 nihil
1025 4476 1101 4573 jam
1113 4475 1279 4549 mortalis
1288 4492 1424 4550 naturae
1439 4477 1498 4551 rel
1509 4475 1751 4576 corruptibilis
1768 4473 1975 4548 habentem.
2002 4473 2065 4544 Di·

397 4574 405 4591 ⁶
467 4592 561 4663 citur
582 4593 690 4665 etiam
712 4609 914 4693 segregatus
938 4596 977 4667 in
1004 4594 1256 4694 predicatione
1274 4598 1469 4695 Evangelii,
1492 4597 1582 4671 dum
1601 4596 1736 4670 caeteris
1754 4594 1875 4668 adbuc
1892 4591 2067 4693 apostolis

468 4712 564 4785 circa
583 4713 876 4813 predicationem
901 4715 1106 4788 ludaeorum
1132 4717 1330 4815 occupatis,
1354 4719 1420 4791 iste
1440 4717 1640 4819 specialiter
1664 4715 1712 4791 ad
1738 4728 1862 4813 gentes
1891 4730 2068 4811 tanquam

499 5024 568 5075 'Act
579 5026 675 5157 Apol..
684 5039 739 5088 ceo.
752 5039 771 5087 ι,
782 5039 805 5077 r.
820 5025 1227 5093 1.-·1rmup.‚ap.m,v.
1239 5030 1331 5080 tte-⁸
1341 5026 1412 5091 tom,
1420 5040 1476 5091 erp.
1487 5040 1514 5090 r,
1527 5042 1551 5078 r.
1562 5032 1586 5081 t.
1595 5053 1624 5065 -
1636 5030 1646 5060 ⁴
1656 5026 1715 5089 Les.
1725 5022 1941 5089 Evomuere.-
1951 5015 2067 5077 ‘Gelam

467 5119 521 5168 cap.
533 5119 552 5169 r,
564 5120 587 5156 r.
618 5141 626 5156 .
