4559 6100
468 534 541 607 294
1073 535 1201 609 PETlll
1227 535 1461 610 ABAELlllilll

467 709 512 757 eo
530 682 642 757 deleri
659 700 893 760 mererentur.
914 692 1004 762 Vasa
1020 689 1080 761 irae
1096 689 1182 761 dicit
1197 713 1273 777 eos,
1295 692 1356 787 qui
1375 689 1545 764 omnibus
1566 691 1660 764 vitiis
1687 687 1784 787 pleni
1806 701 1904 778 sunt,
1929 686 2060 785 quibus

467 805 585 877 statim
602 806 830 880 irascendum
840 821 904 879 est.
917 811 959 880 Et
975 809 1047 881 boc
1062 822 1115 881 est
1130 809 1230 907 quod
1243 809 1366 882 subdit
1381 809 1638 898 determinans,
1657 839 1674 874 n
1685 821 1768 906 apta
1781 807 1818 879 in
1833 806 2056 899 interitum,u

467 923 502 994 id
521 938 573 997 est
589 923 697 1020 digna
715 927 859 1024 penitus
877 926 1001 1000 deleri.
1025 929 1244 1018 «Sustinuit,
1267 930 1428 1025 inquam,
1452 951 1479 997 u⁴
1499 953 1575 1000 non
1597 929 1673 1000 sine
1695 949 1815 1020 causa,
1835 926 1897 999 sed
1914 940 2061 1025 propter

467 1043 540 1115 boe
557 1057 597 1114 nt
614 1044 813 1117 seeundum
829 1046 1017 1144 hocquod
1028 1047 1188 1121 abundat
1202 1048 1445 1147 oppressionis
1461 1047 1609 1136 malitia,
1623 1046 1821 1121 abundaret
1835 1047 1872 1118 in
1883 1047 2061 1144 oppressis

468 1160 598 1233 divinae
618 1163 855 1237 miserationis
875 1167 1048 1264 potentia,
1069 1189 1142 1264 qua
1162 1191 1245 1239 suos
1268 1183 1369 1240 eruat
1395 1168 1443 1240 ad
1472 1166 1767 1265 glorificationem
1790 1165 1859 1238 sui.
1880 1195 1898 1231 u
1916 1165 2061 1238 Divitias
2185 1197 2188 1202 ·

469 1282 612 1378 gloriae,
640 1283 799 1357 »idest
831 1287 1074 1360 excellentiam
1096 1288 1264 1385 potentiae
1294 1312 1388 1378 suae,
1415 1313 1486 1386 qua
1509 1287 1738 1385 glorificetur.
1769 1317 1786 1355 u
1810 1289 1900 1358 Vasa
1929 1286 2062 1357 miseri·

468 1402 611 1495 cordiae,
631 1431 648 1470 u
669 1401 707 1474 id
732 1419 785 1476 est
798 1430 881 1503 erga
896 1406 1028 1479 electos
1050 1431 1148 1495 suos,
1176 1431 1268 1505 quos
1289 1408 1566 1481 misericorditer
1589 1421 1790 1496 conservat,
1809 1430 1856 1478 ne
1871 1404 2062 1477 adversita·

468 1521 563 1594 tibus
576 1521 783 1619 frangantur
798 1551 806 1595 ε
825 1525 920 1598 bene
938 1550 1021 1599 vasa
1034 1527 1093 1598 irae
1108 1542 1145 1599 et
1159 1551 1244 1600 vasa
1261 1527 1512 1601 misericordiae
1525 1528 1611 1600 dicit
1626 1524 1824 1600 secundum
1839 1525 2061 1623 propositam

468 1641 514 1713 de
533 1643 625 1714 vasis
646 1642 744 1739 figuli
772 1644 1055 1719 similitudinem.
1084 1650 1173 1734 Quae
1196 1648 1331 1720 scilicet
1354 1672 1438 1721 vasa
1464 1647 1718 1721 misericordiae
1748 1645 1998 1744 «praeparavit
2024 1646 2059 1717 in

423 1783 429 1792 ·
467 1759 662 1854 gloriam,s
691 1761 725 1835 id
752 1775 818 1856 est,
844 1764 1106 1863 praedestinavit
1130 1766 1178 1839 ad
1201 1783 1340 1839 aeternae
1363 1769 1443 1839 vltae
1468 1766 1740 1859 beatitudinem,
1768 1765 1824 1838 vel
1848 1764 1886 1835 in
1913 1763 2059 1860 gloriam

468 1902 583 1970 suam,
603 1894 643 1952 nt
660 1893 694 1954 et
712 1881 780 1981 ipsi
796 1908 880 1956 eum
896 1883 1079 1957 laudando
1107 1884 1153 1960 de
1177 1886 1422 1961 misericordia
1438 1900 1608 1987 percepta
1632 1884 1843 1982 glorificent.
1873 1914 1891 1950 ι(
1904 1886 2004 1971 Quos
2026 1898 2061 1955 et

469 2001 621 2072 vocavit.
637 2030 655 2069 s
674 2004 778 2074 Juxta
793 2003 846 2076 rei
859 2004 1171 2101 significationem,
1190 2027 1264 2088 nt·
1284 2008 1455 2107 praemissi
1478 2007 1637 2080 nominis
1654 2005 1922 2104 proprietatem,
1945 2003 2061 2076 relati·

469 2142 553 2190 vum
566 2144 701 2192 nomen
716 2124 888 2220 supponit
898 2123 1020 2198 dicens
1032 2155 1049 2194 u
1063 2150 1168 2223 quos,
1182 2157 1199 2192 >r
1213 2127 1412 2200 masculino
1422 2151 1566 2223 genere,
1580 2149 1655 2198 non
1669 2156 1686 2192 u
1698 2147 1778 2223 qnae
1791 2155 1808 2190 s
1823 2136 1965 2215 neutro,
1975 2146 2060 2195 eum

469 2250 587 2310 tamen
602 2239 823 2337 praemissum
837 2265 970 2315 nornen
987 2244 1087 2341 quod
1099 2259 1152 2318 est
1165 2247 1210 2317 sit
1226 2275 1242 2314 ‹
1256 2271 1353 2336 vasa,
1367 2277 1384 2313 u
1399 2246 1446 2319 ad
1459 2244 1560 2344 quod
1577 2243 1702 2318 relatio
1718 2244 1764 2316 sit
1777 2244 1893 2315 neutri
1908 2243 2058 2339 generis.

466 2356 548 2430 Tale
566 2372 620 2431 est
634 2373 669 2431 et
684 2359 782 2458 apud
800 2361 986 2459 Virgilium
1003 2366 1156 2438 mutatio
1172 2366 1311 2462 generis
1327 2364 1529 2442 secundum
1540 2361 1850 2462 significationem,
1873 2386 1958 2436 curu
1975 2361 2062 2434 dici·

468 2489 548 2548 tur:
569 2481 773 2553 «Praeneste
788 2480 856 2553 sub
875 2483 964 2582 ipsa.
981 2513 997 2553 ι
1020 2489 1121 2572 Quos
1139 2485 1273 2558 seilicet
1288 2500 1325 2559 et
1342 2488 1418 2585 ipse
1435 2487 1590 2576 vocavit,
1609 2483 1646 2558 id
1673 2498 1727 2557 est
1751 2485 1890 2557 interna
1917 2484 2063 2582 inspira·

468 2597 566 2668 tione
580 2597 627 2670 ad
644 2621 682 2670 se
699 2601 816 2690 traxit,
832 2627 905 2674 non
924 2628 988 2701 per
1004 2629 1042 2676 se
1058 2604 1105 2677 ad
1123 2630 1207 2677 eum
1226 2621 1413 2693 venerunt,
1433 2607 1637 2678 maximeet
1653 2605 1780 2676 inistis
1795 2626 1875 2702 quae
1894 2601 2063 2674 omnibus

468 2713 641 2808 exhibuit,
661 2716 707 2788 de
726 2716 911 2792 Pharaone
927 2721 1119 2815 miraculis,
1138 2724 1230 2796 sieut
1245 2724 1492 2822 supradictum
1505 2738 1571 2816 est,
1591 2752 1609 2792 n
1624 2738 1664 2795 ut
1682 2723 1912 2795 annuntietur
1926 2743 2060 2792 nomen

469 2856 591 2904 meum
608 2834 644 2904 in
659 2835 824 2908 universa
835 2850 940 2910 terra.
956 2869 973 2905 u
989 2870 1007 2905 a
1019 2844 1098 2912 Non
1113 2841 1230 2912 solum
1246 2867 1291 2914 err
1304 2843 1433 2915 ludaeis
1444 2873 1461 2910 ε
1473 2844 1623 2940 inquam
1636 2842 1776 2914 vocavit
1787 2863 1862 2932 eos,
1875 2839 1939 2911 sed
1953 2837 2061 2912 etiarn

470 2981 488 3017 s
503 2977 546 3024 ex
560 2951 747 3046 Gentibus,
761 2985 778 3020 r
796 2979 880 3028 curn
895 2957 1060 3031 videlicet
1072 2959 1256 3033 audissent
1267 2962 1427 3034 Gentiles
1438 2976 1615 3061 qnantum
1627 2984 1774 3033 manum
1787 2960 1825 3031 in
1837 2957 2061 3032 Pharaonem

469 3071 694 3165 exercuisset,
716 3073 808 3146 sicut
823 3090 859 3148 et
875 3077 999 3150 Rabab
1013 3080 1165 3178 receptis
1180 3081 1467 3180 exploratoribus
1483 3081 1706 3155 coafitetur¹.
1723 3109 1740 3150 u
1753 3081 1852 3153 Sicut
1866 3080 1904 3151 in
1915 3081 2023 3168 Osee,
2041 3110 2059 3145 s

467 3190 504 3262 id
523 3205 592 3284 est,
611 3215 678 3291 per
693 3196 786 3265 Osee
802 3196 1017 3295 Prophetam
1035 3198 1123 3271 dicit
1139 3200 1235 3299 ipse,
1255 3202 1390 3275 scilicet
1408 3203 1597 3275 Dominus.
1616 3206 1669 3274 De
1685 3202 1874 3286 vocatione
1891 3199 2062 3271 Gentium

466 3310 585 3409 primo
598 3313 844 3386 testimonium
853 3315 1003 3406 inducit,
1017 3333 1185 3418 praeterea
1195 3320 1241 3393 de
1250 3320 1456 3394 ludaeorum
1466 3321 1538 3394 ibi:
1554 3352 1571 3388 u
1587 3323 1836 3413 lsaiasautem,
1848 3334 1916 3392 etc
1933 3350 1950 3386 s
1966 3323 2063 3392 «Vo-

466 3428 570 3523 cabo,
588 3459 606 3499 r>
620 3430 658 3503 id
676 3445 729 3504 est
744 3434 917 3527 Gentiles,
934 3437 996 3534 qui
1013 3439 1114 3537 prius
1130 3439 1218 3511 mibi
1237 3440 1388 3538 subjecti
1406 3441 1609 3514 nullatenus
1632 3455 1748 3531 erant,
1779 3441 1910 3513 timore
1929 3437 2065 3511 terribi-

466 3549 555 3623 linln
571 3552 661 3624 mibi
677 3552 892 3650 subjugabo,
911 3559 999 3657 quia
1015 3559 1155 3631 initium
1184 3561 1365 3659 sapientiae
1391 3560 1499 3633 timor
1521 3561 1682 3653 Domini,
1709 3559 1770 3632 sed
1798 3558 2061 3633 consummatio

466 3672 606 3761 caritas,
621 3696 706 3744 cum
720 3671 885 3746 deservis
898 3674 991 3748 fiunt
1001 3679 1120 3768 amici,
1135 3678 1228 3750 sicut
1241 3694 1277 3751 et
1288 3704 1370 3752 mox
1386 3679 1547 3776 adjungit
1556 3679 1700 3752 dicens:
1715 3709 1734 3746 a
1747 3684 1789 3753 Et
1801 3703 1877 3750 non
1895 3677 2061 3749 dilectam

468 3786 649 3879 dilectam,
667 3817 685 3856 u
703 3789 822 3885 idest,
839 3796 1072 3890 postmodum
1089 3821 1153 3869 eos
1176 3797 1223 3869 de
1250 3801 1359 3872 servis
1383 3800 1420 3871 iu
1442 3800 1580 3871 amicos
1605 3798 1830 3887 transferam,
1858 3797 1949 3868 siem
1969 3796 2062 3866 scri·

467 3919 570 4004 ptum
588 3910 681 3979 est¹z
701 3912 809 3981 ulam
822 3935 897 3984 non
915 3904 1031 3987 dicant
1056 3940 1121 3988 vos
1137 3941 1272 4009 servos,
1291 3930 1361 3990 ete.
1376 3946 1395 3986 u
1413 3917 1574 4010 vocabu,
1603 3919 1640 3991 id
1666 3934 1719 3991 est
1745 3917 1917 3989 veraciter
1939 3915 2062 3987 vocari

466 4025 615 4118 boiam,
647 4055 665 4095 u
692 4040 729 4099 et
757 4053 832 4101 non
865 4033 1147 4108 misericordiam
1176 4052 1428 4128 consecutam,
1461 4037 1742 4111 misericordiam
1773 4048 2059 4109 consecutam.»

463 4144 578 4219 ldulto
595 4145 677 4247 plus
691 4161 743 4221 est
760 4147 874 4222 lilium
895 4151 972 4227 fieri
990 4178 1100 4253 quam
1121 4157 1401 4231 misericordiam
1420 4158 1607 4256 consequi.
1633 4156 1726 4231 lllud
1751 4156 1885 4255 quippe
1914 4153 2065 4228 inchoa·

464 4265 573 4338 tionis
599 4281 665 4357 est,
691 4267 764 4341 hoc
789 4286 842 4343 est
863 4272 1103 4371 perfeetionis.
1135 4276 1415 4349 Misericordiam
1438 4278 1695 4377 consequimur
1717 4301 1802 4350 cum
1823 4299 1890 4348 nos
1906 4278 2062 4346 Dento-

464 4400 582 4481 eante,
598 4401 633 4460 et
649 4388 717 4460 nisi
733 4407 988 4466 convertamur
1003 4396 1259 4490 comminante,
1279 4397 1326 4468 ad
1342 4397 1460 4496 ipsum
1474 4398 1732 4491 convertimur,
1754 4419 1801 4468 ne
1821 4395 1869 4468 ab
1892 4394 1968 4493 ipso
1991 4417 2064 4491 pu·

464 4504 621 4577 niamur.
636 4507 713 4579 Filii
729 4534 815 4583 vero
833 4511 1009 4587 efficimur
1024 4539 1109 4587 eum
1120 4516 1195 4612 jam
1209 4515 1366 4614 perlecta
1382 4517 1510 4590 caritas
1525 4516 1618 4590 foras
1632 4517 1738 4589 mittit
1755 4515 1854 4587 hunc
1878 4514 2059 4586 timorem.

465 4621 616 4695 Duobus
637 4625 758 4723 itaque
780 4632 980 4728 praemissis,
1004 4632 1079 4706 duo
1105 4634 1181 4707 berc
1204 4634 1381 4732 sigillatim
1406 4636 1621 4726 reseruntur,
1646 4637 1749 4734 quasi
1773 4632 2001 4708 conlinuatio
2023 4647 2063 4705 et

464 4742 640 4842 expositio
656 4749 935 4847 praemissorum,
958 4758 1029 4826 «ln
1042 4756 1139 4846 loco,
1157 4785 1175 4822 n
1195 4755 1231 4827 id
1251 4771 1305 4829 est
1318 4757 1355 4828 in
1373 4771 1467 4830 terra
1481 4758 1691 4849 Gentilium,
1706 4755 1770 4829 ubi
1781 4779 1848 4829 nec
1867 4752 1969 4853 plebs
1980 4776 2062 4825 mea

465 4864 631 4960 primitus
648 4879 738 4958 erat,
756 4867 828 4941 hoc
846 4886 897 4945 est
914 4898 982 4945 nec
1001 4874 1109 4947 etiarn
1129 4877 1377 4976 pertimerem
1399 4877 1487 4950 mibi
1504 4876 1656 4973 subjecti
1677 4904 1695 4946 u
1711 4875 1786 4970 filii,
1806 4903 1825 4944 u
1840 4873 1948 4947 idest
1963 4869 2064 4944 filiali

497 5138 599 5204 ‘laeua
610 5157 664 5208 asp.
678 5156 715 5209 nt,
729 5158 752 5195 r.
765 5140 789 5198 b.
804 5172 831 5185 -
843 5147 852 5178 ²
862 5146 948 5213 toan,
961 5164 1014 5215 rap.
1027 5165 1069 5213 rr,
1083 5164 1105 5203 r.
1119 5154 1157 5205 tt.
