4559 6100
873 27 1113 111 APPENDlX.
1724 27 1789 101 801

198 166 287 253 quod
306 165 362 233 fiat
377 185 480 236 totum
500 195 601 238 unum
624 195 665 237 ex
681 173 873 262 quibusdam
889 175 1002 242 tribus.
1027 208 1041 233 a
1054 179 1134 241 Item
1155 198 1163 242 ι
1186 206 1199 233 ε
1219 176 1315 242 Pater
1330 192 1364 241 et
1385 174 1467 242 lilius
1482 192 1515 241 et
1529 176 1656 265 spiritus
1672 192 1799 243 sanctus

196 284 320 351 trinitas
343 304 377 352 et
404 291 525 374 unitas3
548 292 653 356 unitas
667 309 799 383 pmpter
815 296 987 379 majestatis
1007 297 1280 377 communionem,
1297 297 1421 360 trinitas
1441 312 1573 385 propter
1587 317 1796 385 personarum

194 405 435 493 proprietatem,
462 411 581 498 pariter
605 410 738 500 simplex
764 414 945 503 pariterque
970 413 1233 479 incommutabile
1257 413 1380 507 bonum
1411 430 1445 478 at
1467 430 1672 497 coaetemum.
1701 414 1797 480 Pater

196 520 282 586 solus
305 547 373 588 non
394 542 443 591 est
465 526 506 593 de
527 529 602 608 alio,
626 531 700 596 ideo
716 531 802 597 solus
827 532 1004 623 appellatur
1026 534 1197 623 ingenitus,
1225 532 1307 597 filius
1323 533 1409 597 solus
1431 532 1472 597 de
1499 551 1589 622 patre
1615 549 1663 597 est
1689 551 1794 617 natus,

197 631 344 703 divinitas
358 663 425 704 non
434 643 623 732 triplicatur,
631 645 754 733 quia,si
765 646 954 750 triplicatur²
964 645 1098 711 deorum
1116 647 1298 712 inducimus
1308 645 1679 736 pluralitatemNomen
1690 664 1798 713 autem

197 751 333 821 deorum
355 760 389 823 in
416 761 537 852 angelis
563 779 595 828 et
618 766 733 830 sanctis
757 766 943 832 hominibus
967 766 1043 831 ideo
1063 766 1229 856 pluraliter
1246 767 1373 847 dicitur,
1392 766 1482 855 quod
1506 789 1572 831 non
1596 768 1659 830 sint
1681 768 1798 833 merito

197 875 345 963 oequalcs.
369 881 417 945 De
436 897 527 971 patre
548 898 581 948 et
601 882 667 948 lilio
687 902 720 949 et
743 886 856 976 spiritu
878 902 989 951 sancto
1005 902 1138 976 propter
1156 909 1256 951 unam
1276 902 1308 952 et
1330 885 1483 974 aequalem
1508 885 1710 951 divinitatem
1732 909 1798 950 non

197 1014 318 1059 nomeu
336 995 472 1064 deorum
490 1000 547 1065 sed
564 1002 624 1066 Dei
637 1024 704 1069 esse
721 1004 911 1071 ostenditur.
934 1005 1030 1071 Fides
1050 1005 1136 1095 apud
1152 1007 1282 1071 Graecos
1297 1007 1360 1070 hoc
1381 1004 1481 1069 modo
1498 1019 1567 1069 est:
1589 1038 1603 1062 α
1615 1006 1688 1068 Una
1709 1006 1797 1083 usia,

197 1113 281 1177 acsi
302 1113 388 1180 dicat
403 1141 468 1182 una
492 1135 606 1183 natura
628 1138 683 1185 aut
702 1146 767 1187 una
788 1126 942 1206 emenda,
966 1140 1029 1190 tres
1053 1127 1255 1215 hypostases,
1281 1122 1369 1213 quod
1390 1139 1519 1188 resonat
1541 1125 1575 1187 in
1595 1123 1732 1189 latinum
1746 1122 1799 1189 vel

193 1245 257 1296 tres
280 1257 433 1323 personas
454 1237 584 1304 veltres
605 1243 799 1308 essentias.»
820 1243 947 1309 Audisti
971 1245 1144 1310 trinitatem
1165 1268 1265 1309 unam
1281 1267 1347 1308 esse
1364 1258 1496 1334 propter
1511 1244 1684 1343 majestatis
1700 1267 1794 1309 com·

196 1353 404 1437 munionem,
429 1380 496 1421 nou
521 1375 653 1449 propter
676 1365 848 1448 majestatis
868 1364 1138 1454 singularitatem
1170 1363 1260 1453 quod
1283 1365 1369 1428 enim
1395 1363 1554 1453 singulare
1580 1361 1670 1426 nullo
1697 1362 1798 1428 modo

195 1493 367 1539 commune
383 1491 442 1556 est,
460 1492 492 1542 et
508 1478 597 1567 quod
612 1502 784 1548 commune
801 1500 849 1549 est
863 1483 1021 1574 singulare
1047 1507 1113 1549 esse
1139 1508 1206 1549 non
1223 1500 1340 1574 potest.
1358 1482 1508 1570 Majestas
1522 1483 1619 1572 igitur
1633 1484 1796 1566 trinitatis,

195 1590 271 1677 quia
288 1598 468 1661 communis
484 1613 544 1679 est,
563 1600 729 1687 quomodo
745 1603 912 1694 singularis
927 1628 994 1670 esse
1007 1603 1136 1695 potest?

239 1710 369 1777 Audisti
386 1716 484 1780 etiam
505 1719 580 1806 quia
601 1743 723 1786 nomen
739 1722 798 1786 Dei
820 1721 896 1788 ideo
917 1722 958 1789 de
979 1725 1120 1789 trinitate
1136 1723 1337 1813 singulariter
1357 1722 1473 1788 dicitur
1494 1738 1627 1811 propter
1644 1724 1798 1812 aequalem

195 1826 414 1914 divinitatem,
433 1858 491 1918 ne,
516 1837 543 1901 si
562 1837 727 1928 pluraliter
752 1840 924 1924 diceretur,
947 1842 1146 1931 inequalitas
1170 1840 1345 1906 divinitatis
1364 1840 1605 1930 intelligeretur.
1632 1841 1698 1906 Sed
1719 1841 1802 1907 diri-

195 1948 277 2013 nitas
301 1951 450 2017 trinitatis
472 1971 562 2021 extra
586 1981 620 2024 se
646 1960 802 2048 aequalem
827 1985 893 2026 non
916 1962 1048 2027 invenit.
1074 1963 1112 2025 In
1130 1962 1199 2050 ipsa
1220 1962 1316 2051 igitur
1338 1961 1479 2025 trinitate
1500 1959 1649 2025 divinitas
1670 1960 1799 2050 aequalis

195 2065 395 2135 divinitatem
418 2072 542 2139 invenit
566 2077 739 2166 aequalem3
765 2080 857 2170 plura
880 2104 957 2146 vcro
983 2081 1116 2170 aequalia
1140 2103 1192 2145 res
1217 2078 1341 2169 singula
1368 2095 1400 2144 et
1422 2079 1706 2168 unicaquomodo
1731 2102 1798 2146 esse

194 2189 304 2275 possit,
332 2212 399 2255 non
424 2192 533 2260 video.
551 2198 596 2260 Ut
621 2199 719 2288 igitur
742 2197 818 2265 fidei
843 2201 1024 2265 christianae
1049 2200 1138 2265 navis
1166 2201 1250 2263 inter
1274 2215 1444 2287 utrumque
1472 2198 1639 2288 scopulum
1668 2222 1798 2265 currens

193 2305 292 2372 illaesa
315 2326 526 2398 pertranseat,
553 2337 755 2407 summopere
776 2319 955 2384 cavendum
982 2343 1023 2385 nc
1051 2320 1094 2385 ad
1123 2317 1312 2383 Sabellianae
1333 2318 1558 2408 singularitatis
1579 2318 1739 2407 lapidem,
1764 2320 1797 2382 in

191 2448 257 2515 qua
271 2444 398 2517 pan-em
420 2431 620 2499 incarnatum
642 2452 675 2500 ct
690 2461 818 2527 passum
835 2438 928 2505 fateri
942 2462 1069 2505 necesse
1086 2455 1146 2519 est,
1165 2436 1323 2520 offendat,
1341 2461 1446 2526 neque
1461 2440 1590 2502 Arianae
1606 2437 1798 2527 pluralitatis

194 2545 384 2634 periculum,
407 2573 466 2639 per
487 2554 574 2640 prius
595 2570 628 2619 et
649 2559 821 2644 posterius,
848 2581 907 2647 per
930 2560 1032 2644 majus
1052 2574 1085 2622 et
1105 2559 1212 2621 minus
1232 2556 1439 2639 substantiam
1454 2557 1621 2639 variando,
1643 2558 1795 2641 incurrat,

194 2678 289 2753 atque
313 2665 450 2732 deorum
474 2669 691 2758 pluralitatem
712 2678 902 2742 enormitate
923 2677 1083 2742 varietatis
1102 2674 1247 2741 inducat.
1272 2676 1339 2740 Soli
1360 2678 1446 2741 cuim
1470 2676 1618 2741 Trinitati
1640 2676 1716 2741 ideo
1736 2677 1798 2742 Dei

192 2783 359 2874 singularis
371 2810 523 2854 numerus
538 2790 667 2858 relictus
682 2809 741 2877 est,
757 2812 794 2860 ut
809 2797 843 2861 in
860 2819 898 2861 ea
914 2812 946 2861 et
961 2797 1045 2860 intra
1062 2818 1135 2879 eam
1156 2793 1378 2860 omnimodam
1397 2795 1610 2885 equalitatem
1626 2794 1794 2886 significet.

193 2901 387 2971 Hominibus
401 2931 479 2973 vero
500 2909 575 2976 ideo
591 2911 756 3001 pluraliter
772 2915 878 2991 datur,
897 2931 932 2981 ut
949 2939 1015 2980 non
1032 2915 1119 2980 idem
1137 2916 1287 2981 meritum
1303 2938 1364 2981 nec
1386 2913 1528 3001 ejusdem
1547 2913 1710 3005 dignitatis
1729 2938 1797 2981 esse

193 3039 398 3110 monstretm,
411 3042 447 3092 ut
459 3052 466 3095 :
480 3059 494 3086 «
509 3029 579 3122 Ego
596 3030 662 3098 dixi
678 3059 685 3099 ε
699 3034 751 3100 Dii
767 3036 852 3118 estis,
870 3068 885 3096 a
905 3052 937 3102 et
956 3059 964 3102 ε
985 3012 1004 3094 «ιΙ
1020 3035 1118 3118 Audi,
1137 3035 1247 3116 Israel,
1261 3035 1410 3102 dominus
1426 3036 1511 3100 Deus
1526 3050 1598 3100 tuus
1607 3035 1698 3101 Deus
1715 3059 1797 3102 unus

192 3156 251 3206 est.
264 3172 278 3199 a
291 3144 404 3233 ltaque
420 3169 494 3213 cum
507 3148 548 3216 de
557 3150 675 3218 divinae
690 3154 874 3221 substantiae
888 3158 1010 3222 unitate
1027 3130 1207 3246 discrepare
1214 3155 1392 3236 videamur,
1404 3170 1438 3219 tu
1455 3153 1584 3244 quidem
1594 3154 1635 3219 de
1644 3155 1798 3246 ingenioli

191 3260 240 3325 tui
262 3265 351 3327 tenui
373 3282 492 3332 conatu
515 3274 740 3360 praesumendo
764 3274 969 3342 solitudinem
989 3277 1019 3341 ci
1039 3275 1264 3367 singularitatis
1289 3274 1489 3356 adscribens,
1506 3297 1567 3365 ego
1588 3290 1696 3339 autem
1712 3273 1796 3340 divi-

193 3402 309 3447 narum
334 3386 561 3476 scriptumrum
582 3395 747 3459 sententiis
768 3411 907 3461 armatus
929 3395 1144 3461 similitudinis
1165 3412 1198 3460 et
1219 3395 1405 3484 equalitatis
1426 3397 1581 3459 unitatem
1604 3373 1794 3478 defendens,

191 3498 227 3563 in
253 3500 318 3574 hoc
348 3519 458 3571 tamen
482 3512 654 3578 convenire
681 3537 741 3579 nos
756 3517 923 3599 convenit,
949 3532 985 3582 ut
1005 3517 1109 3581 Deum
1131 3516 1186 3605 qui
1212 3538 1294 3579 unns
1324 3515 1427 3579 trinus
1450 3529 1513 3595 est,
1541 3537 1671 3603 quoquo
1693 3514 1796 3581 modo

191 3617 272 3685 illud
292 3622 536 3715 intelligendum
559 3632 614 3711 sit,
633 3635 827 3701 unanimiter
849 3634 1069 3726 deprecemur,
1091 3652 1249 3725 quatenus
1263 3637 1298 3699 in
1319 3635 1414 3700 nobis
1435 3636 1623 3726 ignorantiae
1645 3635 1795 3700 tenebras

190 3735 367 3824 illuminet,
390 3768 446 3811 seu
464 3747 660 3818 infidelitatis
674 3754 834 3820 maculam
849 3755 946 3838 lavet,
964 3755 1143 3844 nostrisque
1158 3756 1319 3822 mentibus
1333 3754 1549 3846 coguitionem
1575 3776 1640 3818 suae
1655 3754 1796 3819 veritatis

190 3856 358 3940 infundat,
376 3878 409 3927 et
423 3888 493 3951 nos,
517 3872 624 3959 sopito
639 3875 854 3940 contentionis
880 3874 1053 3958 desiderio,
1069 3873 1209 3965 idipsum
1231 3874 1369 3938 invicem
1389 3872 1507 3937 sentire
1527 3869 1683 3936 concedat
1705 3871 1794 3938 lesus

190 3975 332 4043 Christus
347 3980 506 4051 Dominm
521 4005 642 4057 noster.
660 3993 778 4059 Amen.

236 4094 301 4162 Sed
317 4099 393 4187 quia
414 4100 457 4167 ad
478 4103 602 4172 fabulas
625 4126 741 4177 nostrae
758 4111 979 4194 detractionis,
997 4135 1075 4202 quas
1093 4114 1162 4202 ipse
1178 4109 1384 4201 impudenter
1399 4107 1534 4191 finxisti,
1552 4109 1641 4197 quad
1657 4109 1700 4176 ad
1715 4132 1796 4201 epu·

188 4208 295 4280 larum
321 4214 451 4286 delicias
477 4238 641 4315 tamquam
661 4244 776 4320 potens
797 4229 978 4320 crapulatus
1002 4254 1022 4296 a
1043 4232 1120 4296 vino
1144 4229 1264 4296 diutius
1286 4228 1448 4310 resedisti,
1471 4229 1506 4292 in
1529 4227 1649 4293 merdae
1677 4244 1795 4294 nostras

191 4327 397 4403 detractionis
412 4340 616 4411 immunditia
631 4349 724 4414 suino
743 4372 835 4415 more
850 4366 1007 4416 saturatus
1025 4373 1076 4433 es,
1093 4373 1154 4415 uos
1170 4372 1299 4439 quoque
1313 4371 1404 4414 versa
1421 4345 1508 4430 vice,
1529 4370 1595 4412 non
1613 4345 1682 4412 odii
1697 4346 1795 4413 dente

189 4450 373 4523 mordendo
398 4482 459 4526 nec
482 4461 612 4531 ultionis
632 4467 750 4536 baculo
767 4468 929 4552 feriendo,
953 4468 1011 4535 sed
1027 4469 1192 4536 literarum
1208 4485 1337 4533 tuarum
1355 4466 1522 4532 latratibus
1543 4466 1733 4553 arridentes,
1755 4466 1796 4532 de

77 4607 81 4626 .
189 4567 264 4635 vitae
279 4587 345 4639 tua
359 4577 505 4648 inaudita
523 4586 666 4654 novitate
681 4589 890 4681 disputemus,
908 4604 941 4655 et
956 4589 998 4656 ad
1014 4605 1168 4680 quantam
1183 4588 1393 4684 ignominiam
1408 4587 1524 4654 merito
1539 4603 1603 4653 tuae
1619 4585 1798 4654 immundi·

311 4708 335 4748 n
1616 4705 1670 4763 tut
