4559 6100
654 661 699 733 ΙΝ
723 660 965 734 EPISTOLAM
990 663 1051 736 ΑΙ)
1076 662 1298 735 Roulrtos.
1703 668 1774 740 245

188 824 336 908 purgato
353 835 427 882 non
446 823 649 920 purgatum,
669 811 732 903 sed
744 836 827 883 cum
843 812 920 910 ipsa
931 811 1032 909 palea
1050 812 1269 884 frumentum
1286 812 1527 910 producatur:
1547 817 1637 886 sicut
1653 840 1697 888 ex
1710 841 1775 914 pa·

187 929 343 1002 rentibus
355 954 419 1027 per
430 944 727 1002 sacramentuma
744 945 892 1028 peccato
910 930 1091 1004 mundatis
1108 955 1216 1005 nemo
1235 933 1303 1004 nisi
1318 957 1402 1003 cum
1419 947 1569 1030 peccato
1582 935 1748 1007 nascitur.

236 1054 361 1120 Utrum
383 1064 503 1121 autem
526 1072 568 1120 ex
594 1049 764 1147 proximis
783 1074 928 1147 quoque
951 1050 1161 1147 parentibus
1185 1052 1276 1123 sicut
1300 1051 1486 1148 exprimis
1514 1066 1660 1148 peccata
1687 1079 1777 1125 con-

186 1169 408 1255 traxerimus,
424 1182 459 1238 et
470 1166 711 1265 multiplicatis
726 1168 958 1265 originalibus
977 1169 1143 1268 peccatis,
1163 1182 1261 1241 tanto
1272 1170 1423 1267 quisque
1439 1182 1605 1242 nascatur
1619 1170 1775 1244 deterior

186 1303 319 1385 quanto
328 1286 517 1384 posterior,
530 1288 650 1359 etiam¹
660 1288 840 1384 quaeritur.
856 1294 980 1361 Beatus
990 1313 1075 1360 vero
1087 1289 1299 1383 Augustinus
1309 1289 1345 1359 in
1354 1287 1572 1376 Eneha'rz'dt'o,
1582 1313 1661 1388 cap.
1675 1316 1772 1379 rcvr,

185 1406 254 1478 boc
274 1403 506 1504 probabiliter
526 1405 596 1477 dici
622 1408 812 1498 consentit,
831 1421 872 1478 ut
892 1409 1138 1506 proximorum
1156 1431 1302 1504 quoque
1319 1421 1510 1505 parentum
1534 1410 1689 1505 peccatis
1712 1409 1775 1482 filii

186 1525 401 1620 obligentur,
418 1523 479 1595 ubi
495 1524 660 1597 videlicet
678 1526 748 1597 ait:
767 1531 984 1599 «Parentum
1000 1551 1147 1624 quoque
1162 1525 1316 1624 peccatis
1334 1527 1502 1625 parvulos
1515 1527 1679 1626 obligari,
1696 1555 1775 1603 non

185 1643 300 1715 solum
312 1643 513 1742 primorum
526 1643 731 1731 hominurn,
748 1644 933 1717 sedetiam
950 1647 1124 1743 ipsorum,
1143 1645 1187 1716 de
1198 1644 1328 1741 quibus
1341 1646 1409 1744 ipsi
1420 1648 1493 1717 nati
1509 1661 1605 1740 sunt,
1622 1673 1696 1720 non
1713 1650 1775 1720 im·

185 1762 417 1861 probabiliter
431 1762 574 1834 dicitur.
591 1761 652 1834 llla
665 1763 800 1861 quippe
815 1763 937 1837 divina
947 1766 1159 1838 sententia¹:
1176 1793 1194 1829 u
1207 1763 1364 1836 Reddam
1378 1780 1565 1862 peccatum
1579 1783 1723 1864 patrum
1737 1770 1772 1840 in

187 1911 204 1950 a
217 1881 321 1967 filios,
334 1913 352 1948 n
364 1896 460 1954 tenet
473 1906 535 1960 eos
549 1882 671 1979 utique
683 1896 874 1978 antequam
890 1909 954 1982 per
970 1885 1279 1982 regenerationem
1298 1882 1344 1954 ad
1354 1887 1619 1958 Testamentum
1632 1889 1774 1958 Novum

185 2002 355 2099 incipiant
365 2002 553 2099 pertinere.
569 2000 677 2089 Quod
688 2015 939 2074 testamentum
950 2002 1234 2100 prophetabatur
1245 2028 1329 2075 curn
1343 2002 1522 2075 diceretur
1538 2028 1601 2101 per
1614 2003 1776 2077 Ezechie

185 2118 266 2209 lem,
286 2145 362 2192 nou
379 2132 587 2216 accepturos
604 2118 697 2191 filios
714 2135 860 2217 peccata
873 2133 1029 2219 patrum,
1046 2145 1113 2194 nec
1129 2122 1220 2193 ultra
1236 2122 1392 2193 loturam
1400 2123 1436 2193 in
1449 2124 1555 2196 lsrael
1566 2123 1775 2217 parabolam

184 2239 292 2311 hanc⁸
304 2267 313 2309 ε
327 2270 345 2306 α
360 2243 479 2312 Patres
490 2237 798 2311 manducaverunt
808 2264 916 2312 uvam
925 2240 1105 2330 acerbam,
1118 2255 1152 2312 et
1162 2240 1288 2314 dentes
1295 2239 1451 2313 filiorum
1463 2242 1740 2339 obstupuerunt.
1754 2273 1772 2312 a

184 2363 273 2431 ltern
288 2387 296 2430 :
316 2388 334 2426 u
350 2359 435 2431 ldeo
450 2373 502 2430 est
514 2360 673 2432 instituta
684 2360 918 2455 regenerati0‚
935 2361 1019 2457 quia
1032 2360 1221 2432 vitiosaest
1232 2361 1432 2454 generatio;
1451 2361 1665 2456 usqueadeo
1678 2377 1716 2434 ut
1729 2363 1774 2436 de

182 2478 343 2575 legitimo
359 2478 586 2550 matrimonio
604 2493 811 2576 procreatus
829 2478 970 2551 dicat‘:
995 2509 1011 2543 c
1030 2482 1069 2548 ln
1087 2478 1336 2574 iniquitatibus
1356 2493 1556 2575 conceptus
1568 2504 1661 2569 sum,
1683 2494 1719 2553 et
1734 2484 1771 2553 in

184 2625 204 2666 u
215 2598 543 2696 peccatisconcepit
557 2621 614 2669 me
628 2611 742 2669 mater
751 2621 843 2668 mea.
857 2627 873 2661 »ι
893 2602 1014 2695 Neque
1029 2598 1124 2669 euim
1139 2596 1200 2669 bic
1213 2596 1302 2668 dixit
1318 2623 1327 2665 ε
1349 2627 1366 2661 α
1381 2601 1419 2667 ln
1431 2598 1618 2695 iniquitate
1628 2599 1683 2670 vel
1694 2625 1773 2697 pcc·

184 2714 1773 2815 ecato,»quiaetinillo*unoquodinomuesbominespertransiit,atque⁸tammaguum

180 2851 246 2926 est,
264 2851 305 2908 ut
316 2851 513 2909 mutaretur
525 2834 581 2908 vel
597 2848 866 2907 converteretur
882 2834 918 2904 in
936 2834 1182 2907 necessitatem
1199 2834 1325 2905 mortis
1340 2834 1501 2909 humana
1517 2851 1657 2925 natura,
1674 2863 1774 2937 repe·

180 2957 334 3047 riuntur,
349 2957 440 3028 sicut
455 2981 564 3056 supra
580 2955 744 3045 disserui,
764 2954 867 3054 plura
883 2967 1043 3054 peccata,
1060 2970 1095 3028 et
1109 2956 1180 3028 alia
1195 2969 1400 3054 parentum,
1416 2979 1496 3053 quae
1508 2968 1545 3025 et
1563 2969 1663 3029 reatu
1684 2956 1775 3031 obli·

10 3148 15 3163 ,
178 3092 264 3172 gant
281 3076 387 3166 filios,
401 3078 470 3149 nisi
488 3074 737 3172 gratia'divina
752 3074 952 3148 subveniat.
970 3075 1040 3147 Sed
1052 3074 1098 3147 de
1110 3075 1264 3174 peccatis
1275 3074 1428 3146 aliorum
1438 3074 1683 3173 parentumab
1695 3078 1773 3174 ipso

9 3208 14 3243 ³
178 3194 293 3268 Adam
307 3222 420 3294 usque
436 3198 482 3270 ad
498 3212 633 3296 patrem
646 3221 753 3269 suum
768 3194 957 3292 disceptari
975 3208 1104 3293 potest,
1124 3209 1245 3266 utrum
1267 3194 1432 3265 omnium
1457 3194 1559 3265 malis
1580 3194 1716 3266 actibus
1738 3210 1773 3267 et

11 3264 18 3343 Ι
176 3314 421 3414 multiplicatis
438 3315 574 3389 delictis
587 3314 819 3412 originalibus
844 3314 906 3411 qui
931 3315 1090 3385 nascitur
1107 3312 1320 3411 implicetur,
1341 3325 1381 3383 ut
1403 3324 1502 3383 tanto
1518 3311 1619 3408 pejus
1635 3326 1771 3409 quanto

11 3444 18 3537 1
173 3436 355 3533 posterius
364 3437 515 3533 quisque
524 3448 700 3508 nascatur.
717 3463 735 3504 n
749 3438 830 3504 Haec
842 3448 963 3505 tamen
976 3433 1072 3504 Beati
1085 3431 1271 3526 Augustini
1280 3429 1374 3502 dicta
1382 3430 1492 3525 magis
1504 3430 1550 3500 ad
1561 3431 1771 3527 opinionem

172 3554 346 3647 aliorum,
364 3557 454 3629 sicut
470 3558 620 3655 ipsemet
635 3555 766 3646 innuit,
786 3551 1026 3652 probabilem,
1039 3556 1150 3648 qua'm
1163 3550 1210 3622 ad
1218 3551 1328 3648 ipsius
1342 3549 1575 3622 assertionem
1585 3549 1771 3623 reserenda

11 3618 21 3739 i
171 3675 359 3755 videntur.
380 3677 470 3764 Quis
480 3700 637 3772 namque
653 3673 870 3746 Hieremiam
891 3684 928 3743 et
951 3675 1128 3743 loannem
1149 3671 1342 3769 Baptistam
1356 3666 1594 3741 sanctificatos
1610 3669 1648 3739 in
1667 3683 1770 3741 utero

11 3772 22 3931 l
169 3796 283 3892 longe
303 3797 517 3894 posteriores
533 3819 643 3894 quam
657 3794 745 3866 Cain
764 3792 958 3864 deteriores
981 3791 1079 3863 nasci
1102 3789 1327 3863 arbitretur?
1350 3788 1515 3886 Denique
1536 3802 1571 3859 et
1594 3790 1770 3860 Dominus

165 3918 276 3987 lesus
294 3939 339 3987 ex
355 3914 476 3987 multis
491 3913 740 4013 peccatoribus
757 3910 916 4010 patribus
935 3911 1111 4006 originem
1129 3908 1265 3982 ducens
1281 3907 1481 3981 secundum
1498 3931 1644 3980 carnem
1664 3906 1771 4002 longe

163 4049 253 4132 post
275 4035 366 4105 Cain
385 4047 487 4107 natus
515 4048 568 4107 est
584 4059 627 4104 ex
643 4034 792 4127 virgine.
827 4035 870 4101 Et
896 4031 1123 4127 cumplures
1148 4051 1258 4126 qnam
1282 4018 1369 4100 Cain
1395 4040 1600 4125 peccatores
1625 4024 1772 4098 haberet

162 4167 430 4241 antecessores,
446 4151 534 4224 nihil
553 4167 670 4224 tamen
687 4151 720 4223 ei
737 4150 853 4223 obluit
869 4148 1105 4221 numerositas
1122 4146 1248 4220 talium
1264 4162 1420 4245 patrum,
1454 4169 1608 4244 quorum
1627 4168 1771 4216 carnem

158 4273 316 4371 accepit
330 4272 368 4342 in
384 4272 531 4368 virgine.
551 4270 622 4343 Sed
639 4295 724 4342 vero
738 4269 828 4341 illud
842 4270 880 4340 in
894 4267 1170 4340 admirationem
1192 4268 1315 4340 venire
1330 4266 1451 4354 debet,
1479 4264 1579 4363 quod
1595 4288 1678 4335 cnm
1698 4265 1770 4335 ori·

155 4390 290 4483 ginale
309 4404 498 4489 peccatum
513 4389 755 4478 condonatur,
775 4403 886 4460 status
903 4388 1191 4479 immortalitatis,
1214 4387 1277 4484 qui
1299 4410 1364 4485 per
1387 4387 1508 4484 ipsum
1533 4384 1683 4457 amissus
1701 4398 1767 4473 est,

155 4533 235 4581 non
252 4524 511 4607 recuperatur.
532 4511 623 4581 Satis
638 4510 774 4607 quippe
791 4507 838 4580 ad
856 4507 985 4578 divinae
1003 4508 1121 4601 gratiae
1144 4505 1343 4602 largitatem
1367 4503 1474 4577 nobis
1496 4502 1604 4575 debet
1626 4527 1715 4593 esse,
1741 4505 1770 4573 si

150 4629 210 4700 vel
228 4629 496 4728 gravissimam
511 4644 547 4701 et
561 4644 731 4701 aternam
745 4629 919 4700 evitemus
934 4640 1112 4699 mortem:
1131 4625 1215 4722 quia
1231 4648 1295 4723 per
1312 4623 1399 4695 illud
1415 4636 1605 4721 peccatum
1620 4622 1770 4693 incurri·

148 4771 238 4821 mus
259 4764 478 4846 utramque.
497 4754 577 4821 Non
593 4748 755 4822 esteuim
772 4746 870 4824 aliud
883 4751 999 4819 Deum
1016 4742 1225 4818 condonare
1249 4754 1451 4845 peccatum,
1472 4766 1583 4840 quam
1601 4755 1770 4813 aeternam

143 4868 228 4962 ejus
248 4868 431 4942 relaxare
447 4893 603 4966 poenam.
625 4867 677 4940 ad
696 4865 768 4939 hoc
785 4865 897 4953 enim,
925 4879 965 4937 ut
985 4864 1156 4953 arbitror,
1171 4885 1281 4962 poena
1295 4863 1360 4935 ista
1378 4862 1575 4959 corporalis
1593 4875 1628 4931 et
1644 4856 1768 4932 transi·

167 5175 263 5229 'Hele
282 5176 387 5235 Amo..
399 5177 462 5226 Ante
474 5176 767 5241 quaritur.-¹1>eut.,
781 5189 835 5240 cap.
855 5191 879 5241 r,
896 5191 918 5227 r.
932 5180 956 5230 9.
971 5199 1001 5216 -·
1012 5178 1022 5211 ⁸
1034 5174 1131 5236 Erech..
1147 5187 1202 5237 cap.
1217 5185 1287 5237 xmr,
1300 5186 1323 5223 r.
1341 5168 1517 5224 t.·-⁴Pmlm.
1534 5181 1557 5229 ι,
1574 5181 1597 5217 v.
1610 5170 1634 5219 t.
1646 5190 1676 5203 -
1687 5167 1696 5197 ⁸
1706 5164 1766 5215 llate

131 5256 213 5306 trab.
235 5255 361 5307 Verbo.
372 5280 404 5293 -
414 5256 511 5319 ‘atque
521 5255 602 5309 Deest.
615 5270 654 5319 ap.
669 5256 743 5308 Amb.
757 5258 829 5308 male.
