4559 6100
474 535 545 613 548
750 540 754 555 “
1071 532 1203 606 PETRI
1228 528 1464 605 tamtum

472 683 568 758 sario
581 704 658 755 esse
676 683 792 781 ipsam
802 682 1022 755 Trinitatem.
1040 684 1167 758 Posset
1179 681 1316 780 quippe
1331 703 1408 751 esse
1424 690 1465 750 ut
1482 674 1582 749 nulla
1596 688 1757 748 creatura
1772 694 1944 770 umquam
1959 685 2064 762 esset,

473 829 558 877 cum
575 801 673 875 nulla
689 827 732 874 ex
749 803 956 875 necessitate
970 801 1033 894 sit,
1051 824 1094 873 ac
1104 825 1170 899 per
1184 800 1257 873 hoc
1276 820 1501 896 consequens
1517 793 1672 888 videtur,
1692 808 1733 866 ut
1744 793 1820 890 jam
1837 817 1904 864 nec
1919 790 2066 863 affectus

475 923 603 1021 ipsius,
624 946 733 1020 quem
753 919 920 994 videlicet
937 945 1021 1019 erga
1038 934 1221 993 creaturas
1236 918 1359 1005 habet,
1378 941 1421 990 ex
1444 914 1651 989 necessitate
1673 913 1736 1004 sit,
1755 937 1798 985 ac
1819 936 1885 1010 per
1898 910 1970 982 hoc
1988 910 2068 1008 Spi-

473 1043 563 1114 ritus
587 1042 663 1140 ipse
687 1065 729 1113 ex
751 1041 957 1113 necessitate
980 1064 1055 1112 non
1077 1040 1135 1127 sit,
1161 1063 1270 1136 quem
1294 1035 1446 1110 dicimus
1474 1036 1593 1134 ipsum
1614 1031 1783 1105 affectum
1803 1031 1868 1102 Dei
1894 1052 1971 1101 esse
1992 1028 2067 1099 sive

475 1186 651 1234 amorem.
677 1166 819 1234 atvero
840 1160 870 1230 si
886 1183 1047 1232 amorem
1063 1158 1131 1230 Dei
1149 1182 1225 1231 non
1241 1156 1359 1230 solum
1381 1178 1466 1251 erga
1478 1166 1670 1240 creaturas,
1691 1150 1941 1224 verumetiam
1961 1147 2067 1219 unius

476 1305 638 1380 personae
660 1303 746 1376 erga
770 1281 920 1351 alteram
943 1279 1176 1377 accipiamus,
1197 1291 1319 1377 aperte
1341 1276 1414 1348 hoc
1439 1271 1696 1346 inconveniens
1714 1270 1899 1344 evitamus.
1927 1272 1976 1339 llc
1997 1265 2067 1338 lor

476 1416 568 1473 tasse
584 1424 668 1472 cum
692 1413 862 1470 creaturae
884 1399 969 1497 ipsae
987 1422 1032 1470 ex
1057 1396 1266 1469 necessitate
1288 1419 1363 1466 non
1388 1393 1472 1483 sint,
1496 1391 1569 1463 hoc
1590 1404 1644 1462 est
1667 1389 1805 1488 possint
1824 1386 1974 1459 omnino
1990 1408 2065 1456 non

433 1606 435 1611 Ι
476 1544 566 1608 esse,
585 1520 661 1617 ipse
676 1532 796 1590 tamen
811 1523 909 1589 Deus
924 1518 1001 1616 ipsa
1016 1541 1081 1589 sua
1094 1515 1279 1589 voluntate
1297 1512 1497 1586 necessario
1512 1523 1714 1609 permanet,
1732 1533 1800 1580 nec
1813 1518 1931 1606 potest
1946 1504 2066 1600 aliquo

350 1677 352 1681 ·
433 1630 435 1637 ’
477 1664 544 1711 suo
560 1638 660 1711 bono
674 1662 809 1729 carere,
833 1661 898 1734 per
920 1634 1044 1709 omnia
1068 1631 1385 1708 incommutabilis.
1415 1629 1486 1702 Sed
1510 1626 1557 1701 de
1582 1626 1654 1700 hoc
1676 1626 1816 1726 plenius
1838 1623 2065 1698 tractandum

477 1758 583 1833 nobis
611 1757 846 1857 postmodum
875 1781 1120 1845 reservamus,
1145 1779 1230 1827 cum
1255 1750 1301 1825 de
1328 1750 1451 1823 divina
1474 1761 1651 1847 potestate
1673 1746 1887 1846 principale¹
1903 1743 2068 1817 tractanti

478 1903 516 1951 se
549 1876 721 1949 obtulerit
753 1877 951 1972 negotium.
990 1878 1138 1947 Donum
1171 1888 1291 1945 tamen
1319 1871 1433 1942 Patris
1465 1882 1645 1966 quantum
1669 1866 1716 1939 ad
1742 1866 1892 1953 Filium,
1923 1877 1959 1935 et
1990 1860 2067 1933 Filii

478 2010 655 2095 quantum
685 1994 733 2067 ad
762 1998 904 2069 Patrem
930 2016 1161 2091 nequaquam
1186 1988 1382 2065 dicendum
1403 2012 1480 2061 esse
1502 1987 1658 2060 arbitror
1682 1986 1868 2085 Spiritum,
1896 1984 1982 2080 quia
2004 2004 2066 2052 ne·

478 2139 659 2214 quaquam
674 2114 754 2187 dari
777 2116 810 2186 ei
833 2129 964 2212 potest,
982 2114 1041 2186 cui
1055 2111 1178 2184 abesse
1191 2134 1267 2184 non
1283 2123 1415 2208 potest,
1432 2108 1505 2181 hoc
1519 2121 1573 2180 est
1588 2108 1648 2180 cui
1664 2105 1865 2179 necessario
1884 2104 1988 2193 inest,
2007 2099 2067 2198 qui

478 2230 680 2303 necessario
696 2230 881 2326 utriusque
897 2243 951 2300 est
968 2228 1131 2328 Spiritus.

528 2357 608 2422 Non
635 2349 793 2422 alienum
815 2372 837 2420 a
862 2351 1057 2446 quaestione
1084 2372 1188 2439 reor,
1217 2360 1339 2418 utrum
1365 2345 1440 2418 haec
1463 2346 1614 2418 nomina
1640 2343 1882 2444 personalium
1908 2348 2068 2445 proprie-

478 2483 606 2559 tatum,
634 2470 773 2566 quaein
797 2473 874 2540 Deo
891 2482 987 2561 sunt,
1014 2467 1210 2540 Patemitas
1231 2465 1378 2555 scilicet,
1405 2465 1563 2557 Filiatio,
1590 2464 1789 2550 Processio,
1817 2462 1863 2536 de
1885 2470 1962 2537 Deo
1983 2490 2070 2564 prae·

478 2588 591 2661 dicari
618 2589 760 2664 valeant
786 2589 878 2659 sicut
905 2601 942 2659 et
969 2600 1099 2659 cetera.
1118 2586 1168 2658 Ut
1194 2582 1360 2658 videlicet
1387 2582 1697 2682 quemadmodum
1723 2582 1865 2676 dicium,
1898 2589 1994 2657 Deus
2019 2600 2073 2658 est

471 2707 771 2804 «omnipotentia,
800 2705 856 2777 vel
880 2707 1083 2803 Sapientia,
1105 2705 1179 2777 sive
1203 2705 1355 2796 Caritas,
1373 2703 1595 2800 Benignitas,
1618 2703 1778 2794 lustitia,
1806 2703 2068 2791 Misericordia,

478 2825 615 2917 Pietas;
634 2824 684 2895 ita
702 2824 811 2895 etiam
828 2822 900 2895 dici
916 2823 1034 2913 liceat,
1050 2826 1147 2894 Deus
1166 2836 1220 2896 est
1236 2822 1431 2894 Paternitas
1446 2821 1505 2894 vel
1521 2823 1658 2895 Filiatio
1674 2822 1747 2894 sive
1764 2822 1957 2893 Processio.
1975 2821 2072 2895 Nihil

479 2943 613 3042 quippe
634 2943 670 3013 in
688 2945 766 3013 Deo
789 2967 865 3014 esse
882 2955 1040 3031 constat,
1064 2940 1164 3039 quod
1189 2941 1265 3040 ipse
1287 2941 1445 3033 nonsit,
1468 2954 1508 3013 ut
1526 2941 1635 3038 longe
1658 2954 1742 3012 ante
1767 2939 1901 3039 prefati
1924 2965 2069 3033 sumus,

479 3089 564 3136 cum
579 3087 688 3135 omne
702 3062 803 3160 quod
817 3077 869 3136 est
884 3063 1039 3157 bonurn,
1056 3064 1129 3136 hoc
1145 3087 1292 3136 omnem
1308 3076 1487 3153 naturam,
1507 3076 1568 3134 aut
1584 3077 1781 3135 creatorem
1797 3076 1860 3135 aut
1874 3079 2070 3136 creaturam

480 3209 555 3257 esse
579 3207 722 3256 necesse
745 3183 801 3254 sit.
827 3188 895 3256 Aut
913 3184 1032 3281 itaque
1051 3183 1118 3255 has
1132 3183 1369 3282 proprietates
1384 3207 1459 3253 non
1482 3206 1559 3254 esse
1579 3205 1637 3253 res
1649 3180 1786 3280 aliquas
1802 3182 1920 3255 bonas
1934 3184 1991 3255 vel
2008 3207 2071 3253 na·

480 3319 577 3377 tutas
602 3301 784 3391 dicemus,
821 3316 883 3375 aut
907 3308 1023 3375 Deum
1048 3327 1109 3376 eas
1134 3327 1211 3375 esse
1242 3299 1505 3400 profitebimur,
1532 3325 1615 3372 cum
1646 3325 1846 3399 numquam
1878 3325 1939 3374 eas
1962 3303 2071 3374 creari

479 3437 638 3515 constet,
657 3447 737 3519 quae
761 3422 921 3521 incipere
945 3423 1150 3497 nullatenus
1173 3434 1387 3522 potuerunt,
1411 3420 1475 3493 sed
1496 3421 1641 3520 penitus
1656 3435 1795 3493 aeternae
1811 3436 1908 3493 sunt.
1934 3425 1980 3493 Ac
2003 3421 2071 3493 lor·

478 3557 570 3616 tasse
585 3540 675 3614 nihil
692 3540 855 3639 impedit,
878 3543 907 3614 si
918 3541 1232 3639 quemadmodum
1251 3540 1551 3640 omnipotentiam
1567 3540 1631 3611 Dei
1654 3545 1770 3611 Deum
1787 3540 2072 3639 omnipotentem

479 3687 554 3733 esse
584 3661 769 3759 ponimus,
799 3660 886 3757 quia
913 3662 1129 3760 Sapientiam
1159 3662 1226 3733 Dei
1254 3660 1344 3733 nihil
1372 3657 1470 3732 aliud
1497 3683 1608 3757 quam
1633 3664 1749 3732 Deum
1773 3661 1972 3760 sapientem
1999 3683 2074 3732 esse
2164 3723 2168 3731 .

479 3778 728 3876 intelligimus3
749 3778 807 3850 vel
831 3780 1091 3874 Benignitatem
1112 3779 1243 3878 ipsius,
1265 3804 1373 3877 quam
1395 3780 1514 3877 ipsum
1531 3776 1751 3876 benignum
1779 3779 1828 3851 ita
1851 3793 1888 3851 et
1910 3779 2071 3852 Patami-

481 3909 590 3968 tatem
614 3899 680 3969 Dei
706 3900 823 3968 Deum
848 3901 987 3971 Patrem
1015 3922 1092 3971 esse
1112 3897 1375 3990 concedamus,
1402 3912 1438 3969 et
1458 3897 1682 3971 Filiationem
1707 3898 1852 3987 Filium,
1878 3914 1914 3970 et
1931 3903 2073 3969 Proces-

481 4016 622 4087 sionem
648 4013 927 4113 procedentem,
960 4014 998 4089 id
1027 4031 1079 4089 est
1107 4018 1279 4117 Spiritum
1303 4031 1480 4090 sanctum.
1513 4017 1576 4088 His
1611 4031 1730 4091 tamen
1763 4014 2074 4090 enunciationibus

476 4157 660 4230 nusquam
681 4133 930 4206 anctoritatem
954 4139 1102 4206 Patrum
1123 4159 1227 4209 usam
1245 4135 1351 4208 luisse
1368 4136 1616 4228 meminimus,
1635 4137 1727 4209 sicut
1743 4137 1976 4236 suprapositis
1992 4135 2071 4224 illis,

481 4252 545 4326 sed
569 4251 787 4349 ubicumque
821 4251 867 4324 de
903 4254 988 4351 ipsis
1004 4267 1155 4349 egerunt
1174 4253 1469 4353 proprietatibus,
1492 4277 1551 4326 eas
1571 4268 1634 4327 aut
1651 4256 1909 4355 proprietates,
1939 4270 2002 4327 aut
2019 4277 2074 4326 re·

480 4371 632 4454 lationes
653 4373 871 4461 nominasse,
892 4371 1024 4469 quibus
1040 4396 1149 4446 nemo
1173 4396 1347 4469 umquam
1364 4372 1573 4445 nominibus
1596 4379 1713 4447 Deum
1729 4374 1973 4474 appellaverit.
1995 4376 2075 4445 Non

480 4505 534 4562 est
556 4491 677 4589 itaque
704 4491 963 4588 incongruum,
994 4505 1032 4562 ut
1054 4491 1363 4589 quemadmodum
1385 4493 1423 4564 in
1450 4493 1576 4565 ceteris
1602 4492 1710 4567 rebus
1734 4494 1923 4567 relationes
1949 4518 1970 4565 a
1996 4490 2076 4564 sub·

477 4610 581 4705 jectis
596 4610 669 4682 suis
687 4634 743 4682 res
759 4608 916 4683 diversas
933 4635 1007 4683 non
1024 4612 1208 4711 ponimus,
1228 4635 1297 4683 nec
1313 4625 1435 4684 tamen
1451 4609 1534 4685 ideo
1556 4636 1683 4685 eorum
1700 4615 1851 4686 nomina
1867 4637 1932 4712 per
1949 4609 2076 4712 praedi·

482 4731 661 4816 sationem
683 4729 752 4802 sibi
775 4732 1027 4829 conjungimus
1056 4761 1065 4804 t
1094 4733 1144 4805 ita
1168 4732 1277 4806 etiam
1303 4732 1362 4805 hic
1388 4731 1639 4827 observemus,
1670 4747 1710 4805 ut
1731 4730 1897 4805 videlicet
1918 4732 2076 4804 Paterni·

482 4864 592 4924 tatem
614 4849 681 4923 Dei
697 4849 753 4924 vel
777 4850 986 4926 relationem
1009 4850 1207 4950 quamlibet
1226 4849 1274 4926 ad
1290 4852 1437 4943 Filium,
1463 4851 1566 4924 nullo
1588 4851 1699 4925 modo
1722 4854 1840 4923 Deum
1863 4856 2006 4923 Patrem
2021 4847 2076 4920 vel

514 5125 519 5152 ¹
532 5121 831 5175 Slccod.'luron.llaleln
840 5123 1108 5175 edttlseumdsdior'no
1118 5123 1863 5191 pomnuprtnrtpatttrrprecmtoatrmodmntntnqnit,
1875 5135 1933 5174 enm
1944 5123 2077 5175 tractanti.
