4559 6100
444 438 552 558 'aaa
1082 481 1211 553 raam
1236 480 1472 555 semaam

480 625 575 709 circa
599 632 786 707 dominam
808 646 991 729 occupatae
1013 630 1247 730 pedissequae.
1266 630 1362 718 Quid
1388 630 1486 702 enim
1508 628 1555 701 ad
1571 628 1730 703 studium
1757 632 1996 728 grammaticae
2020 633 2079 705 vel

480 754 686 842 dialecticae,
706 751 764 824 vel
780 766 980 824 ceterarum
997 751 1126 823 artium
1142 749 1189 821 de
1202 774 1287 821 vera
1301 749 1459 822 hominis
1472 748 1694 823 beatitudine
1709 750 1943 846 vestiganda?
1956 756 2080 850 longe
2111 774 2128 791 ·

480 898 610 946 omnes
640 871 787 945 inferius
812 871 859 944 ab
886 869 954 942 hac
979 870 1174 942 eminentia
1195 869 1318 965 J’acent
1344 893 1412 940 nec
1435 868 1482 941 ad
1517 882 1657 940 tanturn
1691 894 1729 942 se
1761 869 1934 944 adtollere
1959 870 2082 944 valent

482 993 672 1088 fastigium.
699 990 770 1062 Sed
793 989 957 1087 quaedam
979 1013 1109 1084 genera
1127 988 1350 1081 locutionum
1368 986 1515 1061 tradunt
1532 987 1587 1059 vel
1608 1012 1729 1060 rerum
1753 988 1892 1086 aliquas
1914 1005 2082 1063 exercent

483 1127 643 1198 naturas,
669 1111 771 1206 quasi
795 1108 971 1206 quosdam
994 1109 1126 1205 gradus
1151 1107 1197 1179 ad
1219 1107 1314 1196 hanc
1335 1106 1584 1179 celsitudinem
1607 1123 1795 1205 parantes,
1822 1134 1907 1182 cum
1932 1108 1978 1182 de
2003 1111 2081 1208 ipsa

484 1229 591 1303 nobis
608 1228 871 1320 disserendum,
885 1241 921 1299 et
930 1252 993 1325 per
1009 1227 1146 1323 aliquas
1161 1251 1282 1299 rerum
1299 1240 1443 1299 naturas
1459 1225 1496 1296 in
1515 1226 1719 1324 exemplum
1736 1228 1792 1300 vel
1809 1227 2081 1301 similitudinem

484 1342 587 1439 quasi
619 1341 725 1412 luerit
757 1338 1003 1429 atterendum,
1033 1353 1073 1410 ut
1098 1364 1164 1436 per
1197 1338 1275 1410 illas
1302 1338 1403 1435 quasi
1429 1335 1589 1432 quodam
1617 1337 1914 1437 pedissequarum
1944 1338 2079 1419 ducatu

486 1462 729 1559 pertingamus
751 1458 797 1531 ad
812 1457 1013 1549 dominam,
1031 1458 1069 1528 in
1092 1457 1162 1530 illis
1187 1457 1335 1554 quidem
1360 1455 1617 1555 progressionis
1645 1472 1774 1531 nostrae
1799 1460 1988 1532 transitum
2015 1459 2083 1531 ha·

484 1580 630 1671 bentes,
655 1580 693 1650 in
715 1578 783 1650 hac
806 1578 967 1674 requiem
983 1592 1019 1649 et
1040 1591 1170 1649 nostra
1194 1574 1407 1671 fatigationis
1428 1573 1538 1647 linem
1562 1573 1695 1675 adepti.

433 1736 437 1745 ·
535 1704 744 1772 Canrsrmn.
766 1697 916 1771 Gaudeo
937 1711 971 1768 te
987 1696 1094 1792 hujus
1111 1694 1349 1795 philosophia
1367 1694 1611 1768 excellentiam
1630 1710 1704 1769 tam
1725 1697 1914 1795 diligenter
1929 1700 2084 1796 attigisse

486 1836 522 1892 et
540 1844 561 1894 a
578 1819 703 1891 ceteris
719 1817 933 1904 distinxisse,
952 1841 994 1887 ex
1014 1840 1088 1912 quo
1106 1830 1142 1887 te
1159 1816 1195 1886 in
1213 1815 1290 1911 ejus
1306 1814 1427 1887 studio
1443 1815 1597 1887 maxime
1614 1832 1831 1915 occupatum
1847 1819 2020 1917 intelligo.

538 1942 680 2010 Pnrnos.
708 1940 815 2009 Recte
838 1937 986 2033 inquam
1014 1949 1245 2032 occupatum.
1271 1938 1352 2006 Haec
1377 1935 1512 2033 quippe
1534 1934 1609 2006 sola
1628 1948 1683 2007 est
1703 1938 1874 2010 naturalis
1896 1938 2088 2038 disciplina

489 2081 569 2155 quae
603 2057 788 2156 praeceptis
816 2053 1013 2129 moralibus
1039 2066 1140 2126 tauto
1165 2053 1319 2152 amplius
1348 2051 1574 2152 philosophis
1598 2057 1784 2150 congruit,
1812 2072 1950 2154 quanto
1974 2061 2088 2156 magis

488 2204 551 2249 eos
569 2177 647 2273 lege
665 2178 717 2248 uti
741 2190 776 2248 et
793 2174 993 2247 rationibus
1009 2187 1150 2246 constat
1165 2174 1359 2262 inhaerere,
1377 2175 1471 2246 sieut
1488 2171 1547 2245 ille
1563 2174 1635 2244 uir¹
1652 2173 1782 2247 doctor
1798 2178 1975 2250 meminit.
1996 2183 2086 2250 Nam

489 2313 525 2370 et
543 2327 562 2364 a
577 2296 730 2383 ludatis
747 2296 881 2392 inquit¹
895 2324 913 2361 a
926 2293 1026 2390 signa
1043 2307 1169 2391 petunt
1186 2308 1221 2365 et
1234 2294 1346 2366 Gmci
1363 2294 1576 2391 sapientiam
1593 2310 1805 2390 quaeruut.»
1823 2296 1935 2369 ludaei
1952 2299 2088 2397 quippe

492 2432 646 2506 tantum,
666 2415 767 2511 quod
781 2412 952 2487 animales
965 2427 1049 2485 sunt
1063 2427 1098 2484 et
1110 2414 1305 2502 sensuales,
1322 2412 1420 2484 nulla
1435 2411 1566 2483 imbuti
1579 2412 1914 2512 philosophia,.qua
1932 2419 2088 2491 rationes

491 2536 668 2610 discutere
684 2548 832 2632 queant,
851 2533 936 2606 solis
958 2533 1177 2605 exteriorum
1193 2556 1345 2630 operum
1364 2532 1545 2604 miraculis
1564 2547 1757 2605 moventur
1774 2535 1821 2607 ad
1839 2534 1964 2628 fidem,
1987 2538 2088 2635 quasi

492 2654 567 2727 haec
593 2654 711 2727 lacere
734 2652 845 2725 solius
870 2652 935 2723 Dei
958 2652 1004 2723 sit
1026 2664 1061 2724 et
1087 2651 1184 2722 nulla
1212 2651 1251 2721 in
1278 2650 1328 2722 eis
1354 2650 1560 2723 demonum
1582 2651 1701 2724 illusio
1728 2651 1806 2726 fieri
1832 2657 1958 2753 possit.
1979 2658 2089 2745 Quod

493 2760 671 2871 quamsit
695 2773 843 2845 stultum
868 2773 1027 2870 recipere
1051 2785 1087 2844 et
1107 2771 1200 2867 Magi
1221 2771 1259 2840 in
1282 2774 1421 2869 Egypto
1445 2770 1661 2863 docuerunt,
1685 2787 1721 2846 et
1736 2798 1803 2847 vos
1817 2774 1980 2850 Christus
2001 2802 2091 2878 prae-

492 2894 598 2991 cipue
623 2891 807 2984 instruxit,
835 2890 966 2989 quide
992 2890 1356 2990 pseudophilosophis
1382 2891 1580 2964 antichristi
1607 2917 1846 2989 praemonens,
1876 2921 1938 2969 eos
1962 2898 1998 2968 in
2024 2921 2090 2970 se-

494 3012 665 3087 ductione
686 3011 876 3085 hominum
898 3026 996 3086 tanta
1021 3010 1161 3110 operari
1185 3008 1355 3083 miracula
1376 3024 1538 3104 testatur,
1564 3026 1605 3085 ut
1628 3014 1666 3086 in
1684 3038 1894 3108 «errorem,
1909 3045 1927 3085 n
1944 3017 2087 3115 inquit,

497 3133 719 3220 «ducantur,
739 3132 768 3203 si
785 3130 861 3203 lieri
877 3145 1013 3229 potest,
1031 3131 1145 3203 etiam·
1155 3129 1271 3201 electi.
1288 3158 1306 3198 n
1326 3132 1436 3218 Quasi
1452 3156 1539 3228 ergo
1560 3131 1636 3204 haec
1651 3135 1752 3230 signa
1769 3160 1927 3233 quaerere
1942 3136 2091 3212 stultitia

495 3255 558 3344 sit,
582 3251 801 3325 econtrario
826 3249 1125 3349 peradjunctum
1150 3249 1340 3346 praedictus
1367 3252 1532 3323 meminit
1556 3252 1742 3350 apostolus
1773 3279 1858 3328 cum
1882 3256 2033 3353 adjecit,
2056 3273 2093 3330 et

498 3373 642 3445 «Graeci
663 3371 873 3470 sapientiam
896 3384 1074 3466 quaerunt,
1091 3398 1109 3434 a
1127 3367 1199 3440 hoc
1218 3382 1272 3441 est
1286 3368 1443 3442 rationes
1464 3394 1486 3442 a
1507 3371 1800 3468 praedicatoribus
1821 3377 1987 3472 exigunt,
2012 3403 2092 3477 quae

496 3508 580 3565 sunt
596 3505 693 3564 certa
711 3490 892 3589 sapientiae
906 3489 1154 3563 instrumenta.
1177 3486 1281 3560 Unde
1296 3489 1448 3561 maxime
1464 3503 1594 3583 vestra,
1614 3491 1653 3563 id
1673 3507 1726 3566 est
1741 3493 1949 3586 christiana,
1967 3497 2092 3596 praedi·

496 3613 591 3685 catio
615 3608 906 3698 commendatur,
924 3607 1024 3707 quod
1040 3632 1103 3680 eos
1121 3608 1168 3679 ad
1184 3605 1295 3680 tidem
1316 3623 1526 3681 convertere
1547 3613 1684 3708 potuit,
1703 3616 1766 3711 qui
1787 3616 1987 3689 rationibus
2011 3618 2091 3718 plu·

496 3733 629 3803 rimum
655 3730 863 3803 nitebantur
885 3742 921 3801 et
944 3727 1191 3818 abundabant,
1217 3728 1382 3800 omnium
1405 3728 1570 3801 videlicet
1592 3731 1793 3806 liberalium
1810 3736 1942 3808 artium
1967 3738 2094 3813 studiis

496 3849 639 3941 imbuti,
658 3848 857 3921 rationibus
871 3849 1012 3920 armati.
1029 3851 1195 3936 Quorum
1210 3847 1358 3943 quidem
1379 3848 1447 3945 ipsi
1463 3861 1538 3920 non
1559 3851 1677 3923 solum
1695 3853 1943 3951 inquisitores,
1961 3881 2088 3930 verum

500 3970 608 4042 etiam
630 3969 834 4040 inventores
855 3967 1076 4056 exstiterunt,
1095 3981 1187 4041 etex
1202 3991 1329 4039 eorum
1344 3965 1501 4039 lontibus
1516 3969 1555 4039 in
1570 3971 1778 4045 universum
1792 3975 1968 4047 mundum
1983 3977 2092 4050 rivuli

500 4101 749 4161 manaverunt.
770 4091 821 4158 Ex
836 4109 910 4183 quo
929 4087 1107 4184 praecipue
1125 4102 1161 4158 et
1177 4110 1274 4158 nune
1290 4086 1336 4158 de
1355 4102 1472 4160 vestra
1489 4088 1709 4165 confidimus
1724 4091 1929 4192 disciplina,
1957 4110 1999 4167 ut
2015 4121 2091 4194 quo

496 4211 572 4307 jam
588 4206 743 4305 amplius
756 4205 907 4277 solidata
923 4206 1117 4291 convaluit,
1136 4207 1173 4278 in
1190 4206 1362 4277 conflictu
1378 4204 1574 4303 plurimum
1590 4213 1715 4308 possit.

550 4329 752 4400 emnem.
780 4328 895 4396 lmmo
917 4313 999 4423 post
1021 4339 1205 4396 tantorum
1226 4324 1499 4396 conversionem
1519 4326 1823 4428 philosophorum
1846 4356 1915 4404 nec
1939 4333 2004 4405 tihi
2027 4359 2095 4409 nec

498 4447 650 4543 posteris
671 4444 717 4517 de
739 4442 811 4516 lide
829 4456 952 4517 nostra
972 4442 1152 4538 ambigere
1170 4441 1267 4534 licet,
1289 4466 1356 4513 nee
1370 4442 1443 4539 jam
1465 4444 1526 4517 tali
1548 4447 1720 4521 conflictu
1737 4474 1830 4548 opus
1845 4475 1924 4525 esse
1940 4453 2093 4547 ridetur,

499 4588 583 4637 curn
607 4565 644 4634 in
662 4561 882 4635 secularibus
904 4561 1102 4660 disciplinis
1122 4585 1249 4633 eorum
1270 4563 1394 4636 omnia
1411 4563 1563 4638 credatis
1584 4568 1789 4642 auctoritati
1810 4584 1847 4641 et
1868 4595 1947 4644 non
1970 4598 2096 4647 eorum

500 4684 670 4781 exemplis
698 4682 745 4755 ad
780 4680 890 4755 fidem
916 4681 1159 4774 moneamini,
1187 4680 1345 4756 dicentes
1371 4705 1455 4757 cum
1480 4685 1677 4784 propheta⁸
1705 4715 1714 4759 ε
1746 4692 1902 4786 «Neque
1931 4693 2095 4765 meliores

498 4827 638 4894 sumus,
663 4823 773 4898 quam
797 4814 917 4898 patres
941 4801 1068 4872 nostri.
1092 4831 1110 4867 a

534 5082 541 5111 ¹
552 5077 592 5128 Str
602 5077 753 5130 auunaud.
768 5078 852 5129 Vester
861 5090 907 5141 pro
919 5077 1097 5141 oirlesseuatum
1109 5093 1163 5131 ease
1174 5081 1365 5143 coaluimus·
1376 5083 1386 5113 ²
1400 5082 1459 5135 cor.
1472 5082 1492 5147 l,
1502 5096 1556 5147 erp.
1570 5096 1590 5149 a,
1606 5098 1630 5135 r.
1641 5088 1682 5138 tt.
1694 5087 1743 5125 -³
1754 5084 1856 5150 latta,
1867 5099 2010 5152 cunm,
2023 5099 2047 5138 r.
2055 5090 2095 5142 at.
