4559 6100
668 635 960 710 tntnouuuno
986 634 1047 709 tu
1071 634 1374 708 ffiaoaoctntt.
1770 638 1810 707 61

224 795 356 888 Papam
378 785 557 884 corporali
585 784 703 857 inedia
720 798 939 857 maceratum
959 783 1118 856 necavit:
1139 781 1302 880 duosque
1325 783 1494 854 senatorii
1523 783 1659 856 ordinis
1673 787 1769 857 viros
1782 804 1819 857 et

224 904 443 989 exconsules,
457 901 715 1000 Symmachum
722 902 886 976 videlicet
897 917 1005 1001 atque
1015 901 1206 975 Boethium
1218 903 1255 974 in
1269 925 1411 974 carcere
1422 901 1541 997 gladio
1551 903 1818 977 transverbera-

224 1028 284 1099 vit.
297 1053 316 1093 n
328 1027 421 1097 Cum
436 1023 556 1119 itaque
569 1023 742 1095 Dominus
755 1037 791 1094 et
804 1046 869 1120 per
881 1019 1076 1120 prophetas
1090 1021 1233 1110 ludaeis,
1244 1035 1280 1094 et
1291 1045 1356 1120 per
1367 1034 1571 1119 prestantes
1581 1021 1817 1122 philosophos

224 1171 283 1219 sen
301 1158 400 1217 vates
416 1139 582 1238 gentibus
598 1139 783 1214 catholicae
798 1139 884 1213 fidei
900 1155 1064 1214 tenorem
1079 1140 1358 1230 annuntiaverit,
1381 1140 1640 1213 inexcusabiles
1660 1141 1819 1215 reddun-

225 1279 282 1335 tur
300 1277 374 1334 tam
393 1259 506 1332 Judaei
522 1282 634 1355 quam
649 1273 784 1356 gentes,
802 1260 831 1332 si
848 1283 932 1333 cnm
947 1258 1015 1332 hos
1032 1260 1069 1332 in
1086 1260 1212 1333 ceteris
1229 1259 1397 1332 doctores
1418 1257 1592 1351 habeant,
1610 1261 1648 1333 in
1665 1259 1817 1333 salutem

225 1383 350 1455 animae
363 1379 467 1475 cujus
483 1393 537 1452 est
552 1377 827 1452 fundamentum
841 1378 931 1451 fides
949 1379 1047 1477 ipsos
1064 1403 1139 1452 non
1152 1378 1312 1452 audiant.
1326 1381 1370 1449 Et
1385 1378 1533 1476 quidem
1550 1379 1654 1452 multi
1665 1404 1708 1452 ex
1725 1406 1816 1477 gen-

225 1499 331 1590 tibus,
349 1495 516 1571 nonnulli
533 1521 575 1569 ex
593 1496 721 1570 lndaeis
736 1499 773 1570 in
788 1497 859 1571 hoc
873 1522 1019 1596 quoque
1036 1497 1282 1571 edoctoribus
1299 1498 1425 1598 populi
1442 1500 1497 1571 sui
1514 1500 1689 1590 instructi,
1708 1497 1818 1571 tidem

228 1632 352 1691 sanctae
366 1617 544 1689 Trinitatis
561 1632 848 1714 recognoverunt
866 1618 905 1690 in
922 1641 997 1689 nno
1013 1640 1166 1716 corpore
1178 1617 1341 1691 Ecclesiae
1357 1619 1461 1715 quasi
1473 1618 1548 1691 duo
1564 1620 1717 1717 parietes
1732 1644 1819 1690 cou-

222 1738 347 1832 juncti.
376 1741 428 1808 Ex
453 1732 618 1833 gentibus
644 1734 793 1834 quidem
819 1735 936 1833 primo
959 1737 1092 1827 Graeci,
1118 1737 1315 1835 exquibus
1340 1737 1500 1835 praedicti
1515 1737 1724 1836 philosophi
1742 1739 1818 1809 lue·

226 1871 326 1946 runt;
345 1871 427 1956 post
444 1854 586 1929 Graecos
602 1855 738 1947 Latini,
757 1856 819 1952 qui
834 1856 925 1928 sicut
942 1856 979 1928 in
1003 1856 1199 1956 disciplinis
1214 1857 1429 1930 secularium
1448 1858 1577 1930 artium
1594 1858 1720 1929 imitati
1735 1873 1819 1929 sunt

227 1981 378 2068 Grecos,
398 1977 497 2048 itaet
512 1975 550 2047 in
570 1997 652 2048 vera
663 1973 746 2047 fidei
762 1974 925 2047 doctrina
949 1974 995 2047 ab
1011 1976 1096 2073 ipsis
1112 1976 1276 2075 exempla
1292 1992 1535 2077 sumpserunt,
1553 2000 1637 2048 cum
1652 2000 1715 2049 eos
1726 1976 1820 2048 scili·

225 2109 281 2167 oet
295 2093 532 2167 Christianam
541 2091 650 2167 fidem
663 2093 857 2193 suscepisse
868 2092 1077 2185 audiissent,
1090 2118 1182 2192 quos
1195 2097 1420 2194 ingeniorum
1431 2095 1624 2169 subtilitate
1636 2095 1816 2193 praeditos,

228 2213 393 2285 omnibns
411 2211 647 2312 philosopbiae
666 2212 865 2286 rationibus
881 2228 1038 2287 armatos
1055 2239 1132 2287 esse
1147 2228 1404 2310 cognoverant.
