4559 6100
509 514 668 585 Ettttca
693 511 774 582 SEU
800 510 928 581 utres
952 510 1105 583 DlCTUS
1133 539 1143 580 ε
1171 509 1293 583 SClTO
1317 504 1519 581 retesutt.
1741 498 1813 572 627

225 659 400 759 patientie
423 674 462 731 et
477 658 757 756 longanimitatis
780 658 1003 730 contemnis?
1023 664 1169 755 ignoras
1184 658 1359 757 quoniam
1372 651 1574 749 benignitas
1591 650 1658 722 Dei
1673 648 1719 720 ad
1736 670 1817 747 pae-

224 782 411 852 nitentiam
427 796 463 852 te
475 780 648 853 adducit?
661 809 679 847 u
698 778 837 867 Quibus
852 778 1017 851 videlicet
1032 779 1151 851 verbis
1168 804 1247 877 quae
1261 779 1305 849 sit
1321 773 1530 875 paenitentia
1544 770 1712 855 salubris,
1728 783 1817 840 etex

224 922 348 970 amore
372 899 437 970 Dei
458 901 708 997 potiusquam
734 922 775 969 ex
797 898 926 969 timore
942 900 1175 996 proveniens,
1195 894 1380 969 manifeste
1402 893 1577 977 declarat,
1598 904 1640 960 ut
1653 885 1818 959 videlicet

225 1018 411 1090 doleamus
427 1020 544 1089 Deum
567 1017 758 1089 offendisse
778 1017 833 1088 vel
861 1018 1134 1115 contempsisse,
1159 1018 1245 1114 quia
1267 1030 1319 1087 est
1338 1014 1458 1085 bonus
1474 1010 1586 1106 magis
1605 1031 1715 1105 quam
1732 1005 1817 1102 quia

220 1139 337 1233 justus
363 1153 427 1209 est.
447 1144 529 1226 Quo
553 1140 650 1210 enim
671 1139 805 1211 diutius
828 1162 909 1210 eum
931 1139 1209 1227 contemnimus,
1228 1140 1312 1234 quia
1329 1134 1446 1207 statim
1469 1156 1554 1204 eum
1569 1141 1818 1224 contemptum

226 1282 331 1328 suarm
345 1259 508 1355 judicare
523 1282 597 1330 uon
614 1258 814 1349 credimus3
830 1258 923 1330 sicut
938 1259 1155 1330 econtrario
1171 1257 1352 1355 Principes
1366 1254 1475 1329 seculi
1490 1253 1639 1341 l'aciunt,
1655 1248 1818 1347 quicum

226 1376 461 1449 offenduntur
471 1379 636 1450 nesciunt
646 1400 806 1476 parcere,
824 1402 890 1448 nee
901 1402 1045 1450 suarum
1054 1376 1265 1474 injuriarum
1274 1377 1447 1448 ultionem
1459 1372 1621 1461 differre,
1638 1393 1682 1442 eo
1692 1367 1821 1466 justius

226 1497 425 1593 graviorem
457 1498 563 1569 infert
589 1500 646 1569 sui
671 1512 898 1595 contemptus
932 1521 1093 1594 pinnam,
1119 1513 1156 1569 et
1183 1511 1284 1570 tanto
1305 1495 1501 1568 districtior
1522 1507 1577 1565 est
1600 1492 1637 1562 in
1659 1488 1817 1575 ultione,

226 1631 363 1712 quanto
387 1619 580 1716 patientior
603 1617 668 1687 fuit
691 1617 727 1687 in
745 1616 1006 1715 expectatione.
1026 1616 1134 1705 Quod
1151 1616 1411 1712 subsequenter
1425 1610 1616 1712 praedictus
1632 1605 1820 1707 Apostolus

227 1735 382 1806 ostendit
398 1735 554 1808 dicens¹:
577 1735 816 1808 «Secundum
833 1735 1004 1808 duritiam
1020 1748 1140 1807 autem
1157 1751 1277 1824 tuem,
1292 1740 1329 1806 et
1344 1759 1408 1805 cor
1424 1731 1657 1830 impoenitens
1676 1725 1819 1798 thosan»

226 1856 316 1925 riaas
334 1855 398 1926 tibi
420 1856 510 1927 iram
525 1857 561 1926 in
583 1855 641 1926 die
656 1856 727 1925 irae.
754 1883 771 1921 u
782 1859 881 1925 Tunc
898 1854 1045 1951 quidem
1055 1856 1139 1946 irae,
1161 1854 1271 1926 modo
1290 1850 1590 1938 mansuetudinis;
1610 1846 1717 1944 quia,
1735 1859 1821 1915 tunc

227 1972 404 2063 vindictae,
425 1973 536 2045 modo
562 1974 752 2071 patientie.
780 1973 834 2045 lbi
855 1976 991 2071 justitia
1015 1977 1188 2070 exigente,
1209 1988 1310 2046 tanto
1334 1974 1475 2071 gravius
1497 1971 1552 2041 sui
1574 1978 1821 2062 contemptum

227 2091 428 2192 ulciscetur,
456 2105 592 2189 quamn
616 2094 734 2162 minus
759 2093 943 2163 contemni
971 2092 1115 2177 debuit,
1135 2109 1171 2166 et
1196 2093 1330 2165 diutius
1355 2091 1531 2164 toleravit.
1557 2088 1737 2157 Timemus
1753 2083 1822 2155 lxo·

229 2212 342 2281 mines
354 2211 549 2299 offendere,
566 2226 602 2283 et
617 2234 771 2307 quorum
786 2211 960 2284 offensam
974 2214 1104 2285 timore
1117 2238 1192 2285 non
1207 2213 1409 2308 effugimus,
1428 2205 1643 2282 verecundia
1655 2205 1821 2275 vitamus.

229 2327 396 2402 latebras
420 2332 625 2427 quaerimus,
652 2354 735 2402 cum
761 2328 992 2420 fornicamur,
1020 2356 1067 2403 ne
1092 2332 1138 2403 ab
1163 2332 1372 2404 bominibus
1397 2329 1598 2412 videamur,
1628 2347 1695 2395 nec
1718 2322 1824 2393 unius

228 2448 386 2521 hominis
412 2463 594 2547 aspectum
631 2464 719 2521 tuuc
747 2450 921 2522 sustinere
949 2474 1150 2548 possumus.
1182 2453 1322 2523 Scimus
1350 2455 1466 2521 Deum
1490 2458 1701 2546 presentem
1728 2464 1821 2529 esse,

229 2591 337 2662 quem
362 2568 451 2639 nihil
478 2582 595 2666 potest
609 2570 735 2660 latere;
755 2568 934 2663 videriab
952 2572 1029 2668 ipso
1052 2586 1087 2642 et
1103 2570 1178 2643 tota
1196 2573 1295 2643 curia
1309 2570 1397 2642 Coeli
1413 2571 1451 2640 in
1467 2567 1575 2663 hujus
1589 2564 1732 2636 actione
1749 2574 1824 2632 tur·

231 2687 404 2783 pitudinis
425 2712 499 2760 non
516 2687 779 2779 erubescimus,
798 2688 861 2784 qui
878 2688 923 2759 ad
941 2690 1047 2760 unius
1064 2690 1278 2761 homunculi
1293 2700 1477 2787 aspectum
1494 2682 1822 2757 confunderemur!

230 2811 320 2876 Ante
341 2805 501 2902 judicem
524 2821 706 2878 terrenum
731 2831 944 2904 praesumere
967 2807 1102 2905 aliquid
1127 2808 1280 2879 maxime
1298 2809 1478 2894 dmemm,
1507 2829 1622 2902 aquo
1645 2824 1714 2874 nos
1733 2799 1827 2897 judi·

231 2926 367 2998 candos
384 2927 517 2997 scimus
536 2926 725 3025 temporali
745 2941 885 2999 tantum
903 2952 1026 3026 poena,
1048 2953 1123 2999 non
1140 2943 1284 3001 aeterna.
1318 2928 1428 3002 Multa
1451 2950 1519 2999 nos
1537 2924 1651 3013 iacere
1666 2922 1721 2994 vel
1737 2920 1828 2993 tole·

230 3069 310 3117 rare
332 3046 484 3117 carnalis
505 3046 653 3118 allectus
672 3047 780 3142 cogit,
804 3071 919 3144 pauca
935 3048 1137 3145 spiritualis.
1162 3053 1305 3121 Utinam
1325 3063 1424 3121 tanta
1448 3062 1596 3146 propter
1611 3048 1742 3135 Deum,
1766 3042 1823 3114 cui

231 3165 354 3235 omnia
369 3164 555 3254 debemus,
574 3180 710 3261 quante
722 3180 871 3263 propter
886 3190 1036 3240 uxorem
1052 3168 1108 3238 vel
1125 3166 1230 3254 lilios,
1252 3167 1306 3239 vel
1320 3189 1588 3264 quamcumque
1601 3162 1824 3234 meretricem

233 3284 381 3355 facimus
396 3282 451 3355 vel
469 3282 683 3356 toleramus!

281 3406 363 3490 Qua
389 3402 539 3475 obsecro
567 3427 675 3501 poena
701 3403 778 3474 haec
802 3403 932 3499 injuria
963 3419 1017 3475 est
1037 3405 1232 3501 judicanda
1256 3422 1298 3478 ut
1328 3406 1549 3478 meretricem
1582 3425 1729 3500 quoque
1756 3401 1826 3498 ipsi

233 3523 511 3622 praeponamus?
537 3522 776 3619 Conqueritur
803 3523 877 3621 ipse
902 3548 967 3621 per
988 3525 1204 3622 prophetam
1230 3524 1331 3623 quod
1357 3549 1424 3598 nec
1457 3526 1491 3596 ei
1513 3544 1617 3594 amor
1653 3535 1825 3617 tanquam

235 3644 341 3734 Patri,
357 3666 424 3714 nec
441 3642 550 3713 timor
562 3640 772 3714 exhibeatur
788 3656 958 3738 tanquam
973 3646 1144 3716 Domino.
1168 3677 1185 3711 (ι
1197 3646 1316 3735 Filius,
1335 3647 1485 3744 inquit¹,
1498 3644 1655 3715 honorat
1670 3657 1822 3739 patrem,

233 3776 268 3832 et
281 3787 402 3834 servus
412 3763 602 3834 dominum
611 3786 715 3833 suum
729 3762 850 3851 timet;
868 3764 977 3860 siege
991 3768 1106 3857 Pater,
1119 3764 1311 3837 ubihonor
1322 3765 1445 3837 meus?
1456 3769 1499 3834 Et
1510 3764 1615 3860 siege
1630 3762 1820 3852 Dominus,

234 3879 295 3952 ubi
307 3880 577 3953 timormeuslu
597 3882 837 3977 Conqueritur
848 3879 916 3953 sibi
925 3897 1063 3980 patrem
1073 3883 1128 3955 vel
1148 3884 1336 3957 dominum
1349 3885 1517 3983 praeierri.
1538 3880 1688 3955 attende
1706 3881 1823 3977 igitur,

233 4016 409 4096 quantum
432 3999 636 4095 indignetur
652 4000 875 4072 meretricem
901 4023 1048 4098 quoque
1062 4003 1130 4075 sibi
1147 4004 1328 4097 anteferri,
1349 4019 1385 4076 et
1402 4004 1605 4075 decumum
1628 4026 1700 4073 suae
1723 4000 1828 4072 boni·

235 4121 314 4190 tatis
340 4120 527 4217 patientia,
553 4119 650 4189 unde
667 4120 748 4216 plus
770 4119 894 4191 debuit
911 4122 1036 4209 amari,
1063 4124 1174 4218 magis
1190 4124 1386 4196 contemni.
1408 4127 1525 4209 Quam
1548 4119 1696 4218 quidem
1719 4119 1827 4192 boni-

234 4253 344 4309 tatem
367 4253 403 4309 et
429 4239 604 4335 patientiae
626 4238 933 4333 longanimitatem
949 4238 987 4310 hi
1005 4242 1067 4336 qui
1088 4241 1277 4315 salubriter
1293 4242 1479 4342 poenitent,
1499 4239 1733 4313 adtendentes
1750 4265 1824 4311 nnn

234 4370 308 4427 tam
333 4359 462 4428 timore
488 4381 678 4455 poenarum
699 4381 809 4454 quam
832 4359 942 4455 ipsius
958 4382 1082 4432 amore
1099 4361 1145 4433 ad
1164 4363 1482 4461 compunctionem
1498 4367 1708 4451 moventur3
1726 4360 1827 4456 juxta

234 4474 437 4570 praedictam
466 4476 625 4574 Apostoli
657 4477 962 4570 exhortationem,
989 4477 1051 4550 ubi
1076 4480 1255 4584 salubrem
1279 4482 1526 4580 poenitentiam
1551 4477 1738 4575 diligenter
1763 4479 1826 4552 de-

233 4594 392 4693 scripsit3
414 4619 499 4667 cum
513 4623 533 4668 e
552 4597 733 4668 contrario
747 4597 855 4669 dixit:
869 4628 890 4664 a
905 4621 951 4670 an
969 4597 1110 4671 divitias
1125 4600 1296 4676 bonitatis
1307 4601 1396 4699 ejus,
1415 4625 1432 4670 e
1453 4599 1525 4674 hcc
1541 4616 1605 4688 est,
1630 4601 1778 4673 divitem
1792 4615 1827 4671 et

234 4714 418 4809 copiosam
439 4713 651 4808 bonitatem,
677 4717 751 4787 sive
767 4715 1012 4788 abundantem
1034 4717 1291 4818 benignitatem
1306 4722 1524 4818 longanimis
1548 4721 1737 4820 patientiae,
1756 4741 1827 4816 qua

234 4830 370 4904 tamdiu
381 4846 417 4904 te
429 4833 569 4928 tolerat,
593 4837 836 4927 «contemnis,
854 4866 871 4901 n
890 4837 976 4934 quia
989 4831 1154 4910 videlieet
1168 4863 1243 4913 non
1260 4841 1332 4914 cito
1345 4843 1464 4940 punit,
1483 4842 1693 4936 signorans,
1711 4869 1728 4904 »
1746 4836 1819 4911 hoc

271 5117 375 5181 mons,
392 5131 445 5180 cap.
459 5132 487 5180 u,
505 5133 525 5168 v.
540 5122 563 5169 5.
584 5119 634 5156 -2
652 5117 769 5180 italien,
785 5132 840 5182 cap.
853 5133 869 5180 t,
882 5132 905 5168 ν.
919 5122 941 5169 6.
