4559 6100
913 482 1145 559 ntrtocns.
1221 448 1227 460 ’
1750 483 1825 563 sss

239 634 375 723 transit,
396 647 613 731 praeceptum
629 633 751 730 utique
763 632 800 704 in
818 656 861 705 ea
877 632 1113 725 transcendit,
1133 631 1306 731 adquam
1323 657 1366 707 ex
1383 646 1563 732 prmceptc
1579 656 1653 704 non
1672 633 1822 728 cogitur:

240 749 343 822 Unde
363 752 460 824 idem
483 752 646 824 meminit
658 750 861 848 Apostolus¹
873 778 883 821 r
897 756 978 823 «De
994 750 1191 850 virginibus
1205 766 1325 825 autem
1342 767 1557 851 praeceptum
1579 751 1727 824 Domini
1748 777 1823 825 non

238 868 368 960 habeo,
380 872 570 943 consilium
586 884 708 943 autem
716 868 803 943 dc.»
821 869 938 943 Sedin
949 869 1133 962 hisetiam,
1152 871 1214 967 qui
1223 871 1336 966 legem
1345 871 1621 972 adimpleverint
1630 894 1697 942 uec
1713 886 1824 945 trans·

237 989 437 1081 cenderint,
464 971 579 1088 impar
611 1014 688 1063 esse
717 991 845 1065 caritas
872 1003 1007 1086 potest,
1041 1015 1124 1065 cum
1157 992 1193 1064 in
1227 990 1356 1063 ecdem
1381 990 1546 1065 videlicet
1579 1014 1689 1089 opere
1711 991 1826 1087 major

239 1106 358 1206 hujus,
372 1135 480 1207 quam
491 1109 584 1183 illius
592 1111 636 1182 sit
646 1110 808 1183 ⁴caritatis
822 1109 983 1183 allectus.
996 1110 1104 1198 Quod
1114 1112 1224 1183 etiam
1240 1110 1424 1205 objectum
1435 1125 1488 1185 est
1504 1135 1548 1184 ex
1564 1110 1626 1184 illo
1638 1111 1823 1206 Augustini

238 1225 335 1300 dicto
365 1256 373 1300 :
404 1236 423 1297 ε’(
448 1228 516 1301 ilbi
540 1231 740 1303 estscaritas
763 1229 931 1327 quidem,
961 1227 1062 1326 quod
1083 1231 1196 1327 possit
1214 1228 1338 1303 deesse
1359 1243 1446 1321 etc,
1473 1259 1491 1295 n
1524 1254 1632 1302 nemo
1655 1245 1729 1315 est,
1763 1232 1825 1327 qui
1904 1230 1910 1239 ’

239 1345 290 1417 sic
306 1370 390 1420 eum
407 1348 584 1447 accepisse
599 1349 672 1421 hoc
688 1349 852 1441 aestimet,
872 1362 914 1420 ut
930 1346 1099 1421 omnibus
1115 1372 1241 1421 omnes
1258 1348 1296 1421 in
1315 1346 1505 1420 virtutibus
1521 1362 1557 1419 et
1573 1349 1708 1421 meritis
1723 1349 1826 1421 unire

238 1464 334 1557 velit,
359 1468 458 1563 quod
482 1476 556 1539 tam
582 1469 778 1540 Dominum
798 1493 907 1565 quam
926 1469 1134 1568 Apostolum
1152 1481 1312 1555 secutus,
1340 1467 1412 1539 lere
1437 1465 1573 1563 ubique
1597 1467 1823 1541 contradicit

239 1582 320 1654 Tale
343 1600 396 1656 est
419 1587 543 1682 utique
562 1587 661 1683 quod
683 1588 750 1675 ait,
771 1585 872 1684 quod
896 1585 1045 1682 quidem
1063 1586 1175 1684 possit
1195 1585 1318 1659 deesse
1332 1582 1379 1659 ad
1402 1582 1571 1675 salutem,
1599 1585 1662 1657 sed
1686 1609 1761 1657 non
1779 1587 1824 1660 ed

240 1702 411 1775 virtutum
438 1704 707 1801 perfectionem.
730 1710 846 1779 Nemo'
869 1706 1005 1804 quippe
1030 1729 1114 1777 cum
1139 1704 1199 1777 illa
1225 1706 1335 1802 perit,
1366 1704 1429 1777 sed
1453 1726 1528 1776 non
1555 1728 1682 1776 omnes
1708 1705 1744 1774 in
1769 1704 1828 1778 illa

237 1837 435 1919 aequantur.

287 1945 427 2015 Pinnos.
443 1947 505 2014 'Ne
526 1958 648 2038 gravet
673 1958 707 2017 te
734 1944 864 2017 multas
891 1964 960 2014 nos
984 1941 1177 2014 sententias
1203 1966 1266 2015 seu
1292 1943 1482 2041 opiniones
1505 1942 1690 2034 inducere,
1721 1958 1760 2016 ut
1784 1969 1828 2018 ex

238 2059 407 2132 omnihus
429 2062 612 2135 veritatem
639 2063 777 2135 ratione
799 2061 977 2161 possimus
1005 2059 1148 2132 elicere.
1169 2060 1240 2147 Qui
1272 2062 1370 2133 enim
1389 2085 1497 2157 quem
1519 2061 1639 2135 adbuc
1661 2062 1829 2159 ignorant

237 2177 360 2250 locum
385 2180 574 2273 vestigant,
595 2181 724 2252 multus
746 2179 932 2277 explorare
950 2192 1128 2274 coguntur
1147 2179 1238 2270 vius,
1258 2195 1297 2251 ut
1313 2182 1501 2253 rectiorem
1521 2180 1659 2252 valeant
1674 2182 1823 2277 eligere,

238 2297 329 2367 sicut
345 2321 442 2367 nunc
465 2321 646 2368 summum
668 2296 883 2394 inquirendo
904 2295 1042 2368 honum
1061 2295 1176 2367 lacere
1192 2298 1403 2395 compellor,
1425 2298 1515 2369 dum
1533 2298 1695 2370 videlicet
1712 2300 1825 2396 majo·

237 2439 318 2485 rum
337 2426 545 2487 nostrorum
562 2416 756 2489 sententias
770 2416 827 2488 vel
844 2416 1040 2515 propriam,
1060 2437 1082 2486 a
1100 2416 1332 2506 reinvitatus,
1350 2440 1532 2516 propono.

286 2538 489 2607 Cuursrrtu.
522 2539 601 2605 Non
626 2550 808 2632 gravaret,
836 2536 865 2607 si
893 2533 963 2606 tale
988 2533 1076 2631 quid
1102 2558 1169 2631 pro
1196 2537 1370 2609 sententia
1399 2534 1642 2627 induceretur,
1671 2536 1828 2634 quodsi

236 2676 363 2725 verum
387 2677 462 2724 non
487 2668 592 2744 esset,
613 2653 750 2751 aliquid
770 2653 895 2727 saltem
917 2651 1104 2751 probitatis
1129 2650 1289 2724 haberet.
1320 2657 1399 2726 Non
1422 2654 1518 2725 enim
1541 2653 1642 2750 quod
1666 2668 1827 2752 patenter

239 2769 364 2843 falsum
384 2786 449 2860 eat,
468 2772 587 2869 aliqua
604 2771 715 2844 refelli
733 2773 870 2844 ratione
887 2795 979 2868 opus
995 2783 1060 2845 est.

286 2894 426 2963 Panos.
446 2891 544 2978 Quid
560 2892 589 2963 si
614 2915 796 2963 summum
816 2889 975 2962 hominis
995 2886 1134 2961 bonum
1149 2888 1310 2960 dicamus
1333 2902 1464 2961 statum
1488 2887 1590 2963 illum
1606 2888 1731 2961 futurae
1746 2891 1826 2963 vite

237 3010 506 3106 comparatione
528 3023 668 3083 tantum
694 3009 876 3082 bonorum
901 3008 1082 3107 presentis
1105 3006 1212 3079 vitre?
1237 3011 1326 3080 Nam
1348 3021 1384 3081 et
1409 3030 1492 3081 cum
1515 3030 1581 3082 vos
1605 3005 1712 3084 nohis
1735 3007 1827 3082 duos

237 3126 326 3199 lines
347 3151 369 3200 a
389 3131 465 3198 Deo
483 3130 687 3226 propositos
705 3128 842 3213 dicatis,
866 3152 1049 3200 summum
1062 3125 1227 3198 videlicet
1243 3125 1382 3198 bonurn
1397 3126 1432 3196 in
1449 3124 1554 3209 coelc,
1572 3124 1630 3200 vel
1643 3150 1824 3200 summum

236 3245 371 3317 malurn
394 3248 431 3316 iu
457 3247 616 3332 inl'erno,
645 3270 719 3318 non
747 3248 847 3319 aliter
868 3246 941 3317 boc
965 3245 1140 3342 accipitis,
1174 3245 1241 3315 nisi
1265 3258 1441 3340 quantum
1468 3242 1514 3316 ad
1542 3243 1621 3315 vitoe
1646 3248 1827 3340 praesentis

235 3377 367 3440 statum
389 3362 529 3437 bonnm
546 3363 603 3435 vel
625 3364 772 3436 malum.
798 3366 866 3435 Sex
891 3364 1025 3462 quippe
1049 3362 1241 3438 hominum
1266 3375 1376 3434 status
1398 3360 1505 3433 nobis
1530 3362 1621 3434 ratio
1644 3366 1819 3458 suggerit,

235 3501 307 3559 tres
322 3485 486 3559 videlicet
498 3487 535 3559 in
554 3486 624 3559 bac
640 3487 725 3576 vita,
744 3501 781 3559 et
797 3486 996 3559 secundum
1012 3485 1097 3572 hcc,
1119 3498 1189 3557 tres
1207 3483 1368 3556 similiter
1381 3484 1470 3556 alios
1483 3483 1519 3555 in
1537 3483 1665 3556 sumna
1686 3485 1825 3559 Primus

234 3605 370 3704 quippe
389 3604 547 3677 hominis
571 3619 683 3678 status
703 3605 807 3677 estin
825 3629 900 3703 quo
921 3605 1093 3697 nascitur,
1110 3604 1199 3675 dum
1218 3602 1385 3675 nondum
1400 3603 1436 3673 in
1456 3602 1669 3676 coexcitata
1684 3604 1824 3677 ratione

235 3722 388 3795 liberum
413 3739 466 3796 est
485 3723 636 3822 adeptus
655 3721 860 3811 arbitrium,
883 3737 942 3814 ut,
961 3721 1162 3795 secundum
1185 3719 1285 3818 quod
1308 3720 1466 3816 elegerit,
1488 3719 1607 3793 bonus
1624 3720 1750 3809 homo,
1768 3722 1824 3795 vel

236 3843 350 3916 malus
362 3843 537 3917 dicendus
551 3845 608 3934 sit,
627 3846 792 3941 quamvis
812 3844 888 3942 ipse
902 3843 1002 3916 bona
1017 3866 1074 3913 res
1088 3840 1144 3913 vel
1163 3840 1260 3913 bona
1278 3841 1323 3912 sit
1344 3838 1540 3912 substantia
1552 3839 1628 3912 sive
1641 3854 1820 3914 creatura.

234 3966 288 4035 De
304 3962 376 4035 hoc
391 3962 538 4061 quidem
555 3965 676 4061 priore
693 3978 785 4036 statu
802 3962 972 4052 bominis,
991 3985 1074 4034 cum
1088 3961 1133 4032 ad
1150 3959 1372 4033 discretionis
1385 3967 1524 4032 aetat'em
1539 3959 1616 4056 ipse
1630 3961 1824 4057 perductus

234 4083 386 4156 scienter
408 4106 446 4154 se
469 4082 516 4155 ad
541 4081 680 4154 bonum
701 4082 775 4154 sive
796 4080 844 4154 ad
868 4079 1003 4152 malum
1026 4077 1268 4168 inclinaverit,
1289 4078 1363 4174 jam
1388 4075 1508 4148 bonus
1532 4077 1608 4174 ipse
1627 4076 1742 4151 homo
1766 4080 1822 4153 vel

234 4202 349 4273 malus
365 4200 527 4290 effectus,
546 4200 687 4272 bonurn
700 4200 858 4273 hominis
873 4214 1004 4272 statum
1018 4197 1226 4271 vel'mnlum
1242 4198 1420 4293 ingressus
1437 4209 1501 4267 est.
1519 4197 1659 4268 Primus
1674 4197 1822 4293 quidem

232 4316 390 4390 bominis
415 4334 526 4392 status
545 4322 648 4416 qussi
665 4319 891 4411 indifferens,
911 4343 980 4391 uec
996 4317 1116 4390 bonus
1135 4315 1323 4402 videlicet,
1343 4338 1410 4386 nec
1432 4314 1548 4386 malus
1562 4313 1738 4388 dicendus
1753 4333 1817 4390 est.

234 4435 437 4526 Secundus,
465 4438 494 4508 si
511 4437 557 4510 ad
572 4440 719 4510 virtutes
739 4436 985 4511 conscenderit
1002 4435 1142 4524 bonus,
1166 4436 1196 4506 si
1212 4433 1260 4505 ad
1276 4432 1360 4504 vitia
1377 4431 1600 4504 descenderit
1616 4433 1745 4508 malus.
1764 4438 1821 4510 Sic

232 4555 341 4640 etiam
367 4553 483 4627 futura
506 4556 577 4627 vita
607 4571 677 4628 tres
702 4555 811 4627 habet
829 4569 977 4627 status:
1013 4578 1127 4625 unum
1153 4550 1300 4649 quidem
1326 4550 1427 4647 quasi
1453 4550 1730 4646 indifferentem,
1757 4579 1823 4630 nec

233 4669 381 4761 beatum
401 4675 547 4769 proprie
572 4673 635 4744 sed
655 4697 722 4745 nec
742 4674 926 4765 miserum,
953 4672 1016 4768 qui
1042 4670 1207 4744 videlicet
1229 4692 1357 4741 eorum
1377 4681 1445 4757 est,
1470 4691 1628 4765 quorum
1650 4653 1771 4743 etiam
1785 4676 1821 4746 in

236 4789 305 4863 hac
328 4791 400 4864 vita
426 4791 645 4880 indifferens,
672 4806 713 4864 ut
737 4790 905 4883 diximus,
934 4804 1045 4863 status
1075 4789 1209 4863 exstitit
1231 4785 1417 4877 omnibus,
1448 4787 1614 4860 videlicet
1635 4786 1824 4866 destitutus

283 5063 412 5128 corinth„
428 5063 449 5126 l,
459 5077 513 5128 cap.
524 5077 588 5125 xva,
600 5078 622 5114 r.
651 5069 674 5116 ὁ.
