4559 6100
426 529 432 540 '
459 527 532 602 396
719 573 726 579 -
1065 529 1194 600 Parui
1222 526 1459 612 auAEthtbt
1559 593 1561 600 ,

459 678 594 776 gnovit.
615 677 710 766 Quia
733 703 819 754 vero
844 678 880 750 in
902 702 968 750 sua
990 680 1137 777 propria
1160 678 1273 766 venit,
1297 692 1333 751 et
1354 678 1411 782 sui
1428 701 1512 750 eum
1533 699 1609 748 non
1632 689 1860 776 receperunt,
1878 688 2059 774 quotquot

449 812 581 872 'autem
610 822 693 870 eum
723 813 958 897 recepemnt,
988 798 1088 870 dedit
1123 800 1176 871 eis
1206 812 1420 898 potestatem
1445 779 1539 870 filios
1567 797 1632 868 Dei
1660 795 1739 868 lieri
1762 794 1994 868 credentibus
2021 797 2058 869 iu

459 920 605 990 nomine
622 918 711 1013 ejus,
732 942 805 989 non
825 918 873 991 ibi
891 919 973 1015 legi.
998 923 1088 991 ltem
1105 918 1174 1017 legi
1195 919 1259 1012 ibi,
1278 920 1363 1016 quia
1383 917 1542 991 Verbum
1560 921 1657 990 Deus
1674 925 1749 989 non
1773 941 1815 1014 er
1838 940 1961 1006 carne,
1981 941 2057 989 nou

459 1062 501 1109 er
527 1039 713 1134 sanguine,
740 1062 815 1109 non
842 1063 886 1110 ex
912 1037 1097 1112 voluntate
1121 1040 1203 1128 viri,
1233 1064 1351 1137 neque
1376 1051 1425 1112 ex'
1447 1038 1632 1112 voluntate
1658 1037 1797 1130 caruis,
1825 1036 1890 1109 sed
1912 1062 1956 1109 ex
1982 1041 2059 1109 Deo

459 1174 585 1231 natum
610 1174 676 1231 est.
704 1159 774 1232 Sed
800 1161 883 1258 quia
901 1159 1061 1233 Verbum
1086 1177 1171 1234 caro
1196 1161 1327 1233 lactum
1350 1175 1416 1253 est,
1439 1175 1475 1233 et
1497 1159 1672 1260 habitavit
1696 1160 1733 1258 in
1758 1157 1879 1250 nobis,
1906 1183 1981 1258 non
2008 1156 2059 1229 ibi

459 1280 541 1376 legi.
573 1280 740 1376 indagavi
772 1281 810 1352 in
838 1280 963 1365 litteris
987 1280 1055 1352 illis
1080 1283 1200 1354 multis
1224 1281 1343 1354 modis
1368 1281 1528 1386 dictum,
1555 1280 1655 1377 quod
1677 1280 1723 1351 sit
1747 1279 1856 1351 Filius
1879 1279 1917 1349 in
1943 1278 2059 1351 forma

458 1395 580 1482 Patris,
608 1418 683 1466 non
701 1395 864 1494 rapinam
879 1395 1072 1469 arbitratus
1091 1422 1168 1469 esse
1190 1396 1335 1495 aequalis
1352 1401 1443 1487 Deo,
1465 1397 1550 1494 quia
1573 1396 1780 1468 naturaliter
1796 1392 1834 1465 id
1853 1395 1973 1493 ipsum
1990 1408 2056 1466 est.

459 1513 529 1586 Sed
557 1516 660 1612 quia¹
690 1518 953 1617 «semetipsum
978 1519 1186 1606 exinanivit,
1216 1518 1368 1591 formam
1394 1519 1486 1589 servi
1513 1517 1692 1615 accipiens
1721 1516 1759 1587 in
1787 1514 2058 1616 similitudinem

462 1663 478 1702 ιι
496 1633 687 1708 bominum
703 1635 815 1708 factus
828 1651 864 1709 et
877 1635 1003 1710 habitu
1022 1639 1189 1710 inventus
1206 1653 1247 1710 ut
1261 1638 1373 1711 homo
1390 1629 1464 1730 est}
1485 1636 1685 1710 humiliavit
1699 1635 1931 1732 semetipsum
1948 1627 2061 1738 lactus

461 1784 479 1821 ιι
497 1755 673 1830 obediens
688 1782 802 1855 usque
817 1758 863 1830 ad
881 1772 1048 1852 mortem,
1060 1776 1215 1833 mortem
1229 1775 1348 1832 autem
1364 1759 1493 1850 crucis,
1506 1754 1763 1858 propterquod
1779 1770 1815 1827 et
1828 1759 1925 1828 Deus
1942 1756 2060 1858 ipsum

462 1905 480 1945 ιι
499 1876 668 1978 exaltavit
684 1903 706 1951 a
723 1879 876 1951 mortuis
891 1893 927 1950 et
942 1878 1092 1952 donavit
1118 1881 1152 1952 ei
1180 1905 1314 1953 nomen
1337 1879 1437 1979 quod
1463 1893 1517 1951 est
1538 1902 1647 1976 super
1662 1901 1771 1950 omne
1792 1900 1942 1958 nomen,
1965 1877 2058 1948 utin

462 2025 480 2063 ιι
497 1997 646 2090 nomine
662 1998 739 2095 ejus
755 2023 864 2088 omne
881 2024 976 2095 genu
992 1999 1171 2093 flectatur,
1190 2000 1401 2091 coelestium,
1430 1997 1663 2086 terrestrium,
1695 2012 1731 2070 et
1756 1996 1994 2086 infernorum,
2024 2012 2060 2070 et

462 2145 481 2184 ιι
499 2142 626 2190 omnes
643 2117 884 2191 confiteantur
901 2119 985 2216 quia
1001 2121 1181 2192 Dominus
1195 2124 1298 2192 lesus
1314 2121 1350 2191 in
1370 2118 1484 2216 gloria
1499 2132 1552 2190 est
1565 2119 1629 2189 Dei
1650 2117 1775 2206 Patris,
1790 2145 1808 2183 a
1827 2139 1902 2187 non
1923 2115 2060 2190 habent

459 2235 509 2324 itti
523 2235 618 2309 libri.
638 2237 747 2333 Quod
765 2239 861 2311 enirn
877 2254 959 2312 ante
980 2240 1103 2312 omnia
1122 2253 1299 2340 tempora,
1315 2253 1352 2312 et
1373 2264 1481 2338 super
1501 2238 1623 2311 omnia
1639 2253 1803 2335 tempora
1821 2238 2058 2309 incommuta·

458 2356 539 2455 liter
557 2374 678 2434 manet
697 2362 804 2434 Filius
820 2360 1154 2454 tuuscoaevustibi,
1169 2364 1302 2461 etquis
1321 2362 1367 2435 de
1382 2359 1607 2460 plenitudiue
1623 2359 1699 2456 ejus
1712 2358 1893 2457 accipiunt
1909 2358 2055 2449 animae,

459 2494 499 2552 ut
522 2480 635 2554 beatae
656 2483 747 2576 sint,
772 2484 915 2579 etquis
937 2484 1212 2582 participatione
1238 2483 1416 2556 manentis
1436 2483 1473 2554 iu
1498 2506 1536 2553 se
1561 2480 1743 2580 sapientiae
1761 2492 1999 2569 renovantur,
2019 2492 2058 2550 ut

457 2592 634 2692 sapientes
654 2594 747 2686 sint,
769 2608 822 2665 est
838 2593 902 2665 ibi.
923 2594 1032 2683 Quod
1051 2609 1172 2666 autern
1189 2618 1257 2692 pro
1275 2595 1394 2693 impiis
1413 2607 1576 2666 mortuus
1592 2605 1667 2685 est,
1688 2615 1763 2663 non
1783 2604 1835 2662 est
1851 2588 1915 2662 ibi.
1934 2619 1953 2656 r
1993 2611 1996 2620 ·

508 2715 551 2782 At
576 2736 663 2785 vero
691 2737 738 2784 ne
766 2712 893 2810 aliquis
923 2739 1027 2786 sexus
1059 2714 1153 2786 inter
1178 2713 1345 2786 homines
1373 2713 1553 2811 sapientiae
1582 2711 1678 2786 fama
1701 2711 1828 2783 ceteris
1854 2723 2059 2809 praestantes

457 2829 542 2903 fidei
568 2845 697 2903 nostrae
720 2834 933 2905 testimoniis
956 2833 1060 2924 desit,
1087 2833 1148 2907 illa
1168 2836 1276 2907 etiam
1299 2834 1437 2906 famosa
1457 2832 1591 2931 Sybilla
1607 2832 1810 2917 inducatur,
1832 2857 1911 2930 quae
1930 2830 2059 2903 divini·

455 2964 567 3023 tatem
588 2950 710 3045 Verbi,
737 2976 805 3024 nec
821 2952 1098 3046 humanitatem,
1119 2978 1188 3026 nec
1215 2968 1406 3053 utrumque
1426 2953 1638 3044 adventum,
1664 2978 1732 3025 nec
1749 2968 1942 3051 utrumque
1958 2950 2059 3048 judi·

457 3071 554 3144 cium
576 3073 686 3145 Verbi
709 3071 947 3146 describendo
972 3075 1213 3175 praetermisit3
1239 3076 1397 3175 primum
1424 3075 1572 3174 quidem
1592 3073 1770 3172 judicium
1798 3098 1873 3172 quo
1899 3073 2060 3145 Christus

456 3191 587 3289 injuste
595 3192 777 3292 judicatus
790 3209 843 3266 est
860 3195 897 3267 iu
911 3196 1093 3294 passione,
1107 3211 1144 3269 et
1162 3195 1363 3269 secundum
1376 3221 1450 3294 quo
1463 3196 1557 3293 juste
1570 3195 1797 3293 judicaturus
1810 3208 1864 3266 est
1877 3191 2058 3266 mundum

457 3314 493 3385 in
506 3314 701 3415 majestate.
715 3318 852 3415 Dequo
865 3318 1082 3414 Augustinus
1100 3320 1235 3390 Contra
1243 3322 1396 3418 quinque
1408 3318 1593 3390 haereres’:
1612 3316 1833 3389 «Audiamus
1850 3314 1939 3414 quid
1951 3314 2058 3386 etiam

456 3433 590 3530 Sybilla
615 3449 714 3509 vates
730 3460 858 3515 eorum
874 3435 921 3508 de
939 3437 1068 3511 eodem
1090 3437 1199 3512 dicat.
1231 3439 1368 3531 Alium,
1388 3438 1522 3536 inquit,
1541 3436 1641 3510 dedit
1658 3437 1836 3508 Dominus
1851 3433 2060 3506 hominibus

456 3552 664 3629 colendum.
693 3560 783 3628 ltem
807 3584 816 3628 ε
844 3561 924 3656 lpse
946 3573 1050 3632 tuum
1073 3583 1252 3655 cognosce
1278 3558 1477 3630 Dominum
1502 3558 1569 3630 Dei
1594 3556 1724 3630 Filium
1750 3580 1838 3629 esse.
1868 3555 1946 3627 atio
1976 3553 2058 3627 loco

455 3675 584 3749 Filium
607 3677 675 3748 Dei
698 3675 911 3774 Symbolum
926 3679 1095 3777 appellat,
1121 3678 1159 3750 id
1177 3692 1230 3750 est
1250 3677 1496 3751 consiliarium
1516 3676 1572 3750 vel
1594 3677 1798 3750 consilium.
1820 3681 1863 3750 Et
1880 3674 2060 3775 propheta

457 3792 562 3866 dicit⁸
582 3822 590 3866 :
605 3793 834 3867 «Vocabitur
849 3821 983 3870 nomen
1001 3799 1091 3894 ejus,
1109 3794 1351 3890 Admirabilis,
1370 3796 1711 3871 consiliarius.»1)e
1728 3822 1802 3896 quo
1820 3820 1943 3869 rursus
1960 3795 2058 3868 idem

455 3927 558 4010 pater
574 3913 790 4011 Augustinus
809 3916 845 3986 in
864 3932 993 3989 octavo
1010 3916 1155 3989 decimo
1171 3914 1214 3986 de
1229 3917 1378 3989 Ciuitate
1395 3920 1466 3988 Dei
1471 3919 1483 3954 ⁸
1492 3945 1501 3990 ι
1517 3946 1535 3987 ιι
1547 3923 1614 4010 Eo,
1635 3919 1764 4016 inquit,
1784 3933 1948 4017 tempore
1965 3940 2057 3988 nou·

457 4031 546 4115 nulli
571 4031 744 4131 Sybillam
768 4039 953 4133 Erytream
975 4038 1203 4127 vaticinatam
1222 4036 1353 4132 lerunt,
1378 4062 1488 4136 quarn
1509 4038 1657 4137 quidam
1675 4037 1788 4136 magis
1811 4036 1964 4110 creduut
1982 4060 2059 4108 esse

456 4155 670 4245 Cumanam,
689 4168 724 4225 et
740 4170 824 4227 sunt
840 4158 916 4253 ejus
926 4183 972 4229 xx
990 4172 1024 4231 et
1041 4183 1095 4230 vn
1110 4183 1235 4231 versus
1252 4158 1329 4256 qui,
1347 4159 1437 4232 sicut
1455 4184 1518 4232 eos
1532 4158 1682 4258 quidam
1696 4159 1815 4232 latinis
1830 4157 1992 4232 versibus
2005 4170 2060 4230 est

457 4273 723 4374 interpretatus,
741 4273 817 4347 haec
832 4278 1020 4350 continent
1040 4305 1048 4349 ε
1760 4300 1764 4306 ’

726 4447 842 4515 Iudicii
857 4450 994 4542 signum,
1013 4451 1106 4518 tellus
1123 4453 1241 4520 sudore
1256 4454 1441 4538 madescet,

723 4548 751 4613 E
767 4547 849 4614 coelo
865 4549 934 4614 ilex
951 4551 1100 4618 adveniet
1115 4576 1173 4643 per
1189 4552 1283 4618 saecla
1298 4553 1441 4635 futurus,

724 4645 849 4713 Scilicet
863 4647 898 4711 iu
913 4671 1008 4714 carne
1025 4673 1164 4740 praesens
1180 4668 1217 4716 ut
1229 4650 1351 4738 judicet
1367 4652 1499 4732 orbem,
1516 4665 1579 4717 etc.

505 4813 670 4898 Quorum
691 4811 839 4911 quidem
855 4804 1028 4888 versuum
1043 4817 1168 4914 primae
1184 4816 1307 4890 litterae
1324 4818 1361 4889 in
1380 4842 1494 4916 graeco
1515 4816 1718 4915 conjunctae
1737 4814 1776 4888 id
1792 4828 1923 4887 sonant
1941 4817 2057 4885 lusus·

457 5074 493 5201 m:
507 5070 617 5203 qulqu,
634 5086 690 5137 erp.
703 5087 732 5136 ιι,
753 5087 776 5126 ι.
789 5077 812 5128 t.
827 5102 857 5114 -
868 5077 877 5109 ²
888 5075 942 5128 ιιι).
956 5077 1051 5128 contra
1066 5078 1178 5143 quinque
1193 5077 1309 5144 heresa,
1320 5093 1373 5141 cap
1389 5092 1423 5132 m.
1437 5104 1467 5118 -·
1489 5078 1573 5143 ἰοί,
1585 5093 1641 5144 cap,
1652 5091 1688 5139 u,
1700 5092 1722 5133 r.
1738 5080 1763 5131 t.
1782 5104 1814 5117 -
1835 5078 1892 5130 ‘De
1906 5076 1983 5153 civit.
2003 5076 2058 5136 oei,

494 5189 499 5199 ·
599 5168 679 5218 ,cap
704 5168 776 5207 xxm.
1804 5186 1808 5197 ι
1905 5190 1908 5199 ,
