4559 6100
696 560 743 631 ΙΝ
767 553 1013 634 Ertsrotttt
1038 561 1099 635 Ab
1123 559 1350 636 nonnitus.
1745 562 1817 633 297

229 712 303 790 sire
324 710 468 783 Judaeus
489 709 741 783 sivchntilis.
761 711 836 782 «ln
859 735 942 783 eum
962 740 979 779 u
1004 736 1079 784 non
1107 711 1141 784 ei
1164 721 1299 803 tamen,
1325 710 1382 782 rel
1407 734 1504 782 eum.
1522 739 1539 774 a
1560 713 1638 781 Non
1662 707 1818 780 confun-

229 832 351 922 detur,
370 861 387 897 >r
406 829 444 903 id
461 844 605 903 estnon
622 828 807 904 erubescet
826 830 1012 904 frustratus
1028 851 1092 903 sua
1108 853 1184 929 spe.
1210 829 1296 902 Ideo
1312 828 1399 900 dicit
1413 827 1571 926 lapidem
1590 825 1818 916 offensionis,

229 963 265 1022 et
280 965 419 1049 petram
445 949 617 1039 scandali,
641 964 677 1022 et
704 947 774 1021 hoc
801 948 838 1021 in
871 949 1057 1049 Prophetis
1080 951 1285 1048 frequenter
1310 948 1440 1037 evenit,
1469 948 1568 1019 utin
1594 945 1719 1018 eadem
1740 970 1820 1018 sen·

230 1071 340 1143 tentia
360 1071 543 1152 varientur
563 1068 684 1141 verba.
714 1099 731 1135 α
754 1069 855 1141 Sion.
887 1096 905 1136 u
934 1071 973 1141 ln
1006 1069 1154 1169 speculo
1179 1068 1311 1142 dicitur
1341 1067 1519 1149 Ecclesia,
1544 1067 1682 1165 quaein
1708 1063 1819 1138 altum

231 1212 269 1259 se
292 1213 356 1286 per
377 1189 594 1262 desiderium
621 1187 785 1261 attollens
807 1212 955 1260 omnem
981 1212 1083 1261 suam
1114 1188 1264 1261 sollicite
1284 1211 1392 1287 quarn
1419 1185 1528 1258 habet
1551 1186 1727 1259 actionem
1753 1186 1821 1257 cir-

232 1302 432 1407 cumspicit,
451 1334 497 1382 ne
514 1331 711 1407 supernum
729 1308 805 1406 ejus
820 1306 993 1406 impediat
1009 1306 1239 1380 desiderium.

284 1457 302 1493 a
321 1432 505 1502 Fratres.»
524 1432 576 1501 Ne
599 1428 779 1501 rideretur
800 1429 989 1526 Apostolus
1012 1409 1076 1527 qui
1097 1452 1118 1500 a
1140 1426 1270 1500 ludaeis
1287 1439 1498 1516 recesserat,
1524 1452 1566 1499 ex
1589 1425 1710 1525 aliquo
1735 1425 1821 1498 odio

233 1549 345 1645 magis
370 1571 480 1646 quam
503 1572 545 1620 ex
566 1547 684 1619 studio
705 1547 905 1644 corrigendi
930 1572 992 1620 eos
1007 1548 1240 1646 vituperasse,
1261 1548 1417 1621 ostendit
1435 1549 1471 1620 in
1496 1547 1624 1620 ellectu
1646 1561 1822 1645 quantum

232 1668 389 1739 caritatis
411 1667 579 1740 allectum
597 1668 633 1739 in
660 1692 723 1739 eos
739 1680 774 1738 et
792 1668 1080 1767 compassionem
1096 1667 1241 1760 habeat,
1267 1667 1390 1742 dicens
1407 1692 1445 1742 se
1464 1670 1598 1741 intente
1623 1692 1689 1766 pro
1711 1666 1822 1770 salute

231 1808 358 1858 eorum
381 1789 499 1859 Deum
526 1811 686 1860 exorare.
715 1789 808 1858 Cum
832 1788 928 1859 enim
951 1786 1051 1878 dicit,
1083 1787 1280 1860 «Voluntas
1305 1787 1424 1860 cordis
1451 1803 1487 1860 ct
1513 1787 1724 1876 obsecratio,
1739 1818 1756 1851 r
1780 1811 1822 1858 ex

234 1904 426 1979 devotione
446 1905 567 1978 cordis
588 1906 789 1980 orationem
809 1907 1004 2005 procedere
1021 1907 1255 2000 demonstrat,
1278 1921 1314 1981 et
1338 1908 1450 2004 magis
1471 1931 1551 1979 eam
1574 1908 1611 1979 in
1632 1906 1824 1979 devotione

233 2049 341 2122 quarn
358 2025 393 2097 in
413 2025 532 2097 verbis
548 2026 755 2099 consistere.
780 2031 829 2098 Ac
851 2026 880 2097 si
899 2025 994 2099 dicat
1011 2054 1020 2100 a
1039 2028 1136 2101 Licet
1156 2029 1208 2100 sic
1230 2052 1293 2100 eos
1312 2028 1531 2126 vituperem,
1550 2041 1688 2119 tamen,
1712 2051 1735 2098 o
1760 2050 1824 2098 vos

233 2144 369 2234 fratres,
388 2166 492 2216 orare
508 2170 577 2244 pro
597 2145 666 2217 illis
682 2158 722 2218 ut
742 2143 923 2218 salventur
940 2172 1015 2218 non
1038 2147 1184 2220 desist0.
1207 2147 1309 2220 Unde
1328 2161 1363 2219 et
1383 2146 1537 2219 Ecclesia
1559 2147 1706 2244 singulis
1723 2146 1826 2218 annis

233 2262 423 2360 specialem
449 2288 516 2364 pro
539 2263 669 2336 tudaeis
689 2265 890 2338 orationem
916 2264 1038 2360 habet,
1065 2281 1105 2338 ut
1132 2267 1230 2339 Deus
1257 2267 1394 2339 autern
1419 2266 1581 2339 velamen
1608 2289 1629 2336 a
1655 2265 1825 2338 cordibus

234 2403 375 2474 eorum,
391 2396 427 2455 et
441 2385 560 2481 agnita
581 2385 728 2456 veritate
748 2407 828 2480 quae
848 2383 1008 2456 Christus
1025 2399 1091 2480 est,
1113 2384 1160 2457 ad
1179 2384 1299 2484 ipsum
1315 2400 1586 2458 convertantur.
1606 2390 1743 2457 Fratres
1763 2410 1825 2457 eos

235 2500 366 2598 quibus
390 2503 511 2575 scribit
536 2503 737 2603 Apostolus,
762 2503 861 2595 dicit,
889 2504 1088 2578 secuudum
1114 2506 1215 2603 quod
1231 2506 1370 2577 Veritas
1385 2506 1479 2577 air:
1502 2507 1626 2576 «Unus
1651 2519 1703 2576 est
1729 2505 1826 2576 enim

234 2634 336 2718 pater
352 2636 467 2696 vester
482 2625 544 2720 qui
559 2622 595 2694 in
613 2622 711 2696 coelis
730 2637 796 2714 est,
810 2652 828 2690 n
849 2638 889 2696 ut
910 2623 986 2720 ejus
1009 2625 1276 2724 correptionem
1294 2626 1394 2723 quasi
1418 2625 1560 2697 airatre
1583 2637 1619 2696 et
1640 2647 1823 2723 compare,

233 2765 307 2813 non
333 2744 532 2842 superiore,
557 2741 727 2817 libentius
753 2745 986 2842 susciperent.
1013 2742 1117 2815 Unde
1144 2742 1220 2816 haec
1248 2745 1345 2816 etin
1375 2744 1531 2818 Ecclesia
1558 2742 1708 2817 inolevit
1738 2769 1828 2816 con-

234 2861 399 2953 suetudo,
418 2875 458 2934 ut
475 2862 511 2933 iu
528 2863 684 2935 exordiis
700 2862 911 2953 lectionum,
929 2887 1009 2961 quae
1024 2861 1071 2936 de
1088 2862 1257 2962 Epistolis
1274 2863 1481 2963 Apostolicis
1498 2877 1703 2956 sumuntur,
1722 2893 1740 2933 a
1759 2863 1829 2937 ira-

234 2992 305 3052 tres
318 3009 335 3050 n
363 2980 640 3082 praenuncietur.
665 2983 758 3071 Quia
778 2997 898 3056 autem
926 3007 994 3083 pro
1023 2982 1153 3056 rudeis
1178 2983 1357 3057 orandum
1374 3000 1440 3079 est,
1459 2985 1516 3058 vel
1532 3009 1659 3059 eorum
1675 2981 1829 3057 maxime

234 3101 347 3172 errori
371 3101 413 3173 sit
436 3100 749 3199 compatiendum,
770 3103 941 3202 supponit
958 3103 1080 3175 dicens
1102 3130 1110 3174 ε
1132 3132 1150 3172 «
1170 3105 1428 3176 Testimonium
1444 3105 1540 3176 enim
1560 3101 1767 3202 perhibeo»
1786 3129 1829 3176 ex

234 3219 388 3319 meipso
405 3220 469 3316 qui
485 3220 573 3293 olim
591 3221 751 3294 similiter
768 3220 953 3294 faciebam.
978 3253 995 3288 α
1011 3220 1204 3295 AEmulatio
1221 3235 1366 3294 estnon
1382 3222 1581 3294 secundum
1598 3223 1793 3294 scientiam.
1808 3252 1826 3290 u

234 3339 274 3411 ld
293 3355 347 3412 est
371 3340 487 3413 zelum
509 3340 646 3414 habent
670 3343 706 3413 in
729 3346 846 3414 Deum
868 3366 943 3413 non
967 3339 1216 3413 rationabilem
1240 3366 1308 3413 nec
1327 3341 1486 3432 bonum,
1512 3342 1597 3436 quia
1618 3365 1826 3430 erroneum,

233 3473 400 3558 putantes
414 3459 546 3533 scilicet
562 3461 661 3559 quod
676 3486 751 3533 non
771 3475 835 3547 est,
851 3461 952 3559 juxta
966 3459 1055 3534 illud
1075 3461 1262 3533 Veritatis¹
1279 3488 1288 3531 ε
1311 3488 1329 3529 a
1345 3461 1452 3534 Venit
1468 3461 1560 3533 hora
1575 3475 1616 3533 ut
1633 3461 1753 3533 omnis
1766 3465 1828 3559 qui

234 3577 410 3650 interiecit
428 3604 490 3651 vos
508 3579 699 3653 arbitretur
714 3579 929 3678 obsequium
954 3605 992 3653 sc
1016 3594 1183 3679 praestare
1208 3584 1304 3672 Deo,
1328 3594 1364 3652 et
1386 3579 1463 3652 haec
1488 3579 1633 3672 facient,
1653 3581 1828 3678 quianon

234 3712 415 3770 noverunt
432 3702 585 3792 Patrem,
600 3725 718 3799 neque
733 3726 801 3773 me.
820 3730 839 3770 u
853 3699 955 3773 Zelus
968 3701 1042 3773 sive
1055 3699 1174 3773 bonus
1187 3700 1261 3773 sire
1275 3700 1390 3773 malus
1406 3699 1536 3772 dicitur
1551 3700 1670 3773 ferror
1681 3698 1830 3798 quilibet

235 3831 342 3915 atque
372 3820 570 3892 commotio
599 3822 739 3893 accensi
767 3821 878 3893 animi
903 3821 948 3893 ad
977 3820 1113 3917 aliquid
1140 3820 1350 3917 gerendum.
1379 3820 1576 3908 Quomodo
1605 3835 1725 3894 autem
1756 3845 1830 3893 nou

235 3938 434 4011 secundum
457 3940 643 4012 scientiam
664 3941 782 4013 statim
806 3940 986 4038 adjungit,
1006 3939 1129 4012 dicens
1155 3964 1164 4010 r
1193 3969 1211 4009 n
1237 3928 1446 4038 Ignorantes
1468 3941 1565 4012 enim
1589 3971 1607 4007 υ
1634 3965 1713 4040 quae
1735 3945 1833 4014 Deus

235 4057 434 4155 approbat,
455 4087 474 4128 a
499 4059 672 4155 justitiam
693 4088 711 4128 u
739 4084 819 4158 quae
843 4075 897 4133 est
916 4059 1079 4132 videlicet
1106 4083 1150 4132 ex
1173 4056 1246 4131 fide
1269 4058 1421 4152 Christi,
1447 4089 1465 4129 n
1487 4075 1521 4132 et
1543 4085 1665 4144 suam,
1684 4090 1702 4129 u
1722 4056 1830 4133 idest
1878 4088 1882 4103 .

235 4200 342 4275 quarn
360 4180 428 4278 ipsi
445 4203 513 4279 pro
529 4179 668 4277 justitia
685 4193 853 4280 reputant
869 4194 905 4254 et
920 4178 1136 4279 approbant,
1154 4180 1192 4251 in
1209 4179 1443 4253 observantiis
1461 4181 1594 4253 scilicet
1608 4180 1829 4270 carnalibus,

237 4324 257 4364 a
270 4296 433 4371 volentes
454 4311 626 4391 statuere,
650 4329 669 4364 n
695 4299 733 4372 id
748 4314 800 4372 est
815 4299 1038 4373 immobilem
1055 4299 1278 4392 conservari,
1301 4328 1319 4368 a
1338 4300 1481 4396 justitiae
1496 4300 1580 4389 Dei,
1602 4330 1620 4367 a
1640 4298 1677 4372 id
1696 4315 1748 4373 est
1764 4300 1832 4373 illis

234 4417 302 4489 Dei
317 4420 503 4518 praeceptis
514 4442 594 4515 quae
609 4417 821 4493 obedientes
833 4418 1040 4516 justificant,
1053 4449 1071 4485 α
1084 4442 1160 4490 non
1178 4432 1260 4491 sunt
1277 4417 1442 4516 subjecti,
1453 4448 1471 4486 n
1484 4417 1520 4490 id
1533 4435 1586 4492 est
1601 4419 1829 4511 obedientes3

233 4535 342 4632 quale
359 4549 412 4607 est
426 4536 559 4609 illud⁸t
582 4566 600 4603 α
623 4536 775 4610 Creditis
797 4539 835 4610 in
863 4537 1004 4610 Deum?
1034 4551 1070 4610 et
1093 4538 1130 4609 in
1155 4562 1214 4610 me
1230 4536 1376 4610 credite.
1393 4569 1411 4604 n
1432 4566 1449 4606 a
1468 4538 1563 4611 Finis
1578 4540 1688 4611 enirn.
1705 4567 1724 4608 u
1742 4541 1832 4612 Vere

234 4655 442 4751 ignorantes
457 4656 524 4728 Dei
537 4656 724 4753 justitiam,
738 4658 823 4755 quia
840 4655 950 4729 fidem
965 4656 1095 4729 Christi
1111 4682 1187 4729 non
1203 4655 1350 4750 hahent,
1370 4681 1442 4755 qua
1458 4660 1703 4758 unusquisque
1719 4655 1832 4729 fidelis

232 4771 458 4871 justificatur.
476 4776 585 4864 Quod
602 4803 689 4851 vero
707 4802 749 4850 cx
767 4775 839 4849 fide
854 4777 985 4850 Christi
1001 4778 1153 4876 quisque
1165 4776 1391 4874 justificetur,
1403 4792 1441 4850 et
1457 4803 1531 4851 non
1549 4803 1590 4850 ex
1607 4801 1671 4850 sua
1682 4777 1828 4874 justitia,

237 4892 404 4994 legalium
431 4895 565 4971 scilicet
592 4922 768 4999 operum,
795 4899 846 4971 sic
868 4896 977 4994 dicit,
995 4899 1079 4998 quia
1097 4925 1116 4967 a
1135 4899 1235 4970 omni
1259 4898 1436 4990 credenti,
1458 4929 1475 4963 n
1501 4897 1539 4970 id
1560 4910 1613 4969 est
1637 4896 1830 4994 unicuique

270 5167 385 5236 ¹lant„
397 5187 452 5239 cap.
465 5187 539 5235 mn,
551 5188 575 5226 r.
590 5175 614 5228 9.
625 5201 654 5213 -
666 5177 675 5208 ¹
689 5174 776 5248 locun
786 5215 792 5241 ,
804 5190 859 5242 cap.
873 5189 927 5241 xrt,
942 5189 965 5226 r.
977 5180 1002 5230 2.
1016 5199 1044 5213 -
1057 5175 1067 5208 ⁸
1078 5173 1177 5238 roam,
1189 5189 1244 5241 cap.
1258 5188 1308 5240 nr,
1325 5187 1348 5228 r.
1362 5176 1384 5230 1.

353 5283 378 5322 rr
1672 5266 1711 5326 38
