4559 6100
754 505 1010 579 THEOLOGlA
1037 504 1311 580 cflutsrtlul.
1759 507 1830 579 545

236 654 343 729 donis
365 678 437 726 suae
460 653 598 749 gratiae¹
615 667 788 750 vegetata,
815 677 904 752 quas
931 678 1054 726 rursus
1073 654 1265 726 animalem
1280 654 1392 727 vitam
1411 654 1517 725 nobis
1532 667 1669 727 certum
1690 668 1742 727 est
1764 655 1831 726 im·

240 776 383 874 pertire.
412 778 552 845 Patrem
570 772 747 873 suum,id
765 786 820 846 est
841 778 976 871 Noym,
1000 772 1088 845 dicit
1110 774 1269 847 animam
1293 773 1395 846 indui
1419 773 1455 845 in
1478 797 1520 846 ea
1544 797 1608 846 sua
1624 775 1659 845 vi
1685 799 1756 873 qua
1777 774 1832 845 in·

241 910 374 980 tuetur,
397 894 469 967 hoc
485 906 539 965 est
559 894 699 967 ratione
715 893 828 965 utitur
847 921 857 965 ε
876 894 959 992 quia
979 918 1024 966 ex
1044 894 1183 966 ratione
1197 917 1309 993 quam
1324 893 1435 967 habet
1455 894 1649 966 maximam
1670 893 1832 965 similitu·

241 1013 363 1086 dinem
379 1038 464 1087 cum
483 1012 606 1085 divina
620 1013 794 1111 sapientia
809 1025 917 1105 tenet,
937 1037 1021 1085 cum
1036 1013 1130 1086 ratio
1145 1015 1300 1086 maxime
1317 1014 1362 1085 sit
1378 1012 1615 1085 adscribenda
1630 1013 1830 1111 Sapientiae.

242 1133 416 1206 Paulatim
440 1133 561 1205 anima
581 1132 618 1203 in
636 1155 790 1231 corpora
811 1132 967 1231 respicit,
992 1134 1077 1231 quia
1099 1132 1146 1204 ad
1162 1134 1469 1231 comparationem
1491 1130 1724 1232 plenitudinis
1740 1130 1835 1204 illius

240 1254 371 1325 summi
399 1251 500 1339 Boni,
530 1250 714 1324 modicum
739 1266 793 1324 est
818 1251 995 1349 quidquid
1020 1252 1209 1342 habemus,
1238 1268 1530 1352 quantacumque
1551 1252 1649 1329 dona
1664 1252 1835 1323 virtutum

239 1369 287 1443 ab
310 1372 389 1469 ipso
410 1372 683 1470 susceperimus.
705 1374 900 1444 Possumus
923 1373 1029 1444 etiam
1053 1372 1090 1443 in
1111 1395 1157 1444 eo
1175 1371 1346 1472 paulatim
1364 1371 1501 1444 dictum
1524 1396 1600 1443 esse
1623 1369 1830 1466 intelligere,

240 1491 341 1587 quod
357 1490 572 1588 quibusdam
593 1489 762 1587 gradibus
782 1517 847 1591 per
862 1491 1048 1564 intervalla
1064 1506 1270 1590 temporum
1293 1515 1315 1563 a
1331 1492 1490 1564 minimis
1510 1491 1558 1564 ad
1574 1492 1731 1565 maxima
1753 1491 1834 1589 Spi-

228 1596 330 1674 'ritus
346 1628 431 1675 suos
447 1601 569 1674 fideles
590 1618 822 1702 promoveat,
851 1627 920 1675 nec
941 1627 1006 1676 sua
1021 1602 1127 1674 simul
1143 1602 1306 1677 conserat
1326 1604 1436 1676 dona.
1464 1606 1687 1700 Degenerare
1705 1600 1836 1673 dicitur

241 1722 362 1794 anima
379 1722 415 1794 iu
433 1722 512 1821 ipso
536 1747 607 1793 suae
622 1722 845 1821 operationis
861 1722 1004 1814 ellectu,
1022 1747 1066 1794 ex
1081 1747 1156 1821 quo
1172 1723 1294 1795 anima
1309 1721 1404 1794 dicta
1418 1735 1483 1814 est,
1509 1745 1594 1793 cum
1608 1746 1683 1793 non
1700 1721 1745 1791 sit
1761 1719 1835 1792 hoc

240 1854 428 1935 aeternum,
448 1840 512 1913 sed
533 1841 748 1939 temporale,
769 1840 869 1939 quod
886 1855 1068 1940 operatur.
1088 1846 1130 1913 ln
1153 1866 1242 1938 quo,
1259 1842 1297 1913 ni
1323 1841 1439 1932 fallor,
1462 1839 1551 1913 illud
1579 1839 1680 1912 facile
1701 1853 1754 1912 est
1770 1838 1835 1911 ab·

240 1959 345 2051 solvi,
364 1959 465 2059 quod
490 1959 591 2033 Plato
613 1961 771 2032 animam
787 1960 915 2035 mundi
940 1960 1126 2058 incoepisse
1145 1960 1312 2054 voluerit,
1340 1986 1407 2034 nee
1425 1976 1639 2033 coaeternam
1665 1984 1742 2032 esse
1756 1962 1835 2031 Deo

240 2093 277 2150 et
294 2080 419 2151 menti.
448 2083 540 2151 Cum
563 2080 662 2152 euim
686 2080 859 2178 Spiritum
880 2094 1045 2151 sanctum
1070 2080 1230 2154 animam
1249 2082 1361 2178 magis
1384 2104 1494 2179 quam
1516 2081 1690 2179 Spiritum
1716 2079 1837 2179 appel·

239 2196 378 2291 laverit,
400 2199 502 2295 quasi
523 2197 570 2271 ab
587 2197 797 2289 animando,
816 2199 889 2271 hoc
901 2190 956 2271 est
972 2197 1189 2272 vivificando
1209 2225 1278 2272 nos
1293 2180 1399 2272 donis
1415 2225 1487 2272 suae
1505 2200 1624 2296 gratiae
1639 2224 1705 2298 per
1719 2201 1835 2272 incre·

241 2331 362 2391 menta
378 2317 569 2407 virtutum,
593 2341 668 2390 non
696 2342 838 2416 semper
863 2317 1015 2416 Spiritus
1038 2317 1159 2390 anima
1177 2318 1262 2412 luit,
1287 2318 1397 2392 idest
1421 2317 1622 2407 vivificans3
1648 2318 1733 2417 quia
1756 2317 1835 2390 duae

242 2435 407 2508 nondum
419 2451 591 2511 creatura
605 2452 735 2529 essent,
754 2436 886 2535 quihus
900 2437 998 2510 dona
1012 2460 1077 2508 sua
1092 2436 1332 2531 distribueret,
1351 2439 1389 2509 in
1402 2437 1479 2511 illas
1492 2437 1675 2510 donorum
1688 2461 1837 2510 suorum

241 2553 531 2628 distributionem
557 2581 632 2628 non
651 2555 850 2631 exercebat.
870 2557 969 2628 Sicut
984 2580 1070 2653 ergo
1092 2557 1266 2655 Spiritum
1284 2560 1456 2631 Sanctum
1471 2558 1535 2656 qui
1560 2558 1598 2627 in
1622 2581 1659 2628 se
1685 2571 1739 2628 est
1756 2581 1837 2629 om·

239 2672 330 2745 uino
349 2673 512 2774 simplex,
532 2674 766 2773 multiplicem
783 2689 903 2749 tamen
919 2673 1085 2763 dicimus,
1104 2688 1141 2747 et
1156 2678 1218 2747 Vll
1236 2677 1389 2775 Spiritus
1401 2675 1623 2775 appellamus
1636 2673 1836 2751 secundum

237 2790 481 2867 diversitatem
506 2794 688 2867 donorum
710 2821 718 2865 ε
740 2795 790 2866 ita
812 2795 920 2869 etiam
936 2791 1178 2893 Philosophus
1196 2795 1366 2868 eumdem
1388 2796 1502 2893 quiin
1522 2795 1674 2867 essentia
1691 2795 1838 2893 propria

239 2912 472 2985 essentialiter
492 2913 669 3007 subsistit,
688 2914 878 3012 incoepisse
900 2926 1077 3010 quantum
1092 2914 1139 2986 ad
1158 2914 1283 2988 effecta
1301 2918 1365 2988 sua
1380 2914 1515 3004 voluit,
1534 2938 1576 2985 ex
1600 2913 1732 3010 quihus
1754 2939 1837 2986 eum

240 3030 400 3105 animam
426 3033 539 3130 magis
555 3058 665 3131 quam
682 3033 854 3131 Spiritum
869 3033 1113 3132 appellaverit.
1140 3035 1293 3132 Spiritus
1309 3022 1445 3133 quippe
1460 3057 1595 3105 nomen
1613 3047 1665 3105 est
1684 3048 1834 3128 naturae,

241 3150 365 3226 anima
392 3174 479 3223 vero
507 3150 631 3239 officii,
660 3150 707 3224 ab
725 3150 921 3225 animando
947 3151 1094 3225 scilicet.
1131 3154 1230 3225 Sicut
1256 3177 1342 3251 ergo
1369 3154 1467 3250 ipsos
1492 3150 1652 3223 coelestes
1686 3153 1838 3250 Spiritus

239 3292 384 3366 semper
411 3269 560 3366 quidem
585 3271 755 3368 Spiritus,
782 3269 845 3346 sed
871 3294 948 3342 non
971 3294 1113 3368 semper
1136 3272 1283 3367 angelos
1308 3296 1386 3345 esse
1410 3269 1640 3370 profitemur,
1668 3294 1713 3341 eo
1737 3271 1838 3367 quod

239 3387 396 3483 Angelus
411 3413 546 3464 nomen
564 3391 610 3461 sit
625 3388 753 3481 officii,
771 3413 848 3464 non
863 3402 1001 3461 naturae
1017 3416 1025 3462 z
1044 3404 1079 3461 et
1097 3391 1296 3462 Dominum
1311 3394 1425 3463 lusum
1444 3392 1626 3461 Cnrrsrnu
1637 3388 1837 3461 secundum

239 3507 503 3582 humanitatem
528 3509 738 3608 inooepisse,
766 3505 967 3580 secundnm
995 3533 1081 3580 vero
1109 3507 1332 3582 divinitatem
1355 3515 1531 3580 aeteruum
1557 3532 1633 3584 esse
1661 3508 1838 3607 praedica·

239 3649 324 3697 rnus
344 3652 353 3697 ε
374 3627 423 3697 ita
440 3639 477 3699 et
492 3626 665 3723 Spiritum
681 3629 867 3715 Sanctum,
885 3626 1363 3710 secundumsubsistentiam
1372 3628 1625 3721 essentiaesuae,
1647 3640 1834 3719 aetemum,

236 3742 443 3816 secundum
460 3745 586 3818 effecta
600 3770 701 3839 vero,
721 3745 911 3843 incoepisse
926 3745 1102 3840 dicamus,
1122 3745 1224 3843 quod
1237 3757 1291 3820 est
1306 3746 1425 3820 dicere
1447 3746 1571 3819 ellecta
1589 3747 1708 3845 potius
1724 3769 1838 3843 quam

235 3863 361 3961 ipsum
388 3864 598 3961 incoepisse3
629 3878 665 3936 et
689 3861 789 3937 huno
812 3865 961 3962 quidem
990 3864 1200 3964 Philosophi
1226 3889 1370 3938 sensum
1395 3890 1472 3937 esse
1500 3864 1658 3940 arbitror
1682 3863 1750 3936 sub
1776 3864 1838 3937 illo

235 3982 371 4055 animae
397 3995 498 4080 typo,
517 4006 591 4079 quo
606 4006 687 4055 eam
703 3998 859 4057 creatam
880 3971 976 4078 esse,
996 3984 1034 4057 id
1050 4000 1104 4058 est
1119 3985 1308 4080 iucoepisse
1324 3983 1503 4083 perhibet,
1525 3999 1562 4062 et
1578 3981 1679 4081 quasi
1696 3998 1839 4082 tempo·

235 4100 356 4174 nalem
372 4126 540 4174 essenon
558 4118 746 4194 aeternam3
763 4104 864 4201 juxta
880 4127 990 4202 quem
1006 4118 1041 4176 et
1058 4104 1262 4179 Macrobius
1276 4106 1405 4176 animae
1421 4104 1488 4201 ipsi
1505 4117 1580 4178 tam
1596 4107 1713 4175 Deum
1729 4128 1838 4201 quam
1946 4191 1951 4200 .

234 4223 360 4318 Noym
378 4221 543 4320 praeserro
557 4247 632 4296 non
648 4221 831 4299 abhorret.
856 4227 972 4298 Vocet
992 4225 1112 4322 itaque
1136 4224 1310 4324 Spiritum
1333 4227 1506 4297 Sanctum
1535 4224 1633 4296 Plato
1662 4224 1835 4313 animam,

232 4340 444 4420 secundum
459 4340 625 4413 ellectum
639 4365 812 4440 operum;
834 4368 901 4416 uos
925 4368 1012 4416 vero
1033 4343 1195 4418 dieamus
1216 4344 1403 4444 Spiritum,
1425 4343 1624 4416 secundum
1641 4343 1839 4422 naturalem

231 4482 316 4532 suae
330 4457 500 4534 bonitatis
521 4460 704 4551 ellectum,
727 4486 836 4559 quem
855 4463 906 4536 ita
921 4461 969 4535 ab
989 4477 1123 4538 aeternn
1143 4462 1284 4556 babuit,
1299 4477 1340 4534 ut
1355 4476 1442 4534 tunc
1461 4443 1572 4561 opere
1588 4488 1672 4535 eum
1695 4462 1842 4560 impleat

229 4577 393 4677 quando
405 4578 633 4676 implendum
648 4604 724 4652 esse
735 4581 909 4680 praevidit.
924 4582 1028 4654 Dicat
1041 4580 1101 4653 ille
1113 4582 1272 4658 animam
1286 4581 1473 4680 incoepisse
1486 4581 1686 4654 secundum
1698 4581 1836 4669 effecta,

229 4722 312 4776 nos
334 4722 420 4774 vero
444 4697 616 4796 Spiritum
642 4699 679 4770 in
706 4698 836 4771 ellectu
860 4724 931 4772 suae
955 4699 1125 4773 honitatis
1149 4700 1361 4774 aeternaliter
1385 4724 1624 4799 perseverare.
1654 4701 1757 4771 Dicat
1781 4697 1841 4768 ille

229 4817 404 4891 animam
429 4816 630 4917 incoepisse,
651 4841 719 4889 nos
742 4818 914 4917 Spiritum
935 4819 1086 4893 omnino
1104 4834 1278 4893 aetemum
1295 4844 1385 4894 esse.
1410 4820 1463 4892 Sit
1483 4822 1663 4919 processio
1688 4816 1839 4917 Spiritus

273 5098 280 5125 ¹
294 5091 343 5144 lltr
355 5094 380 5142 tn
392 5091 694 5157 assuritanorum
708 5108 809 5147 uacuum
822 5094 934 5146 rellatum
946 5103 991 5147 est.

365 5203 390 5241 11
