4559 6100
369 645 380 673 0
750 574 1004 649 annotatur
1038 576 1313 649 ctttttsntttn.
1752 580 1817 652 431

233 747 274 805 ut
286 728 464 806 custodiat
481 741 517 798 te
534 749 555 798 a
572 724 721 798 muliere
738 739 917 819 extranea,
937 751 1016 824 quae
1034 725 1144 799 verba
1160 751 1224 799 soa
1240 723 1360 798 dulcia
1378 724 1471 797 lacit.
1492 730 1545 798 De
1563 725 1716 802 fenestra
1733 732 1829 805 enim

234 852 367 927 domus
389 872 477 922 meae
499 847 668 946 prospexi
685 847 872 943 juvenem,
900 860 937 918 et
963 871 1046 919 ecce
1076 843 1204 920 mulier
1229 845 1386 916 occurrit
1410 845 1444 916 ei
1468 861 1598 918 ornatu
1629 851 1830 923 meretricio

236 985 433 1071 praeparata
457 966 504 1041 ad
532 966 725 1066 capiendas
750 970 902 1042 animas.
926 967 1053 1040 Statim
1077 990 1155 1039 earn
1184 964 1374 1062 sequitnr¹‚
1402 967 1505 1060 quasi
1533 966 1601 1038 bos
1629 968 1759 1040 ductus
1787 969 1834 1042 ad

235 1094 430 1182 victimam,
459 1089 627 1186 ignorans
650 1088 751 1186 quod
776 1089 822 1161 ad
844 1087 988 1159 vincula
1011 1085 1139 1159 stultus
1159 1085 1334 1174 trabatur,
1359 1084 1477 1157 donec
1500 1086 1683 1185 transligat
1707 1089 1832 1189 sagitta

236 1237 301 1286 cor
326 1213 415 1310 ejus,
442 1209 541 1282 velut
563 1210 593 1280 si
616 1210 690 1282 avis
714 1209 855 1284 festinet
874 1208 919 1282 ad
942 1207 1131 1306 laqueum3
1159 1219 1195 1279 et
1216 1207 1331 1279 nescit
1356 1207 1439 1303 quia
1463 1205 1509 1279 de
1527 1209 1688 1308 periculo
1708 1212 1835 1284 animae

236 1333 329 1406 illius
346 1333 475 1429 agitur.
497 1335 600 1404 Nunc
616 1355 716 1428 ergo,
736 1330 864 1417 filimi,
885 1330 969 1403 audi
989 1354 1060 1422 me,
1076 1353 1123 1400 ne
1140 1326 1367 1400 abstrahatur
1384 1328 1420 1398 in
1437 1328 1501 1398 viis
1518 1328 1612 1401 illius
1627 1355 1729 1402 mens
1748 1346 1832 1424 tua,

236 1476 355 1551 neque
382 1451 572 1550 decipiaris
599 1452 735 1523 semitis
764 1453 861 1549 ejus;
894 1449 1026 1522 multos
1062 1449 1159 1520 enim
1181 1448 1388 1519 vulneratos
1413 1447 1564 1544 dejecit,
1594 1464 1630 1521 et
1656 1449 1837 1524 fortissimi

236 1573 372 1670 quique
394 1570 570 1643 interfecti
593 1584 678 1643 sunt
700 1570 747 1643 ab
771 1597 823 1643 ea.
846 1572 919 1642 Viae
936 1569 1039 1642 inseri
1056 1568 1188 1639 domus
1211 1566 1287 1663 ejus
1302 1580 1530 1665 penetrantes
1548 1568 1594 1641 ad
1612 1570 1833 1644 iuferiora.»

239 1691 337 1764 Idem
363 1693 400 1764 in
419 1689 647 1763 Ecclesiaste*
666 1717 674 1761 ε
696 1691 885 1764 «Lustravi
906 1691 1071 1763 universa
1091 1688 1213 1760 auimo
1228 1713 1324 1778 mec,
1349 1701 1388 1759 ut
1406 1713 1601 1786 quaererem
1618 1692 1835 1790 Sapientiam

240 1827 275 1884 et
303 1813 493 1901 rationem,
518 1825 554 1883 et
571 1812 692 1884 inveni
715 1814 930 1885 amariorem
951 1827 1069 1884 morte
1101 1810 1308 1897 mulierem,
1341 1835 1419 1907 quae
1447 1810 1596 1909 laqueus
1623 1791 1838 1886 venatortim

241 1946 306 2024 est,
325 1946 360 2005 et
376 1956 507 2029 sagena
524 1956 589 2004 cor
606 1939 695 2031 ejus.
713 1933 986 2005 Vincutaenim
1004 1943 1087 2004 sunt
1105 1955 1233 2002 manus
1253 1930 1359 2002 illius.
1380 1931 1451 2018 Qui
1470 1930 1586 2028 placet
1602 1937 1679 2003 Deo
1697 1933 1841 2031 ellugiet

241 2078 341 2146 eam;
362 2056 425 2153 qui
443 2067 563 2126 autem
580 2068 749 2151 peccator
766 2068 831 2147 est,
858 2055 1018 2154 capietur
1040 2052 1087 2125 ab
1108 2076 1163 2124 ea.
1182 2083 1199 2118 ιι
1220 2053 1351 2123 ltem⁸2
1376 2052 1526 2123 «Virum
1544 2052 1590 2125 de
1608 2053 1705 2126 mille
1727 2081 1840 2130 unum

242 2175 372 2272 reperi,
393 2172 579 2245 mulierem
598 2198 642 2245 ex
663 2173 833 2246 omnibus
847 2199 922 2245 non
940 2174 1099 2246 inveni.»
1116 2173 1179 2243 His
1194 2186 1230 2244 et
1246 2172 1304 2244 illa
1316 2188 1518 2244 consonant
1535 2172 1580 2245 de
1596 2174 1843 2248 Ecclesiastico

242 2292 289 2365 de
312 2294 481 2366 molestiis
501 2308 536 2364 et
559 2294 762 2391 periculoso
789 2294 1004 2366 laminarum
1029 2293 1213 2365 consortio
1233 2306 1305 2362 tam
1332 2292 1562 2389 propriarum
1590 2319 1700 2391 quam
1724 2311 1839 2368 extra-

243 2417 442 2485 nearum⁸z
474 2443 491 2482 ιι
510 2418 589 2485 Νοιι
625 2416 716 2486 zeles
744 2413 931 2487 mulierem
960 2415 1060 2486 sinus
1090 2414 1161 2502 tui,
1194 2437 1241 2484 ne
1272 2412 1439 2485 ostendat
1472 2413 1645 2486 malitiam
1672 2415 1843 2489 doctrina

244 2559 414 2632 nequam.
429 2539 481 2607 Ne
498 2535 562 2607 des
578 2535 719 2607 mulieri
735 2549 947 2632 potestatem
964 2535 1091 2606 animae
1109 2549 1192 2625 tuae,
1212 2557 1258 2605 ne
1273 2532 1495 2629 ingrediatur
1511 2535 1547 2605 in
1566 2537 1733 2608 virtutem
1743 2553 1843 2609 tuam

245 2671 281 2728 et
295 2655 542 2729 confundaris.
559 2660 638 2729 Non
657 2657 824 2754 respicies
837 2655 1024 2728 mulierem
1041 2655 1278 2746 multivolam,
1303 2679 1349 2725 ne
1371 2654 1461 2727 lorte
1484 2657 1619 2730 incidas
1644 2659 1682 2730 in
1699 2658 1846 2757 laqueos

246 2776 350 2848 illius.
371 2808 387 2844 ιι
414 2782 549 2850 ltem⁸z
572 2777 794 2875 «Operarius
811 2775 972 2848 ebriosus
992 2799 1067 2847 non
1087 2773 1384 2875 locupletabitur,
1404 2777 1518 2874 etqui
1535 2781 1843 2876 spernitmodica‚

247 2898 419 2995 paulatim
445 2896 598 2970 decidet.
624 2899 758 2970 Vinum
782 2912 818 2969 et
845 2897 1012 2970 mulieres
1038 2911 1239 2999 apostatare
1264 2896 1399 2968 faciunt
1427 2900 1605 2997 sapientes
1630 2916 1665 2972 et
1692 2917 1846 2999 arguunt

248 3032 457 3091 sensatos.»
485 3020 592 3091 Item·
612 3042 620 3089 :
641 3018 795 3091 «Omnis
814 3017 917 3118 plaga
938 3019 1078 3093 tristitia
1102 3016 1222 3090 cordis
1245 3030 1310 3107 est,
1337 3029 1372 3089 et
1388 3020 1506 3090 omnis
1530 3021 1665 3094 malitia
1688 3023 1845 3120 nequitia

250 3140 419 3212 mulieris.
445 3143 525 3210 Non
548 3152 602 3210 est
623 3153 732 3237 caput
757 3140 911 3235 nequius
938 3164 1047 3237 super
1066 3139 1183 3235 capite
1207 3136 1361 3220 colubri,
1386 3153 1421 3209 et
1445 3164 1519 3211 non
1545 3140 1601 3231 ira,
1623 3165 1731 3239 super
1755 3144 1845 3217 iram

251 3259 420 3330 mulieris.
440 3258 666 3331 Commorari
683 3257 778 3329 leoni
796 3273 831 3329 et
849 3257 996 3329 draconi
1015 3255 1183 3356 placebit,
1203 3281 1312 3353 quam
1329 3255 1492 3330 babitare
1516 3283 1604 3359 cunr⁸
1623 3262 1771 3334 muliere
1788 3288 1848 3335 ne·

250 3403 373 3476 quam.
405 3379 525 3449 Brevis
550 3377 669 3449 omnis
692 3377 827 3448 malitia
853 3401 962 3473 super
985 3376 1157 3448 malitiam
1187 3374 1365 3468 mulieris,
1398 3400 1475 3447 sors
1497 3373 1728 3475 peccatorum
1753 3382 1850 3455 cadit

252 3523 359 3595 super
382 3521 474 3569 eam.
497 3494 623 3568 Mulier
642 3496 670 3567 si
688 3496 882 3595 primatum
903 3494 1054 3585 babeat,
1075 3495 1254 3567 contraria
1272 3508 1325 3565 est
1347 3495 1425 3566 viro
1440 3521 1519 3587 suo,
1544 3512 1578 3568 et
1596 3496 1698 3597 plaga
1725 3504 1852 3575 mortis

253 3615 383 3689 mulier
407 3641 577 3713 nequam.
599 3620 627 3686 Α
643 3614 791 3687 muliere
807 3615 950 3686 initium
969 3614 1100 3686 lactum
1125 3630 1178 3686 est
1201 3614 1353 3714 peccati,
1372 3629 1407 3686 et
1428 3640 1493 3713 per
1510 3615 1607 3689 illam
1624 3643 1751 3691 omnes
1769 3646 1851 3693 mo-

253 3738 379 3809 rimur.
402 3722 482 3808 Nou
505 3722 570 3808 de's
592 3759 693 3832 aquae
715 3748 785 3805 tuae
809 3733 956 3826 exitum,
978 3758 1046 3806 nec
1072 3734 1215 3806 mulieri
1240 3757 1398 3832 nequam
1419 3736 1561 3808 veniam
1585 3739 1853 3836 prodeundin

253 3855 457 3930 carnalibus
479 3857 550 3928 tuis
574 3855 720 3928 abscide
743 3853 854 3942 illam,
880 3877 927 3924 ne
949 3878 1091 3952 semper
1107 3853 1290 3926 abutatur.
1309 3885 1326 3920 a
1354 3859 1399 3926 Et
1420 3860 1584 3929 rursum'
1604 3888 1612 3930 ε
1634 3889 1652 3928 a
1667 3865 1705 3932 ln
1731 3862 1853 3936 medio

254 3978 445 4050 mulierum
457 3977 544 4048 nolo
560 3975 791 4063 commorari,
811 3972 857 4045 de
875 3974 1098 4046 vestimentis
1115 3974 1212 4046 enim
1230 3975 1395 4072 procedit
1411 3977 1520 4069 tinea,
1535 3994 1571 4051 et
1587 4005 1607 4052 a
1625 3981 1773 4055 muliere
1784 3984 1851 4055 ini·

255 4099 372 4197 quitas
390 4096 468 4169 viri.
496 4095 623 4168 Melior
645 4111 697 4168 est
712 4095 881 4192 iniquitas
897 4094 979 4182 viri,
994 4119 1104 4192 quam
1121 4093 1349 4168 benefaciens
1366 4098 1494 4170 mulier
1513 4114 1547 4171 et
1563 4101 1692 4174 mulier
1705 4105 1856 4176 conlun-

257 4219 346 4291 deus
369 4218 405 4288 in
429 4216 681 4316 opprobrium.
698 4244 715 4284 ιι
739 4216 832 4286 Hinc
855 4229 890 4287 et
913 4215 989 4313 ipsa
1014 4214 1197 4313 Sapientia
1216 4216 1254 4287 in
1278 4214 1423 4289 laudem
1446 4219 1626 4318 virginum
1648 4248 1709 4295 seu
1735 4226 1854 4297 conti·

259 4338 420 4411 nentium
445 4336 675 4435 proprumpit
701 4333 844 4407 dicens⁸
870 4363 878 4405 ι
908 4334 1037 4407 «Felix
1070 4336 1198 4407 sterilis
1224 4350 1259 4406 et
1284 4337 1574 4434 incoinquinata,
1606 4368 1685 4440 quae
1708 4346 1856 4417 nescivit

260 4459 406 4531 thorum
435 4458 472 4529 in
501 4456 646 4548 delicto,
677 4454 827 4528 babebit
852 4454 1008 4527 fructum
1037 4456 1073 4526 in
1104 4456 1327 4554 respectione
1353 4458 1554 4531 animarum
1575 4478 1793 4558 sanctarum,
1823 4481 1857 4538 et

259 4578 373 4678 spado
387 4578 449 4677 qui
466 4602 540 4649 non
559 4591 728 4676 operatus
744 4589 798 4647 est
813 4599 877 4674 per
896 4599 1024 4646 manus
1038 4600 1119 4646 suas
1136 4574 1373 4670 iniquitatem,
1404 4603 1479 4651 nou
1504 4582 1673 4678 cogitavit
1688 4584 1859 4658 adversus

260 4703 378 4772 Deum
405 4697 644 4796 nequissima;
674 4694 819 4768 dabitur
846 4695 942 4768 enim
971 4696 1004 4766 ei
1029 4692 1114 4767 lidei
1139 4693 1279 4766 donum
1303 4696 1471 4793 electum,
1500 4716 1535 4773 et
1560 4727 1638 4776 sors
1660 4706 1697 4777 in
1722 4705 1856 4804 templo

262 4820 328 4891 Dei
355 4818 651 4917 acceptissima.»
681 4818 724 4887 Et
751 4815 881 4887 iterum
909 4813 998 4887 illud
1026 4815 1128 4913 quod
1150 4816 1226 4912 jam
1257 4841 1365 4915 supra
1393 4823 1625 4918 posuimus’:
1659 4829 1721 4898 «Ο
1748 4851 1857 4922 quam

296 5133 302 5161 t
315 5130 403 5186 prov„
415 5142 469 5190 cap.
483 5139 526 5185 vn,
538 5140 562 5173 ιι.
574 5127 614 5176 22.
626 5151 653 5161 -
665 5125 675 5155 ²
685 5094 788 5184 decla„
797 5137 851 5187 cap,
865 5134 908 5183 vn,
920 5136 943 5174 ι.
956 5126 995 5175 26.
1008 5152 1036 5161 -
1092 5139 1115 5175 v.
1131 5125 1428 5190 l.-⁸Bccli.‚eap.xxr‚
1443 5144 1466 5181 ι.
1477 5133 1574 5195 ttetsq.
1586 5134 1720 5192 -2Ecctt,
1733 5152 1786 5203 cap.
1800 5155 1861 5205 ιιιι,
1921 5102 1924 5111 ¹

263 5208 395 5270 ὃ11ιι“ι1.,ιι.
409 5204 656 5268 29.-⁴1s‘ccli.,cap.
671 5217 732 5267 un.
743 5207 820 5257 l.-⁸
831 5204 977 5268 satanan.
986 5220 1036 5276 nx,
1091 5220 1113 5255 ι.
1127 5206 1165 5257 13.
1176 5233 1207 5244 -
1217 5208 1227 5237 ⁸
1238 5207 1312 5271 Sap„
1325 5223 1379 5271 cap.
1395 5223 1436 5272 tn,
1453 5224 1475 5261 ι.
1492 5213 1529 5264 13.
1543 5239 1572 5252 -
1584 5218 1594 5248 ⁰
1604 5218 1677 5285 Sap,
1689 5237 1744 5287 ⁰⁸1>-
1758 5240 1791 5291 u,
1803 5244 1827 5280 ‚0
1839 5235 1861 5280 1·
