4559 6100
476 588 548 661 338
1077 587 1199 663 PETRI
1223 586 1451 662 ABAELAlllll

477 738 669 811 manducet
688 767 696 810 ε
716 741 911 838 qniautem
938 740 1095 831 dubitat,
1122 765 1198 813 non
1227 739 1430 813 manducet.
1453 770 1470 805 n
1498 741 1548 808 Ex
1570 735 1732 809 Concilio
1750 737 1961 832 Gangrensi,
1982 752 2062 836 post

476 859 650 930 Nicenum
658 859 873 950 Concilium,
885 884 966 964 cap.
984 885 1027 932 11:
1043 862 1108 931 «Si
1121 861 1202 959 quis
1214 884 1359 933 carnem
1367 857 1642 930 manducantem
1650 880 1692 928 ex
1703 854 1773 928 fide
1783 875 1868 928 cum
1876 854 2060 951 religione,

476 992 602 1075 praeter
612 978 821 1075 sanguinem
837 993 872 1052 et
890 965 994 1052 idolis
1009 979 1232 1053 immolatum
1250 993 1286 1051 et
1302 978 1527 1065 suffocatum,
1541 975 1730 1049 crediderit
1746 973 2063 1048 condemnandum

474 1109 646 1194 tanquam
658 1122 760 1196 spem
777 1123 852 1170 non
871 1097 1068 1171 habentem
1077 1099 1139 1198 qui
1152 1097 1449 1193 eam3manducat,
1467 1095 1658 1169 anathema
1667 1095 1742 1167 sit¹.
1760 1124 1777 1162 u
1792 1096 2005 1190 Augustinus
2020 1094 2064 1166 de

476 1214 562 1287 ll'r'de
575 1215 621 1289 ad
637 1220 782 1289 Petrum
791 1221 824 1287 ²:
842 1246 859 1285 n
873 1218 1088 1291 Firmissime
1097 1232 1192 1308 tene,
1209 1232 1246 1290 et
1258 1216 1460 1290 nullatenus
1474 1214 1614 1287 dubites
1627 1238 1773 1287 omnem
1787 1228 1985 1286 creaturam
1997 1215 2062 1286 Dei

475 1332 610 1407 bonam
624 1358 714 1426 esse,
732 1352 768 1408 et
787 1336 836 1408 nil
854 1334 1088 1434 rejiciendum
1105 1336 1298 1434 essequod
1318 1360 1406 1408 cum·
1418 1336 1609 1433 gratiarum
1628 1334 1770 1406 actione
1786 1334 1978 1432 percipitur
1994 1349 2005 1403 ἐ
2018 1347 2063 1404 'et

477 1455 542 1525 Dei
566 1479 687 1527 servos
709 1457 819 1554 quia
840 1457 1009 1531 carnibus
1031 1472 1094 1530 aut
1118 1459 1203 1529 vino
1227 1454 1419 1544 abstinent,
1448 1477 1523 1527 non
1546 1468 1717 1553 tanquam
1740 1450 1926 1524 immunda
1942 1474 2020 1549 qua
2041 1476 2062 1523 a

476 1576 553 1645 Deo
577 1575 669 1648 iacta
693 1590 777 1648 suut
800 1602 980 1676 respuere,
1001 1578 1064 1650 sed
1085 1603 1107 1651 a
1124 1578 1262 1650 fortiori
1280 1576 1362 1649 cibo
1387 1591 1423 1649 et
1443 1591 1533 1675 potu
1555 1599 1622 1675 pro
1647 1575 1722 1646 sola
1743 1574 1905 1672 corporis
1921 1574 2064 1669 castiga·

475 1692 574 1766 tione
600 1693 826 1767 abstinere.»
854 1696 925 1769 Sed
949 1698 979 1768 si
1000 1697 1077 1769 baec
1103 1698 1139 1768 in
1167 1695 1346 1795 Apostolis
1370 1709 1405 1768 et
1429 1693 1639 1794 Apostolicis
1662 1693 1746 1764 viris
1777 1715 1856 1790 quac
1884 1692 2062 1764 contraria

474 1810 653 1901 videntur,
680 1814 867 1911 diligenter
884 1817 927 1887 'in
950 1817 1026 1915 ipsa
1049 1815 1178 1889 radicis
1201 1815 1398 1887 intentione
1425 1813 1675 1903 discutiamus,
1695 1811 1912 1910 reperiemus
1933 1810 2008 1884 haec
2028 1827 2062 1884 et

475 1926 546 2018 illa,
558 1955 626 2027 pro
642 1946 805 2029 ternpore
821 1933 960 2025 etlocO,
980 1934 1090 2007 modo
1109 1934 1335 2032 prohibenda
1354 1958 1442 2024 esse,
1458 1932 1571 2005 modo
1580 1929 1825 2020 concedenda,
1841 1943 1877 2002 et
1893 1945 2062 2002 nonnun-

475 2069 583 2142 quam
603 2050 836 2147 infflaliquihns
850 2052 1085 2149 prohibendis
1102 2054 1215 2149 magis
1230 2053 1278 2125 de
1299 2052 1484 2125 honestate
1497 2052 1577 2124 vitae
1594 2075 1704 2149 quam
1727 2049 1773 2122 de
1789 2049 1960 2145 religione
1976 2047 2058 2120 fidei

473 2168 661 2261 praevisum
674 2193 762 2240 esse.
775 2170 832 2241 Sic
844 2172 943 2242 enim
955 2172 990 2242 in
1003 2176 1228 2243 Hexameron
1239 2178 1279 2245 B.
1300 2171 1509 2246 Ambrosius
1525 2170 1647 2244 allium
1664 2168 1764 2267 quod
1780 2168 1826 2241 ad
1839 2166 2059 2239 medicamen

472 2287 566 2355 sumi
579 2281 758 2377 concedit,
770 2288 816 2360 ad
832 2288 953 2362 cibum
968 2293 1062 2363 sumi
1075 2292 1256 2364 interdicit
1273 2318 1281 2361 ι
1301 2290 1401 2389 quod
1417 2290 1550 2363 scilicet
1563 2291 1689 2362 ioetore
1700 2289 1808 2387 ipsius
1820 2287 1995 2359 honestas
2006 2287 2062 2357 vir

473 2402 574 2476 tacite
596 2403 867 2482 scandalizetur.
892 2410 950 2480 sie
971 2424 1007 2482 et
1025 2410 1071 2483 de
1084 2411 1279 2484 nonnullis
1303 2411 1380 2484 aliis
1406 2411 1533 2483 vilibus
1553 2410 1642 2484 cibis
1665 2422 1814 2509 propter
1835 2408 2059 2480 honestatem

473 2526 756 2599 conservandam
772 2526 847 2599 lieri
862 2530 1052 2602 credimus.
1072 2533 1145 2626 Nec
1162 2532 1291 2603 mirum
1309 2531 1415 2603 etiarn
1432 2531 1462 2602 si
1479 2554 1520 2602 ea
1534 2529 1761 2620 discretione,
1782 2550 1852 2625 qua
1872 2526 2061 2625 Apostolus

473 2643 521 2712 ait
536 2666 557 2714 a
573 2642 661 2715 cibis
679 2646 896 2743 quibusdam
913 2672 989 2720 esse
1005 2647 1272 2740 abstinendum,
1291 2662 1439 2748 propter
1455 2648 1663 2721 scandalum
1678 2646 1811 2719 scilicet
1834 2646 2058 2717 infirmorum

472 2757 634 2854 fratrum,
659 2777 695 2834 et
714 2758 825 2836 Jacob
848 2766 886 2836 in
907 2768 1085 2864 primitiva
1111 2767 1264 2841 Ecclesia
1287 2793 1367 2866 quae
1393 2766 1542 2838 infirmae
1569 2765 1688 2839 adhuc
1710 2764 1792 2838 fidei
1817 2778 1904 2854 erat,
1932 2787 2073 2836 eorum·

472 2878 652 2952 interdixit
677 2907 791 2975 esum,
819 2885 856 2954 iu
879 2883 1012 2982 quibus
1029 2884 1152 2958 iideles
1177 2899 1263 2959 tunc
1288 2886 1444 2959 maxime
1466 2884 1605 2958 offendi*
1623 2882 1883 2957 considerabat.
1909 2885 1997 2953 Nam
2023 2896 2060 2954 et

471 2999 660 3096 Apostolus
688 3001 764 3101 ipse
792 3025 876 3075 cum
904 3007 1044 3102 penitus
1075 3005 1385 3079 circumcisionem
1411 3004 1622 3097 interdicat,
1651 3004 1698 3079 ad
1725 3002 1853 3075 horam
1879 3015 1998 3075 tamen
2025 3004 2059 3075 ei

471 3119 585 3211 cessit,
604 3120 831 3194 Timotheum
856 3124 1066 3197 circumcidi
1088 3126 1344 3224 permittendo,
1370 3124 1425 3197 vel
1446 3126 1602 3225 seipsum
1625 3125 1733 3197 etiam
1755 3125 1792 3194 in
1813 3122 1881 3193 ritu
1895 3120 2057 3195 ‘ludaico

470 3258 554 3307 cum
578 3239 796 3336 quibusdam
820 3244 1000 3315 conversis
1025 3243 1155 3316 Judaeis
1188 3243 1448 3318 consecrando.
1472 3244 1581 3332 Quod
1609 3267 1694 3341 ergo
1718 3243 1828 3340 aliqui
1853 3254 2058 3312 sanctorum

472 3354 615 3425 Patrum
628 3357 664 3429 in
675 3358 894 3456 quibusdam
909 3360 998 3434 locis
1010 3362 1066 3434 vel
1080 3364 1314 3464 temporibus,
1329 3362 1689 3465 propterscandalum
1700 3384 1917 3434 eorumcum
1928 3358 2058 3457 quibus

472 3471 732 3563 convivebant,
755 3479 1014 3553 rationabiliter
1032 3481 1306 3580 prohibuerunt,
1329 3482 1564 3582 podmodum
1584 3483 1643 3554 alii
1666 3480 1738 3552 lide
1760 3493 1884 3552 nostra
1896 3479 1973 3574 jam
1992 3502 2057 3575 op·

472 3589 556 3662 time
580 3591 750 3667 roborata
772 3595 998 3669 laudabiliter
1015 3616 1283 3671 concesserunt.
1307 3601 1472 3696 Alioquin
1494 3602 1607 3697 Moysi
1633 3599 1822 3696 Apostolus
1839 3595 2057 3668 inveniretur

470 3710 692 3802 contrarius,
723 3712 753 3782 si
780 3712 944 3786 videlicet
971 3714 1070 3812 quod
1100 3740 1175 3788 uno
1207 3731 1368 3816 tempore
1396 3716 1620 3816 prohibitum
1653 3730 1707 3788 est
1741 3713 1796 3786 vel
1824 3715 2055 3814 permissum,

470 3848 611 3923 semper
625 3843 715 3900 esset
736 3830 943 3905 tenendum.
964 3832 1145 3907 Nonnulla
1161 3836 1270 3909 etiam
1286 3837 1433 3933 quaestio
1452 3860 1528 3909 esse
1546 3850 1664 3935 potest
1681 3834 1727 3907 de
1746 3833 1876 3905 Judaeis
1894 3856 1956 3904 seu
1976 3858 2057 3932 pro-

471 3939 588 4039 selytis
612 3960 694 4018 ante
722 3946 917 4022 adventurn
945 3950 1075 4023 Christi
1101 3977 1167 4051 per
1193 3953 1279 4051 legis
1306 3953 1548 4028 observantias
1575 3954 1844 4056 professionem·
1865 3976 1967 4025 suam
1994 3977 2054 4025 sen

420 4114 427 4123 .
471 4074 594 4133 votnm
623 4064 847 4160 facientibus,
879 4083 1000 4141 utrum
1021 4072 1256 4168 postmodum
1280 4073 1326 4145 ad
1352 4072 1462 4146 tidem
1485 4074 1662 4165 conversi,
1679 4087 1803 4145 votum
1822 4070 1911 4143 illud
1935 4072 1993 4143 vel
2019 4072 2056 4142 in

471 4178 558 4263 cibis
574 4180 629 4254 vel
652 4184 689 4254 in
714 4184 791 4257 aliis
811 4189 1009 4284 transgredi
1029 4205 1174 4287 queant.
1191 4195 1291 4263 'lunc
1313 4193 1446 4291 quippe
1468 4206 1599 4267 statum
1615 4218 1722 4265 suum
1737 4190 1857 4264 adhuc
1879 4189 2060 4286 legereti-

471 4312 591 4389 nente,
607 4299 763 4395 legitime
785 4305 916 4376 sactum
932 4305 1036 4379 fuisse
1059 4323 1187 4381 votum
1205 4309 1414 4407 hujusmodi
1431 4311 1583 4386 videtur.
1602 4310 1706 4383 Unde
1728 4332 1969 4407 nequaqnam·
1980 4306 2057 4377 vin-

461 4413 618 4507 landum
635 4441 710 4489 esse
726 4421 878 4517 videtur,
910 4449 978 4498 nec
999 4426 1058 4499 ille
1078 4430 1141 4524 qui
1162 4444 1252 4502 tunc
1272 4430 1361 4502 illud
1378 4432 1471 4524 lecit,
1495 4445 1620 4530 postea
1636 4430 1748 4503 iactus
1764 4428 1984 4500 Christianus
2007 4424 2055 4497 ab

469 4531 684 4608 abstinentia
700 4536 760 4610 illa
776 4539 941 4614 ciborum
957 4544 1144 4620 absolutus
1160 4573 1238 4622 esse
1258 4550 1399 4623 videtur
1418 4578 1427 4619 :
1448 4551 1603 4623 maxime
1618 4573 1701 4622 cum
1722 4547 1902 4620 remissius
1919 4546 2057 4616 vivatur

469 4674 490 4722 a
506 4651 614 4728 nullis
636 4654 862 4749 abstinendo,
881 4678 990 4760 quam
1007 4689 1028 4736 a
1043 4665 1259 4763 quibusdam
1280 4695 1296 4739 ι.
1307 4691 1375 4741 nec
1394 4683 1531 4741 votum
1546 4668 1702 4766 legitime
1723 4679 1851 4737 votum
1866 4662 1962 4735 bene
1978 4662 2057 4761 quis
2085 4724 2090 4732 .

499 5004 506 5033 ¹
520 5001 616 5054 Deerat.
635 5002 662 5055 Ρ.
689 5009 712 5065 1,
730 5008 786 5058 dlst.
807 5011 848 5062 30.
863 5009 942 5064 boens
956 5015 1002 5064 tste
1016 5017 1117 5067 omntno
1136 5019 1236 5070 muttlus
1300 5021 1451 5074 tmmolrtum
1465 5029 1491 5074 et
1500 5023 1644 5074 aunoeatnm
1658 5021 1773 5084 edtderlt,
1789 5022 1989 5073 condemnandus
2006 5028 2058 5071 un·

466 5082 532 5143 apud
546 5083 704 5137 sumntum
721 5090 756 5139 stc
772 5090 862 5153 lentur
876 5110 883 5143 ε
899 5112 912 5138 ι
923 5095 949 5146 St
967 5097 1023 5157 quls
1043 5111 1141 5148 amem
1163 5113 1232 5151 mnn-
1295 5117 1369 5167 qnam
1384 5118 1453 5168 spem
1466 5118 1515 5156 non
1528 5106 1622 5157 babens
1637 5104 1698 5168 qntd
1714 5116 1756 5154 eas
1771 5104 1910 5162 manducat.
1926 5103 2056 5153 anathema

466 5158 558 5211 dnum
567 5175 597 5213 ex
609 5165 658 5216 nde
671 5179 726 5218 enm
737 5169 854 5233 ubetem
864 5181 953 5235 prater
964 5179 1107 5241 suminam
1121 5186 1147 5230 et
1157 5181 1230 5232 ldolts
1290 5184 1332 5236 stt.
1346 5201 1361 5231 s
1370 5211 1399 5224 -
1410 5186 1489 5250 ’hep
1497 5219 1505 5248 ,
1514 5198 1603 5249 mix,
1613 5184 1690 5249 opp..
1701 5189 1722 5236 t.
1733 5182 1776 5246 vt,
1787 5184 1835 5234 cot.
1849 5184 1918 5234 1111.
