4559 6100
708 545 766 651 ru
791 543 1037 618 arrsromu
1062 547 1123 617 sn
1147 544 1373 619 nouenos,
1563 499 1567 506 ’
1768 547 1832 620 291

246 689 291 762 sit
308 688 418 786 hujus
428 691 653 764 contumeliae
663 717 770 766 causa
783 719 828 767 ex
846 695 1015 792 qualitate
1032 696 1187 767 materia
1204 707 1350 792 quaest
1370 694 1509 767 eadem.
1538 722 1555 763 a
1569 695 1712 794 Figulus
1725 696 1803 788 luti,
1820 728 1837 763 s

248 807 284 879 id
297 821 350 880 est
367 807 542 882 formator
557 810 758 886 bumidaeet
771 813 889 887 mollis
905 829 1019 904 terrae,
1036 838 1112 886 non
1127 827 1268 886 creator
1278 814 1389 912 ipsius
1407 814 1574 886 materiae.
1599 818 1649 884 Ex
1664 838 1738 911 quo
1760 816 1840 912 qui·

248 927 332 1000 dem
347 944 496 1027 apparet
508 955 593 1002 eum
606 932 724 1004 minus
736 933 826 1030 juris
850 933 984 1006 habere
1006 934 1043 1005 in
1069 957 1179 1031 opere
1208 957 1275 1004 suo
1300 953 1410 1029 quam
1434 937 1531 1003 Deus
1550 930 1680 1004 lrabeat
1705 934 1742 1003 in
1758 958 1838 1025 suo,

248 1048 397 1145 quinon
412 1049 531 1122 solum
545 1049 732 1145 formator,
751 1052 815 1124 sed
831 1054 941 1126 etiarn
958 1054 1113 1126 materiae
1127 1066 1267 1125 creator
1283 1066 1350 1125 est.
1376 1050 1562 1149 Quidquid
1587 1047 1634 1123 ad
1657 1053 1841 1150 proposita

249 1167 361 1240 homo
377 1167 443 1241 iste
459 1169 693 1269 respondeat,
711 1172 814 1267 quasi
831 1173 1208 1245 cornuto-vulneratur
1230 1170 1325 1244 stilo.
1352 1172 1390 1242 Si
1410 1172 1508 1243 enirn
1527 1170 1742 1270 respondeat
1758 1173 1843 1268 quia

250 1310 323 1358 uon
340 1286 590 1386 babetflgulus
601 1289 696 1363 banc
713 1305 940 1390 potestatem,
955 1293 1097 1392 penitus
1123 1290 1283 1364 officium
1305 1290 1455 1363 damnat
1472 1290 1679 1388 figulorum,
1697 1306 1733 1362 et
1747 1292 1841 1365 utili·

250 1419 359 1478 tatem
374 1406 571 1505 publicam,
585 1425 622 1482 et
635 1434 830 1483 commune
846 1410 1083 1484 commodum
1101 1426 1210 1508 atque
1226 1411 1466 1483 necessarium
1482 1410 1712 1510 impudenter
1738 1435 1841 1483 aecu-

249 1540 316 1597 sat.
335 1526 399 1597 Sin
423 1541 542 1599 autern
556 1529 657 1626 quod
673 1530 901 1603 manifestum
916 1546 968 1603 est
981 1530 1104 1626 eligat,
1124 1545 1163 1601 ut
1177 1528 1341 1602 videlicet
1356 1530 1434 1602 sine
1449 1529 1577 1627 injuria
1596 1529 1714 1627 aliqua
1733 1555 1841 1626 quam

250 1645 344 1716 vasis
360 1644 617 1720 contumeliose
632 1647 773 1740 inierat,
789 1650 944 1724 salaciat
960 1649 1056 1741 talia,
1067 1648 1182 1746 liquet
1198 1648 1372 1741 similiter,
1384 1651 1496 1722 immo
1513 1649 1628 1722 multo
1647 1650 1756 1746 magis
1765 1653 1842 1721 Deo

249 1761 356 1835 licere
370 1789 588 1863 quocunque
607 1767 719 1839 modo
731 1767 885 1842 voluerit
901 1784 1101 1842 creaturam
1118 1793 1220 1841 suam
1243 1782 1395 1841 tractare
1418 1785 1525 1868 atque
1552 1768 1760 1867 disponere,
1782 1769 1843 1865 qui

249 1881 430 1955 obnoxius
445 1883 547 1955 nullo
567 1899 708 1959 tenetur
721 1885 858 1977 debito,
877 1903 1071 1987 autequam
1087 1887 1288 1986 quidquam
1313 1887 1373 1961 illa
1399 1901 1658 1987 promereatur.
1678 1887 1842 1984 Alioquin

251 2002 413 2074 universa
431 2004 600 2077 animalia
615 2005 663 2077 ad
678 2005 840 2079 laborem
856 2024 975 2080 creata
987 2022 1082 2081 recte
1098 2007 1268 2080 adversus
1284 2031 1368 2079 eum
1381 2031 1606 2080 murmurare
1622 2021 1659 2079 et
1673 2009 1845 2104 conqueri

250 2135 407 2216 possent,
428 2145 541 2220 quare
556 2125 634 2224 ipsa
649 2125 782 2200 scilicet
797 2140 937 2200 tantum
953 2128 1000 2201 ad
1014 2126 1177 2200 laborem
1188 2140 1223 2199 et
1235 2126 1282 2199 ad
1298 2127 1481 2199 servitium
1506 2127 1696 2198 hominum
1713 2125 1845 2197 condi·

250 2238 355 2332 derit,
373 2267 458 2313 cum
474 2241 684 2340 hujusmodi
695 2245 938 2338 afflictionem,
957 2273 1037 2345 quae
1055 2271 1167 2344 usque
1188 2245 1236 2318 ad
1264 2260 1419 2318 mortem
1440 2259 1654 2345 perseverat,
1674 2246 1751 2342 ipsa
1769 2268 1844 2317 non

252 2363 457 2434 meruerint.
476 2363 586 2453 Quod
599 2367 629 2437 si
642 2365 689 2438 ad
706 2365 1005 2462 glorificationem
1021 2368 1090 2460 sui,
1110 2366 1168 2439 tel
1185 2365 1232 2438 ad
1248 2364 1404 2463 aliquam
1426 2366 1611 2437 utilitatem
1639 2365 1842 2456 hominum,

251 2480 323 2553 boc
338 2495 391 2554 est
408 2482 453 2555 ad
470 2482 633 2557 laborem
646 2500 767 2559 creata
785 2511 861 2559 esse
877 2500 973 2560 recte
984 2486 1247 2577 conceduntur,
1266 2485 1393 2558 eadem
1420 2485 1583 2584 profecto
1603 2485 1741 2557 ratione
1757 2508 1845 2556 con·

250 2600 454 2675 cedendum
471 2618 524 2676 est
541 2604 758 2702 quibusdam
776 2607 905 2678 merito
923 2611 1040 2679 Deum
1057 2606 1207 2704 gratiam
1232 2629 1334 2678 suam
1363 2604 1591 2696 subtraxisse,
1619 2629 1686 2677 nec
1711 2627 1775 2676 eos
1800 2603 1846 2677 ab

248 2720 436 2818 iniquitate
452 2721 635 2818 liberasse,
653 2749 737 2798 cum
755 2725 853 2798 nulla
870 2726 917 2798 sit
930 2726 1100 2823 iniquitas
1117 2749 1189 2823 qua
1206 2730 1303 2797 Deus
1320 2727 1541 2825 optimenon
1553 2737 1687 2815 utatur,
1703 2736 1740 2795 et
1757 2724 1847 2797 nibil

249 2839 411 2913 cocidere
433 2843 511 2915 sine
531 2867 638 2917 causa
652 2845 849 2944 permittat,
874 2844 954 2944 ipso
983 2847 1091 2918 etiam
1121 2846 1290 2917 secularis
1316 2846 1496 2945 sapientiae
1514 2842 1664 2940 judicio.
1692 2840 1795 2913 Unde
1813 2856 1849 2914 et

250 2959 347 3033 Plato
362 2961 399 3032 in
418 2965 548 3035 Timeo
561 2988 627 3036 suo
647 2991 656 3035 r
685 2996 701 3031 α
718 2964 811 3037 Nihil
829 2963 882 3056 fit,
903 2965 1033 3064 inquit,
1053 2966 1154 3062 cujus
1169 2979 1289 3037 ortum
1305 2987 1380 3037 nnn
1397 2965 1553 3063 legitima
1566 2985 1686 3054 causa,
1705 2962 1847 3035 stratio
1904 3017 1915 3030 ,

251 3079 441 3176 pracedat.
460 3111 478 3151 n
490 3084 580 3171 Quis
589 3084 686 3157 enim
698 3083 859 3157 fidelium
870 3087 1006 3158 nesciat
1016 3110 1126 3183 quam
1140 3086 1278 3184 optime
1293 3109 1378 3157 usus
1388 3086 1433 3156 sit
1444 3107 1584 3155 summa
1593 3082 1653 3154 illa
1667 3082 1849 3180 impietate

251 3198 360 3287 ludar,
378 3202 480 3300 cujus
496 3203 684 3276 execrabili
699 3204 904 3302 proditioue
919 3207 1030 3277 totius
1042 3205 1194 3278 humani
1221 3205 1360 3302 generis
1382 3203 1668 3300 redemptionem
1686 3214 1737 3272 est
1763 3224 1850 3298 ope-

252 3320 371 3392 ratus?
388 3322 500 3393 Multo
517 3323 681 3422 prolecto
694 3325 815 3396 utilius
831 3338 885 3396 est
902 3338 1071 3423 operatus
1088 3325 1125 3395 in
1144 3324 1303 3421 nequitia
1317 3321 1416 3394 Judae
1425 3345 1534 3419 quam
1543 3319 1722 3415 injustitia
1740 3320 1845 3410 Petri,

254 3452 290 3510 et
305 3439 412 3537 hujus
434 3466 545 3541 opere
565 3443 661 3516 malo
685 3468 794 3540 quam
825 3443 919 3515 illius
939 3442 1040 3515 bono
1068 3442 1175 3538 longe
1200 3440 1327 3514 melius
1353 3466 1438 3513 usus
1460 3455 1534 3527 est,
1562 3463 1659 3532 non,
1684 3439 1845 3534 inquam,

252 3571 428 3654 quantum
440 3561 487 3634 ad
504 3562 634 3634 ludam
650 3564 817 3661 pertinet,
837 3563 900 3635 sed
917 3562 962 3636 ad
977 3586 1208 3635 communem
1234 3562 1399 3634 omnium
1424 3560 1623 3648 utilitatem,
1646 3583 1725 3657 quae
1739 3558 1850 3630 fami-

252 3676 331 3749 liari
350 3703 491 3778 semper
505 3696 559 3754 est
577 3682 832 3781 praeponenda.
853 3681 1108 3754 Praedicatione
1124 3680 1271 3777 quidem
1287 3681 1377 3753 Petri
1400 3691 1437 3753 et
1461 3678 1625 3778 exemplo
1643 3679 1722 3751 vitae
1740 3676 1849 3774 aliqui

254 3800 417 3871 conversi
433 3814 518 3872 sunt
533 3813 571 3872 et
587 3800 726 3892 salvati,
741 3800 805 3874 sed
823 3801 882 3874 illa
898 3800 999 3873 Juda
1014 3800 1157 3873 traditio
1174 3801 1212 3871 in
1229 3800 1380 3873 salutem
1399 3800 1564 3871 omnium
1589 3820 1762 3871 conversa
1782 3809 1846 3888 est,

254 3936 332 4015 quae
347 3941 370 3990 a
387 3923 490 3992 Patre
510 3945 656 4018 quoque
672 3935 709 3993 et
727 3922 818 3993 Filio
832 3922 964 4021 pariter
989 3922 1080 3993 facta
1105 3935 1172 4015 est,
1197 3919 1260 3993 sed
1276 3920 1476 3994 intentione
1492 3916 1646 3991 diversa.
1668 3921 1719 3990 lta
1741 3917 1849 3988 etiam

250 4052 552 4137 quantaecumque
568 4039 655 4112 liant
670 4039 826 4133 malitiae,
843 4040 965 4114 divina
976 4039 1212 4140 dispositione
1230 4042 1367 4140 optime
1383 4038 1608 4128 ordinantur,
1626 4051 1662 4109 et
1678 4038 1715 4108 in
1734 4037 1851 4108 omni·

249 4155 323 4228 bus
341 4182 421 4255 quae
436 4158 521 4232 facit
532 4159 589 4232 vel
607 4160 722 4233 lacere
745 4160 930 4259 permittit,
959 4183 1084 4232 causas
1112 4161 1188 4259 ipse
1214 4161 1328 4249 novit,
1344 4160 1428 4231 licet
1445 4156 1604 4231 occultas
1625 4155 1731 4227 nobis
1748 4168 1785 4227 et
1800 4157 1851 4227 in·

249 4277 536 4374 investigabiles,
563 4278 648 4377 quia
668 4281 721 4352 sic
741 4280 874 4353 scilicet
899 4304 983 4352 eum
1009 4278 1124 4352 facere
1142 4278 1200 4352 vel
1221 4279 1427 4377 permittere
1452 4277 1654 4351 conveniat.
1683 4275 1850 4371 Alioquin

247 4395 423 4492 qwdam
437 4398 728 4472 irrationabiliter
744 4398 876 4472 laceret
889 4398 947 4471 vel
960 4399 1192 4498 permitteret.

307 4519 415 4589 Recte
429 4531 552 4590 autem
570 4518 805 4617 quaerendum
821 4519 995 4610 arbitror,
1019 4521 1084 4591 etsi
1105 4518 1242 4616 injuriae
1266 4521 1362 4590 Deus
1383 4516 1483 4613 argui
1509 4540 1584 4588 non
1601 4515 1732 4614 possit,
1751 4513 1852 4612 quod

237 4634 438 4734 aliquibus
457 4637 608 4735 gratiam
626 4663 730 4713 stram
746 4639 832 4711 dare
851 4638 943 4710 nolit
962 4665 972 4709 ε
991 4636 1179 4735 quomodo
1192 4652 1312 4709 tamen
1335 4637 1466 4731 iniquis
1491 4634 1700 4708 bominibus
1721 4633 1852 4731 quibus

233 4759 333 4856 ipse
348 4757 500 4855 gratiam
517 4756 604 4831 dare
625 4758 743 4833 noluit
771 4775 812 4832 ut
834 4758 1069 4851 salvarentur,
1090 4755 1342 4857 imputandum
1366 4755 1411 4828 sit
1433 4754 1533 4853 quod
1556 4755 1785 4840 damnantur,
1813 4764 1853 4821 ut

230 4875 425 4951 videlicet
438 4901 503 4950 sua
519 4878 628 4979 culpa
639 4878 803 4953 damnari
819 4879 996 4954 dicautur.
1017 4879 1090 4950 Aut
1100 4878 1131 4950 si
1148 4875 1248 4949 nulla
1263 4898 1390 4950 eorum
1406 4876 1513 4976 culpa
1535 4889 1601 4968 est,
1625 4892 1698 4971 quo
1724 4870 1852 4943 merito

227 5020 328 5072 suo
342 4997 415 5096 ipsi
428 4997 591 5071 damnari
608 4998 772 5073 dicantur
789 5022 811 5073 a
829 5005 922 5094 Deo,
940 4999 1004 5098 qui
1028 4997 1225 5094 unicuique
1250 4995 1369 5070 reddit
1395 4994 1594 5069 secundum
1620 5015 1730 5092 opera
1751 4990 1854 5089 ejus?

228 5114 332 5191 Sed
344 5138 428 5216 quae
442 5140 565 5192 rursus
576 5119 682 5220 culpa
696 5134 749 5195 est
760 5120 936 5215 bominis,
950 5119 981 5191 si
1003 5142 1080 5190 non
1106 5117 1275 5211 salvetur,
1300 5116 1358 5189 oui
1376 5118 1472 5187 Deus
1496 5112 1644 5210 gratiam
1662 5136 1854 5212 perquam
