4559 6100
451 517 523 588 stt
1055 512 1181 584 PETRI
1207 508 1445 585 sumtum

446 668 608 736 exorsus¹
630 691 638 734 r
661 692 678 727 α
693 667 791 734 Deus
817 661 877 759 qui
905 661 1022 759 prima
1042 685 1151 733 causa
1177 677 1214 733 et
1230 675 1285 733 est
1308 677 1343 733 et
1361 676 1523 752 vocatur,
1544 686 1638 733 unm
1663 663 1829 735 omnium
1846 689 1926 762 quae
1949 683 2047 759 sunt,

448 807 598 880 quaeque
624 782 793 854 videntur
820 806 917 872 esse,
947 780 1117 880 princeps
1142 796 1178 852 et
1204 781 1306 877 origo
1332 795 1398 852 est.
1427 781 1494 852 Hic
1522 781 1831 879 superabundanti
1860 785 2051 881 majestatis

449 902 681 975 loecunditate
704 900 751 974 de
774 926 811 972 se
834 914 993 972 mentem
1017 900 1163 971 creavit.
1188 905 1271 971 Haec
1294 924 1396 972 meus
1418 925 1497 996 quae
1519 904 1614 997 Noys
1631 915 1794 993 vocatur,
1819 928 1891 998 qua
1908 907 2049 976 Patrem

446 1023 612 1122 inspicit,
648 1021 793 1119 plenam
828 1018 1099 1091 similitudinem
1132 1034 1249 1092 servat
1280 1019 1449 1092 attotoris.
1482 1019 1646 1090 Animam
1674 1046 1759 1091 vero
1788 1020 1833 1093 de
1861 1047 1899 1094 se
1926 1038 2045 1116 creat,

446 1143 647 1242 posteriora
674 1141 879 1239 respiciens.
900 1144 1032 1211 Rursus
1053 1140 1174 1212 anima
1200 1144 1341 1211 Patrem
1357 1163 1429 1236 qua
1448 1139 1608 1212 intuetur
1624 1139 1799 1235 induitur,
1819 1166 1860 1212 ac
1876 1143 2049 1240 paulatim

446 1263 632 1359 redigente
648 1264 835 1359 respectu¹
850 1260 887 1332 in
905 1259 1079 1331 fabricam
1097 1283 1308 1357 corporum,
1328 1260 1366 1331 in
1384 1283 1561 1357 corporea
1576 1261 1653 1358 ipsa
1670 1259 1873 1354 degenerat.
1890 1289 1908 1328 a
1928 1265 2048 1335 Creari

447 1397 570 1456 autem
595 1382 669 1453 sire
693 1381 806 1470 nasci,
830 1380 1002 1452 hocloco
1020 1377 1224 1451 Macrobius
1243 1376 1388 1451 abusive
1409 1378 1572 1478 protulit,
1598 1379 1690 1451 sicut
1706 1395 1741 1451 et
1762 1380 1798 1451 in
1823 1381 1942 1479 primo
1965 1382 2047 1454 loeo

446 1501 767 1575 determinavimus
802 1524 888 1571 cum
917 1497 1082 1571 videlicet
1118 1514 1190 1570 tam
1221 1513 1379 1569 mentem
1410 1498 1525 1596 ipsam
1554 1522 1664 1595 quam
1704 1499 1863 1572 animam
1891 1514 2047 1573 creatam

445 1623 605 1695 dixerit:
627 1635 785 1693 mentem
815 1618 961 1718 quidem
992 1643 1035 1691 ex
1063 1622 1159 1711 Deo,
1189 1618 1262 1690 boc
1290 1632 1343 1690 est
1370 1617 1499 1689 Filium
1528 1643 1570 1690 ex
1599 1621 1725 1710 Patre3
1755 1632 1791 1690 et
1818 1622 1977 1692 animam
2003 1647 2047 1693 ex

445 1758 586 1831 mente,
612 1740 684 1813 boc
710 1754 764 1813 est
787 1740 958 1838 Spiritum
980 1764 1021 1809 ex
1039 1739 1142 1831 Filio,
1166 1737 1230 1810 ubi
1252 1753 1289 1810 et
1312 1752 1501 1833 utramque
1521 1752 1644 1810 natam
1668 1762 1745 1810 esse
1768 1740 1938 1833 insinuat,
1963 1765 2048 1813 cum

446 1865 588 1959 utrique
605 1865 746 1933 Patrem
762 1859 930 1955 assignat,
951 1862 1068 1930 Deum
1083 1857 1232 1956 quidem
1246 1858 1373 1949 menti,
1390 1871 1426 1927 et
1441 1882 1584 1929 rursum
1602 1872 1762 1930 mentem
1778 1858 1893 1957 ipsam
1906 1860 2045 1933 anima.

446 1982 568 2054 Creari
592 1980 712 2076 itaque
738 1979 813 2050 sive
830 1978 927 2049 nasci
952 2002 1030 2050 esse
1053 2002 1096 2050 ex
1120 1978 1191 2049 alio
1212 1975 1394 2072 intelligit,
1415 1990 1455 2047 ut
1474 1976 1543 2048 tale
1563 1977 1609 2048 sit
1632 1974 1733 2074 quod
1759 1979 1809 2049 ait
1828 1978 1901 2050 boe
1919 2004 1962 2051 ex
1986 1978 2048 2052 illu

445 2102 543 2174 nasci
567 2101 641 2173 sive
657 2099 790 2188 creari,
810 2097 912 2194 quasi
929 2096 1139 2195 simpliciter
1164 2095 1300 2168 diceret
1313 2095 1386 2167 hoc
1406 2120 1449 2167 ex
1473 2095 1535 2168 illo
1556 2121 1646 2169 esse.
1667 2095 1805 2168 Sufficit
1826 2112 1949 2171 autem
1966 2098 2047 2198 pbi-

444 2219 601 2320 losopho
618 2219 664 2292 ad
684 2217 951 2291 ostendendum
970 2218 1129 2290 animam
1150 2217 1266 2315 ipsam
1289 2228 1362 2287 tam
1384 2241 1427 2288 ex
1451 2220 1554 2287 Patre
1577 2240 1687 2311 quam
1709 2217 1799 2290 Filio
1815 2242 1907 2310 esse,
1930 2219 2049 2291 solum

446 2363 663 2414 memorasse
685 2338 756 2411 boc
778 2339 861 2410 loco
884 2335 1026 2429 Filium,
1046 2337 1133 2430 quia
1150 2361 1234 2408 cum
1258 2335 1366 2407 Filius
1388 2359 1430 2407 ex
1453 2337 1532 2435 ipso
1558 2340 1662 2407 Patre
1679 2337 1738 2429 sit,
1757 2350 1793 2409 et
1806 2338 1958 2437 Spiritus
1974 2339 2049 2437 ipse

444 2460 516 2533 boc
538 2475 592 2533 est
612 2461 733 2532 anima
755 2458 833 2557 ipsa
855 2481 899 2529 ex
924 2457 1013 2527 Filio
1033 2480 1110 2527 esse
1131 2456 1345 2552 assignatur,
1370 2455 1483 2552 liquet
1506 2454 1669 2554 prolecto
1695 2458 1812 2554 ipsam
1834 2482 1981 2556 quoque
2005 2484 2049 2532 ex

447 2584 551 2654 Patre
561 2605 652 2664 esse,
668 2577 868 2655 secundum
883 2574 984 2671 quod
999 2588 1034 2646 et
1050 2575 1127 2673 ipse
1137 2600 1219 2649 eam
1234 2574 1475 2674 Philosophus
1490 2599 1512 2645 a
1525 2577 1604 2646 Deo
1621 2586 1658 2647 et
1670 2578 1749 2672 Noy
1759 2575 1860 2673 juxta
1873 2581 2050 2675 sapientes

446 2699 626 2772 nominari
651 2720 760 2793 supra
787 2695 956 2768 inductus
979 2694 1142 2766 asseruit.
1162 2692 1272 2781 Quod
1295 2717 1384 2764 vero
1405 2694 1454 2765 ait
1478 2707 1637 2765 mentem
1658 2719 1734 2767 esse
1750 2721 1794 2767 ex
1814 2694 2047 2768 loecunditate

445 2816 654 2914 majestatis,
681 2813 751 2884 tale
773 2826 827 2884 est
847 2836 889 2884 ac
909 2813 940 2882 si
959 2810 1095 2883 diceret
1116 2811 1337 2909 Sapientiam
1361 2836 1404 2884 ex
1421 2811 1499 2910 ipsa
1522 2813 1787 2912 omnipotentia
1808 2839 1882 2886 esse
1907 2828 2044 2888 natam.

444 2935 590 3035 Proprie
615 2955 775 3030 namque
797 2931 961 3028 majestas
978 2954 1020 3001 ac
1039 2932 1238 3002 reverentia
1254 2930 1425 3028 potentiae
1444 2931 1575 3003 ascribi
1596 2933 1698 3005 solet.
1717 2933 1827 3022 Quod
1841 2958 1927 3006 veru
1945 2933 2047 3024 dicit,

444 3057 545 3155 quod
576 3079 679 3126 mens
707 3077 780 3151 qua
804 3057 947 3124 Patrem
974 3051 1117 3149 inspicit
1143 3051 1414 3124 similitudinem
1439 3066 1569 3146 servat,
1598 3055 1646 3127 ita
1674 3054 1813 3127 dictum
1838 3069 1926 3154 puto
1954 3078 1996 3128 ac
2019 3057 2048 3127 si

444 3192 566 3279 aperte
586 3176 682 3248 dicat
697 3174 827 3247 Filium
844 3174 964 3272 ipsum
979 3174 1015 3244 iu
1034 3173 1135 3244 omui
1152 3198 1204 3266 re,
1224 3174 1260 3244 in
1277 3197 1348 3269 qua
1365 3173 1491 3246 similis
1505 3189 1560 3246 est
1576 3176 1684 3266 Patri,
1705 3174 1883 3272 aequalem
1897 3177 2048 3249 omniuo

443 3299 494 3372 illi
510 3323 600 3371 esse.
621 3302 752 3369 Potens
776 3295 911 3393 quippe
926 3306 979 3365 est
992 3293 1083 3365 sicut
1100 3307 1136 3365 et
1150 3295 1254 3365 Pater
1271 3308 1306 3364 et
1325 3291 1550 3366 tantumdem
1568 3298 1699 3365 Potens
1717 3322 1726 3366 ε
1747 3294 1938 3368 bonusest
1958 3295 2049 3368 sicut

443 3434 480 3492 et
508 3424 623 3508 Pater,
649 3432 685 3489 et
707 3441 809 3513 aeque
833 3414 969 3486 bonus.
991 3413 1049 3486 Sic
1073 3413 1161 3486 etin
1182 3416 1310 3486 ceteris
1329 3414 1516 3512 inquibus
1536 3414 1646 3487 babet
1669 3414 1940 3489 similitudinem
1965 3440 2049 3488 cum

446 3542 549 3613 Patre
573 3550 610 3610 et
629 3534 865 3632 aequalitatem
882 3531 1006 3605 babet.
1030 3536 1111 3604 Nou
1133 3548 1255 3604 autem
1272 3533 1309 3604 iu
1336 3533 1506 3606 omnibus
1535 3534 1807 3607 similitudinem
1831 3534 1943 3608 babet
1965 3560 2049 3608 cum

444 3662 565 3751 Patre,
583 3682 670 3729 cum
693 3655 770 3753 ipse
796 3651 895 3730 solus
920 3654 964 3723 sit
987 3653 1127 3748 genitus
1139 3668 1176 3724 et
1191 3651 1289 3724 solus
1315 3655 1418 3726 Pater
1443 3654 1597 3751 genitor,
1624 3654 1723 3750 quod
1753 3653 1901 3751 quidem
1924 3654 1972 3727 ad
1996 3654 2051 3727 di·

444 3778 675 3849 stinctiouem
691 3796 929 3872 personarum
950 3772 1078 3867 attinet
1102 3772 1305 3844 secundum
1329 3773 1567 3871 proprietates
1587 3797 1726 3846 earum.
1752 3773 1962 3846 Secundum
1982 3798 2050 3845 nos

447 3897 574 3986 etiam,
601 3896 664 3994 qui
686 3893 805 3967 solum
829 3891 955 3963 Filium
980 3893 1207 3964 incarnatum
1231 3892 1431 3983 credimus,
1457 3894 1495 3964 in
1521 3892 1596 3964 hoe
1618 3918 1694 3966 uno
1719 3894 1848 3966 Filium
1871 3894 2049 3965 minorem

447 4016 563 4102 Patre,
586 4035 662 4082 non
689 4008 862 4107 aequalem
887 4007 1054 4082 dicimus.
1079 4011 1177 4102 Noys
1202 4008 1402 4104 posteriora
1426 4008 1620 4106 respiciens
1648 4009 1806 4080 animam
1826 4022 1933 4098 creat,
1961 4007 2048 4105 quia

444 4130 597 4230 Spiritus
621 4144 786 4220 mactus,
811 4128 875 4226 qui
897 4153 942 4198 ex
968 4125 1056 4197 Filio
1081 4141 1154 4218 est,
1184 4127 1260 4198 sive
1285 4151 1523 4225 quaecumque
1540 4129 1662 4201 anima
1684 4128 1834 4228 abipso
1860 4128 2050 4203 conditore

445 4277 512 4325 suo
531 4251 668 4324 ducens
684 4249 886 4338 exordium,
907 4246 980 4318 boc
997 4248 1117 4345 ipsum
1135 4245 1236 4343 quod
1255 4247 1376 4319 anima
1391 4262 1458 4337 est,
1483 4248 1521 4320 id
1537 4262 1591 4321 est
1607 4249 1679 4321 vita
1695 4263 1897 4322 creatarum
1913 4274 2047 4341 rerum,

446 4398 489 4445 ex
505 4386 668 4471 respectu
685 4367 847 4468 quodam
864 4366 975 4465 ipsius
991 4366 1163 4437 creatoris
1182 4364 1293 4437 babet
1309 4393 1318 4455 ;
1336 4364 1411 4439 boc
1426 4385 1482 4440 est
1499 4392 1541 4440 ex
1557 4367 1735 4441 beneficio
1752 4368 1884 4441 divinae
1899 4370 2052 4468 Sapien-

447 4493 503 4564 tiae
520 4505 652 4564 cuncta
668 4488 906 4588 disponentis,
929 4486 1020 4558 utin
1039 4486 1118 4584 ipso
1134 4496 1300 4582 respectu
1319 4485 1386 4557 Dei
1404 4485 1569 4558 divinum
1587 4488 1803 4585 intelligatur
1819 4487 2049 4562 beneficium.

448 4612 575 4684 Anima
602 4610 736 4708 quippe
760 4607 808 4681 ab
833 4605 1053 4698 animand0,
1082 4604 1156 4676 boc
1180 4617 1232 4675 est
1256 4603 1473 4679 vivificando
1502 4606 1596 4678 dicta
1622 4621 1688 4680 est.
1720 4586 1874 4707 Spiritus
1902 4608 2052 4707 quidem

445 4747 602 4821 sanctus,
623 4743 662 4802 ut
683 4729 720 4800 in
739 4727 859 4826 primo
876 4723 971 4797 libro
988 4723 1228 4813 distinximus,
1247 4724 1349 4820 quasi
1367 4724 1487 4797 anima
1504 4738 1569 4817 est,
1589 4725 1662 4798 boc
1678 4741 1732 4799 est
1751 4727 1823 4799 vita
1843 4743 2050 4801 nostrarum

445 4853 660 4942 animarum,
687 4861 723 4919 et
747 4859 876 4918 nostrae
893 4845 1021 4917 animae
1039 4843 1143 4940 quasi
1164 4841 1329 4940 quaedam
1354 4843 1431 4940 ejus
1454 4868 1611 4942 corpora
1629 4860 1731 4934 sunt,
1752 4845 1897 4946 abipso
1915 4848 2051 4921 seilicet

477 5129 616 5190 Ἰασὼ,
633 5129 663 5178 {a
673 5128 759 5178 soma.
771 5123 910 5190 Scipionis
928 5122 973 5172 ΙΙΙ).
986 5117 1005 5180 Ι,
1026 5135 1080 5184 cap.
1095 5134 1147 5173 nr.
1162 5146 1191 5158 -
1203 5121 1213 5151 ²
1227 5118 1276 5183 ap.
1293 5117 1400 5170 flaret.
1413 5116 1568 5182 reuredum
1583 5125 1704 5183 mauu.
