4559 6100
864 62 1104 136 APPENDIX.
1715 60 1787 133 789

185 215 313 299 Christi,
330 230 363 280 et
377 215 508 307 puritati
524 215 663 303 antiquae
677 212 753 280 fidei
770 214 972 305 naufragium
986 213 1183 279 minabatur.
1202 209 1434 277 Introducebat
1448 210 1535 275 enim
1551 225 1667 301 praeter
1681 211 1787 276 Deum

186 335 285 401 alium
299 336 502 417 Creatorem,
521 335 602 399 sicut
616 334 750 424 epistola
766 336 834 422 ejus
851 335 894 401 ad
913 358 966 400 me
983 334 1099 423 scripta
1116 331 1270 398 declarat.
1288 331 1354 398 Sed
1375 354 1591 421 quocumque,
1616 331 1784 421 inquiunt,
1824 372 1829 379 ,

185 470 218 521 te
240 455 470 545 persequimur,
490 475 580 518 arma
604 451 799 518 defensionis
822 455 971 545 opponis.
996 449 1181 541 Responde,
1209 474 1267 541 per
1290 450 1436 516 membra
1464 447 1604 533 nostra¹,
1634 451 1788 539 quoniam

184 572 303 665 linguae
324 591 388 639 tuae
409 573 552 638 toxicum
575 572 727 638 effudisti.
746 572 905 656 Quando,
932 574 1084 661 inquam,
1102 569 1223 634 factum
1244 587 1293 635 est
1310 570 1447 635 verbum
1467 568 1574 635 istud?
1591 569 1787 635 Miseremini

184 693 264 774 mei,
278 692 471 758 miseremini
486 693 563 773 mei,
581 691 693 757 saltem
718 716 776 758 vos
797 693 892 766 amici
913 692 990 771 mei,
1004 689 1079 781 quia
1095 687 1258 755 humilitas
1272 691 1377 782 tetigit
1391 711 1457 755 me.
1474 689 1542 753 Ubi
1560 689 1708 772 laesivos,
1730 689 1789 754 ubi

184 812 384 898 majestatem
405 827 544 878 vestram
563 811 727 878 sauciavi?

230 932 338 1015 Tunc,
356 932 521 1021 inquiunt,
547 956 612 996 non
634 931 831 1022 percussisti,
857 928 987 1019 quando
1005 930 1137 998 dixisti:
1162 927 1291 1022 «Apud
1312 927 1489 1018 Religiosos
1505 925 1621 1016 patella
1644 924 1787 991 Psalmus

185 1066 251 1132 est,
274 1067 306 1116 et
322 1052 449 1143 pinguis
462 1051 594 1116 refectio
615 1050 779 1116 alleluia.»
798 1049 936 1131 Fratres,
955 1051 1134 1142 indulgete,
1153 1049 1234 1115 nihil
1255 1048 1322 1113 laesi
1348 1070 1417 1112 vos.
1440 1048 1478 1110 In
1494 1046 1617 1111 incerto
1637 1045 1788 1135 loquutus

185 1193 268 1236 sum.
293 1152 545 1236 Indeterminate
569 1172 699 1262 garrivi.
724 1168 858 1234 Nullum
880 1170 1058 1260 specialiter
1074 1169 1243 1261 flagellavi.
1257 1169 1304 1233 Ut
1322 1165 1454 1258 Apollo,
1481 1187 1606 1230 cassum
1622 1165 1789 1230 oraculum

185 1290 295 1371 emisi,
320 1291 409 1379 quasi
431 1312 538 1355 aerem
561 1288 745 1354 verberans.
763 1288 846 1371 Sed,
869 1305 904 1353 ut
920 1287 1036 1373 video,
1055 1287 1213 1380 quidquid
1236 1287 1360 1370 dicam,
1378 1302 1434 1350 aut
1449 1285 1525 1367 erit,
1552 1300 1608 1350 aut
1627 1308 1706 1349 non.
1725 1285 1791 1351 Cur

186 1409 325 1475 alienam
340 1409 433 1474 vobis
448 1408 607 1474 sarcinam
623 1406 834 1498 imposuistis?
850 1407 915 1473 Cur
925 1410 1032 1496 jaculo
1049 1434 1117 1474 non
1136 1409 1177 1474 ad
1192 1432 1251 1473 vos
1267 1406 1427 1473 destinato
1442 1404 1790 1473 munditiam‘vesttam

185 1528 408 1595 exulcerastis?
424 1530 524 1594 Dixi:
547 1558 561 1585 α
574 1525 672 1618 Apud
691 1527 856 1619 religiosos
877 1530 996 1620 patella
1013 1532 1158 1597 Psalmus
1173 1546 1237 1613 est,
1256 1545 1289 1595 et
1304 1527 1433 1619 pinguis
1453 1525 1586 1591 refectio
1610 1524 1748 1591 alleluia.
1771 1557 1786 1585 s

185 1646 274 1732 Quid
305 1645 444 1713 advos?
460 1645 760 1736 EtMagalonenses
776 1648 919 1738 religiosi
949 1665 1023 1714 sunt
1042 1674 1050 1716 ε
1069 1665 1102 1715 et
1116 1648 1264 1715 canonici
1293 1646 1380 1712 beati
1403 1643 1476 1710 Rufi
1498 1644 1649 1735 religiosi.
1671 1645 1789 1734 Apollo

180 1767 325 1854 jaculum
345 1767 499 1833 contorsit
522 1767 556 1830 in
580 1789 674 1849 aera,
692 1782 726 1832 et
746 1790 788 1832 ne
804 1766 899 1832 cadat
920 1770 1097 1857 incassumJ,
1120 1785 1315 1859 spontaneos
1329 1766 1454 1832 vulneri
1477 1788 1536 1830 vos
1557 1764 1691 1830 offertis
1710 1765 1789 1848 Quis

185 1909 330 1975 unquam
344 1886 425 1951 vidit
440 1908 477 1951 os
493 1887 633 1977 aperire,
652 1901 688 1950 ut
703 1887 851 1977 sagittam
868 1888 1046 1978 reciperet?
1061 1890 1130 1979 Ego
1149 1887 1299 1977 quidem,
1317 1886 1451 1966 fratres,
1469 1885 1546 1950 alias
1560 1907 1669 1949 arcum
1685 1885 1791 1953 inten-

186 2005 318 2089 deram,
336 2005 393 2071 sed
409 2028 467 2071 vos
483 2004 604 2071 ferrum
618 2006 748 2072 volatile
763 2008 949 2074 retinuistis.
967 2010 1090 2090 lienui,
1109 2008 1191 2074 ferre
1204 2006 1354 2073 volebam
1372 2030 1380 2072 ε
1398 2006 1455 2072 sed
1470 2028 1528 2070 vos
1549 2005 1680 2070 caritate
1694 2028 1789 2070 com·

185 2126 283 2209 moti,
310 2123 444 2190 vulnera
468 2125 536 2211 ejus
558 2125 593 2189 in
612 2140 751 2190 vestram
773 2127 898 2191 trahitis
921 2128 1102 2195 sanitatem.
1127 2128 1257 2193 Credite
1282 2126 1379 2208 mihi,
1407 2149 1475 2191 non
1501 2122 1584 2190 adeo
1611 2123 1658 2189 fui
1675 2125 1790 2215 plenus

187 2267 300 2335 agave,
318 2244 353 2309 id
369 2260 416 2310 est
431 2244 552 2327 furore,
570 2244 656 2308 utin
673 2268 730 2309 vos
746 2246 924 2311 emitterem·
941 2246 1038 2312 filiam
1055 2250 1212 2337 pharetrae
1228 2269 1322 2311 meae.
1340 2245 1426 2336 Ergo
1442 2244 1595 2336 ignoscite
1612 2244 1788 2309 innocenti.

185 2364 228 2428 Et
249 2363 338 2429 aliud
358 2365 521 2454 inquiunt.
538 2365 604 2427 Cur
619 2362 776 2453 Cyclopas
791 2364 1021 2450 conduximus,
1039 2382 1075 2430 ut
1091 2365 1225 2431 fulmina
1242 2364 1399 2429 fabricent
1414 2364 1449 2428 in
1463 2379 1561 2453 caput
1575 2362 1687 2428 tuum?
1703 2362 1793 2446 Quid

187 2483 321 2572 quaeso?
337 2485 440 2567 Tunc,
459 2484 619 2572 inquiunt,
639 2482 746 2547 dixisti
765 2506 772 2548 :
795 2512 809 2540 α
822 2483 1000 2575 Episcopus
1014 2501 1118 2551 vester
1130 2508 1198 2551 non
1214 2484 1462 2567 Ministensium,
1481 2481 1539 2548 sed
1555 2482 1730 2548 mimorum
1744 2498 1792 2550 est

187 2604 364 2693 episeopus.
388 2634 402 2660 ιι
427 2602 521 2667 Libet
546 2601 725 2667 exclamare
741 2625 817 2667 cum
839 2604 1002 2669 Hieremia
1019 2603 1228 2695 Propheta²:
1249 2603 1335 2667 «Vae
1358 2602 1437 2686 tibi,
1454 2618 1557 2667 mater
1577 2605 1667 2667 mee!
1692 2625 1792 2690 quare

187 2722 325 2813 genuisti
346 2744 399 2787 me
423 2722 529 2787 virum
549 2721 629 2786 rixas
653 2736 687 2786 et
709 2720 829 2786 doloris
854 2723 889 2786 in
917 2724 1063 2788 universa
1089 2721 1194 2788 terra?
1208 2754 1222 2781 ι
1242 2722 1308 2785 Ubi
1333 2737 1365 2786 et
1390 2721 1540 2810 quando,
1567 2727 1688 2811 quaeso,
1717 2722 1793 2786 talia

188 2840 351 2908 eructavi?
366 2843 459 2907 Tunc
481 2841 615 2906 forsitan
640 2837 772 2929 quando
794 2856 885 2906 extra
910 2841 1070 2907 muudum
1091 2841 1253 2908 nundinas
1277 2842 1454 2923 celebravi,
1478 2843 1557 2908 tales
1578 2842 1793 2932 blasphemias

188 2977 295 3026 vestro
318 2961 470 3053 episcopo
491 2960 728 3052 imprimebam.
746 2959 832 3024 Nam
847 2983 921 3027 vere
938 2960 1053 3045 fateor,
1071 2962 1105 3026 in
1122 2962 1211 3027 nullo
1228 2961 1270 3028 de
1285 2985 1326 3028 eo
1337 2962 1417 3027 talia
1434 2961 1601 3028 delatravi.
1618 2961 1717 3027 Aliud
1733 2976 1792 3045 est,

187 3079 356 3170 inquunt,
374 3102 431 3146 cur
445 3095 479 3146 te
493 3093 603 3144 nostro
618 3079 814 3145 inebriemus
835 3098 939 3147 aceto.
957 3081 1046 3165 Quid
1063 3081 1131 3147 est?
1148 3083 1196 3148 De
1211 3083 1325 3165 uobis,
1344 3084 1514 3171 inquiunt,
1542 3081 1649 3147 dixisti
1665 3105 1673 3146 ε
1694 3112 1709 3138 ι
1722 3082 1792 3146 Do·

188 3215 283 3264 natus
298 3216 402 3266 vester
416 3199 529 3289 vulgus
544 3213 603 3264 est.
614 3229 628 3257 κ
647 3198 786 3264 Tenetis
799 3222 864 3283 me,
882 3200 1008 3285 fratres,
1026 3202 1221 3267 novitatibus
1237 3203 1365 3284 vestris;
1382 3219 1416 3269 et
1431 3218 1543 3268 contra
1558 3218 1707 3293 portenta
1719 3224 1791 3292 quae

187 3315 306 3409 fingitis
327 3318 468 3385 frontem
490 3341 584 3385 cruce
607 3318 757 3410 signabo.
781 3320 821 3384 ln
839 3321 971 3386 nomine
992 3320 1113 3404 Patris,
1132 3338 1165 3388 et
1181 3320 1273 3405 Filii,
1298 3337 1331 3388 et
1345 3323 1479 3413 Spiritus
1496 3323 1609 3388 sancti.
1628 3320 1716 3406 Quid
1732 3336 1792 3405 est,

189 3437 282 3529 quod
297 3437 429 3504 dicitis?
473 3497 476 3504 ,

510 3694 595 3755 Ultra
607 3697 791 3756 Sauromatas
805 3696 982 3778 fugerehinc
995 3695 1076 3774 libet,
1089 3708 1119 3757 et
1128 3696 1281 3778 glacialem

511 3792 689 3854 Oceanum⁸.
713 3842 720 3857 .
746 3837 755 3856 .
780 3841 787 3857 .

189 4081 277 4147 Vera
300 4093 348 4144 est
369 4077 670 4169 utiqueProphetia
692 4079 775 4145 illa:
797 4110 811 4137 α
831 4080 934 4145 fictio
955 4082 1123 4146 veritatem
1146 4078 1334 4145 inexilium
1357 4082 1474 4147 mittet.
1499 4113 1515 4143 ι
1544 4083 1636 4167 Hoc,
1661 4083 1794 4168 fratres,

177 4197 178 4201 ’
191 4197 315 4293 fingere
328 4196 497 4289 potuistis?
513 4196 577 4263 Sed
597 4213 634 4262 ut
648 4198 765 4285 majori
780 4200 967 4264 auctoritate
984 4199 1017 4263 in
1034 4224 1126 4266 aures
1141 4199 1286 4291 publicas
1300 4199 1478 4291 prodeant,
1494 4227 1548 4269 me
1563 4204 1677 4269 talium
1692 4203 1795 4270 facitis

189 4319 404 4387 inventorem.
428 4318 537 4384 Jurem
559 4331 704 4382 menon
731 4316 870 4384 dixisse?
894 4316 959 4383 Sed
982 4320 1073 4409 quasi
1096 4342 1192 4385 mons
1215 4320 1318 4411 pariat
1337 4343 1481 4405 murem,
1504 4322 1662 4390 ridebitis.
1688 4325 1796 4390 Reco-

229 4625 358 4680 'Amboea
371 4629 465 4677 mtto.
476 4623 510 4677 At
523 4629 590 4677 carte
602 4625 737 4689 legendum
745 4628 842 4677 matra.
855 4626 908 4663 -²
921 4623 1026 4691 terem,
1042 4635 1098 4690 cap.
1110 4638 1155 4689 rr,
1168 4639 1192 4680 v.
1206 4629 1248 4679 to.
1259 4652 1291 4666 —
1301 4629 1311 4661 ³
1320 4625 1452 4691 tumus,
1463 4630 1520 4681 Sat.
1532 4644 1559 4694 u,
1571 4644 1595 4682 v.
1610 4634 1633 4684 1.
