4559 6100
984 423 1017 498 ΙΙ

233 731 669 853 nnnnnunntt
707 687 1176 848 scnotnsnn
1218 724 1767 843 neonounrtcus

410 1090 511 1145 Contra
518 1090 626 1144 beatum
634 1085 800 1142 bernardum
812 1085 1038 1141 Clararaliensem
1049 1084 1180 1140 abbatem
1189 1097 1215 1140 et
1225 1085 1292 1142 aiios
1301 1087 1348 1158 qni
1361 1086 1608 1143 condemnaverunt

847 1189 955 1244 Petrum
967 1185 1146 1244 abaelardum.

693 1482 802 1547 (iegitur
815 1484 841 1535 tn
852 1484 960 1536 editione
972 1482 1108 1546 Anboestt
1119 1496 1147 1547 p.
1159 1485 1207 1536 ⁸⁰2
1217 1492 1243 1535 at
1254 1483 1318 1547 aeq)

238 1782 341 1840 Petrus
354 1781 559 1862 Berengarius,
573 1780 719 1841 abelardi
733 1779 903 1861 discipulus,
917 1779 1003 1841 nobis
1016 1792 1127 1840 tantum
1141 1792 1227 1840 notus
1240 1794 1284 1840 est
1296 1783 1437 1859 Apologia
1449 1777 1633 1860 magistriani
1647 1790 1675 1838 et
1687 1777 1800 1838 duobus

192 1870 260 1932 aliis
273 1873 431 1953 opusculis,
446 1894 512 1953 quae
524 1875 556 1934 in
568 1886 668 1934 nostra
683 1873 811 1934 editione
822 1877 991 1953 Apologlom
1004 1872 1233 1953 subsequuntur.
1248 1875 1314 1947 Quo
1332 1885 1464 1953 tempore
1477 1885 1562 1932 natus
1577 1871 1625 1946 sit,
1640 1891 1700 1950 qno
1718 1890 1801 1930 mor-

193 1977 275 2043 tuus,
286 1985 374 2044 quem
387 1968 455 2028 vitae
466 1987 584 2028 cursum
596 1967 732 2028 babuerit
741 1967 885 2027 incertum
898 1980 951 2027 est.
962 1972 1035 2028 Eum
1047 1966 1251 2028 Gabalitanum
1265 1967 1353 2027 inisse
1366 1971 1453 2026 Dom.
1466 1965 1543 2026 Brial
1557 1964 1690 2039 conjicit¹
1703 1963 1802 2025 nescio

191 2077 235 2119 att
244 2059 323 2133 jure,
334 2080 400 2120 cum
415 2061 625 2123 Pictariensem
638 2060 711 2123 Cod.
727 2060 899 2121 Parisiensis
910 2064 990 2122 2923
1005 2061 1100 2121 saciat.
1115 2060 1279 2121 Petrarchae
1289 2059 1412 2141 judicio,
1427 2060 1550 2140 scriptor
1558 2078 1619 2119 non
1629 2056 1802 2118 infacundus

192 2152 271 2226 est¹,
287 2164 316 2213 et
340 2173 461 2229 revera,
482 2155 617 2235 quamvis
631 2155 693 2229 ejus
713 2153 807 2215 oratio
826 2154 912 2236 nugis
925 2154 1055 2215 abundet
1072 2167 1102 2215 et
1118 2153 1287 2216 scurrilibus
1298 2153 1384 2230 jocis,
1400 2154 1432 2214 ri
1448 2151 1574 2233 quadam
1590 2151 1753 2213 dialectices
1774 2164 1802 2211 et

194 2244 372 2324 eloquentia
383 2248 491 2328 passim
508 2249 606 2309 enitet.

193 2702 235 2760 Ut
259 2698 366 2775 rideas,
381 2703 497 2776 Lector,
512 2701 633 2761 videas:
648 2701 709 2761 imo
721 2699 834 2772 videas,
848 2711 880 2759 ut
898 2698 1020 2760 irrideas
1037 2717 1103 2779 quae
1121 2697 1245 2759 ridicula
1262 2697 1315 2758 tibi
1327 2709 1492 2762 occurrent.
1506 2701 1543 2756 Et
1554 2694 1800 2776 quemadmodum

235 2793 299 2873 ipse
321 2794 514 2874 berengarius
535 2806 565 2853 te
588 2806 687 2854 monet
703 2793 735 2854 in
755 2792 883 2872 Epistola
901 2792 1033 2871 sequenti
1055 2790 1173 2872 siquid
1194 2792 1226 2851 in
1243 2810 1398 2872 personam
1415 2789 1542 2852 bominis
1563 2790 1636 2866 Dei,
1659 2789 1801 2850 Bemardi

236 2885 356 2961 scilicet,
369 2885 491 2948 Abbatis
506 2887 746 2963 claraevallensis,
764 2886 848 2967 dixit,
860 2886 928 2963 joco
944 2886 1035 2969 legas,
1049 2906 1111 2946 non
1123 2886 1211 2947 serio.

240 3101 437 3193 Scriptorum
454 3118 586 3170 tuorum
605 3102 817 3203 exemplaria,
834 3103 1011 3189 Bernarde,
1030 3104 1165 3172 celebris
1186 3105 1435 3195 circumquaque
1455 3103 1542 3167 fama
1559 3101 1714 3193 divulgat.
1733 3100 1801 3165 Nec

194 3220 314 3286 mirum
329 3222 453 3314 'scripta
475 3239 531 3288 tua
557 3225 593 3320 in
615 3223 709 3290 famae
735 3222 861 3315 pulpito
884 3223 1035 3290 collocari
1047 3250 1056 3305 ;
1089 3248 1165 3291 cum
1185 3239 1309 3291 constet
1330 3247 1386 3303 ea,
1411 3222 1655 3314 qualiacumque
1676 3220 1755 3301 sint,
1782 3243 1800 3283 a

194 3339 370 3425 majoribus
394 3342 489 3431 bujus
510 3345 663 3435 temporis
684 3343 869 3436 approbari.
890 3343 1049 3442 Mirantur
1070 3345 1218 3411 homines
1240 3345 1275 3410 in
1297 3360 1329 3411 te
1354 3343 1536 3410 liberalium
1563 3338 1801 3429 disciplinarum

194 3458 309 3548 ignaro
331 3474 456 3526 tantam
474 3462 656 3531 ubertatem
680 3462 858 3546 facundia,
881 3464 955 3554 quia
978 3463 1164 3530 emissiones
1188 3481 1252 3530 tuoe
1273 3467 1341 3551 jam
1362 3475 1598 3554 cooperuerunt
1620 3460 1801 3525 universam

195 3576 398 3669 superficiem
427 3597 532 3650 terrae.
558 3583 684 3667 Quibus
713 3600 761 3652 est
789 3583 940 3652 divinitus
962 3567 1248 3676 respondendum⁸
1276 3608 1284 3650 t
1314 3614 1327 3639 u
1343 3583 1428 3668 Quia
1450 3604 1569 3674 magna
1599 3603 1698 3673 opera
1729 3581 1799 3646 Do·

195 3697 321 3764 minu»
345 3699 416 3785 et⁴,
432 3717 455 3760 'o
466 3701 546 3768 Haec
562 3720 611 3770 est
628 3706 765 3771 mutatio
786 3703 927 3771 dexterae
947 3703 1103 3772 Exoclsi.»
1123 3704 1188 3772 Sed
1207 3702 1286 3770 nihil
1303 3719 1351 3770 est
1371 3726 1428 3768 cur
1443 3700 1655 3768 admiratione
1672 3698 1800 3791 percelli

196 3807 349 3885 debeant.
370 3822 441 3886 Imo
462 3825 564 3915 magis
583 3824 768 3902 mirandum
789 3842 890 3910 esset,
916 3842 948 3893 te
969 3825 1090 3917 eloquii
1110 3826 1219 3919 urgeri
1240 3825 1393 3909 siccitate,
1415 3824 1569 3914 quomam
1587 3819 1799 3886 audivimusa

197 3936 306 4026 primis
322 3937 390 4004 fere
406 3939 629 4009 adolescentiae
643 3944 847 4030 rudimentis,
865 3945 1084 4013 cantiunculas
1100 3946 1246 4011 mimicas
1261 3960 1295 4010 et
1308 3944 1450 4009 urbanos
1464 3938 1615 4006 modulos
1630 3937 1798 4001 factitasse.

195 4054 308 4146 Neque
329 4074 414 4124 certe
435 4060 470 4123 in
485 4061 609 4127 incerto
627 4061 790 4153 loquimur
810 4067 989 4158 opinionis,
1010 4064 1068 4134 sed
1089 4066 1177 4133 testis
1193 4080 1242 4131 est
1260 4063 1390 4129 alumna
1411 4061 1459 4134 tui
1479 4055 1582 4147 Patria
1604 4056 1706 4120 1¹⁰⁸&
1730 4078 1799 4121 ser·

196 4175 312 4243 monis.
336 4175 454 4242 Nonne
472 4175 508 4243 id
530 4180 627 4243 etiam
646 4196 709 4244 tuae
724 4185 889 4246 memoriae
909 4184 1002 4247 altitu
1017 4201 1065 4247 est
1080 4183 1279 4271 insignitum,
1296 4175 1386 4268 quod
1401 4176 1514 4242 boues
1529 4190 1602 4241 tuos
1617 4173 1798 4264 rhythmico

171 4366 180 4381 ‚
197 4294 383 4380 certamine,
408 4313 573 4386 acutaeque
593 4298 786 4366 inventionis
802 4299 940 4366 versutia
960 4322 1088 4393 semper
1103 4320 1295 4391 exsuperare
1317 4293 1555 4364 contendebas?
1570 4293 1630 4360 Cui
1644 4293 1748 4385 gravis
1767 4308 1801 4358 et

229 4516 234 4544 ¹
244 4515 345 4567 lleweil
357 4517 399 4568 det
410 4516 585 4570 ntaetotroodeo
596 4517 698 4579 Gouies,
709 4527 729 4571 t
740 4517 804 4585 xlv,
820 4533 846 4585 p.
866 4523 921 4575 2911.
942 4547 970 4558 -
983 4522 993 4551 ²
1003 4520 1052 4585 Ap.
1070 4519 1161 4572 oudin.
1178 4519 1315 4571 comment.
1327 4517 1358 4569 dc
1370 4515 1463 4581 script.
1475 4513 1602 4577 Ecclet.,t.
1619 4510 1651 4575 il,
1663 4512 1710 4563 ool.
1724 4513 1795 4564 ttss.

198 4588 311 4643 ³Pootm.
322 4603 364 4656 on,
374 4593 558 4647 nattam.
566 4607 656 4660 ornet,
670 4597 707 4648 tt.
