4559 6100
388 552 392 567 '
418 534 488 615 ttd
1015 537 1143 612 PETRI
1169 535 1405 610 ABAELAllDl

415 691 551 764 arbitrii
567 688 729 762 libertate
746 680 981 789 proveniunt,
999 688 1186 788 prasentia
1202 703 1408 761 contuetur.
1427 691 1510 759 Haec
1525 686 1633 784 igitur
1649 683 1696 757 ad
1712 682 1881 755 intuitum
1898 680 2010 755 relata

414 813 590 902 divinum,
608 811 806 883 necessaria
823 808 915 881 liunt
930 832 995 908 per
1010 808 1258 882 conditionem
1275 807 1405 880 divinae
1421 808 1592 899 notionis,
1609 829 1674 905 per
1690 828 1728 876 se
1743 825 1831 875 vero
1845 800 2009 873 conside·

416 946 504 1024 rata,
521 930 567 1002 ab
578 929 741 1003 absoluta
757 942 890 1002 naturae
904 953 975 1001 suae
984 928 1148 1001 libertate
1165 952 1241 1000 non
1253 927 1437 1001 desinunt.
1455 957 1472 992 »
1492 931 1540 997 Ex
1552 925 1609 996 his
1623 921 1860 1023 philosophiae
1876 918 2006 1007 verbis,

416 1066 490 1124 tam
506 1049 671 1123 videlicet
686 1048 733 1122 de
749 1048 913 1122 absoluta
921 1072 1031 1146 quam
1045 1048 1281 1121 determinata
1292 1048 1513 1133 necessitate,
1531 1043 1708 1143 liquidum
1722 1039 1886 1139 estquod
1903 1060 2010 1135 supra

415 1171 658 1263 distinximus3
687 1170 826 1267 singula
845 1169 1010 1243 videlicet
1031 1194 1111 1268 quae
1136 1169 1307 1242 eveniunt
1328 1166 1528 1239 necessario
1549 1164 1716 1255 evenire,
1740 1162 1771 1235 si
1786 1159 1833 1233 ad
1849 1160 2009 1232 divinam

416 1290 613 1362 reserantur
635 1289 924 1377 Providentiam,
953 1287 1026 1361 boc
1053 1302 1127 1381 est,
1149 1288 1350 1362 necessario
1373 1285 1534 1377 evenire,
1561 1306 1645 1356 cum
1671 1286 1768 1355 Deus
1793 1281 1843 1351 ita
1866 1278 2010 1352 evenire

416 1396 630 1508 providerit3
649 1408 712 1482 sed
729 1434 803 1483 uon
820 1407 903 1482 ideo
918 1408 1125 1509 simpliciter
1135 1407 1268 1481 debere
1277 1406 1348 1480 dici
1365 1404 1464 1504 quod
1482 1403 1721 1477 necessarium
1737 1403 1783 1474 sit
1795 1425 1838 1473 ea
1850 1399 2007 1471 evenire.

417 1528 485 1600 Ubi
498 1530 618 1621 etiam,
631 1553 715 1601 cum
728 1527 774 1600 ad
787 1541 948 1601 nostram
961 1553 1107 1627 quoque
1124 1528 1289 1600 notitiam
1305 1524 1536 1626 philosophia
1547 1524 1690 1597 rediens
1701 1522 1809 1596 dixit:
1831 1516 2010 1607 «Quodsi
2134 1516 2137 1523 ’

415 1646 572 1743 aliquem
585 1647 770 1721 ambulare
788 1649 898 1739 scias,
917 1672 1001 1720 eum
1018 1648 1205 1721 ambulare
1221 1671 1367 1720 necesse
1382 1661 1455 1739 est;
1471 1643 1571 1744 quod
1595 1644 1692 1717 enim
1712 1643 1863 1741 quisque
1888 1636 2008 1725 novit,

415 1766 453 1838 id
463 1791 539 1840 esse
548 1767 650 1841 aliter
665 1792 707 1841 ac
723 1782 852 1840 notum
868 1782 922 1840 est
939 1768 1076 1867 nequit,
1089 1794 1107 1836 a
1119 1782 1284 1866 patenter
1295 1766 1453 1840 ostendit
1468 1787 1700 1863 nequaquam
1711 1762 1872 1834 divinam
1887 1757 2012 1829 Provi-
2060 1777 2062 1781 ·

414 1885 573 1960 dentiam
598 1888 845 1960 necessitatem
862 1886 1049 1959 eventibus
1071 1911 1194 1961 rerum
1214 1887 1346 1960 inferre
1367 1887 1480 1985 magis
1502 1908 1612 1983 quam
1636 1896 1798 1955 nostram
1820 1876 2009 1964 notitiam,

414 2030 482 2078 nec
502 2006 553 2079 ibi
572 2009 684 2104 magis
700 2031 809 2104 quam
835 2005 896 2078 bic
921 2030 964 2078 ex
991 2005 1227 2080 determinata
1253 2007 1464 2079 necessitate
1480 2005 1582 2103 sequi
1603 2001 1818 2077 absolutam.
1839 1995 2011 2085 Quamvis

415 2125 511 2197 enim
523 2126 622 2199 hunc
640 2127 703 2224 qui
717 2125 878 2198 ambulat
891 2150 1035 2200 necesse
1050 2127 1096 2199 sit
1109 2125 1309 2220 ambulare,
1325 2150 1410 2198 cum
1427 2125 1539 2198 sciam
1553 2122 1609 2195 rel
1623 2121 1773 2194 videam
1783 2142 1868 2192 eum
1882 2114 2012 2189 ambu-

413 2243 504 2336 lare,
520 2271 588 2318 nec
604 2245 821 2318 tamenideo
836 2269 916 2318 mea
932 2246 1080 2319 scientia
1095 2247 1152 2318 vel
1166 2247 1261 2319 visus
1278 2247 1524 2320 necessitatem
1536 2241 1746 2317 ambulandi
1758 2239 1885 2311 inserat
1902 2235 1953 2326 ei,
1974 2247 2012 2306 ut

412 2365 619 2463 simpliciter
635 2366 706 2438 dici
727 2379 856 2462 queat,
875 2366 959 2462 quia
979 2388 1124 2438 necesse
1147 2381 1202 2438 est
1222 2389 1307 2437 eum
1325 2363 1531 2455 ambulare,
1544 2362 1618 2436 hoc
1631 2374 1707 2452 est,
1726 2358 1929 2430 nullatenus
1946 2376 2012 2425 na·

412 2497 491 2557 tura
508 2487 584 2580 ejus
603 2484 776 2584 permittit
791 2499 832 2556 ut
851 2508 925 2555 non
943 2481 1124 2575 ambulet3
1143 2486 1244 2557 itaet
1264 2509 1349 2557 cum
1369 2484 1561 2583 recipimus
1576 2481 1623 2554 de
1638 2477 1818 2578 quolibet,
1838 2476 1923 2573 quia
1948 2497 2011 2546 ue·

411 2628 508 2675 cesse
528 2618 581 2676 est
604 2604 723 2702 ipsum
749 2603 906 2695 evenire,
923 2627 1009 2675 cum
1025 2607 1123 2676 Deus
1143 2604 1341 2703 providerit
1363 2604 1420 2676 vel
1440 2604 1528 2677 sciat
1549 2599 1638 2674 illud
1655 2599 1816 2690 evenire,
1836 2620 1911 2667 non
1929 2593 2012 2665 ideo

411 2721 574 2817 cogimur
585 2721 748 2794 absolute
762 2722 933 2820 recipere,
945 2722 1045 2819 quod
1058 2746 1202 2796 necesse
1211 2725 1256 2795 sit
1267 2723 1423 2795 evenire.
1439 2727 1529 2795 Nam
1543 2721 1609 2793 etsi
1617 2719 1665 2793 ad
1677 2717 1843 2790 notitiam
1851 2714 2012 2785 divinam

410 2840 664 2939 respiciamus,
693 2841 743 2912 sic
768 2841 856 2912 illud
883 2843 1027 2913 evenire
1045 2841 1249 2915 videbimus
1265 2842 1463 2916 secundum
1479 2865 1582 2931 eam,
1607 2854 1646 2911 nt
1670 2850 1791 2939 posset
1807 2834 1915 2908 etiam
1936 2857 2012 2904 non

410 2960 567 3033 evenire.
585 2964 637 3032 lta
651 2960 785 3059 quippe
810 2961 886 3060 ipse
911 2959 1000 3033 illud
1020 2961 1179 3060 providit
1195 2976 1231 3035 et
1246 2962 1349 3034 scivit
1363 2975 1577 3034 eventurum
1591 2983 1686 3047 esse,
1710 2972 1750 3030 ut
1772 2956 1880 3028 sciret
1906 2953 2013 3024 etiam

409 3078 609 3152 secundum
630 3079 907 3153 mutabilitatem
928 3095 1063 3153 naturae
1088 3105 1227 3173 rerum,
1249 3106 1356 3182 posse
1379 3106 1567 3179 nunquam
1587 3080 1749 3168 evenire3
1779 3074 1877 3147 unde
1904 3073 2011 3145 etiam

405 3201 507 3294 juxta
524 3199 686 3272 divinam
710 3199 973 3272 Providentiam
995 3200 1046 3272 sic
1072 3201 1243 3275 eveniunt
1270 3202 1430 3299 singula,
1457 3217 1499 3274 ut
1520 3201 1661 3301 possint
1684 3211 1804 3270 tamen
1825 3216 2011 3291 nunquam

409 3320 571 3410 evenire,
591 3320 677 3417 quia
695 3318 795 3392 nulla
820 3343 950 3392 eorum
968 3333 1096 3393 natura
1114 3321 1161 3394 ad
1183 3320 1256 3393 boc
1274 3335 1313 3393 ut
1327 3320 1495 3393 eveniant
1513 3321 1591 3419 ipsa
1613 3316 1812 3417 compellit,
1833 3313 1898 3387 sed
1913 3335 2013 3410 aeque

409 3439 485 3537 ipsa
500 3439 644 3511 evenire
661 3451 697 3511 et
715 3462 791 3510 non
819 3441 970 3512 evenire
990 3441 1180 3538 permittit3
1210 3440 1371 3539 alioquin
1394 3439 1632 3513 immutabilia
1649 3452 1768 3511 essent
1788 3455 2013 3532 quaecunque

409 3556 640 3629 immutabilis
658 3561 752 3629 Deus
769 3569 943 3649 creasset,
964 3572 1000 3630 et
1024 3559 1080 3631 sui
1104 3559 1233 3631 similia
1250 3576 1380 3633 cuncta
1399 3561 1549 3632 lecisset.
1569 3557 1678 3647 Quod
1694 3581 1781 3630 vero
1806 3552 2014 3650 simpliciter

408 3699 619 3748 concessum
637 3689 711 3765 est,
730 3676 814 3773 quia
831 3674 931 3773 quod
948 3676 1111 3777 providit
1127 3682 1243 3770 Deus,
1264 3703 1409 3752 necesse
1425 3693 1481 3752 est
1495 3680 1656 3772 evenire,
1677 3679 1770 3750 sicut
1785 3688 1821 3746 et
1841 3697 1925 3746 eum
1950 3673 2015 3769 qui

410 3793 678 3893 praedestinatus
687 3809 753 3883 est,
767 3819 911 3867 necesse
918 3808 971 3867 est
981 3796 1122 3890 salvari,
1133 3796 1163 3868 si
1172 3794 1362 3893 diligenter
1373 3822 1518 3871 sensum
1527 3798 1769 3888 attendamus,
1781 3792 2016 3867 determinata

412 3928 465 3985 est
479 3913 789 4010 necessitasmagis
799 3938 909 4009 quam
921 3912 1099 3987 absoluta.
1112 3914 1196 3988 'lale
1206 3916 1342 4014 quippe
1356 3931 1422 4010 est,
1441 3931 1599 4017 utsupra
1614 3916 1863 3990 meminimus:
1879 3909 2016 3999 «Quod

410 4031 568 4130 providit
581 4035 688 4125 Deus,
702 4056 847 4104 necesse
861 4046 914 4105 est
924 4034 1080 4127 evenire,
1093 4035 1196 4110 ivel:
1210 4063 1229 4103 (ι
1244 4036 1537 4110 Praedestinatum
1554 4061 1699 4110 necesse
1715 4048 1771 4108 est
1785 4031 1927 4123 salvari,
1942 4058 1960 4097 a
1973 4053 2016 4101 ac

411 4152 440 4222 si
458 4150 636 4224 diceretur
656 4151 740 4248 quia
758 4150 847 4223 illud
864 4176 1007 4225 necesse
1031 4169 1084 4226 est
1101 4179 1187 4227 cum
1204 4156 1249 4227 sit
1269 4158 1474 4255 provisum,
1493 4157 1571 4248 vel,
1590 4156 1699 4227 istum
1716 4152 1946 4226 salvaticum
1971 4149 2016 4220 sit

411 4272 697 4368 praedestinatus3
713 4270 872 4368 alioquin
890 4273 1040 4345 omnino
1058 4273 1186 4346 salsum
1201 4289 1267 4368 est,
1287 4276 1354 4348 nisi
1366 4275 1532 4350 videlicet
1544 4276 1594 4349 ita
1607 4274 1838 4371 intelligatur.

460 4389 702 4478 Quaerendum
718 4390 874 4488 denique
886 4391 1029 4464 videtur
1038 4447 1047 4483 ,
1062 4407 1186 4467 utrum
1201 4418 1258 4468 res
1275 4397 1412 4495 possint
1427 4396 1687 4469 aliterevenire
1703 4417 1813 4491 quam
1823 4396 1920 4463 Deus
1935 4411 2014 4485 pro

413 4507 513 4580 vidit.
536 4507 645 4596 Quod
670 4509 818 4604 quidem
843 4509 873 4581 si
899 4525 940 4582 ut
964 4534 1089 4584 verum
1108 4538 1308 4613 ponamus,
1334 4515 1476 4589 videtur
1494 4515 1695 4589 necessario
1716 4508 1892 4607 consequi
1914 4505 2015 4605 quod

414 4632 510 4700 Deus
530 4626 602 4700 salli
616 4626 747 4726 possit,
769 4626 870 4723 juxta
884 4629 981 4700 illam
997 4632 1158 4726 regulam
1173 4661 1182 4701 z
1199 4635 1308 4728 Cujus
1324 4634 1495 4730 possibile
1511 4646 1565 4705 est
1581 4630 1816 4721 antecedens,
1834 4641 1872 4700 et
1887 4651 2015 4700 conse·

414 4773 541 4845 quens.
561 4750 694 4820 Verum
710 4746 844 4843 quippe
861 4759 930 4835 est,
950 4746 1137 4845 inquiunt,
1156 4751 1257 4848 quod
1284 4751 1314 4823 si
1339 4776 1395 4824 res
1421 4753 1541 4824 evenit
1557 4750 1660 4824 aliter
1685 4774 1795 4848 quam
1818 4753 1916 4820 Deus
1932 4769 2015 4846 pro·

415 4868 522 4960 vidit,
539 4870 636 4940 Deus
653 4864 801 4957 fallitur3
816 4889 928 4962 quare
937 4867 967 4937 si
976 4868 1147 4965 possibile
1164 4885 1217 4942 est
1233 4894 1310 4944 rem
1327 4871 1429 4943 aliter
1444 4872 1589 4945 evenire
1601 4894 1712 4968 quam
1729 4873 1826 4942 Deus
1841 4864 2013 4967 providit,

415 4984 583 5085 possibile
600 4998 653 5057 est
668 4988 785 5056 Deum
801 4983 886 5057 lalli.
908 4983 961 5057 lid
978 4985 1077 5083 quod
1097 4988 1247 5084 quidem
1267 4989 1527 5090 respondemus
1554 4988 1654 5089 quod
1685 4990 1762 5061 haec
1789 4986 2012 5088 propositio,

417 5104 589 5181 Possibile
605 5120 659 5180 est
682 5127 758 5177 rem
775 5105 919 5179 evenire
941 5103 1044 5178 aliter
1060 5131 1170 5204 quam
1183 5113 1280 5184 Deus
1297 5110 1471 5208 providit,
1487 5109 1598 5185 babet
1613 5109 1707 5185 duos
1731 5134 1878 5182 sensus:
1900 5130 2013 5180 unum
