4559 6100
728 566 981 641 Tfluommt
1004 566 1282 640 curmtttut.
1733 559 1807 636 37³

211 736 282 810 tur,
308 744 391 793 cum
415 717 591 808 ¹uidelicet,
617 743 736 816 ueque
759 743 813 810 os,
837 742 955 816 neque
977 716 1137 814 aliquem
1161 729 1315 813 partem,
1343 712 1542 788 utrdictum
1566 726 1632 801 est,
1652 708 1807 790 habeut?

212 839 407 929 Quomodo
423 840 532 912 etiam
547 863 613 937 per
630 853 776 910 ventum
792 837 903 909 virtus
921 837 1002 911 coeli
1016 850 1053 909 et
1070 850 1174 910 terrm
1187 834 1373 910 subsistit?
1390 832 1693 929 intelligautergo
1709 827 1807 908 huuc

211 984 286 1032 esse
308 959 409 1031 illurn
430 959 600 1055 Spiritum
622 957 790 1044 Domini,
815 955 918 1051 cujus
933 955 1178 1053 septiformem
1195 956 1345 1052 gratiam
1367 954 1473 1028 lsaies
1488 950 1695 1028 describens
1709 950 1775 1024 ait¹
1796 976 1804 1019 ι

164 1073 167 1076 ’
214 1109 231 1146 ιι
257 1082 302 1150 m
325 1077 523 1175 requiescet
543 1102 651 1177 super
676 1101 762 1149 eum
783 1076 934 1174 Spiritus
956 1076 1118 1166 Domini,
1144 1076 1294 1174 Spiritus
1320 1073 1500 1173 sapientiae
1523 1086 1560 1144 et
1583 1069 1805 1159 intellectus,

212 1198 364 1297 Spiritus
378 1196 517 1268 consilii
535 1209 570 1268 et
585 1196 816 1286 fortitudinis,
833 1211 902 1269 etc.
919 1225 936 1262 s
959 1199 1000 1266 Et
1013 1194 1122 1267 alibi¹
1140 1222 1151 1266 ε
1171 1223 1189 1260 «
1204 1199 1248 1265 Et
1262 1218 1364 1268 nrrne
1378 1193 1556 1268 Dominus
1569 1190 1666 1270 misit
1681 1212 1754 1278 me,
1772 1204 1809 1262 et
1901 1191 1906 1200 ’

211 1319 363 1417 Spiritus
382 1317 472 1413 ejus.
496 1346 513 1384 u
535 1320 578 1388 Et
595 1319 733 1388 rursus⁸
752 1343 770 1388 :.
783 1345 800 1384 α
814 1316 968 1413 Spiritus
983 1315 1130 1387 Domini
1154 1338 1261 1411 super
1280 1338 1358 1406 me,
1378 1338 1422 1385 eo
1439 1311 1541 1409 quod
1562 1310 1702 1384 unxerit
1723 1332 1803 1396 me,

210 1436 255 1509 ad
279 1434 569 1510 annuntiandum
597 1437 802 1512 mansuetis.
815 1435 909 1506 misit
937 1458 1007 1506 me.
1025 1462 1045 1502 u
1070 1439 1123 1505 De
1148 1458 1222 1531 quo
1242 1435 1350 1510 etiam
1368 1433 1406 1513 in
1422 1432 1611 1528 Sopr'enn‘a
1631 1428 1803 1502 dicitur‘:

214 1586 231 1623 α
246 1560 395 1629 Sanctis
412 1557 562 1655 Spiritus
584 1555 778 1654 discipline
793 1555 937 1652 effugiet
953 1553 1089 1626 lictum.
1112 1555 1290 1651 Benignus
1305 1566 1363 1627 est⁴
1378 1556 1474 1628 euim
1494 1548 1808 1651 SpiritosSspieu·

211 1676 279 1763 tiae,
302 1690 405 1748 etc.»
425 1680 478 1748 De
495 1701 569 1773 quo
586 1677 716 1748 iterum
731 1700 817 1747 cum
839 1674 1024 1746 subditur³
1042 1700 1050 1743 :
1073 1702 1092 1742 ιι
1106 1678 1148 1746 Et
1167 1673 1238 1747 lsoc
1254 1673 1355 1772 quod
1369 1673 1533 1746 continet
1554 1671 1678 1745 omnia
1694 1670 1808 1744 scien·

212 1795 295 1867 tiam
309 1794 417 1870 babet
427 1797 561 1885 voeispt
573 1811 696 1895 aperto
709 1796 785 1894 ipse
798 1795 948 1892 Spiritus
962 1798 1058 1866 Deus
1071 1818 1148 1878 esse
1159 1791 1383 1892 perhibetur,
1394 1816 1478 1865 cum
1490 1790 1612 1863 omnia
1622 1788 1806 1864 continere

210 1912 363 1988 dicatur.
391 1920 436 1987 Et
460 1917 590 1988 iterum
614 1915 660 1986 ad
683 1919 800 1986 Deum
824 1913 977 2011 loquens
996 1914 1177 2011 Sapientia
1199 1913 1329 1986 dicit⁶z
1356 1942 1373 1981 u
1387 1915 1539 1986 Sensum
1559 1924 1680 1990 autem
1703 1922 1806 1986 tuum

210 2035 290 2132 quis
313 2036 428 2126 scirit,
456 2036 523 2108 uisi
543 2048 581 2106 tu
608 2033 751 2106 dederis
773 2034 999 2131 sapientiam,
1027 2048 1063 2106 et
1088 2035 1227 2108 miseris
1251 2033 1424 2132 Spiritum
1448 2047 1612 2106 sanctum
1635 2043 1739 2102 tuum
1760 2027 1806 2110 de

210 2152 435 2230 altissimisi»
452 2160 495 2226 m
511 2156 671 2228 rursum⁷
686 2182 694 2223 :
711 2156 770 2225 «Ο
784 2178 893 2252 quarn
910 2153 1031 2226 bonus
1045 2168 1081 2228 et
1097 2155 1216 2228 suavis
1232 2169 1297 2246 est,
1316 2153 1487 2242 Domine,
1505 2151 1656 2250 Spiritus
1673 2163 1755 2222 tuus
1767 2149 1805 2222 io

211 2272 328 2344 nobis.
341 2304 359 2339 ιι
380 2275 446 2346 Hic
469 2274 577 2347 etiam
599 2298 682 2345 curn
699 2273 777 2372 ipse
792 2273 945 2371 Spiritus
964 2274 1153 2372 Sapientiae
1173 2273 1445 2365 describeretur,
1463 2295 1570 2344 verus
1587 2273 1684 2343 Deus
1700 2269 1806 2367 plane

211 2391 439 2489 praedioatur,
464 2417 549 2465 cum
571 2393 665 2464 inter
685 2405 801 2464 cetera
826 2391 872 2464 de
895 2416 940 2464 eo
964 2392 1139 2491 scripturn
1165 2393 1270 2465 sitin
1297 2395 1483 2490 Sapientia
1506 2391 1572 2463 sic⁸
1590 2415 1599 2461 ε
1619 2392 1805 2466 «Omnem

212 2509 349 2584 babens
371 2513 555 2603 virtutem,
584 2512 708 2584 omnia
730 2512 1001 2610 prospiciens»
1024 2513 1184 2611 ecquod
1207 2513 1324 2612 capiat
1344 2511 1806 2609 omnio-Spiritusu·Quem

212 2631 319 2702 etiam
338 2631 466 2704 lleliud
486 2635 522 2702 iu
539 2629 633 2703 libro
650 2631 719 2703 Job
741 2647 942 2704 creatorem
962 2631 1152 2730 profitetur
1171 2631 1310 2704 dicens·
1329 2663 1338 2703 ι
1358 2632 1538 2730 «Spiritus
1556 2628 1702 2702 Domini
1724 2627 1806 2706 tecit

214 2775 282 2837 me,
302 2765 338 2822 et
359 2751 576 2849 spiraculum
593 2752 852 2849 omnipotentis
869 2749 1060 2824 vivificavit
1076 2776 1149 2824 me.
1165 2784 1183 2819 s
1203 2752 1270 2823 Cui
1288 2767 1322 2825 et
1340 2753 1447 2822 Filius
1462 2752 1538 2848 ipse
1554 2750 1619 2821 Dei
1636 2749 1673 2822 in
1689 2753 1805 2824 Evan-

211 2869 303 2965 gelio
315 2870 488 2966 aequelem
498 2870 568 2943 sibi
578 2886 614 2943 et
627 2871 721 2942 Patri
733 2871 942 2965 dignitatem
955 2870 1164 2972 adscribens
1174 2872 1266 2945 ait¹⁰z
1281 2875 1373 2963 «tre,
1390 2869 1518 2946 docete
1528 2893 1656 2942 omnes
1669 2881 1804 2966 gentes,

212 2985 433 3088 baptizantes
443 3014 506 3062 eos
519 2991 556 3061 io
571 2989 718 3062 nomine
733 2991 846 3063 Patris
859 3003 895 3062 et
909 2990 986 3063 Filii
999 3005 1036 3063 et
1049 2992 1203 3091 Spiritus
1215 2992 1340 3069 saneti
1356 3018 1375 3060 u
1392 2993 1541 3065 Necnon
1553 3002 1589 3061 et
1602 2987 1804 3087 Apostolus,
1869 3076 1872 3083 ὁ

212 3123 301 3181 teste
327 3111 537 3207 Augustino,
561 3135 646 3181 cum
664 3109 840 3209 templum
855 3111 1008 3207 Spiritus
1024 3115 1140 3184 sancti
1155 3112 1331 3201 nominat,
1356 3125 1479 3209 aperte
1493 3134 1579 3184 eum
1598 3132 1674 3183 esse
1689 3113 1807 3185 Deum

211 3230 448 3327 pronunciat,
472 3253 557 3301 cum
581 3229 692 3303 solius
715 3231 781 3301 Dei
813 3229 989 3329 templum
1019 3255 1096 3304 esse
1124 3230 1276 3311 dicatur.
1304 3230 1485 3328 Scriptum
1519 3230 1655 3327 quippe
1681 3243 1736 3301 est
1769 3228 1806 3303 in

212 3349 410 3446 Apostolo¹¹
431 3376 472 3418 :e
487 3349 636 3421 Nescitis
651 3348 751 3445 quod
769 3348 949 3446 templum.
961 3349 1027 3421 Dei
1043 3351 1125 3421 estis
1143 3365 1179 3422 et
1192 3350 1348 3448 Spiritus
1361 3350 1427 3420 Dei
1442 3346 1581 3420 habitat
1594 3348 1632 3418 in
1648 3345 1774 3420 vobis?
1785 3376 1804 3414 ιι

211 3461 282 3534 Ubi
308 3476 429 3559 aperte
460 3463 617 3535 insinuat
642 3467 760 3534 Deum
790 3463 921 3561 ipsum,
936 3463 1038 3559 cujus
1054 3478 1117 3553 xest
1141 3464 1328 3564 templum,
1356 3478 1392 3539 et
1412 3463 1583 3562 Spiritum
1608 3462 1675 3537 Dei
1697 3485 1805 3558 quem

208 3578 412 3653 inhabitare
434 3581 533 3672 dicit,
562 3580 660 3653 idem
683 3605 771 3653 esse.
796 3581 854 3653 Sic
877 3594 913 3654 et
935 3586 975 3652 B.
998 3586 1121 3655 Petrus
1142 3584 1179 3655 in
1200 3582 1345 3657 Artibus
1361 3581 1614 3680 Apostolorum
1636 3580 1806 3678 Spiritum

209 3712 375 3771 sanctum
395 3704 512 3773 Deum
531 3688 605 3772 esse
623 3699 825 3798 profitetur,
847 3699 997 3774 dicens¹¹
1017 3729 1025 3773 ε
1048 3732 1066 3769 «
1082 3707 1129 3777 Ut
1150 3703 1240 3800 quid
1249 3704 1419 3777 mentitus
1442 3726 1480 3775 es
1502 3701 1649 3801 Spiritui
1665 3714 1803 3787 sancto,

210 3819 371 3891 Ananis?
386 3844 462 3894 uon
479 3820 698 3893 esmeutitus
713 3820 938 3909 hominibus,
954 3821 1023 3895 sed.
1033 3827 1125 3895 Deo.
1141 3852 1159 3890 u
1177 3828 1230 3895 De
1244 3823 1463 3920 quoiterum
1475 3821 1607 3921 Spiritu
1620 3820 1808 3895 ineisdem

214 3937 358 4013 Actibus
377 3942 633 4012 continerent:
656 3971 674 4008 e
686 3944 769 4013 Haec
790 3941 878 4014 dicit
898 3942 1050 4040 Spiritus
1069 3943 1203 4039 jubens
1223 3970 1232 4015 ι
1252 3922 1420 4041 Separme
1440 3941 1528 4013 mihi
1552 3940 1751 4017 Barnabam
1772 3954 1808 4013 et

213 4058 379 4152 Paulum,
402 4073 471 4131 etc.
490 4087 508 4127 u
533 4063 578 4130 Et
600 4085 741 4132 rursum
751 4064 771 4099 ¹⁵
790 4087 799 4130 :
826 4061 994 4132 «Placuit
1020 4063 1165 4161 Spiritui
1186 4077 1312 4135 sancto
1336 4061 1506 4151 etuobis.
1526 4090 1544 4129 ιι
1564 4066 1609 4135 Et
1628 4059 1809 4135 Psalmista

212 4177 386 4275 Spiritum
402 4180 468 4251 Dei
485 4177 617 4277 ubique
634 4205 710 4252 esse
730 4194 900 4278 tanquam
920 4181 1268 4281 incircumscriptum
1285 4181 1474 4281 profitetur
1492 4181 1667 4258 diceus¹⁸=
1692 4210 1709 4249 r
1724 4183 1808 4268 Quo

212 4293 275 4368 ibo
300 4320 322 4368 a
345 4298 476 4395 Spiritu
504 4298 595 4371 tuo?
611 4326 629 4367 u
649 4299 722 4388 Qui
744 4314 779 4370 et
799 4302 920 4372 statim
942 4315 982 4372 ut
998 4303 1117 4400 ipsum
1136 4304 1310 4402 Spiritum
1335 4303 1414 4391 Dei,
1440 4327 1551 4401 quem
1573 4300 1707 4398 ubique
1730 4323 1809 4375 esse

210 4413 414 4513 profitetur,
431 4415 528 4489 idem
545 4442 622 4490 esse
639 4443 722 4490 cum
738 4419 818 4517 ipso
832 4423 923 4513 Deo,
943 4420 989 4492 sd
1005 4446 1115 4519 quem
1132 4421 1305 4519 loquitur,
1324 4423 1495 4515 insinuet,
1513 4445 1578 4520 per
1594 4421 1666 4493 hoc
1683 4433 1809 4519 puteus
1884 4502 1887 4511 ,

211 4547 267 4606 ter
284 4535 453 4629 ostendit,
472 4538 570 4634 quod
590 4541 709 4611 statim
730 4540 901 4637 Spiritum
920 4539 1053 4636 ubique
1069 4565 1146 4613 esse
1160 4541 1314 4638 assignat
1332 4566 1396 4639 per
1414 4543 1532 4639 ipsum
1553 4543 1683 4630 Deum,
1700 4564 1808 4637 quem

210 4651 349 4753 ubique
365 4656 494 4729 astruit
513 4657 690 4731 dicern¹⁶z
717 4687 735 4724 r
747 4658 785 4729 Si
800 4660 997 4732 ascendero
1015 4661 1053 4732 in
1069 4659 1215 4749 eoelum,
1242 4675 1278 4732 tu
1297 4659 1368 4734 illic
1387 4685 1438 4752 es,
1462 4675 1564 4734 etc.»
1586 4661 1706 4734 Sedet
1724 4684 1808 4731 cum

245 4927 331 4984 ¹isat,
342 4941 397 4992 cap.
410 4939 441 4989 ιι,
454 4943 477 4979 ι.
490 4933 516 4980 t.
527 4931 576 4966 -2
588 4929 655 4979 mit.
672 4944 695 4981 ι.
709 4933 749 4984 tu.
760 4945 784 4979 r.
799 4932 835 4983 tt.
850 4933 895 4969 -³
906 4931 984 4991 ibid,
1038 4946 1092 4996 cap.
1105 4946 1193 4996 xxuu,
1210 4947 1235 4983 v.
1257 4934 1295 4984 ts.
1313 4958 1342 4970 -
1355 4934 1368 4965 ¹¹
1381 4932 1495 4984 Corinth.
1511 4931 1533 4995 l,
1554 4926 1607 4996 cap.
1630 4945 1668 4995 ιιι,
1685 4947 1707 4982 r.
1728 4934 1766 4984 16.
1777 4956 1807 4968 -

204 5020 268 5069 esp.
279 5021 329 5068 tu,
343 5023 365 5058 r.
381 5011 404 5061 1.
419 5010 610 5073 -⁴Sop.,cap.
621 5022 640 5069 ι,
654 5023 677 5059 ι.
690 5012 714 5061 5.
728 5037 757 5047 -
769 5014 778 5044 ⁸
790 5010 866 5071 mid..
879 5025 902 5062 r.
916 5017 939 5063 t.
956 5040 985 5050 -
1040 5015 1116 5064 ”Art
1132 5014 1235 5077 Aport„
1248 5026 1303 5075 cap.
1316 5025 1344 5076 r,
1357 5025 1381 5061 r.
1398 5015 1422 5064 3.
1434 5037 1467 5052 -
1478 5014 1495 5045 ¹³
1505 5014 1557 5064 Act.
1570 5015 1668 5077 Apost,
1685 5026 1739 5075 cap.
1755 5023 1808 5071 ιιιι,

202 5088 215 5119 ⁸
230 5088 311 5151 Sap,
324 5102 377 5152 cap.
390 5102 429 5151 ur,
444 5101 465 5139 r,
479 5091 515 5138 u.
529 5089 573 5124 -t
583 5089 721 5152 Sop.,cap.
732 5102 776 5150 ιιι,
784 5104 806 5140 ι.
819 5097 840 5143 1.
852 5093 984 5156 -⁸Sop.,
1039 5104 1061 5142 ι.
1073 5094 1135 5144 2.-
1144 5094 1215 5142 “Aet
1227 5093 1324 5155 Aput..
1337 5103 1390 5154 rap.
1398 5105 1440 5154 ιι,
1449 5105 1472 5142 ι.
1479 5089 1683 5144 28.-¹⁸Psolm.
1690 5102 1808 5149 matut,

201 5178 268 5228 sep.
281 5180 324 5226 ιιι,
335 5182 359 5218 v.
372 5170 412 5221 2³.
428 5194 457 5204 -
468 5170 478 5200 ⁰
489 5162 559 5231 lob,
571 5181 625 5231 rap.
638 5181 730 5230 sustu,
742 5183 764 5220 ι.
778 5172 802 5222 4.
817 5195 849 5207 -·
861 5173 877 5203 ¹⁰
887 5170 984 5233 Datttr,
1040 5184 1063 5221 ι.
1075 5173 1102 5225 t.
1115 5196 1145 5208 -
1160 5172 1176 5203 ¹⁶
1186 5171 1283 5233 lium,
1293 5183 1346 5232 cop.
1359 5183 1407 5235 ιιι,
1418 5184 1441 5222 ι.
1457 5174 1496 5224 at.
