4559 6100
461 551 533 626 406
1059 543 1186 615 Putat
1212 541 1446 616 tamtam

510 699 632 772 Primo
647 698 766 794 itaque
784 689 1032 770 disserendum
1049 695 1207 767 occurrit
1222 707 1312 793 quot
1328 694 1446 767 modis
1467 713 1628 792 persona
1644 680 1778 766 nomen
1795 688 1910 790 accipi
1925 687 2053 784 adeat,

463 833 503 892 nt
524 818 710 916 diligenter
728 841 749 890 a
766 817 893 889 ceteris
917 815 989 887 hoc
1012 814 1116 910 signo
1138 813 1392 909 distinguatur.
1418 811 1524 885 Aliter
1548 826 1670 885 autem
1687 811 1724 884 in
1743 810 1936 901 rhetorica,
1954 811 2055 886 aliter

464 943 499 1014 iu
534 937 785 1035 grammatica,
814 948 920 1032 atque
949 932 1050 1036 aliter
1077 934 1114 1004 in
1151 932 1338 1030 theologia.
1358 956 1548 1031 personam
1578 931 1785 1031 accipimus.
1817 930 1925 1018 Quod
1958 931 2057 1007 euim

465 1058 674 1131 dictumest
694 1052 1071 1127 ‹rinvisibiliaDeieis
1091 1052 1199 1124 fuisse
1220 1052 1387 1138 revelata,
1404 1081 1423 1120 a
1446 1050 1494 1124 ad
1517 1073 1707 1149 personam
1729 1047 1881 1150 Spiritus
1903 1071 1978 1128 uon
1997 1047 2055 1123 in·

466 1201 624 1273 congrue
648 1175 861 1274 applicatur,
881 1172 945 1270 qui
960 1171 1032 1244 hoc
1048 1173 1128 1270 ipso
1145 1170 1246 1269 quod
1269 1167 1420 1270 Spiritus
1444 1170 1588 1264 dicitur,
1604 1195 1648 1243 ex
1664 1171 1743 1269 ipso
1759 1170 1907 1241 nomine
1927 1168 2056 1246 invisi·

465 1295 581 1368 biliter
605 1295 818 1366 insinuatur.
846 1296 890 1364 Et
914 1291 998 1389 quia
1023 1292 1143 1389 ipsum
1166 1290 1305 1363 donum
1330 1292 1397 1364 Dei
1418 1306 1580 1381 vocatur,
1610 1303 1648 1362 et
1670 1287 1871 1362 secrmdum
1890 1288 2055 1388 septifor-

466 1440 560 1487 mem
598 1414 747 1511 gratiam
781 1412 987 1510 multiplex,
1016 1423 1053 1482 et
1080 1423 1218 1508 septem
1251 1411 1403 1508 Spiritus
1429 1411 1531 1507 quasi
1563 1433 1612 1483 m
1646 1405 1744 1483 dona
1780 1431 2055 1506 nonnumquam

467 1535 608 1623 dicitur,
638 1556 712 1604 non
738 1533 936 1628 incongrue
961 1529 1099 1601 dictum
1123 1544 1178 1600 est
1192 1528 1375 1628 pluraliter
1400 1528 1623 1601 «invisibilia
1649 1529 1770 1619 Dei,»
1802 1526 1876 1599 hoc
1897 1540 1951 1600 est
1974 1529 2055 1627 Spi-

466 1654 576 1723 ritum
601 1649 677 1748 ejus
699 1648 915 1749 septiformis
944 1651 1063 1746 gratiae
1092 1648 1275 1721 donomm
1305 1647 1589 1721 distributorem.
1616 1645 1775 1720 Verbum
1798 1659 1919 1724 autem
1947 1647 2056 1728 Patris
2184 1724 2187 1731 ,

466 1771 647 1845 Christum
673 1771 871 1842 Dominum
897 1769 964 1841 Dei
988 1770 1157 1842 virtutem
1182 1783 1219 1841 et
1243 1770 1310 1841 Dei
1332 1769 1551 1868 Sapientiam
1575 1766 1766 1867 Apostolus
1792 1766 1934 1840 clamat.
1954 1767 2058 1844 Unda

365 1943 369 1946 -
468 1906 502 1966 ct
527 1889 701 1963 hocloco
729 1913 813 1962 oum
840 1888 970 1961 dicitur
989 1915 998 1961 ι
1019 1918 1037 1955 r<
1049 1889 1274 1989 Sempiterna
1297 1911 1444 1986 qunque
1470 1888 1536 1959 Dei
1556 1887 1681 1978 virtus,
1698 1916 1715 1952 a
1733 1909 1888 1984 persona
1903 1886 1979 1958 Filii
1997 1912 2057 1962 cx·

468 2011 643 2108 primitur,
679 2024 721 2083 ut
748 2023 895 2082 etcum
923 2006 1088 2081 subditur
1116 2040 1134 2076 a
1158 2019 1195 2082 et
1222 2009 1410 2100 Divinitas,
1436 2038 1454 2075 a
1479 2007 1577 2105 quia,
1607 2020 1650 2079 ut
1678 2029 1788 2106 supra
1816 2006 2055 2099 meminimus,

469 2130 624 2202 rrraxime
640 2129 789 2201 nomine
804 2129 871 2202 Del
883 2126 940 2200 vel
953 2127 1100 2200 Domini
1117 2128 1303 2227 potestatis
1319 2127 1485 2223 majestas
1501 2126 1723 2224 exprimitur,
1743 2148 1898 2222 persona
1914 2149 2058 2225 qnoque

471 2249 582 2321 Patris
602 2273 767 2347 expressa
787 2262 852 2321 est.
872 2247 1028 2336 Quodsi
1050 2246 1171 2319 adhuc
1189 2271 1257 2320 nec
1275 2248 1387 2346 ipsius
1406 2246 1580 2346 Apostoli,
1600 2267 1669 2318 nec
1689 2258 1896 2318 sanctorum
1915 2249 2058 2322 l’auum

393 2376 396 2382 ’
469 2368 662 2442 arrctoritas
687 2367 777 2440 milri
796 2369 879 2441 satis
896 2366 1080 2464 suffragari
1099 2366 1254 2457 videtur,
1276 2391 1345 2439 nec
1368 2390 1411 2450 ea
1432 2389 1591 2463 quoquc,
1611 2387 1721 2461 quam
1743 2387 1851 2462 supra
1872 2365 2059 2462 praetendi·

469 2512 562 2576 mus,
590 2488 696 2580 ratio,
720 2487 821 2585 quod
843 2489 880 2559 io
900 2487 1063 2584 praesenti
1085 2486 1250 2559 videlicet
1273 2508 1383 2585 opere
1404 2485 1558 2558 maxime
1575 2482 1745 2555 adversus
1762 2482 2059 2581 philosophorum

470 2605 666 2705 discipulos
688 2608 839 2703 agimus,
865 2608 927 2704 qui
949 2605 1300 2703 nosphilosophicis
1320 2606 1498 2703 impetunt
1521 2601 1732 2696 rationibus,
1760 2627 1916 2700 quorum
1940 2617 1976 2678 et
1998 2630 2057 2702 pe·

472 2726 568 2796 nitus
599 2726 808 2797 auctoritate
837 2725 905 2822 ipsi
939 2724 1116 2816 nituntur,
1146 2738 1307 2821 superest
1333 2737 1374 2795 ut
1403 2722 1541 2795 hostilis
1580 2722 1721 2795 malitiae
1754 2722 1870 2818 jacula
1900 2722 2061 2821 pluribus

472 2842 704 2914 retundamus
737 2841 956 2930 rationibus,
983 2855 1019 2915 et
1041 2866 1106 2941 per
1128 2842 1267 2937 singula
1294 2865 1421 2914 eorum
1446 2841 1702 2940 respondentes
1730 2840 1899 2937 objectis,
1934 2866 2060 2915 eorum

472 2983 742 3060 compescamus
756 2961 917 3052 latratus,
934 2961 1096 3058 nequod
1114 2961 1160 3034 ad
1181 2959 1264 3034 fidei
1282 2976 1413 3036 nostrae
1429 2961 1674 3035 defensionem
1692 2961 1830 3042 sincera
1845 2963 2062 3061 conscripsi-

473 3104 553 3152 mus
570 3081 780 3171 intentione,
804 3080 889 3152 inde
909 3104 1038 3153 eorum
1057 3080 1177 3152 invida
1197 3082 1271 3154 sive
1285 3105 1435 3154 erronea
1450 3081 1698 3153 criminatione
1715 3080 1860 3155 silescat
1876 3080 2057 3175 fidelihus,

474 3198 571 3271 unde
602 3200 714 3295 magis
739 3214 836 3298 patet
863 3200 1031 3272 infestum
1055 3199 1260 3273 infidelibus
1277 3229 1286 3291 ;
1306 3214 1341 3272 et
1367 3200 1542 3300 quoniam
1567 3198 1785 3273 infidelitatis
1810 3198 2059 3301 philosophos,

437 3361 440 3367 »
474 3333 597 3418 utpote
622 3319 770 3416 gentiles
791 3335 959 3416 arguunt,
988 3344 1207 3418 omnemque
1229 3322 1279 3392 eis
1299 3321 1399 3419 quasi
1423 3320 1601 3393 damnatis
1623 3344 1688 3416 per
1709 3319 1782 3391 hoo
1807 3318 1891 3392 fidei
1910 3323 2063 3394 auctori·

474 3452 582 3510 tatem
607 3438 784 3532 adimunt,
810 3440 847 3511 in·
869 3439 941 3513 hoc
959 3454 1080 3512 nostra
1096 3439 1292 3539 plurimum
1313 3438 1475 3513 intendat
1497 3438 1670 3529 defensio,
1690 3439 1727 3510 in
1744 3462 1819 3536 quo
1832 3453 1916 3513 rota
1936 3465 2062 3513 eorum

475 3559 599 3631 nititur
614 3559 851 3658 impugnatio.
1836 3552 1838 3555 ⁵

522 3679 680 3751 Gentiles
700 3678 848 3753 fortasse
871 3678 1030 3768 natione,
1057 3702 1132 3749 non
1155 3677 1239 3764 fide,
1265 3703 1391 3751 omnes
1415 3678 1559 3751 fuerunt
1577 3678 1799 3778 philosophi,
1817 3678 1909 3752 sicut
1926 3678 1973 3752 de
1993 3681 2062 3753 lob

475 3811 511 3868 et
536 3797 760 3892 amicis-ejus
785 3797 929 3869 dicitur.
948 3795 1144 3885 Quomodo
1170 3797 1266 3867 enim
1292 3796 1491 3870 infidelitati
1514 3822 1557 3871 ac
1580 3797 1806 3873 damnationi
1829 3822 1892 3870 eos
1917 3797 2064 3898 deputa·

476 3913 644 4002 velimus,
667 3914 812 4011 quibus,
839 3914 1011 4013 apostolo
1034 3938 1180 4011 quoque
1196 3927 1360 4007 testante,
1382 3917 1458 4014 ipse
1481 3916 1565 3991 fidei
1582 3918 1639 3990 sui
1660 3941 1804 4010 arcana,
1826 3940 1869 3989 ac
1884 3916 2062 4016 profunda

475 4031 652 4103 Trinitatis
673 4034 840 4129 mysteria
863 4032 1046 4120 revelavit,
1072 4045 1109 4104 et
1134 4036 1222 4105 mire
1238 4057 1367 4109 eorum
1382 4035 1528 4108 virtutes
1548 4051 1584 4108 et
1603 4060 1713 4135 opera
1736 4036 1904 4109 assuetis
1919 4059 2064 4134 quoque

476 4149 684 4223 doctoribus
709 4152 962 4251 praedicantur,
985 4153 1149 4251 quamvis
1175 4177 1301 4225 eorum
1327 4155 1522 4227 nonnullos
1547 4181 1611 4254 per
1640 4155 1833 4228 elationem
1858 4170 2061 4242 execratus,

476 4282 583 4367 atque
599 4270 646 4342 ad
665 4269 867 4354 idolatriam
885 4285 922 4345 ct
938 4272 1215 4369 ignominiosam
1228 4273 1340 4345 vitam
1355 4274 1546 4349 devolutos
1560 4299 1638 4347 esse
1655 4275 1750 4348 idem
1768 4274 1956 4373 perhibeat
1971 4278 2065 4373 Apo·

477 4387 605 4479 stolus,
633 4389 725 4462 sicut
741 4403 778 4461 et
798 4389 844 4462 de
859 4391 1053 4463 Salomone
1069 4393 1149 4490 ipso
1167 4391 1336 4489 legimns,
1356 4393 1453 4466 etde
1471 4393 1592 4466 multis
1606 4394 1754 4491 contigit
1771 4391 1961 4466 fidelibus?
1977 4391 2066 4480 Quis

476 4506 583 4578 etiam
605 4523 739 4585 asserat
762 4508 869 4581 nullis
883 4534 1010 4583 eorum
1030 4509 1138 4583 fldem
1159 4512 1416 4585 iucarnationis
1432 4513 1623 4589 revelatam
1640 4538 1730 4599 esse,
1749 4513 1842 4587 sicut
1858 4526 1893 4585 et
1909 4509 2062 4609 Sybillae,

477 4624 560 4697 licet
574 4626 612 4696 in
631 4648 759 4699 corum
777 4629 916 4728 scriptis
928 4654 1004 4703 non
1017 4632 1201 4730 expressa?
1214 4655 1295 4728 quae
1311 4655 1428 4729 neque
1445 4630 1547 4704 alob
1560 4645 1597 4703 et
1612 4630 1796 4704 nonnullis
1808 4629 2065 4731 prophetarum

475 4758 597 4841 aperte
612 4746 837 4844 praedicatur,
860 4773 945 4820 cum
962 4764 998 4821 et
1015 4750 1246 4848 Septuaginta
1265 4754 1476 4848 lnterpretes
1492 4750 1607 4849 legem
1623 4751 1775 4824 ethnicis
1792 4748 2064 4839 transferentes,

476 4864 599 4936 omnia
623 4863 695 4938 fere
716 4864 801 4938 fidei
824 4891 955 4941 arcana
975 4869 1163 4958 tacuerint,
1190 4893 1270 4966 quae
1289 4869 1382 4943 forte
1401 4869 1483 4941 rudi
1503 4869 1641 4969 populo
1659 4869 1813 4943 revelata
1835 4870 1946 4964 magis
1965 4848 2068 4941 scan-

477 4986 550 5060 dali
572 4987 809 5062 offensionem
832 5004 1011 5089 parerent,
1039 5015 1150 5089 quam
1172 4991 1458 5065 edificationem.
1487 4992 1595 5080 Quod
1620 4993 1651 5065 si
1673 4993 1720 5066 ad
1744 4991 1951 5091 allegoriam
1973 4989 2068 5063 dicta

477 5124 622 5206 quoque
648 5108 950 5210 philosophorum
972 5111 1086 5210 accipi
1109 5111 1161 5184 fas
1181 5126 1284 5204 esset,
1311 5113 1390 5211 quis
1421 5138 1496 5186 non
1514 5113 1772 5213 convenienter
1786 5112 1842 5211 ¹ad
1860 5110 2066 5211 mysterium
