4559 6100
447 559 520 634 398
1051 560 1181 634 Putat
1205 561 1441 637 lunulam

447 708 605 784 fortassis
623 723 733 810 poeta
757 711 947 809 ignorante
970 711 1059 811 quid
1078 712 1118 788 in
1140 712 1275 812 sybilla
1290 715 1347 789 vel
1369 715 1407 787 in
1430 738 1475 789 eo
1494 713 1647 813 Spiritus
1664 728 1809 788 sanctus
1825 712 2047 812 loqueretur,

448 832 540 905 sicut
564 847 601 904 ct
628 832 675 905 de
702 834 838 932 Caipha
862 835 1012 933 contigit
1037 835 1199 908 dicente¹
1229 864 1238 906 ι
1266 864 1285 903 n
1300 836 1392 924 Quia
1422 835 1567 935 expedit
1596 850 1636 908 ut
1663 862 1757 909 unus
1780 837 1955 909 moriatur
1980 860 2050 937 pro

448 951 599 1053 populo,
622 967 657 1025 ct
681 978 757 1026 non
779 970 855 1028 tota
880 982 967 1054 gens
987 970 1121 1056 pereat.
1140 985 1158 1024 ιι
1182 954 1249 1028 Ubi
1265 970 1301 1030 et
1319 956 1534 1029 subditur²2
1557 961 1666 1031 «lton
1684 972 1804 1030 autem
1821 956 2049 1056 asemetipso

448 1097 523 1145 non
549 1072 687 1146 dixit.»
709 1076 887 1150 Facillime
911 1091 1032 1150 autem
1050 1101 1092 1149 ex
1108 1075 1411 1175 subseqnentibus
1426 1077 1594 1150 convinci
1616 1091 1749 1177 potest,
1767 1075 1863 1149 hauc
1887 1077 2049 1174 eglogam

446 1193 494 1266 de
516 1193 617 1266 nullo
644 1196 818 1269 veraciter
843 1212 905 1270 aut
931 1197 1189 1270 convenienter
1212 1197 1328 1297 accipi
1351 1221 1470 1297 posse,
1494 1197 1562 1270 nisi
1583 1195 1632 1270 de
1655 1199 1841 1271 incarnato
1857 1197 2049 1293 Unigenito

448 1315 516 1388 Dei
533 1316 651 1414 typice
674 1340 776 1389 more
796 1316 1010 1418 prophetico
1029 1316 1210 1411 dicantur,
1233 1342 1317 1390 cum
1338 1317 1559 1418 apertissime
1582 1316 1669 1392 ialsa
1689 1333 1725 1391 et
1743 1318 1896 1390 omnino
1917 1317 2049 1416 impos·

450 1434 567 1509 sibilia
593 1435 913 1535 deprehendantur
935 1462 1026 1528 esse,
1052 1438 1082 1510 si
1107 1438 1154 1511 ad
1176 1438 1329 1511 litteram
1347 1451 1587 1538 exponantur,
1616 1461 1684 1510 nec
1705 1436 1832 1510 saltem
1857 1434 2050 1509 commode

450 1556 486 1626 in
514 1554 777 1647 adulationem,
805 1572 845 1630 ut
871 1555 1088 1657 quibusdam
1114 1556 1268 1652 videtur,
1299 1557 1437 1648 allerri,
1468 1582 1547 1654 quae
1578 1557 1698 1630 statim
1721 1556 1859 1655 judicio
1885 1556 2050 1630 omnium

453 1689 638 1773 tamquam
658 1676 882 1752 incredibilia
900 1692 1132 1777 respuuntur,
1154 1693 1195 1750 nt
1212 1678 1324 1775 magis
1341 1691 1596 1751 commoveant
1614 1691 1741 1750 contra
1761 1701 1830 1750 nos
1847 1676 2049 1749 auditorem

450 1793 497 1867 ad
523 1793 820 1891 indignationem,
845 1821 957 1895 quam
980 1797 1026 1870 ad
1049 1796 1339 1872 benevolentiam
1360 1796 1516 1872 trahant.
1544 1796 1616 1870 Sed
1640 1795 1717 1871 haec
1740 1796 1944 1895 diligentius
1967 1794 2050 1868 alibi

451 1913 557 1987 nobis
573 1913 797 1988 ostendenda
807 1941 874 2018 seu
893 1917 1110 2017 exponenda
1126 1932 1330 2012 occurrent,
1349 1943 1434 1992 cum
1447 1917 1495 1990 de
1510 1918 1762 1991 lnmmatione
1777 1916 1913 1990 scilieet
1926 1913 2048 2009 Verbi,

453 2037 565 2132 magis
580 2060 692 2134 quam
710 2034 756 2109 de
774 2026 958 2110 divinitate
973 2038 1051 2135 ejus
1067 2039 1272 2113 testimonia
1286 2039 1526 2113 conferemus.

499 2160 602 2229 Nunc
627 2154 747 2255 itaque
763 2155 811 2230 ad
828 2158 1014 2257 proposita
1036 2158 1083 2231 de
1099 2159 1288 2233 divinitate
1306 2158 1414 2232 Verbi
1429 2158 1636 2232 testimonia
1656 2172 1891 2251 revertamur,
1913 2174 2049 2232 etcum

452 2276 588 2351 Davide
621 2291 657 2351 et
690 2277 885 2351 Salomone
909 2278 1053 2378 regibus
1085 2282 1192 2353 lsrael
1228 2281 1374 2353 tertium
1404 2279 1641 2353 adhibeamus
1669 2279 1828 2375 gentium
1857 2303 1977 2375 regem
2004 2280 2049 2352 ad

451 2399 583 2471 summi
608 2399 816 2472 vaticinium
844 2402 957 2499 Regis.
977 2400 1076 2489 Quid
1099 2402 1196 2474 enim
1222 2403 1382 2501 apertius
1406 2400 1468 2473 illo
1493 2400 1697 2473 testimonio
1714 2397 2051 2473 Nabuchodonosor

391 2533 398 2545 ’
451 2519 497 2592 de
517 2518 606 2592 Filio
626 2518 734 2590 neit?
751 2549 770 2589 ιι
787 2524 890 2614 Ecce,
907 2520 1038 2620 inquit,
1055 2521 1164 2594 video
1178 2522 1277 2595 viros
1294 2503 1432 2594 solutos
1452 2535 1610 2619 quatuor
1624 2517 1852 2592 ambulantes
1872 2505 1910 2591 in
1929 2519 2049 2594 medio

449 2639 553 2736 ignis,
572 2653 608 2712 et
622 2640 759 2738 species
775 2643 893 2740 quarti
909 2641 1034 2714 similis
1051 2646 1076 2713 F
1077 2641 1139 2716 ilio
1157 2642 1236 2714 Dei.
1254 2671 1272 2712 v

497 2763 602 2832 Juvat
622 2774 743 2832 autem
761 2760 922 2833 Dindimi
943 2762 1035 2860 regis
1050 2761 1334 2858 Bragmauorum
1351 2760 1482 2834 inferre
1500 2760 1762 2852 testimonium,
1780 2774 1822 2833 ut
1838 2760 1875 2832 in
1892 2774 2048 2859 quatuor

449 2902 575 2976 regum
600 2880 812 2954 auctoritate
834 2894 966 2953 nostrae
990 2882 1138 2954 assertio
1166 2878 1251 2953 fidei
1274 2881 1526 2980 praeeminea13
1550 2879 1709 2954 duorum
1732 2879 1881 2978 quidem
1906 2878 2052 2953 Judaeo·

449 3024 531 3073 rum
558 3014 595 3073 et
621 2999 778 3074 duorum
803 3001 1019 3093 Gentilium3
1045 3001 1165 3077 David
1189 3001 1322 3076 scilicet
1343 3015 1379 3076 et
1404 2999 1622 3093 Salomonis,
1651 3000 1990 3076 Nabuchodonosor
2015 3014 2051 3075 et

451 3118 633 3214 Dindimi3
657 3121 802 3220 sintque
823 3120 863 3194 hi
883 3137 1040 3221 quatuor
1056 3147 1157 3221 reges
1172 3123 1275 3222 quasi
1291 3138 1450 3222 quatuor
1470 3136 1558 3196 rotoe
1574 3121 1707 3197 nobilis
1720 3122 1904 3222 quadrigae
1919 3123 2052 3196 summi

452 3241 566 3337 Regis,
593 3265 659 3340 per
678 3266 770 3341 quas
788 3242 953 3319 videlicet
975 3241 1065 3319 fides
1084 3257 1242 3343 quatuor
1262 3244 1562 3341 evangelistarum
1583 3241 1632 3316 de
1654 3258 1778 3317 sancta
1795 3243 1967 3316 Trinitate
1987 3266 2052 3342 per

452 3362 659 3435 universum
688 3363 868 3439 deleratur
895 3363 1088 3455 mundum,
1114 3379 1151 3437 et
1181 3379 1282 3438 tanto
1309 3388 1436 3463 regum
1452 3364 1646 3439 auctoritas
1669 3365 1715 3437 sit
1740 3363 1893 3455 lirmior,
1912 3378 2049 3462 quanto

451 3497 607 3582 potestas
638 3485 847 3579 sublimior3
875 3501 911 3561 et
938 3485 1003 3587 qui
1029 3486 1147 3565 edicta
1171 3486 1318 3587 populis
1345 3485 1513 3585 legesque
1540 3483 1748 3586 proferunt,
1774 3508 1881 3557 sacrae
1905 3509 2051 3582 quoque

452 3601 536 3677 fidei
557 3604 726 3702 dogmata
745 3606 902 3681 tradant.
927 3607 981 3679 hit
1004 3607 1125 3705 itaque
1143 3607 1335 3681 Dindimus
1355 3607 1393 3679 in
1410 3607 1527 3706 prima
1546 3603 1594 3679 ad
1618 3604 1857 3678 Alexandrum
1873 3605 2049 3704 Epistola,

451 3725 514 3813 ait,
532 3726 697 3823 inquam,
722 3726 773 3799 sic
802 3753 810 3799 ε
844 3732 971 3799 nlnter
996 3742 1114 3801 cetera
1141 3726 1323 3825 religionis
1353 3724 1410 3798 vel
1434 3725 1518 3799 fidei
1542 3750 1614 3798 suae
1639 3727 1754 3822 gentis
1777 3726 1947 3823 insignia,
1975 3750 2050 3799 non

453 3843 600 3941 suscipit
621 3848 718 3917 Deus
737 3870 837 3919 sacra
859 3829 1067 3945 sanguinea,
1090 3844 1229 3919 cultum
1246 3846 1362 3944 diligit
1376 3846 1619 3938 incruentum,
1637 3845 1774 3946 spernit
1791 3846 1933 3919 funesta
1956 3843 2052 3918 liba-

454 3964 552 4034 mina
563 4018 572 4053 ,
585 3964 697 4037 verbo
714 3967 929 4066 propitiatur
945 3966 1145 4060 orantibus,
1162 3967 1262 4065 quod
1276 3967 1396 4040 solum
1407 3966 1441 4041 ei
1449 3991 1535 4041 cum
1551 3965 1701 4039 homine
1712 3979 1780 4057 est,
1793 3989 1930 4064 suaque
1946 3965 2052 4037 nimis

453 4080 685 4158 similitudine
702 4084 910 4160 delectatur.
929 4091 1018 4159 Nam
1037 4085 1195 4160 Verbum
1212 4093 1310 4161 Deus
1332 4103 1407 4177 est,
1434 4087 1700 4161 boemundum
1716 4085 1861 4178 creavit,
1876 4084 1949 4158 hoc
1964 4084 2052 4182 regit

453 4214 560 4299 atque
583 4204 645 4279 alit
670 4207 806 4300 omnia,
831 4207 905 4281 bne
926 4229 1161 4301 veneramur,
1188 4207 1259 4282 boc
1279 4206 1535 4307 ditigmus,ffex
1553 4206 1807 4306 hocspiritum
1825 4204 2011 4280 trahimus.
2032 4233 2049 4273 ιι

503 4326 556 4396 Ex
584 4326 749 4424 Epistola
776 4341 904 4425 quarta
931 4329 1075 4401 Seneca
1101 4326 1148 4400 ad
1177 4328 1364 4403 Paulum:
1404 4357 1422 4398 ιι
1440 4326 1617 4399 Profiteor
1651 4326 1746 4400 bene
1775 4350 1835 4399 me
1861 4340 2052 4426 acceptum

455 4444 609 4519 lectione
633 4447 834 4522 litterarum
859 4463 1002 4523 tuarum
1026 4447 1313 4547 quas'Galathis,
1340 4446 1550 4543 Corinthiis,
1580 4445 1715 4520 hchaeis
1737 4447 1878 4521 misisti.
1902 4446 2053 4546 Spiritus

456 4587 602 4663 qnoque
624 4581 769 4642 sauctus
788 4567 825 4641 in
845 4582 880 4643 te
901 4593 1010 4668 supra
1033 4568 1192 4645 excelsos
1211 4568 1401 4644 sublimior
1428 4569 1512 4643 satis
1534 4566 1758 4641 venerabiles
1786 4592 1912 4640 sensns
1934 4567 2054 4666 expri-

452 4686 530 4758 mit.
554 4714 572 4754 ιι
1181 4776 1186 4785 0

503 4806 540 4880 si
554 4806 703 4906 quidem
718 4811 816 4883 Deus
831 4810 907 4909 ipse
922 4811 1067 4911 spiritus
1082 4825 1192 4907 atque
1207 4835 1310 4885 mens
1325 4825 1392 4904 est,
1415 4824 1524 4910 atque
1540 4808 1624 4884 ideo
1639 4832 1716 4882 non
1732 4808 1883 4883 terrenis
1898 4807 2050 4901 divitiis,

455 4950 523 5000 neo
546 4927 709 5026 largitate
733 4929 918 5024 munifica,
942 4929 1004 5006 sed
1026 4930 1201 5031 religiosis
1224 4929 1396 5030 operibus
1422 4943 1459 5006 et
1485 4930 1679 5031 gratiarum
1706 4930 1849 5005 actione
1874 4927 2047 5029 placatur.

503 5209 588 5273 toan,
601 5223 656 5274 cap.
669 5223 732 5275 11,r.
745 5210 786 5266 59.
800 5235 829 5247 -
842 5210 943 5276 ’tttt.,
956 5224 981 5264 ι.
991 5210 1031 5264 tl.
1044 5210 1094 5252 -⁸
1108 5209 1187 5275 Dea,
1200 5222 1256 5273 cap.
1269 5222 1306 5274 ru,
1316 5223 1340 5262 r.
1353 5212 1393 5264 92.
