4559 6100
735 528 989 603 rusotooll
1014 528 1291 602 GHRlS'l'lANA.
1746 532 1818 603 505

215 702 298 761 ante
310 684 568 759 abscissionem
578 682 692 755 bomo
701 677 949 779 permanebat.
965 678 1139 766 Quaedam
1154 704 1236 777 pars
1247 676 1360 752 latens
1371 681 1408 752 in
1417 680 1584 765 homine,
1600 681 1665 778 qui
1680 681 1817 780 integer

215 819 304 898 erat,
334 804 496 878 similiter
514 817 648 901 'postea
672 798 917 891 abscindatur,
944 798 1130 871 residuum
1154 797 1269 871 homo
1295 813 1359 892 est,
1379 798 1481 897 quod
1506 799 1620 872 homo
1641 814 1717 872 erat
1732 815 1817 873 ante

216 928 329 1025 ipsam
348 923 618 1014 abscissionem,
630 945 715 993 cum
733 933 820 993 tunc
835 944 982 1017 quoque
998 918 1158 991 hominis
1173 917 1426 991 diffinitionem
1442 918 1604 1010 haberet,
1617 919 1717 1016 quod
1729 924 1816 991 tunc

216 1047 324 1119 etiam
341 1045 474 1118 animal
498 1057 586 1131 erat,
612 1066 698 1113 cum
714 1054 806 1113 esset
823 1040 1023 1113 animatum
1042 1052 1080 1110 et
1094 1037 1276 1130 sensibile,
1302 1054 1339 1112 et
1359 1040 1491 1111 eodem
1507 1038 1620 1111 modo
1642 1039 1817 1111 rationale

216 1182 253 1239 et
270 1166 435 1258 mortale,
461 1189 536 1262 quo
559 1160 672 1235 modo
695 1176 731 1234 et
754 1187 865 1235 nunc.
884 1165 977 1234 Cum
1001 1161 1122 1256 itaque
1144 1175 1226 1232 aute
1251 1185 1398 1233 omnem
1417 1159 1675 1234 abscissionem
1698 1160 1818 1233 multae

217 1301 337 1385 partes
355 1299 475 1358 essent
491 1285 530 1356 iu
554 1307 629 1373 uno
642 1281 806 1375 homine,
824 1306 978 1380 quarum
997 1304 1221 1379 unaquaeqne
1237 1296 1330 1352 esset
1343 1280 1478 1374 horn03
1498 1306 1574 1353 non
1593 1295 1715 1353 tamen
1733 1280 1816 1354 ideo

220 1404 323 1478 multi
346 1405 514 1478 homines
536 1405 574 1475 iu
599 1428 675 1476 uno
696 1402 847 1476 homine
867 1416 983 1492 erant,
1006 1401 1091 1499 quia
1113 1402 1247 1473 multos
1268 1401 1435 1473 homines
1457 1426 1534 1474 uon
1555 1399 1723 1495 dicimus,
1750 1403 1818 1474 nisi

220 1524 340 1598 multis
354 1524 545 1599 animabus
560 1538 752 1620 vegetatos.
771 1523 809 1594 Si
825 1536 947 1596 autem
962 1530 1047 1593 cunr
1063 1521 1295 1594 essentialiter
1312 1521 1461 1593 diversae
1474 1546 1531 1593 res
1547 1536 1643 1614 sunt,
1663 1546 1817 1619 quarum

222 1669 446 1743 unaquaeque
468 1659 523 1717 est
544 1643 761 1736 intellectus,
787 1643 861 1714 sive
885 1642 1014 1733 homo,
1038 1667 1113 1715 non
1136 1641 1220 1714 ideo
1242 1658 1360 1714 tamen
1387 1641 1539 1713 dicimus
1562 1640 1696 1713 multos
1715 1643 1819 1715 intel-

220 1764 331 1837 lectus
349 1765 406 1837 rel
429 1762 561 1836 multos
582 1762 748 1835 homines
767 1790 776 1833 ε
796 1776 933 1860 quanto
959 1764 1071 1861 magis
1094 1787 1170 1835 non
1199 1775 1342 1861 oportet
1366 1761 1438 1833 dici
1463 1760 1597 1833 multos
1623 1767 1733 1855 Deos,
1760 1763 1819 1835 vel

222 1882 353 1958 multas
373 1883 600 1974 substautias,
619 1883 786 1978 quamvis
805 1907 1030 1981 unaquaque
1049 1907 1286 1982 personarum
1312 1886 1409 1954 Deus
1432 1896 1485 1953 est
1508 1883 1583 1953 sive
1604 1881 1817 1973 substantia,

224 2026 379 2100 quarum
399 2004 526 2076 eadem
552 2003 695 2101 penitus
721 2016 774 2075 est
797 2003 969 2075 mseutia?
983 2007 1074 2075 Cum
1101 2004 1202 2075 enim
1226 2003 1334 2073 trium
1356 2025 1594 2100 personarum
1621 2002 1822 2074 secundum

225 2125 476 2219 grammaticos
499 2148 578 2221 quae
594 2123 633 2193 in
658 2124 804 2194 Socrate
829 2134 926 2213 sunt,
955 2146 1181 2220 unaquaeque
1203 2122 1249 2194 sit
1273 2124 1451 2213 Socrates,
1479 2120 1709 2214 sive'liomo,
1737 2124 1821 2196 curn

225 2241 391 2315 videlicet
405 2244 481 2342 ipse
493 2244 648 2340 loquens
664 2242 710 2313 sit
725 2241 840 2314 homo
856 2242 930 2314 sive
951 2243 1132 2335 Socrates,
1156 2256 1191 2314 et
1207 2243 1284 2341 ipse
1305 2241 1351 2314 ad
1364 2265 1475 2341 quem
1496 2241 1624 2339 aliquis
1645 2241 1818 2340 loquitur,

225 2360 282 2432 vel
302 2360 349 2433 de
373 2386 450 2460 quo
464 2362 638 2458 loquitur,
658 2384 734 2432 non
752 2359 835 2433 ideo
852 2374 924 2432 tres
944 2363 1108 2434 Socrates
1123 2359 1181 2433 vel
1201 2374 1273 2432 tres
1294 2360 1463 2433 homines
1479 2360 1650 2450 dicimus,
1670 2386 1755 2433 cunr
1779 2364 1825 2434 sit

226 2486 336 2558 trium
363 2510 601 2585 personarum
624 2484 752 2559 eadem
776 2485 951 2576 essentia,
982 2485 1055 2557 hoc
1079 2499 1134 2558 est
1149 2486 1226 2582 ejus
1248 2486 1312 2584 qui
1327 2484 1500 2583 loquitur,
1520 2500 1557 2557 et
1575 2484 1622 2558 ad
1638 2511 1746 2583 quem
1763 2486 1826 2559 ali·

226 2605 307 2702 quis
331 2607 506 2705 loquitur,
528 2604 648 2678 uelde
671 2630 744 2702 quo
762 2604 944 2702 loquitur3
964 2604 1092 2677 eadem
1108 2603 1155 2677 de
1175 2629 1282 2677 causa
1303 2620 1340 2677 et
1358 2606 1465 2677 trium
1487 2629 1724 2702 personarum
1745 2632 1824 2704 quae

226 2727 263 2797 in
285 2730 363 2798 Deo
379 2741 475 2820 suut,
504 2726 563 2798 cui
583 2727 628 2797 sit
648 2749 722 2798 una
742 2726 909 2815 essentia,
933 2722 1020 2797 licet
1043 2748 1267 2823 unaquaeque
1283 2726 1443 2823 ipsarum
1463 2725 1509 2796 sit
1529 2728 1629 2795 Deus
1648 2724 1722 2797 sive
1738 2724 1828 2797 sub-

226 2846 368 2939 stantia,
395 2871 472 2918 non
498 2845 583 2918 ideo
611 2857 755 2944 oportet
779 2859 851 2916 tres
874 2848 971 2916 Deos
998 2843 1070 2916 dici
1094 2845 1167 2916 sive
1186 2859 1259 2917 tres
1281 2844 1496 2917 substantias
1515 2870 1523 2913 :
1543 2868 1629 2915 cum
1656 2869 1762 2943 saepe,
1787 2860 1827 2919 ut

227 2990 336 3064 supra
366 2966 610 3058 meminimus,
635 2989 743 3037 voces
768 2988 812 3037 ex
844 2963 1021 3061 adjunctis
1047 2963 1345 3062 significationem
1372 2988 1475 3037 suam
1506 2965 1667 3058 varient,
1701 2980 1827 3064 utpote

225 3084 302 3157 haec
321 3085 431 3159 dictio
454 3101 526 3158 tres
548 3100 584 3158 et
602 3084 679 3157 aliae
702 3083 835 3158 multae.
862 3084 1042 3157 Eumdem
1058 3088 1194 3184 quippe
1211 3084 1399 3157 hominem
1415 3097 1486 3156 tres
1508 3083 1656 3183 opifices
1675 3084 1828 3158 dicimus

227 3232 304 3280 esse
319 3207 519 3280 secuudum
537 3209 648 3279 trium
663 3206 868 3280 officiorum
882 3208 1081 3297 scientiam,
1098 3231 1175 3279 non
1194 3221 1313 3278 umen
1329 3205 1413 3278 ideo
1433 3221 1503 3278 tres
1514 3206 1694 3279 homines.
1713 3212 1827 3281 Graeci

230 3341 365 3418 tamen,
384 3339 473 3399 teste
491 3327 700 3425 Augustino,
720 3352 796 3398 non
822 3341 1030 3398 reverentur
1046 3341 1118 3398 tres
1136 3325 1352 3399 substantias
1368 3324 1489 3399 dicere
1505 3328 1617 3424 magis
1634 3351 1743 3422 quam
1757 3342 1829 3400 tres

228 3446 539 3545 personasunde
554 3447 592 3519 in
609 3450 673 3518 Vll
687 3444 732 3517 de
753 3448 928 3517 Trinitate
945 3445 1104 3544 capitulo
1124 3471 1162 3517 1v
1180 3447 1232 3518 ita
1248 3445 1427 3516 meminit¹
1446 3473 1455 3516 ε
1484 3477 1501 3512 α
1515 3446 1704 3544 Loquendi
1721 3471 1829 3520 causa

229 3566 277 3638 de
293 3565 548 3657 ineffabilibus,
570 3565 689 3637 utfari
707 3565 829 3663 aliquo
847 3589 1033 3664 possemus
1056 3565 1183 3652 modo,
1203 3564 1303 3664 quod
1326 3564 1428 3637 ellari
1447 3565 1547 3639 nullo
1569 3565 1682 3639 modo
1699 3592 1829 3665 possu-

231 3711 325 3779 mus,
354 3685 492 3759 dictum
519 3698 573 3758 est
594 3709 616 3757 a
638 3686 770 3757 uostris
789 3686 920 3758 Graecis
947 3709 1020 3759 una
1040 3686 1207 3777 essentia,
1226 3699 1298 3757 tres
1320 3683 1538 3777 substantiae,
1564 3711 1587 3759 a
1607 3688 1740 3759 Latinis
1758 3711 1831 3760 una

230 3806 384 3878 essentia
404 3806 461 3877 vel
485 3803 697 3897 substantia,
712 3820 797 3877 ,tres
819 3829 1008 3904 persone:
1031 3806 1131 3903 quia,
1155 3807 1248 3878 sicut
1264 3806 1340 3902 jam
1357 3804 1535 3897 diximus,
1565 3831 1641 3878 non
1663 3807 1766 3878 aliter
1792 3809 1828 3878 in

231 3948 399 3997 sermone
414 3924 529 3997 latino
543 3925 698 3997 essentia
713 3949 823 4022 quam
839 3923 1038 3998 substantia
1053 3925 1145 3998 solet
1162 3925 1325 4022 intelligi.
1343 3957 1362 3993 »
1385 3930 1476 3998 ltem
1493 3953 1501 3996 ι
1521 3925 1661 4014 «Quod
1686 3926 1732 3997 de
1750 3947 1832 4022 per·

231 4048 329 4117 sonis
345 4043 547 4117 secundum
566 4059 741 4139 nostram,
760 4045 833 4118 hoc
851 4062 906 4118 est
922 4045 969 4118 de
982 4046 1188 4119 substantiis
1203 4046 1403 4119 secundum
1421 4050 1631 4119 Graecorum
1646 4061 1833 4118 consuetu·

232 4163 369 4237 dinem.
397 4166 455 4237 Sic
480 4166 579 4237 enim
595 4165 722 4238 dicunt
747 4165 797 4237 illi
817 4180 888 4238 tres
908 4164 1137 4258 substautias,
1162 4191 1273 4240 unam
1297 4165 1498 4260 essentiam,
1524 4166 1834 4266 quemadmodum

230 4310 299 4357 nos
305 4284 458 4358 dicimus
468 4299 539 4357 tres
552 4310 739 4385 personas,
754 4310 864 4359 unam
878 4287 1068 4360 essentiam
1082 4286 1139 4360 vel
1155 4286 1405 4362 substantiam.
1414 4315 1432 4356 u
1445 4292 1524 4362 Non
1538 4301 1592 4360 est
1600 4302 1720 4360 autem
1734 4310 1834 4359 nunc

231 4404 339 4478 nobis
352 4431 473 4478 sermo
489 4405 662 4480 adversos
683 4411 841 4501 Grmcos,
866 4432 934 4480 nec
950 4407 1110 4481 fortassis
1130 4407 1277 4480 anobis
1299 4410 1338 4480 in
1363 4433 1471 4481 sensu
1494 4407 1624 4480 diversi
1650 4421 1751 4498 sunt,
1771 4406 1835 4479 sed

232 4526 271 4597 in
287 4523 407 4596 verbis
429 4540 585 4619 tantum,
610 4526 797 4600 abutentes
816 4528 886 4600 boc
902 4529 1052 4601 nomine
1065 4527 1271 4600 substantiae
1287 4552 1355 4626 pro
1371 4551 1540 4626 persona,
1559 4542 1697 4600 comet
1720 4528 1835 4625 ipsam

233 4666 512 4740 nonnumquam
538 4646 667 4735 usiam,
694 4646 732 4718 id
757 4660 810 4719 est
835 4645 1086 4741 substantiam,
1115 4647 1162 4719 ad
1190 4662 1357 4719 naturam
1375 4647 1487 4745 ipsius
1502 4648 1674 4738 essentiae,
1696 4671 1771 4718 non
1788 4645 1836 4717 ad

233 4762 493 4861 proprietatem
512 4790 697 4863 personae,
716 4766 755 4837 in
771 4765 849 4864 ipsa
869 4791 1018 4865 quoque
1039 4767 1168 4839 animae
1191 4766 1392 4840 substantia
1412 4766 1532 4838 dicere
1548 4791 1623 4838 non
1641 4778 1831 4854 recusent,

234 4883 328 4956 sicut
344 4898 380 4956 et
396 4883 435 4955 in
453 4886 581 4957 ceteris
596 4884 885 4984 quibuscumque
901 4884 1123 4978 substantiis,
1143 4887 1275 4985 quibus
1292 4885 1364 4960 hoc
1380 4911 1514 4960 nomen
1533 4887 1642 4959 totius
1660 4883 1835 4984 praedica·

268 5164 274 5193 ¹
290 5159 369 5225 Ona,
383 5170 403 5213 t.
415 5160 480 5214 vrtt.

358 5270 383 5308 11
