4559 6100
453 505 524 575 tte
1061 501 1181 578 Putat
1205 505 1433 580 tumtum

453 665 553 747 gata,
589 665 630 721 ut
655 653 899 749 uuusquisque
929 654 1051 725 omnia
1076 677 1158 752 quse
1183 653 1305 745 habet,
1334 669 1406 726 tam
1436 654 1527 727 lilios
1552 679 1662 753 quam
1689 681 1921 757 quaecumque
1951 659 2034 750 alia,

455 771 599 842 nonnisi
619 771 665 843 ad
689 796 920 844 communem
944 775 1107 846 omnium
1131 774 1319 846 utilitatem
1340 774 1522 872 possidere
1546 790 1701 874 appetat,
1723 779 1832 865 Quod
1849 778 2036 876 diligenter

453 888 513 961 ille
535 889 760 979 attendebat,
783 890 828 962 de
852 917 926 988 quo
940 892 1099 964 Valerius
1122 894 1295 965 Maximus
1316 896 1408 965 inter
1432 907 1549 966 cetera
1573 911 1842 986 commemorat,
1862 898 2031 970 dioens¹:
2146 987 2153 1000 Ι

457 1039 474 1071 κ
487 1009 596 1081 Aulus
618 1010 760 1081 Fulvius
772 1009 895 1082 ,filium
914 1035 1020 1083 suum
1037 1036 1149 1111 pravo
1171 1014 1323 1086 consilio
1350 1014 1540 1084 amicitiam
1555 1013 1712 1088 Catiliuae
1728 1031 1903 1107 secutum,
1925 1019 2036 1115 inque

454 1139 567 1195 castra
601 1125 676 1220 ejus
700 1127 889 1198 temerario
915 1128 1049 1226 impetu
1075 1142 1260 1218 ruentem,
1292 1128 1410 1198 medio
1441 1130 1565 1200 itinere
1593 1129 1831 1222 abstractum,
1860 1131 2035 1230 supplicio

454 1243 577 1315 mortis
606 1244 735 1335 allecit,
763 1246 927 1344 praelatus
952 1272 1025 1319 non
1051 1272 1090 1319 se
1115 1247 1216 1318 illum
1241 1247 1397 1318 Catilinae
1424 1247 1593 1320 adversus
1622 1251 1795 1348 patriam,
1823 1250 1886 1322 sed
1915 1253 2035 1348 patriae

454 1362 622 1434 adversus
655 1365 843 1437 Catilinam
874 1369 1079 1462 genuisse.»
1099 1372 1141 1438 Et
1169 1365 1237 1437 hos
1254 1365 1401 1440 fortasse
1431 1393 1555 1440 omnes
1585 1368 1669 1440 tales
1705 1393 1807 1440 veros
1835 1368 2035 1465 reipublicae

452 1496 607 1554 rectores
631 1484 812 1574 intellexit,
831 1477 900 1583 >qui
922 1509 966 1557 ea
989 1484 1121 1557 scilieet
1146 1511 1225 1582 quae
1245 1486 1429 1584 possidere
1451 1485 1630 1577 videntur,
1654 1512 1727 1558 non
1750 1487 1835 1578 sibi,
1856 1487 1918 1558 sed
1940 1513 2036 1559 com·

455 1601 554 1672 muni
579 1601 752 1699 deputant
782 1606 935 1676 utilitati.
968 1610 1009 1677 Et
1039 1606 1113 1677 haec
1142 1605 1288 1703 quidem
1318 1630 1399 1677 vere
1424 1605 1576 1678 dicenda
1606 1621 1658 1677 est
1686 1606 1906 1704 respublica,
1936 1610 2036 1703 cujus

452 1718 710 1794 administratio
736 1722 782 1794 ad
805 1749 1034 1796 communem
1061 1726 1193 1821 geritur
1214 1724 1428 1796 utilitatem:
1455 1726 1548 1796 ethi
1574 1751 1655 1797 vere
1679 1724 1820 1797 dicendi
1845 1741 1928 1798 sunt
1950 1752 2036 1798 con·

453 1840 559 1930 cives,
584 1842 647 1935 qui
669 1842 771 1913 sicin
789 1868 901 1914 unum
919 1859 993 1915 tam
1014 1870 1167 1942 corpore
1185 1869 1292 1940 quam
1320 1844 1511 1932 devotione
1528 1843 1740 1929 inhabitant,
1761 1845 1850 1915 utin
1867 1845 1918 1916 cis
1936 1870 2035 1916 com·

453 1957 588 2054 pletum
607 1958 778 2047 videatur,
807 1962 906 2059 quod
922 1962 968 2034 de
983 1965 1202 2060 perfectione
1219 1964 1403 2061 primitivae
1419 1964 1591 2054 ecclesie,
1612 1987 1721 2060 quam
1738 1985 1834 2034 nunc
1851 1978 2033 2036 monaste·

454 2077 588 2147 riorum
611 2094 808 2151 conventus
826 2083 1022 2174 imitantur,
1047 2107 1111 2180 per
1130 2081 1353 2153 Psalrnistam
1374 2082 1549 2154 dicitur¹:
1573 2112 1590 2150 a
1605 2087 1693 2154 Ecce
1717 2106 1824 2178 quam
1844 2080 1984 2153 bonum
2002 2098 2035 2153 et

453 2218 562 2290 quam
574 2197 777 2291 jucundum
798 2198 957 2272 habitare
975 2200 1097 2272 tratres
1115 2202 1150 2271 in
1170 2197 1296 2271 nuum.
1314 2230 1332 2267 »
1353 2205 1396 2272 Et
1412 2201 1497 2274 liinc
1515 2211 1640 2274 eorum
1652 2202 1836 2273 unanimis
1852 2204 2035 2274 convictus

453 2328 546 2385 recte
569 2315 691 2388 civitas
713 2334 763 2389 est
789 2320 1034 2417 appellandus,
1055 2320 1117 2391 ubi
1139 2344 1206 2417 par
1224 2321 1398 2417 requitatis
1423 2345 1573 2393 censura
1594 2322 1786 2418 unicuique
1808 2322 1907 2419 quod
1932 2348 2035 2394 sunm

384 2477 396 2492 ι
451 2446 502 2503 est
526 2448 655 2524 servat,
680 2452 715 2507 et
735 2438 771 2508 in
791 2438 1082 2534 omnibus-aequa
1104 2440 1321 2538 dispensatio
1344 2456 1497 2531 tenetur,
1516 2455 1551 2511 et
1567 2456 1675 2538 prout
1701 2442 1830 2538 cuique
1855 2467 1946 2539 opus
1968 2458 2032 2528 est,

452 2566 484 2622 et
514 2551 659 2625 facultas
685 2557 872 2652 permittit,
903 2559 1025 2629 omnia
1056 2558 1318 2655 dispensantur,
1347 2575 1382 2630 et
1411 2559 1458 2631 ad
1484 2583 1599 2632 uuum
1628 2561 1780 2648 exitum,
1811 2560 1880 2631 boc
1907 2576 1959 2632 est
1988 2562 2035 2633 ad

451 2694 682 2744 communem
704 2676 855 2747 civitatis
879 2678 1178 2769 incolumitatem,
1204 2701 1284 2773 quae
1305 2679 1427 2748 omnia
1451 2676 1542 2748 liunt
1562 2679 1810 2772 intenduntur,
1838 2680 1930 2749 utin
1954 2703 2034 2750 om—

452 2788 556 2860 nibus
581 2791 657 2862 sine
683 2797 966 2867 murmuratione
990 2796 1129 2868 sincera
1152 2795 1279 2866 caritas
1300 2803 1568 2868 conservetur'.
1593 2797 1696 2868 Unde
1714 2797 1878 2870 Clemens
1896 2797 1950 2869 ad
1975 2802 2034 2870 la·

451 2906 583 2979 cobum
623 2910 783 2983 scribens
805 2928 843 2983 ut
864 2914 900 2983 in
926 2915 1111 2985 communi
1147 2913 1341 2986 vivendum
1380 2939 1455 2986 esse
1493 2914 1744 2988 adhortaretur
1771 2944 1778 2986 :
1814 2917 2033 3013 «Denique,

451 3026 578 3123 inquit,
598 3032 803 3105 Graecorum
830 3033 976 3132 quidam
1000 3035 1376 3134 sapientissimusvhaec
1404 3037 1452 3108 ita
1476 3036 1589 3109 sciens
1612 3061 1702 3129 esse,
1727 3037 1775 3108 ait
1802 3064 1810 3105 ε
1838 3037 1936 3108 Sicut
1961 3064 2034 3110 non

450 3162 566 3241 potest
592 3174 652 3221 aer
680 3150 803 3243 dividi,
836 3176 953 3252 neque
978 3154 1148 3252 splendor
1168 3154 1275 3245 solis3
1306 3156 1354 3226 ita
1370 3179 1436 3227 nec
1458 3155 1607 3252 reliqua,
1630 3181 1709 3252 quae
1733 3158 1971 3228 communiter
1999 3159 2033 3228 iu

451 3267 586 3337 mundo
612 3267 682 3340 hoc
699 3273 868 3344 omnibus
891 3272 975 3345 data
992 3289 1075 3346 sunt
1093 3275 1138 3346 ad
1159 3274 1365 3355 babendum
1389 3274 1500 3346 dividi
1522 3274 1667 3365 debere,
1689 3276 1752 3348 scd
1776 3273 1943 3347 habenda
1960 3300 2035 3346 esse

449 3387 665 3458 communia.
683 3390 845 3487 Alioquin
863 3418 936 3465 non
954 3406 1006 3465 est
1017 3394 1054 3464 in
1070 3396 1276 3492 proximum
1295 3395 1422 3466 caritas
1440 3393 1611 3492 perlecta,
1629 3419 1706 3491 quae
1723 3420 1796 3467 non
1818 3395 1940 3497 querit
1956 3419 2035 3491 qtrae

448 3525 511 3574 sua
528 3519 628 3595 sunt,
649 3508 711 3578 sed
730 3509 836 3581 amici
860 3512 915 3582 sui
936 3511 1140 3584 commoda.
1164 3544 1181 3578 s
1600 3576 1603 3583 ,
1952 3522 1954 3527 ’

496 3621 549 3692 Ad
571 3623 666 3696 hanc
685 3628 846 3724 profecto
869 3632 1042 3726 aequitatis
1062 3655 1249 3703 censuram
1271 3631 1330 3703 illa
1349 3633 1532 3704 civitatum
1553 3631 1714 3704 definitio
1735 3646 1882 3730 spectat,
1902 3632 2034 3728 deque

448 3737 556 3810 verba
585 3743 688 3813 Tullii
713 3747 914 3818 Macrobius
941 3772 1123 3845 exponens
1149 3750 1230 3821 ait:
1259 3777 1278 3817 u
1300 3747 1361 3821 llla
1388 3763 1507 3821 autem
1534 3749 1742 3823 definitione
1767 3751 1855 3847 quid
1881 3753 2034 3849 pressius

448 3868 670 3950 potestesse,
691 3864 777 3959 quid
794 3867 933 3938 cautius
950 3866 995 3938 de
1013 3869 1160 3937 nomine
1176 3869 1376 3959 civitatum,
1395 3892 1503 3965 quam
1520 3870 1683 3959 concilia,
1702 3872 1831 3968 inquit,
1850 3885 2033 3968 coetusque

448 3973 638 4049 homiuum
663 3980 744 4074 jure
772 3986 907 4078 sociati,
937 4010 1017 4081 quae
1040 3987 1197 4059 civitates
1220 3988 1502 4086 appellanturlu
1522 3988 1727 4062 &cundum
1752 4014 1862 4089 quam
1887 3990 2034 4087 quidem

490 4211 737 4303 ‘Hieronymus
758 4216 800 4281 ad
821 4217 1031 4283 Heliodorum
1056 4220 1238 4310 episcopum
1254 4222 1288 4285 in
1303 4221 1474 4311 Epitaphio
1500 4221 1696 4311 Nepotiani:
1718 4221 2032 4304 «Qtddmemotem

449 4308 612 4374 Romanos
636 4311 748 4392 duces,
771 4337 908 4402 quorum
928 4316 1107 4396 virtutibus,
1132 4319 1221 4405 quasi
1242 4318 1431 4407 quibusdam
1451 4318 1564 4400 stellis,
1592 4320 1711 4383 Latinoe
1730 4320 1850 4384 micant
1873 4317 2032 4413 historiar?

450 4404 602 4470 Pulvillus
626 4410 820 4498 Capitolium
840 4411 1007 4495 dedicans,
1028 4410 1190 4479 mortuum
1206 4432 1242 4480 ut
1256 4416 1466 4480 nunciabatur
1483 4415 1599 4498 filium,
1620 4416 1725 4480 subito
1744 4440 1777 4481 se
1789 4416 1882 4501 jussit
1902 4415 2031 4479 absente

450 4501 587 4591 sepeliri.
623 4507 738 4571 Lucius
769 4508 884 4573 Paulus
908 4525 1029 4599 septem
1059 4512 1171 4577 diebus
1202 4513 1285 4577 inter
1314 4514 1451 4578 duomm
1479 4514 1627 4601 exequias
1658 4512 1795 4577 filiorum
1822 4512 2030 4601 triumphans,

447 4599 569 4665 Urbem
592 4602 749 4693 ingressus
765 4604 844 4671 est⁸.
917 4674 921 4681 ,
1758 4612 1760 4615 ’

482 4921 554 4973 'val
568 4883 643 4986 llam,
663 4926 706 4976 ΙΙΙ).
721 4924 750 4987 t,
766 4940 788 4976 c.
801 4929 826 4979 8.
838 4928 989 4979 -²Paolm.
1008 4942 1100 4992 mnu,
1112 4946 1134 4981 v.
1154 4936 1177 4983 t.
1186 4957 1215 4967 -
1269 4933 1395 4982 exordiae
1409 4934 1559 4992 inseruntur,
1575 4933 1617 4980 scd
1632 4931 1745 4992 leguntur
1756 4932 1857 4979 adversa
1871 4935 1951 4992 parte,
1961 4930 2030 4992 quast
2074 4940 2076 4943 ’

451 5000 500 5050 ‘lo
513 4992 597 5054 cottt'cc
609 5000 744 5056 'turonenst
754 5014 827 5069 quem
840 5009 943 5058 tdettter
956 5007 1104 5062 Beucdtcttnt
1116 5024 1214 5074 expra-
1268 5014 1378 5075 qnedun
1399 5014 1506 5063 auctoris
1530 5014 1692 5089 addttapcnu
1708 5024 1716 5069 r
1737 5022 1800 5073 quac
1821 5010 1921 5071 qotdau
1945 5019 2031 5057 omna

451 5093 537 5134 aarum
557 5089 673 5150 cultores,
686 5090 753 5138 locus
766 5088 811 5138 lste
823 5097 848 5138 ct
859 5091 956 5152 quidam
967 5092 1007 5140 alt!
1020 5104 1069 5141 noo
1082 5093 1128 5154 ipat
1137 5092 1214 5142 textui
1267 5096 1356 5156 cuque
1376 5095 1482 5155 partae,
1496 5103 1523 5142 ut
1537 5099 1681 5154 occurrunt,
1697 5089 1852 5150 subtectum
