4559 6100
744 563 998 637 resonoon
1024 508 1297 640 audianus.
1746 571 1818 644 rus

232 715 422 790 haeresibus
447 711 571 788 irretiti
592 714 832 813 expositiones
847 729 955 812 atque
974 716 1168 789 sententias
1186 731 1259 789 mm
1280 717 1438 792 studiose
1459 718 1506 791 ad
1529 734 1687 795 nostram
1705 737 1819 796 trans-

231 837 388 910 tulerunt
414 850 524 934 atque
549 833 768 907 induxerunt
793 833 1089 926 edificationem,
1119 860 1203 908 cum
1232 862 1275 909 ex
1298 836 1515 912 infidelitate
1543 839 1820 915 damnabiliores

230 955 417 1048 omnibus,
446 969 487 1027 ut
510 953 645 1027 dictum
669 969 734 1047 est,
759 970 899 1028 constet
917 979 993 1028 esse
1015 954 1213 1028 hereticos.
1245 957 1353 1053 Cujus
1377 957 1525 1056 quidem
1547 959 1754 1052 innumeras
1778 985 1820 1034 ae

231 1098 338 1175 supra
358 1073 509 1147 modum
536 1071 796 1148 abominandas
820 1073 970 1148 haereses
995 1074 1136 1148 silentio
1162 1074 1326 1174 deperire
1338 1100 1411 1149 uon
1429 1078 1691 1168 sustinuerunt,
1719 1083 1820 1177 quasi

230 1211 265 1266 et
290 1194 326 1266 in
351 1193 407 1267 his
429 1192 664 1268 retractandis
689 1195 845 1293 aliquam
871 1193 1108 1295 praeviderent
1130 1196 1314 1269 utilitatem
1333 1223 1342 1268 ε
1361 1220 1404 1268 ae
1424 1197 1453 1268 si
1479 1195 1527 1269 ab
1553 1198 1604 1269 eis
1629 1197 1821 1294 adsignatis

192 1385 197 1396 ,
230 1328 337 1412 atque
356 1313 535 1387 damnatis
555 1315 663 1389 ceteri
686 1314 820 1387 facilius
845 1313 913 1386 sibi
937 1313 1181 1414 providerent,
1209 1328 1273 1388 aut
1289 1314 1421 1414 quibus
1444 1340 1504 1389 eas
1527 1316 1727 1389 rationibus
1750 1317 1821 1390 dis·

230 1434 429 1527 solverent,
457 1435 487 1506 si
510 1436 589 1533 quis
613 1437 649 1509 in
678 1436 730 1508 eis
756 1433 1019 1533 illaquearetur,
1048 1433 1285 1509 addiscerent.
1304 1434 1422 1508 ·Unde
1449 1449 1484 1508 et
1511 1441 1551 1508 Β.
1582 1437 1821 1534 Hieronymus

229 1552 416 1652 epistolam
452 1554 498 1626 ad
532 1556 673 1628 Avitum
703 1551 951 1654 presbyterum
986 1553 1135 1645 direxit,
1169 1554 1229 1626 ubi
1257 1553 1422 1629 baeretioa
1450 1555 1511 1629 illa
1543 1581 1623 1654 quae
1651 1556 1688 1628 iu
1721 1555 1820 1629 libris

231 1667 445 1745 Periarolron
459 1676 468 1712 ¹
484 1675 657 1770 Origenes
681 1675 870 1746 innumera
897 1688 1079 1772 posuerat,
1108 1697 1150 1745 ex
1179 1675 1279 1773 parte
1304 1671 1516 1747 manifestat.
1534 1675 1622 1762 Quis
1638 1676 1821 1748 etiam'me

229 1816 296 1890 pro
314 1795 525 1866 testimoniis
543 1792 844 1893 philosophorum
863 1793 1018 1865 inductis
1035 1807 1131 1865 reete
1154 1808 1298 1892 arguat,
1319 1794 1388 1866 nisi
1403 1809 1439 1867 et
1454 1795 1491 1867 iu
1515 1794 1659 1894 culpam
1677 1820 1819 1868 mecum

228 1927 372 1985 sanctos
395 1913 561 1987 doctores
585 1916 620 1986 in
638 1913 709 1986 lroe
727 1914 805 2012 ipso
820 1912 962 1985 trabat?
981 1916 1068 2000 Quae
1084 1912 1181 1984 enim
1199 1915 1365 2012 superius
1387 1939 1430 1986 ex
1453 1913 1678 2014 pbilosophis
1690 1914 1819 2012 ‘collegi

229 2033 433 2106 testimonia
455 2060 529 2106 non
556 2059 599 2118 ex
621 2059 748 2107 eorum
767 2033 909 2131 scriptis
927 2056 1007 2131 quar
1022 2056 1221 2130 numquam
1245 2032 1392 2106 sortasse
1415 2033 1633 2127 vidi,'immo
1654 2057 1696 2108 ex
1720 2032 1819 2108 libris

229 2155 268 2221 B.
295 2153 479 2250 Augustini
504 2153 643 2249 collegi.
671 2151 853 2251 Numquid
880 2168 915 2224 et
941 2153 1153 2251 Apostolum
1178 2178 1325 2250 arguere
1350 2168 1586 2252 presumant,
1615 2154 1696 2250 qui,
1715 2168 1755 2225 ut
1771 2156 1820 2226 ait

229 2270 306 2367 ipse
327 2272 542 2368 Augustinus
558 2272 595 2343 in
613 2275 692 2343 Vlll
709 2277 765 2343 De
788 2270 936 2342 Ciuitate
955 2272 1034 2362 Dei,
1053 2270 1328 2345 Atheniensibus
1346 2272 1512 2369 loquens,
1537 2296 1621 2343 eum
1637 2296 1713 2344 rem
1737 2297 1818 2345 ma·

227 2412 337 2484 gnam
358 2388 405 2461 de
423 2394 501 2462 Deo
519 2389 682 2483 dixisset,
700 2405 737 2462 et
753 2413 833 2486 quse
854 2413 875 2460 a
893 2390 1016 2487 paucis
1031 2390 1144 2488 possit
1164 2391 1324 2488 intelligi,
1342 2389 1442 2489 quod
1461 2419 1480 2458 a
1502 2390 1538 2461 in
1557 2390 1620 2462 illo
1644 2392 1816 2483 vivimus,

227 2531 432 2602 movemur,
460 2523 495 2581 et
519 2535 698 2603 sumus,s
730 2508 860 2607 adjecit
891 2508 1016 2580 «sieut
1038 2523 1073 2582 et
1102 2510 1209 2582 vestri
1234 2509 1382 2607 quidam
1407 2509 1595 2599 dixerunt,
1611 2532 1629 2577 s
1658 2510 1818 2609 ipsorum

228 2626 391 2700 videlieet
415 2627 739 2727 philosophorum,
769 2653 925 2727 quorum
950 2628 1076 2701 studiis
1103 2628 1257 2725 gloriosa
1285 2628 1343 2701 illa
1369 2629 1491 2701 civitas
1519 2630 1693 2719 extiterat,
1721 2632 1818 2703 testi·

227 2747 394 2819 monium
416 2747 461 2820 ad
485 2749 752 2848 persuasionem
777 2747 963 2840 inducens,
990 2746 1205 2845 dequibus,
1232 2761 1270 2820 ut
1295 2750 1330 2819 in
1352 2747 1482 2820 eodem
1504 2749 1580 2847 ipse
1605 2751 1820 2844 Augustinus

226 2867 410 2964 praemisit,
434 2866 482 2940 ad
506 2871 696 2963 Romanos,
715 2866 875 2940 scribens
898 2867 946 2940 ait
971 2866 1081 2964 quia'
1100 2897 1117 2932 α
1134 2866 1234 2964 quod
1259 2882 1386 2940 notum
1410 2882 1463 2940 est
1485 2868 1565 2958 Dei,
1594 2866 1819 2941 rrranilestum

224 2999 282 3058 est
307 2985 387 3060 illis.
412 2991 509 3062 Deus
531 2988 629 3060 enim
644 2986 712 3060 illis
733 2985 980 3060 manifestavit.
1002 2984 1195 3060 Invisibilia
1218 2987 1314 3060 eninr
1340 2987 1489 3088 ipsiusa
1512 3001 1674 3062 creatura
1693 2987 1818 3062 muudi

224 3131 353 3206 persa
373 3133 454 3206 quae
477 3107 666 3181 factasunt
689 3107 865 3180 intellecta
889 3107 1174 3207 conspiciuntur,
1202 3108 1419 3207 sempiterna
1442 3131 1589 3205 quoque
1610 3109 1685 3204 ejus
1709 3109 1820 3180 virtus

223 3249 271 3297 ac
298 3226 478 3318 divinitas,
508 3242 576 3299 etc.
595 3256 613 3293 u
641 3229 692 3296 Ex
720 3223 849 3323 quibus
871 3239 993 3323 aperte
1018 3226 1209 3324 Apostolus
1235 3225 1342 3298 docet
1364 3227 1416 3297 eis
1441 3249 1589 3323 quoque
1614 3229 1819 3323 mysterium

222 3346 405 3417 Trinitatis
427 3345 536 3419 ¹luisse
560 3346 767 3417 revelatum.
796 3342 866 3415 Sed
890 3342 976 3453 baee,
992 3343 1137 3440 quidem
1162 3341 1272 3416 verba
1290 3344 1453 3443 Apostoli
1477 3342 1582 3416 nobis
1606 3344 1641 3415 in
1666 3367 1820 3440 sequen·

223 3463 324 3537 tibus
354 3463 569 3563 exponenda
605 3477 807 3565 occurrent.
837 3467 939 3534 Nunc
976 3475 1097 3535 autem
1127 3461 1298 3535 adversus
1335 3478 1407 3535 tam
1435 3461 1682 3534 hereticorum
1709 3487 1819 3562 quarn

221 3581 530 3682 pbilosophorum
558 3583 776 3680 objectiones
802 3581 968 3682 pluribus
998 3580 1044 3654 de
1070 3580 1141 3653 lide
1167 3598 1298 3655 sanctae
1324 3581 1505 3654 Trinitatis
1528 3580 1686 3655 collectis
1712 3592 1820 3680 atque

219 3703 397 3803 expositis
428 3704 659 3796 testimoniis,
692 3716 853 3801 superest
874 3702 1011 3801 aperire
1032 3699 1165 3799 quibus
1189 3700 1387 3774 rationibus
1413 3699 1557 3773 delendi
1583 3702 1697 3800 possit
1719 3701 1818 3799 quod

220 3822 439 3897 testimoniis
457 3821 712 3895 confirmatum
729 3836 794 3895 est.
820 3821 948 3894 Omnis
970 3821 1105 3920 quippe
1130 3821 1386 3914 controversia,
1413 3836 1453 3893 ut
1474 3821 1510 3892 in
1537 3819 1732 3892 Rhetoricae
1747 3821 1821 3892 suis

218 3942 361 4014 Tullius
387 3943 567 4032 meminit,
597 3957 659 4015 ant
683 3943 718 4013 io
747 3941 879 4041 scripto
906 3956 967 4013 aut
996 3941 1032 4013 iu
1060 3941 1199 4017 ratione
1228 3954 1406 4025 versatur,
1438 3953 1475 4013 et
1498 3939 1617 4012 beato·
1635 3952 1821 4013 attestante

218 4062 448 4159 Augustino,
482 4063 519 4134 in
550 4061 720 4135 omnibus
752 4062 1001 4135 auctoritatem
1039 4061 1208 4132 lrumanae
1243 4059 1417 4158 anteponi
1459 4058 1589 4131 rationi
1625 4059 1818 4148 convenit,

217 4181 382 4254 maxime
400 4193 521 4254 autem
538 4181 574 4252 iu
590 4180 647 4253 his
661 4206 739 4280 quae
757 4179 804 4253 ad
821 4183 936 4252 Deum
959 4180 1138 4278 pertinent
1158 4179 1268 4251 tutius
1286 4179 1509 4271 auctoritate,
1535 4202 1645 4276 quam
1659 4177 1820 4250 humano

215 4302 377 4375 nitimur
393 4301 551 4396 ingenio.
572 4302 665 4373 Hine
681 4315 734 4374 est
747 4299 848 4394 illud,
866 4297 967 4398 quod
984 4300 1032 4372 ait
1049 4298 1164 4397 eapite
1181 4299 1301 4398 primo
1320 4297 1402 4371 libri
1418 4296 1463 4369 de
1479 4295 1639 4369 Moribus
1655 4297 1820 4370 Ecclesiae

216 4438 353 4494 eontra
367 4421 617 4493 Manr'eluaar':
638 4427 777 4495 Nature
794 4422 941 4518 quidem
957 4418 1179 4492 adscribunt.

273 4539 472 4629 Quomodo
497 4565 570 4613 una
595 4542 736 4639 penitus
759 4553 990 4638 permanente
1014 4536 1223 4630 substantia,
1244 4553 1313 4611 tres
1338 4540 1374 4610 in
1401 4561 1444 4610 ea
1466 4561 1626 4635 persona
1650 4535 1820 4634 distingui

214 4674 373 4762 queant,
397 4684 550 4759 quarum
568 4659 770 4734 nullatenus
787 4683 857 4732 uua
879 4660 924 4732 sit
941 4658 1030 4731 alia?
1046 4658 1185 4733 Deinde
1201 4657 1388 4757 quomodo
1410 4659 1487 4731 lraec
1508 4681 1663 4757 persona
1688 4658 1818 4756 genita,

212 4781 286 4854 illa
304 4778 505 4879 procedens
520 4777 686 4851 dicatur?

193 5066 205 5081 ,
251 5018 258 5045 ¹
273 5012 434 5078 Πιρῆρχῶν.
446 5037 475 5050 -
486 5011 647 5074 ’bamque
661 5025 679 5072 r,
689 5024 713 5062 r.
724 5011 816 5065 n.-⁸
827 5010 854 5063 S.
868 5014 998 5075 nugatur
1051 5009 1178 5070 Babae.
1190 5023 1244 5073 sap.
1255 5022 1292 5070 us
1313 5024 1368 5063 eura
1383 5017 1465 5059 aurem
1485 5009 1559 5057 serus
1580 5006 1711 5068 Augusttut
1732 5000 1818 5071 perdar

212 5102 323 5145 textum
336 5094 374 5143 trtr
387 5106 436 5159 nou
454 5092 579 5157 protertur
590 5093 615 5142 tn
627 5093 712 5141 eodtee
723 5080 796 5155 quem
805 5089 877 5144 lldm.
890 5091 999 5143 baneas
1052 5093 1189 5143 cohereant
1199 5106 1254 5142 eum
1265 5092 1432 5156 sequenttbus,
1444 5089 1601 5161 doettsstmus
1611 5090 1693 5138 eutror
1703 5092 1814 5157 surpta&

210 5174 315 5227 nsnutr
338 5175 364 5224 tn
381 5175 502 5225 mantbus.
526 5172 618 5225 toran
635 5174 743 5224 tarentas
755 5173 779 5223 tu
789 5172 832 5223 tu.
846 5170 876 5222 de
887 5170 1000 5223 uentus
1054 5181 1094 5224 tur
1105 5186 1134 5224 ea
1144 5173 1252 5223 soeundo
1263 5172 1318 5222 loco
1330 5173 1369 5222 nte
1379 5170 1535 5233 superaddas
1547 5169 1631 5219 tutsse
