4559 6100
426 538 497 610 510
1030 538 1160 610 PETlll
1184 535 1421 610 ABAELARDI

424 710 552 759 sanum
572 709 717 757 sensum
737 685 905 774 haberes,
925 688 1015 760 alius
1031 687 1138 761 ineis
1154 684 1413 771 offenderetur,
1432 685 1496 782 qui
1512 705 1659 756 sensum
1680 696 1785 756 tuum
1804 705 1881 754 non
1898 681 2028 754 intelli·

425 819 536 903 geret,
557 819 593 877 et
612 804 825 878 scandalum
843 807 974 879 erroris
996 806 1083 879 inde
1107 819 1279 879 sumeret.
1306 803 1407 877 Habe
1423 804 1544 901 itaque
1566 802 1675 875 etiam
1690 826 1777 874 cum
1793 826 1899 873 sensu
1915 800 2027 873 verba

425 924 558 995 idonea
576 923 623 996 ad
644 923 943 1019 aedificationem,
971 950 1047 997 non
1070 924 1117 997 ad
1133 924 1362 1014 scandalum,
1382 937 1419 996 et
1445 923 1542 996 dicas
1561 921 1608 995 ad
1628 922 1729 995 bunc
1749 945 1895 992 sensum
1911 921 2028 993 mani·

426 1042 629 1116 testandum
645 1069 654 1113 :
671 1048 751 1115 Non
777 1049 883 1116 Pater
906 1060 960 1118 est
986 1044 1109 1134 Filius,
1134 1043 1199 1116 sed
1221 1042 1294 1115 hoc
1321 1042 1422 1140 quod
1442 1057 1495 1114 est
1522 1046 1626 1113 Pater
1650 1056 1704 1114 est
1729 1038 1850 1127 Filius,
1879 1038 1952 1111 boc
1975 1053 2028 1111 est

425 1162 552 1235 cadem
574 1176 628 1234 est
645 1177 884 1262 utrorumque
906 1165 1060 1238 essentia
1082 1165 1157 1237 sive
1182 1162 1394 1236 substantia.
1413 1166 1487 1235 Nec
1508 1161 1607 1234 dicas
1624 1160 1720 1232 hanc
1740 1182 1934 1257 personam
1951 1184 2027 1231 esse

424 1282 536 1374 illam,
557 1281 660 1380 quod
675 1297 728 1354 est
748 1282 870 1357 dicere
886 1284 984 1356 idem
998 1308 1075 1357 esse
1098 1284 1288 1383 proprium
1305 1285 1504 1380 utriusque,
1530 1280 1593 1354 sed
1610 1280 1706 1352 banc
1721 1302 1915 1377 personam
1930 1278 2026 1350 idem

425 1428 502 1475 esse
515 1402 615 1500 quod
629 1401 689 1474 illa
705 1417 770 1493 est,
784 1401 857 1476 hoc
874 1418 927 1475 est
944 1403 1106 1499 ejusdem
1122 1401 1331 1476 substantiae
1344 1427 1435 1475 esse.
1454 1406 1495 1473 ln
1512 1413 1647 1497 quanta
1660 1414 1782 1471 autem
1796 1397 2027 1470 veneratione

427 1523 534 1595 etiam
561 1519 672 1595 verba
697 1521 822 1595 divina
849 1521 1018 1596 habenda
1040 1525 1124 1616 sint,
1146 1523 1199 1594 vis
1224 1523 1387 1621 ipsorum
1414 1520 1598 1610 admonet,
1626 1544 1707 1616 quae
1727 1516 1889 1613 quotidie
1904 1520 2027 1589 Sacra·

427 1657 549 1717 menta
566 1642 722 1717 ecclesiae
739 1643 901 1737 conficit,
922 1669 1006 1717 cum
1024 1641 1071 1717 ad
1087 1643 1355 1717 invocationem
1366 1642 1434 1721 sui
1453 1640 1612 1713 nominis
1626 1639 1718 1711 mira
1734 1641 1832 1709 Deus
1844 1652 2025 1737 operatur,

427 1764 535 1837 etiam
546 1787 611 1861 per
622 1762 931 1837 immundissimos
943 1764 1139 1837 ministros.
1154 1762 1259 1835 Unde
1276 1778 1311 1835 et
1326 1762 1453 1834 merito
1463 1761 1657 1834 christiana
1668 1757 1794 1854 religio
1808 1756 1928 1830 verbis
1939 1783 2029 1855 quo·

428 1906 499 1978 que
510 1882 643 1954 divinis
660 1883 897 1955 reverentiam
909 1883 1097 1972 exhibens,
1112 1883 1191 1955 sola
1204 1882 1281 1979 ipsa
1296 1880 1643 1954 vocabulumffleis
1664 1902 1839 1974 usurpare
1856 1901 1932 1949 non
1942 1902 2030 1949 con-

429 2000 559 2091 suevit,
587 1999 652 2072 sed
668 2000 854 2074 immobile
874 2001 966 2074 illud
979 2002 1149 2095 custodit,
1167 2001 1268 2099 quod
1281 2016 1357 2075 tam
1372 2027 1395 2075 a
1409 1999 1587 2073 Gentibus
1600 2021 1711 2096 quam
1724 1995 1856 2069 tudaeis
1870 1996 1917 2068 ad
1931 2022 2030 2069 crea·

432 2135 529 2193 turas
550 2144 831 2219 nonnumquam
848 2121 1033 2195 detortum
1048 2137 1115 2212 est,
1134 2146 1220 2194 cum
1238 2123 1382 2220 utrique
1402 2121 1491 2194 deos
1506 2120 1710 2192 nominent.
1731 2122 1811 2215 lpse
1830 2117 1940 2190 etiam
1956 2117 2030 2193 Pri·

431 2239 573 2311 scianus
589 2238 720 2312 doctor
738 2255 775 2313 et
795 2241 949 2339 scriptor
965 2242 1143 2341 loquendi
1164 2243 1201 2314 in
1223 2239 1470 2315 locutionibus
1488 2240 1644 2313 maxime
1665 2262 1773 2310 usum
1788 2235 2032 2310 aemulandum

431 2382 507 2431 esse
523 2358 709 2434 admonet.
729 2364 825 2432 Bene
840 2360 1024 2457 equidem,
1044 2388 1129 2435 cum
1144 2362 1281 2435 locutio
1298 2360 1596 2459 significationem
1612 2384 1687 2431 non
1703 2382 1747 2430 ex
1762 2358 1895 2457 placito
1911 2356 2034 2429 bomi-

431 2503 520 2549 num
537 2478 680 2552 babeat.
693 2479 802 2567 Quod
817 2504 904 2552 vero
920 2484 970 2554 ait
981 2483 1197 2577 Augustinus
1210 2508 1218 2554 ε
1231 2511 1249 2550 r
1260 2487 1314 2554 De
1326 2481 1444 2554 verbis
1459 2506 1544 2554 cum
1561 2505 1617 2552 res
1632 2492 1775 2551 constet
1788 2478 2033 2550 controversia

431 2597 594 2671 facienda
617 2623 693 2672 non
708 2615 805 2693 est,»
824 2600 875 2672 ibi
888 2625 976 2674 sane
993 2600 1280 2697 intelligendum,
1303 2600 1367 2674 ubi
1383 2601 1429 2674 de
1451 2600 1561 2673 rebus
1576 2599 1764 2673 contentio
1780 2612 1859 2669 orta
1875 2609 1941 2686 est,
1961 2595 2034 2668 boc

432 2729 486 2789 est
510 2716 556 2790 de
583 2717 801 2815 inquirenda
827 2734 864 2791 et
888 2718 1114 2794 discutienda
1140 2721 1289 2793 veritate
1314 2745 1436 2793 rerum
1456 2721 1577 2818 potius
1603 2741 1714 2815 quam
1741 2716 1788 2789 de
1816 2714 2033 2815 proprietate

432 2836 640 2911 verborum.
660 2841 753 2911 Cum
770 2839 869 2911 enim
883 2838 959 2934 jam
975 2838 1015 2910 id
1031 2837 1209 2911 habemus
1229 2839 1330 2937 quod
1347 2838 1609 2937 quaerebamus,
1635 2836 1710 2909 hoc
1727 2850 1782 2908 est
1798 2836 1896 2909 illam
1913 2858 2035 2907 rerum

433 2957 686 3031 certitudinem
710 2982 821 3057 quam
842 2958 1160 3057 investigabamus3
1187 2983 1265 3031 non
1290 2974 1343 3032 est
1369 2958 1573 3033 curandum
1588 2982 1664 3058 quo
1685 2981 1816 3056 genere
1840 2955 2034 3029 verborum

433 3078 472 3151 id
493 3078 602 3152 nobis
626 3077 846 3176 significetur
862 3095 925 3151 aut
945 3079 1218 3178 comprobetur,
1242 3106 1327 3153 cum
1345 3082 1422 3179 jam
1443 3080 1492 3153 ita
1516 3105 1594 3154 esse
1617 3095 1817 3152 teneamus.
1843 3082 1889 3150 At
1904 3078 2035 3150 verosi

434 3196 481 3270 de
505 3196 624 3269 verbis
652 3199 800 3294 quaestio
823 3211 924 3271 mota
944 3198 1062 3292 luerit,
1093 3224 1140 3272 an
1165 3199 1331 3272 videlicet
1357 3224 1476 3273 sermo
1504 3200 1567 3298 qui
1592 3199 1733 3292 dicitur,
1763 3197 1836 3270 hoc
1863 3196 1921 3269 vel
1948 3196 2036 3269 illud

433 3314 566 3390 habeat
590 3316 723 3409 dicere,
744 3318 835 3391 sicut
859 3318 931 3391 boc
955 3318 1038 3393 loco
1055 3320 1238 3416 quaeritur,
1254 3345 1320 3393 cur
1336 3346 1412 3394 non
1430 3320 1563 3394 scilicet
1578 3344 1662 3393 vere
1683 3318 1845 3391 dicatur:
1866 3323 1970 3390 Pater
1986 3331 2037 3388 est

434 3435 556 3526 Filius,
583 3451 671 3509 tunc
698 3453 774 3511 tota
797 3442 1045 3514 controversia
1073 3440 1120 3513 ad
1143 3441 1218 3512 vim
1243 3439 1437 3513 verborum
1466 3456 1520 3514 est
1548 3438 1747 3514 reserenda.
1771 3440 1867 3512 Dicit
1888 3438 2038 3511 fortasse

434 3558 562 3655 aliquis
580 3558 682 3656 quod
697 3559 898 3632 secundum
912 3561 1137 3659 propositam
1148 3561 1425 3659 expositionem,
1448 3563 1485 3633 in
1502 3585 1574 3659 qua
1590 3560 1722 3633 dicitur
1742 3587 1752 3632 ε
1773 3565 1877 3632 Pater
1893 3584 1968 3631 non
1987 3572 2038 3630 est

435 3676 556 3765 Filius,
580 3676 653 3748 hoc
678 3678 813 3750 scilicet
833 3678 946 3751 modo
971 3679 1072 3777 quod
1092 3703 1169 3751 non
1189 3694 1243 3751 est
1258 3678 1355 3752 idem
1378 3681 1568 3779 proprium
1594 3682 1794 3778 utriusque,
1824 3679 1906 3752 licet
1932 3680 2039 3751 etiam
2098 3657 2102 3668 ’

435 3797 578 3870 dicere:
598 3802 702 3872 Pater
713 3824 789 3871 non
806 3815 860 3872 est
872 3806 984 3892 Deus,
994 3803 1050 3875 vel
1067 3799 1181 3874 bomo
1197 3825 1273 3875 non
1283 3818 1337 3875 est
1346 3802 1497 3896 animal,
1517 3829 1601 3877 cum
1613 3803 1780 3877 videlicet
1792 3828 1868 3876 non
1881 3803 1928 3874 sit
1943 3802 2039 3875 idem

436 3917 625 4014 proprium
642 3919 796 3991 istorum
816 3921 908 3992 sicut
933 3946 1003 3993 nec
1025 3921 1184 3994 illorum.
1205 3922 1261 3994 Ad
1284 3923 1384 4019 quod
1408 3923 1707 4024 respondendum
1729 3935 1783 3996 est
1805 3922 1908 4020 quod
1930 3920 2039 3994 verba

436 4050 559 4109 nostra
581 4036 628 4109 ad
651 4040 770 4109 Deum
795 4039 978 4132 translata,
1002 4054 1043 4112 ut
1056 4040 1134 4137 jam
1160 4067 1268 4141 supra
1284 4046 1532 4133 meminimus,
1557 4069 1600 4117 ex
1618 4046 1697 4144 ipsa
1721 4042 1962 4139 singularitate
1987 4040 2042 4112 di·

436 4155 526 4226 vinae
552 4153 772 4250 substantiae,
798 4156 891 4231 sicut
912 4159 1131 4254 singularem
1150 4161 1467 4259 significationem,
1492 4165 1596 4237 itaet
1616 4163 1834 4260 singularem
1855 4185 2040 4234 nonnum·

437 4298 547 4371 quam
573 4277 844 4350 constructione
866 4278 1091 4352 contrahunt
1116 4305 1275 4355 sensum.
1305 4289 1479 4357 Praeterea
1502 4307 1578 4356 non
1605 4298 1751 4383 oportet
1777 4283 1982 4380 figurativas
2007 4294 2043 4351 et

437 4394 652 4493 improprias
670 4396 872 4471 locutiones
895 4400 1031 4497 porrigi
1052 4399 1147 4475 ultra
1172 4402 1244 4475 boc
1268 4427 1379 4499 quam
1395 4405 1590 4477 auctoritas
1612 4403 1669 4476 vel
1693 4428 1779 4476 usus
1795 4402 1919 4492 habet,
1943 4402 1972 4472 si
1995 4399 2042 4472 ad

438 4514 645 4588 doctrinam
659 4531 696 4589 et
712 4517 953 4615 intelligentiae
967 4520 1175 4595 facultatem
1187 4522 1288 4622 loqui
1302 4524 1537 4617 intendimus,
1556 4539 1596 4597 ut
1610 4549 1696 4598 cum
1708 4524 1840 4596 dicitnr
1857 4520 2043 4620 figurative
2069 4520 2073 4527 '

439 4633 485 4708 de
512 4638 590 4707 Deo
618 4636 705 4733 quia
729 4638 843 4711 nescit
860 4639 990 4732 malos,
1016 4640 1103 4715 ideo
1124 4641 1277 4739 figuram
1303 4644 1537 4721 extendentes
1563 4645 1737 4733 dicamus,
1766 4644 1852 4741 quia
1875 4667 1951 4714 non
1979 4641 2043 4712 scit

439 4779 567 4828 omnes
590 4755 771 4849 homines,
791 4757 850 4831 vel
865 4760 980 4833 nescit
996 4763 1134 4834 omnia.
1153 4761 1219 4835 Vel
1243 4764 1273 4836 si
1288 4763 1407 4836 dicam
1430 4767 1515 4863 quia
1531 4764 1646 4839 adoro
1663 4786 1829 4849 crucem,
1847 4760 1932 4833 ideo
1953 4783 2043 4831 con·

439 4874 567 4948 cedam
583 4898 643 4946 me
665 4875 817 4952 adorare
837 4878 1043 4952 insensibile
1059 4879 1116 4953 vel
1133 4880 1291 4979 lignum;
1309 4882 1366 4955 vel
1380 4884 1411 4956 si
1427 4884 1546 4957 dicam
1570 4909 1628 4957 me
1644 4881 1792 4956 credere
1806 4881 1845 4952 in
1861 4879 2043 4952 Christian

439 4993 495 5066 vel
522 4994 674 5069 adorare
695 5021 792 5086 eum,
819 5000 883 5106 qui
908 5000 1017 5072 etiam
1043 4999 1229 5098 figurative
1253 5003 1344 5101 lapis
1369 5018 1434 5077 aut
1459 5028 1606 5103 serpens
1633 5003 1781 5093 dicitur3
1810 5000 1894 5072 ideo
1918 5024 1978 5071 me
2006 4999 2043 5070 in

439 5112 596 5211 lapidem
613 5116 759 5194 credere
774 5117 832 5191 vel
849 5118 886 5190 in
903 5135 1109 5219 serpentem
1127 5144 1299 5216 annuam,
1325 5122 1383 5196 vel
1403 5123 1554 5197 adorare
1570 5122 1728 5223 lapidem
1743 5135 1807 5195 aut
1822 5132 2042 5219 serpentem.
