4559 6100
753 500 1012 587 mutuata
1038 500 1316 585 cflbts'ttlttt.
1768 517 1841 592 495

239 663 356 763 piunt,
375 684 444 762 pro
457 662 656 737 substantia
669 663 804 736 scilicet
820 662 1001 754 rationali,
1015 661 1083 734 ubi
1095 660 1263 735 videlicet
1276 656 1325 734 de
1339 680 1496 760 persona
1510 674 1546 734 et
1558 665 1705 762 negotio
1716 681 1841 764 agunt,

236 796 274 855 et
288 781 390 856 locos
406 782 607 856 diatonicos
619 806 686 883 per
697 778 869 856 attributa
886 800 1049 882 personae
1062 795 1100 855 et
1115 780 1287 854 attributa
1303 783 1451 880 negotio
1465 780 1704 881 distinguunt.
1725 788 1843 874 Quam

237 902 387 1000 quidem
399 901 698 999 ominationem
711 904 856 976 Boetius
867 914 1054 975 exsecutus
1064 904 1101 974 iu
1114 915 1246 999 quarto
1262 903 1473 998 Topicorum
1488 903 1537 974 ait
1553 926 1562 972 t
1582 908 1746 1001 «Purgas
1759 926 1843 978 cum

236 1020 319 1095 nui
339 1021 449 1122 culpa
470 1021 527 1094 his
543 1021 745 1115 ascribitur,
762 1021 896 1122 quibus
918 1023 1043 1096 obsisti
1067 1020 1278 1118 obviarique
1293 1042 1369 1091 non
1383 1022 1510 1120 possit,
1528 1038 1599 1094 nec
1619 1037 1741 1095 tamen
1761 1046 1842 1123 per·

235 1165 334 1215 sonae
348 1156 446 1216 sunt.
465 1141 507 1214 ld
524 1143 622 1216 enirn
641 1143 677 1215 iu
696 1144 802 1216 aliam
814 1144 1111 1218 constitutionem
1120 1141 1227 1215 cadit.
1244 1168 1262 1215 r
1280 1141 1352 1237 Qui
1364 1141 1473 1213 etiam
1485 1140 1582 1214 hanc
1594 1143 1842 1241 acceptionem

235 1282 402 1361 pmsonta
421 1277 550 1335 contra
574 1262 751 1336 Eutbiceu
780 1277 816 1337 et
840 1264 1046 1338 Nestorium
1075 1263 1263 1362 disputans
1291 1260 1338 1332 de
1364 1261 1503 1334 unitate
1532 1285 1695 1361 personae
1713 1262 1780 1335 Dei
1807 1276 1843 1337 et

234 1377 395 1453 bominis
408 1381 446 1453 in
460 1381 619 1476 Christo,
631 1380 693 1456 tali
707 1397 920 1484 prosecutus
937 1394 991 1456 est
1007 1382 1245 1456 diffinitione:
1271 1368 1458 1454 iPersona
1471 1394 1538 1472 cst,
1555 1382 1686 1481 inquit,
1705 1397 1844 1458 natum

234 1498 459 1573 rationabilis
478 1496 666 1577 individua
684 1501 897 1596 substantia,
922 1524 1002 1601 quae
1020 1502 1169 1600 quidem
1188 1522 1419 1599 nequaquam
1436 1500 1605 1574 diffinitio
1620 1502 1774 1577 dicenda
1789 1514 1843 1577 est

234 1621 345 1694 trium
366 1618 605 1720 personarum
626 1623 663 1694 in
679 1623 874 1695 Divinitate
889 1622 1053 1722 superius
1069 1622 1215 1694 anobis
1234 1621 1497 1713 distinctarum,
1516 1619 1589 1693 hoc
1606 1637 1660 1694 est
1676 1623 1787 1695 Patris
1806 1638 1841 1697 et

234 1739 313 1811 Filii
339 1754 377 1812 ct
397 1741 550 1840 Spiritus
572 1738 700 1816 sancti.
720 1742 889 1841 Alioquin
915 1764 1000 1815 cum
1023 1742 1094 1815 sint
1121 1754 1193 1813 tres
1214 1764 1391 1839 pemonae,
1410 1724 1527 1815 essent
1549 1754 1622 1813 tres
1645 1740 1843 1816 individuae

233 1859 425 1933 rationales
440 1860 658 1937 substantie.
678 1886 697 1930 a
1177 1878 1180 1887 ’
1299 1862 1302 1871 ’

284 1982 460 2053 Personas
473 1981 582 2054 etiam
600 1976 863 2055 comediarum
879 1982 1033 2056 dicimus
1051 1982 1149 2081 ipsos
1165 1978 1332 2053 videlicet
1354 1979 1535 2075 homines,
1558 1981 1623 2080 qui
1639 2004 1706 2081 per
1722 1995 1841 2080 gestus

232 2121 318 2170 snos
342 2099 464 2196 aliqua
488 2100 594 2174 nobis
621 2102 715 2175 iacta
737 2104 797 2176 vel
822 2102 918 2175 dlcta
942 2113 1212 2202 representant.
1239 2104 1339 2188 Quas
1365 2114 1401 2173 et
1426 2100 1503 2201 ipsc
1530 2102 1675 2174 Boetius
1703 2102 1840 2176 ibidem

232 2216 393 2290 distinxit
412 2212 536 2293 diceus
555 2247 564 2293 t
589 2226 762 2294 «Nomen
784 2245 947 2321 persona
962 2220 1106 2294 ridetur
1120 2219 1266 2295 aliunde
1283 2235 1451 2311 tractum,
1471 2245 1514 2293 ex
1531 2220 1589 2293 his
1607 2221 1740 2295 scilicet
1755 2248 1841 2323 per-

231 2338 343 2428 sonis,
357 2361 436 2434 quse
449 2339 488 2410 in
501 2341 690 2414 comoedils
703 2340 958 2441 tragoediisque
971 2366 1034 2416 eos
1044 2366 1139 2440 quos
1152 2340 1300 2413 interest
1310 2340 1478 2413 homines
1489 2340 1804 2440 repraesentabant.
1817 2370 1837 2410 u

231 2455 358 2528 Tribus
373 2456 494 2555 itaque
509 2482 571 2531 seu
590 2475 746 2559 quatuor
764 2460 885 2534 modis
898 2486 940 2534 ac
958 2462 1123 2561 pluribus
1139 2461 1297 2533 fortassis
1316 2459 1388 2534 boc
1404 2482 1540 2532 nomen
1558 2481 1712 2559 persona
1728 2462 1839 2534 sumi·

231 2587 312 2667 tur3
339 2575 442 2648 aliter
457 2577 626 2652 videlicet
647 2605 668 2653 a
696 2580 887 2678 theologis,
911 2581 1014 2654 aliter
1038 2604 1059 2654 a
1083 2580 1338 2680 grammaticis,
1365 2579 1468 2652 aliter
1491 2604 1514 2653 a
1534 2577 1759 2675 rhetoribus,
1781 2578 1840 2653 rel
1887 2594 1889 2599 “

230 2695 268 2767 in
293 2696 495 2789 comediis,
520 2714 686 2799 utsupra
706 2701 988 2775 determinatum
1010 2714 1075 2773 est.
1103 2703 1196 2772 Cum
1212 2714 1332 2773 autem
1350 2699 1442 2771 sicut
1463 2699 1501 2771 in
1520 2700 1699 2799 principio
1719 2700 1840 2800 operis

230 2813 509 2912 adsignarimus,
533 2819 571 2891 in
596 2819 712 2895 tribus
728 2820 860 2894 divinis
884 2822 1063 2921 personis,
1086 2825 1191 2893 Patre
1211 2818 1391 2911 videlicet,
1417 2812 1519 2910 Filio,
1539 2818 1673 2917 Spiritu
1691 2835 1836 2915 sancto,

230 2947 307 3008 tota
332 2934 421 3009 boni
449 2938 622 3037 perfectio
647 2941 829 3035 consistit,
855 2954 892 3014 et
913 2942 1037 3015 omnia
1062 2965 1142 3039 quae
1168 2939 1215 3013 ad
1240 2938 1330 3012 boni
1353 2939 1610 3039 perlectionem
1633 2938 1836 3040 pertinent,

229 3055 267 3127 in
284 3055 341 3128 his
359 3055 476 3130 tribus
490 3059 871 3159 comprehenduntur3
888 3061 984 3136 bene
1000 3063 1056 3134 bae
1072 3061 1158 3134 solae
1178 3075 1249 3133 tres
1260 3083 1426 3161 personae
1443 3059 1619 3133 distinctae
1636 3074 1734 3152 sunt,
1753 3086 1839 3134 cum

228 3173 306 3247 haec
320 3177 387 3248 tria
404 3179 558 3251 nomina
580 3179 782 3252 secundum
796 3182 872 3254 rim
888 3206 960 3255 suae
982 3179 1255 3279 significationis
1275 3194 1394 3252 cetera
1411 3180 1536 3251 omnia
1557 3181 1595 3251 in
1620 3204 1659 3252 se
1681 3179 1838 3252 conclu-

230 3294 331 3387 dant,
359 3319 439 3394 quae
464 3296 509 3369 ad
540 3299 898 3374 commendationem
933 3301 1022 3373 boni
1055 3315 1141 3374 sunt
1162 3298 1307 3373 idonea.
1338 3297 1448 3387 Quod
1475 3299 1574 3371 enim
1602 3312 1755 3371 aeternus
1785 3315 1837 3372 est

229 3418 340 3509 Deus,
357 3418 529 3515 potentiae
543 3431 610 3509 est,
631 3432 672 3491 ut
687 3419 854 3496 videlicet
875 3420 998 3519 aliquo
1013 3444 1090 3492 non
1108 3420 1246 3516 eguerit
1265 3397 1447 3519 principio
1469 3443 1535 3517 per
1551 3417 1652 3517 quod
1670 3417 1837 3490 subsiste·

229 3549 300 3629 ret,
328 3531 430 3634 quod
449 3559 536 3609 vero
551 3538 669 3634 justus
691 3555 765 3629 est,
785 3537 860 3613 sire
882 3540 1100 3630 misericors,
1121 3538 1324 3636 benignitas
1347 3551 1413 3609 est.
1442 3537 1583 3610 lustitia
1606 3561 1764 3636 namque
1784 3553 1837 3610 est

229 3677 308 3752 quae
325 3657 522 3755 unicuique
536 3657 655 3732 reddit
671 3658 773 3757 quod
790 3684 897 3732 suum
913 3675 979 3755 est,
995 3661 1070 3733 sire
1086 3681 1233 3760 poenam
1248 3659 1322 3730 sire
1335 3657 1486 3754 gloriam
1502 3657 1719 3758 promeritis
1734 3659 1837 3731 retri-

228 3772 391 3852 buendo.
422 3780 500 3850 Hoc
527 3793 648 3852 autem
673 3793 716 3854 ex
741 3779 971 3877 benignitatis
996 3780 1126 3854 affectu
1151 3777 1352 3867 descendit,
1373 3779 1458 3876 quia
1483 3778 1577 3850 sicut
1602 3779 1754 3877 impium
1785 3793 1837 3850 est

229 3919 304 3970 non
331 3896 493 3993 judicare
515 3899 632 3973 mala:-
656 3885 706 3972 ita
730 3926 751 3973 θ
776 3903 959 3975 contrario
981 3901 1083 4001 pium
1110 3915 1165 3973 est
1192 3898 1307 3971 illatas
1329 3898 1453 3970 ulcisci
1472 3899 1640 4006 injurias.
1671 3897 1776 3971 Unde
1801 3913 1837 3972 et

228 4016 387 4092 vindicta
409 4016 620 4115 benignitati
648 4018 886 4094 adscribenda
916 4034 983 4111 est,
1010 4043 1089 4118 quae
1116 4019 1251 4092 scilicet
1276 4016 1480 4114 benignitas
1507 4018 1656 4090 nomine
1684 4017 1836 4117 Spiritus

229 4132 450 4235 designatur,
469 4138 562 4213 sicut
576 4137 751 4239 scriptum
766 4156 819 4214 est
827 4143 852 4234 ¹,
875 4141 1038 4241 «Spiritu
1063 4140 1136 4212 oris
1154 4140 1209 4213 sui
1230 4136 1419 4211 interficiet
1437 4138 1603 4238 impium.
1622 4165 1641 4207 u
1666 4123 1836 4210 Similiter

228 4271 346 4330 cetera
357 4258 508 4332 uomina
521 4260 601 4352 Dei,
619 4281 700 4360 quae
712 4261 760 4335 ad
772 4261 1032 4363 perlectionem
1055 4260 1150 4334 illius
1162 4260 1294 4334 summi
1309 4257 1400 4332 boni
1418 4258 1729 4333 determinandam
1746 4282 1835 4331 con·

228 4377 459 4466 veniunt„ad
477 4378 556 4452 baec
572 4381 640 4456 tria
658 4395 927 4480 retorquentur.

276 4495 348 4568 Sed
367 4495 456 4570 huic
473 4497 556 4571 loco
573 4503 691 4598 gravis
712 4501 870 4575 fortassis
885 4501 1045 4574 occurrit
1065 4499 1224 4596 obJectio
1245 4525 1253 4570 ε
1273 4522 1357 4570 cum
1373 4495 1540 4571 videlicet
1555 4500 1711 4570 Pater'ct
1727 4496 1835 4568 Filius

227 4635 272 4685 ex
295 4616 459 4712 potentia
476 4633 512 4689 et
528 4620 702 4718 sapientia
718 4622 873 4694 maxime
897 4620 1080 4712 dicantur,
1098 4621 1192 4692 sicut
1209 4618 1246 4690 in
1264 4619 1344 4717 ipso
1363 4618 1483 4717 operis
1500 4616 1651 4689 exordio
1664 4615 1834 4688 determi-

228 4732 331 4825 navi;
349 4735 536 4832 quomodo
553 4738 682 4812 melius
697 4763 764 4839 per
778 4741 994 4840 sapientiam
1010 4740 1077 4812 Dei
1094 4762 1168 4813 uua
1185 4752 1239 4811 est
1253 4760 1409 4838 persona
1424 4735 1611 4829 distincta,
1634 4760 1742 4834 quam
1768 4760 1834 4835 per

226 4853 474 4949 eternitatem,
499 4882 584 4931 cum
610 4859 810 4933 secundum
832 4861 1068 4934 aeternitatem
1094 4884 1242 4959 quoque
1267 4856 1431 4958 quaedam
1459 4857 1505 4962 sit
1530 4855 1754 4928 diffinitionis
1776 4853 1832 4927 di·

258 5123 344 5191 ¹lut..
355 5140 411 5193 cap.
423 5141 460 5193 rr,
470 5143 494 5181 r.
507 5133 533 5185 t.
