<?xml version="1.0" encoding="UTF-8"?>
<!DOCTYPE html PUBLIC "-//W3C//DTD XHTML 1.0 Transitional//EN"
    "http://www.w3.org/TR/xhtml1/DTD/xhtml1-transitional.dtd">
<html xmlns="http://www.w3.org/1999/xhtml" xml:lang="en" lang="en">
 <head>
  <title>
</title>
<meta http-equiv="Content-Type" content="text/html;charset=utf-8" />
  <meta name='ocr-system' content='tesseract 3.04.00' />
  <meta name='ocr-capabilities' content='ocr_page ocr_carea ocr_par ocr_line ocrx_word'/>
</head>
<body>
  <div class='ocr_page' id='page_1' title='image "./petriablardiope00despgoog_0500.png"; bbox 0 0 4559 6100; ppageno 0'>
   <div class='ocr_carea' id='block_1_1' title="bbox 472 524 1525 599">
    <p class='ocr_par' dir='ltr' id='par_1_1' title="bbox 472 524 1525 599">
     <span class='ocr_line' id='line_1_1' title="bbox 472 524 1525 599; baseline 0.003 -3"><span class='ocrx_word' id='word_1_1' title='bbox 472 524 546 597; x_wconf 74' lang='lat' dir='ltr'><strong>tta</strong></span> <span class='ocrx_word' id='word_1_2' title='bbox 1079 525 1208 596; x_wconf 77' lang='lat' dir='ltr'><strong>Pssrm</strong></span> <span class='ocrx_word' id='word_1_3' title='bbox 1233 526 1469 599; x_wconf 77' lang='lat' dir='ltr'><strong>ABAELthll</strong></span> <span class='ocrx_word' id='word_1_4' title='bbox 1520 528 1525 547; x_wconf 66' lang='lat'><strong>¹</strong></span> 
     </span>
    </p>
   </div>
   <div class='ocr_carea' id='block_1_2' title="bbox 357 672 2136 5052">
    <p class='ocr_par' dir='ltr' id='par_1_2' title="bbox 357 672 2136 4857">
     <span class='ocr_line' id='line_1_2' title="bbox 473 672 2079 778; baseline 0.005 -33"><span class='ocrx_word' id='word_1_5' title='bbox 473 672 579 746; x_wconf 88' lang='lat' dir='ltr'><strong>simul</strong></span> <span class='ocrx_word' id='word_1_6' title='bbox 596 698 673 746; x_wconf 90' lang='lat' dir='ltr'><strong>non</strong></span> <span class='ocrx_word' id='word_1_7' title='bbox 689 672 831 747; x_wconf 88' lang='lat' dir='ltr'><strong>sentiat.</strong></span> <span class='ocrx_word' id='word_1_8' title='bbox 850 674 955 747; x_wconf 88' lang='lat' dir='ltr'><strong>Unde</strong></span> <span class='ocrx_word' id='word_1_9' title='bbox 969 687 1006 748; x_wconf 85' lang='lat' dir='ltr'><strong>et</strong></span> <span class='ocrx_word' id='word_1_10' title='bbox 1023 674 1239 766; x_wconf 81' lang='lat' dir='ltr'><strong>Psalmista¹,</strong></span> <span class='ocrx_word' id='word_1_11' title='bbox 1259 705 1277 742; x_wconf 77' lang='lat' dir='ltr'><strong>&lt;r</strong></span> <span class='ocrx_word' id='word_1_12' title='bbox 1292 675 1470 769; x_wconf 88' lang='lat' dir='ltr'><strong>Satiahor,</strong></span> <span class='ocrx_word' id='word_1_13' title='bbox 1491 676 1621 775; x_wconf 85' lang='lat' dir='ltr'><strong>inquit,</strong></span> <span class='ocrx_word' id='word_1_14' title='bbox 1643 700 1729 750; x_wconf 85' lang='lat' dir='ltr'><strong>cum</strong></span> <span class='ocrx_word' id='word_1_15' title='bbox 1742 675 1949 778; x_wconf 78' lang='lat' dir='ltr'><strong>apparuerit</strong></span> <span class='ocrx_word' id='word_1_16' title='bbox 1965 676 2079 777; x_wconf 85' lang='lat' dir='ltr'><strong>gloria</strong></span> 
     </span>
     <span class='ocr_line' id='line_1_3' title="bbox 471 793 2076 895; baseline 0.003 -30"><span class='ocrx_word' id='word_1_17' title='bbox 471 805 546 865; x_wconf 86' lang='lat' dir='ltr'><strong>tua.</strong></span> <span class='ocrx_word' id='word_1_18' title='bbox 564 823 583 860; x_wconf 75' lang='lat' dir='ltr'><strong>u</strong></span> <span class='ocrx_word' id='word_1_19' title='bbox 601 798 702 866; x_wconf 87' lang='lat' dir='ltr'><strong>Tunc</strong></span> <span class='ocrx_word' id='word_1_20' title='bbox 715 793 864 891; x_wconf 89' lang='lat' dir='ltr'><strong>quidem</strong></span> <span class='ocrx_word' id='word_1_21' title='bbox 885 793 1095 893; x_wconf 83' lang='lat' dir='ltr'>implebitur</span> <span class='ocrx_word' id='word_1_22' title='bbox 1115 794 1218 893; x_wconf 89' lang='lat' dir='ltr'><strong>quod</strong></span> <span class='ocrx_word' id='word_1_23' title='bbox 1235 796 1313 894; x_wconf 88' lang='lat' dir='ltr'><strong>ipsa</strong></span> <span class='ocrx_word' id='word_1_24' title='bbox 1335 796 1510 895; x_wconf 78' lang='lat' dir='ltr'><strong>sapientia</strong></span> <span class='ocrx_word' id='word_1_25' title='bbox 1530 797 1596 869; x_wconf 88' lang='lat' dir='ltr'><strong>Dei</strong></span> <span class='ocrx_word' id='word_1_26' title='bbox 1612 798 1789 895; x_wconf 90' lang='lat' dir='ltr'><strong>promittit</strong></span> <span class='ocrx_word' id='word_1_27' title='bbox 1806 797 1955 869; x_wconf 85' lang='lat' dir='ltr'><strong>dicens¹</strong></span> <span class='ocrx_word' id='word_1_28' title='bbox 1973 823 1982 869; x_wconf 75' lang='grc' dir='ltr'><strong>ε</strong></span> <span class='ocrx_word' id='word_1_29' title='bbox 2006 827 2025 866; x_wconf 78' lang='lat' dir='ltr'><strong>e</strong></span> <span class='ocrx_word' id='word_1_30' title='bbox 2038 801 2076 870; x_wconf 90' lang='lat' dir='ltr'><strong>Si</strong></span> 
     </span>
     <span class='ocr_line' id='line_1_4' title="bbox 469 913 2077 1014; baseline 0.001 -25"><span class='ocrx_word' id='word_1_31' title='bbox 469 913 554 1012; x_wconf 82' lang='lat' dir='ltr'><strong>quis</strong></span> <span class='ocrx_word' id='word_1_32' title='bbox 578 914 693 1010; x_wconf 80' lang='lat' dir='ltr'>diligit</span> <span class='ocrx_word' id='word_1_33' title='bbox 717 938 790 1005; x_wconf 85' lang='lat' dir='ltr'><strong>me,</strong></span> <span class='ocrx_word' id='word_1_34' title='bbox 814 913 983 1012; x_wconf 81' lang='lat' dir='ltr'>diligetur</span> <span class='ocrx_word' id='word_1_35' title='bbox 1005 939 1028 988; x_wconf 88' lang='lat' dir='ltr'><strong>a</strong></span> <span class='ocrx_word' id='word_1_36' title='bbox 1053 929 1156 1013; x_wconf 85' lang='lat' dir='ltr'><strong>patre</strong></span> <span class='ocrx_word' id='word_1_37' title='bbox 1172 941 1269 1009; x_wconf 86' lang='lat' dir='ltr'><strong>meo,</strong></span> <span class='ocrx_word' id='word_1_38' title='bbox 1296 929 1333 988; x_wconf 89' lang='lat' dir='ltr'><strong>et</strong></span> <span class='ocrx_word' id='word_1_39' title='bbox 1359 941 1427 1012; x_wconf 86' lang='lat' dir='ltr'><strong>ego</strong></span> <span class='ocrx_word' id='word_1_40' title='bbox 1454 916 1601 1014; x_wconf 75' lang='lat' dir='ltr'>diligam</span> <span class='ocrx_word' id='word_1_41' title='bbox 1618 932 1765 990; x_wconf 75' lang='lat' dir='ltr'><strong>sumet</strong></span> <span class='ocrx_word' id='word_1_42' title='bbox 1790 915 2077 991; x_wconf 79' lang='lat' dir='ltr'><strong>manitesraboet</strong></span> 
     </span>
     <span class='ocr_line' id='line_1_5' title="bbox 469 1035 2076 1138; baseline 0.002 -32"><span class='ocrx_word' id='word_1_43' title='bbox 469 1035 699 1133; x_wconf 84' lang='lat' dir='ltr'><strong>meipsum.»</strong></span> <span class='ocrx_word' id='word_1_44' title='bbox 726 1035 800 1106; x_wconf 89' lang='lat' dir='ltr'><strong>Nisi</strong></span> <span class='ocrx_word' id='word_1_45' title='bbox 822 1036 922 1107; x_wconf 91' lang='lat' dir='ltr'><strong>enim</strong></span> <span class='ocrx_word' id='word_1_46' title='bbox 946 1036 1087 1134; x_wconf 88' lang='lat' dir='ltr'><strong>seipse</strong></span> <span class='ocrx_word' id='word_1_47' title='bbox 1113 1040 1210 1108; x_wconf 89' lang='lat' dir='ltr'><strong>Deus</strong></span> <span class='ocrx_word' id='word_1_48' title='bbox 1238 1035 1453 1129; x_wconf 79' lang='lat' dir='ltr'><strong>manifestet,</strong></span> <span class='ocrx_word' id='word_1_49' title='bbox 1480 1061 1549 1110; x_wconf 88' lang='lat' dir='ltr'><strong>nec</strong></span> <span class='ocrx_word' id='word_1_50' title='bbox 1576 1052 1662 1138; x_wconf 75' lang='lat' dir='ltr'><strong>tunc</strong></span> <span class='ocrx_word' id='word_1_51' title='bbox 1679 1052 1818 1127; x_wconf 24' lang='lat' dir='ltr'><strong>,natura</strong></span> <span class='ocrx_word' id='word_1_52' title='bbox 1843 1052 1969 1110; x_wconf 85' lang='lat' dir='ltr'><strong>nostra</strong></span> <span class='ocrx_word' id='word_1_53' title='bbox 1992 1063 2076 1110; x_wconf 87' lang='lat' dir='ltr'><strong>eum</strong></span> 
     </span>
     <span class='ocr_line' id='line_1_6' title="bbox 471 1153 2077 1257; baseline 0.004 -33"><span class='ocrx_word' id='word_1_54' title='bbox 471 1153 593 1227; x_wconf 87' lang='lat' dir='ltr'><strong>videre</strong></span> <span class='ocrx_word' id='word_1_55' title='bbox 613 1153 785 1244; x_wconf 82' lang='lat' dir='ltr'><strong>sufficiet3</strong></span> <span class='ocrx_word' id='word_1_56' title='bbox 804 1179 874 1227; x_wconf 89' lang='lat' dir='ltr'><strong>nec</strong></span> <span class='ocrx_word' id='word_1_57' title='bbox 888 1178 989 1227; x_wconf 91' lang='lat' dir='ltr'><strong>nunc</strong></span> <span class='ocrx_word' id='word_1_58' title='bbox 1004 1154 1176 1229; x_wconf 79' lang='lat' dir='ltr'><strong>mortales</strong></span> <span class='ocrx_word' id='word_1_59' title='bbox 1197 1155 1299 1226; x_wconf 89' lang='lat' dir='ltr'><strong>omni</strong></span> <span class='ocrx_word' id='word_1_60' title='bbox 1314 1157 1485 1255; x_wconf 86' lang='lat' dir='ltr'><strong>spurcitia</strong></span> <span class='ocrx_word' id='word_1_61' title='bbox 1501 1171 1735 1257; x_wconf 86' lang='lat' dir='ltr'><strong>peccatorum</strong></span> <span class='ocrx_word' id='word_1_62' title='bbox 1752 1158 1850 1256; x_wconf 91' lang='lat' dir='ltr'><strong>pleni</strong></span> <span class='ocrx_word' id='word_1_63' title='bbox 1866 1157 2077 1231; x_wconf 75' lang='lat' dir='ltr'><strong>ratiunculis</strong></span> 
     </span>
     <span class='ocr_line' id='line_1_7' title="bbox 469 1274 2075 1376; baseline 0.002 -29"><span class='ocrx_word' id='word_1_64' title='bbox 469 1274 543 1347; x_wconf 87' lang='lat' dir='ltr'><strong>suis</strong></span> <span class='ocrx_word' id='word_1_65' title='bbox 562 1274 870 1374; x_wconf 70' lang='lat' dir='ltr'><strong>comprehendere</strong></span> <span class='ocrx_word' id='word_1_66' title='bbox 888 1274 1290 1374; x_wconf 77' lang='lat' dir='ltr'><strong>incomprehensibilem</strong></span> <span class='ocrx_word' id='word_1_67' title='bbox 1307 1276 1482 1369; x_wconf 88' lang='lat' dir='ltr'><strong>nitantur,</strong></span> <span class='ocrx_word' id='word_1_68' title='bbox 1500 1277 1565 1373; x_wconf 91' lang='lat' dir='ltr'><strong>qui</strong></span> <span class='ocrx_word' id='word_1_69' title='bbox 1581 1302 1648 1350; x_wconf 88' lang='lat' dir='ltr'><strong>nec</strong></span> <span class='ocrx_word' id='word_1_70' title='bbox 1664 1278 1815 1376; x_wconf 88' lang='lat' dir='ltr'><strong>seipsos,</strong></span> <span class='ocrx_word' id='word_1_71' title='bbox 1834 1301 1904 1349; x_wconf 87' lang='lat' dir='ltr'><strong>nec</strong></span> <span class='ocrx_word' id='word_1_72' title='bbox 1919 1291 2075 1375; x_wconf 81' lang='lat' dir='ltr'><strong>quantu·</strong></span> 
     </span>
     <span class='ocr_line' id='line_1_8' title="bbox 469 1395 2075 1494; baseline 0.002 -26"><span class='ocrx_word' id='word_1_73' title='bbox 469 1395 670 1494; x_wconf 69' lang='lat' dir='ltr'><strong>lacumque</strong></span> <span class='ocrx_word' id='word_1_74' title='bbox 687 1410 853 1470; x_wconf 89' lang='lat' dir='ltr'><strong>naturam</strong></span> <span class='ocrx_word' id='word_1_75' title='bbox 869 1410 1042 1469; x_wconf 76' lang='lat' dir='ltr'><strong>creaturae</strong></span> <span class='ocrx_word' id='word_1_76' title='bbox 1056 1395 1259 1468; x_wconf 87' lang='lat' dir='ltr'><strong>discernere</strong></span> <span class='ocrx_word' id='word_1_77' title='bbox 1275 1396 1417 1470; x_wconf 87' lang='lat' dir='ltr'><strong>ratione</strong></span> <span class='ocrx_word' id='word_1_78' title='bbox 1435 1395 1631 1471; x_wconf 83' lang='lat' dir='ltr'><strong>sufficiunt.</strong></span> <span class='ocrx_word' id='word_1_79' title='bbox 1649 1398 1759 1487; x_wconf 88' lang='lat' dir='ltr'><strong>Quod</strong></span> <span class='ocrx_word' id='word_1_80' title='bbox 1772 1401 1882 1472; x_wconf 86' lang='lat' dir='ltr'><strong>etiam</strong></span> <span class='ocrx_word' id='word_1_81' title='bbox 1897 1398 2075 1472; x_wconf 83' lang='lat' dir='ltr'><strong>maximus</strong></span> 
     </span>
     <span class='ocr_line' id='line_1_9' title="bbox 360 1494 2074 1616; baseline 0.005 -35"><span class='ocrx_word' id='word_1_82' title='bbox 360 1570 365 1581; x_wconf 89' lang='lat'>.</span> <span class='ocrx_word' id='word_1_83' title='bbox 469 1514 530 1587; x_wconf 87' lang='lat' dir='ltr'><strong>ille</strong></span> <span class='ocrx_word' id='word_1_84' title='bbox 557 1517 772 1616; x_wconf 89' lang='lat' dir='ltr'><strong>sapientium</strong></span> <span class='ocrx_word' id='word_1_85' title='bbox 798 1515 1032 1589; x_wconf 82' lang='lat' dir='ltr'><strong>considerans</strong></span> <span class='ocrx_word' id='word_1_86' title='bbox 1058 1516 1097 1587; x_wconf 94' lang='lat' dir='ltr'><strong>in</strong></span> <span class='ocrx_word' id='word_1_87' title='bbox 1124 1494 1348 1587; x_wconf 70' lang='lat' dir='ltr'><strong>Ecclesiaste·¹</strong></span> <span class='ocrx_word' id='word_1_88' title='bbox 1372 1515 1562 1615; x_wconf 79' lang='lat' dir='ltr'><strong>profitetur</strong></span> <span class='ocrx_word' id='word_1_89' title='bbox 1589 1517 1767 1591; x_wconf 82' lang='lat' dir='ltr'><strong>dicens&#39;:</strong></span> <span class='ocrx_word' id='word_1_90' title='bbox 1800 1547 1818 1584; x_wconf 79' lang='lat' dir='ltr'><strong>r</strong></span> <span class='ocrx_word' id='word_1_91' title='bbox 1834 1520 1980 1589; x_wconf 70' lang='lat' dir='ltr'><strong>Cuncta</strong></span> <span class='ocrx_word' id='word_1_92' title='bbox 2016 1540 2074 1590; x_wconf 88' lang='lat' dir='ltr'><strong>res</strong></span> 
     </span>
     <span class='ocr_line' id='line_1_10' title="bbox 469 1634 2069 1736; baseline 0.003 -30"><span class='ocrx_word' id='word_1_93' title='bbox 469 1634 644 1729; x_wconf 85' lang='lat' dir='ltr'><strong>difficiles,</strong></span> <span class='ocrx_word' id='word_1_94' title='bbox 672 1661 738 1709; x_wconf 88' lang='lat' dir='ltr'><strong>nec</strong></span> <span class='ocrx_word' id='word_1_95' title='bbox 761 1650 881 1736; x_wconf 87' lang='lat' dir='ltr'><strong>potest</strong></span> <span class='ocrx_word' id='word_1_96' title='bbox 903 1660 964 1708; x_wconf 85' lang='lat' dir='ltr'><strong>eas</strong></span> <span class='ocrx_word' id='word_1_97' title='bbox 983 1660 1110 1709; x_wconf 90' lang='lat' dir='ltr'><strong>omnes</strong></span> <span class='ocrx_word' id='word_1_98' title='bbox 1132 1635 1248 1707; x_wconf 93' lang='lat' dir='ltr'><strong>homo</strong></span> <span class='ocrx_word' id='word_1_99' title='bbox 1269 1635 1447 1735; x_wconf 84' lang='lat' dir='ltr'><strong>explicare</strong></span> <span class='ocrx_word' id='word_1_100' title='bbox 1467 1662 1651 1710; x_wconf 85' lang='lat' dir='ltr'><strong>sermone.</strong></span> <span class='ocrx_word' id='word_1_101' title='bbox 1664 1665 1684 1706; x_wconf 77' lang='lat' dir='ltr'><strong>u</strong></span> <span class='ocrx_word' id='word_1_102' title='bbox 1700 1637 1802 1710; x_wconf 83' lang='lat' dir='ltr'><strong>Idem</strong></span> <span class='ocrx_word' id='word_1_103' title='bbox 1824 1637 1862 1708; x_wconf 87' lang='lat' dir='ltr'><strong>in</strong></span> <span class='ocrx_word' id='word_1_104' title='bbox 1888 1636 2069 1710; x_wconf 76' lang='lat' dir='ltr'><strong>eodem⁴z</strong></span> 
     </span>
     <span class='ocr_line' id='line_1_11' title="bbox 469 1756 2072 1858; baseline 0.004 -35"><span class='ocrx_word' id='word_1_105' title='bbox 469 1784 489 1824; x_wconf 80' lang='lat' dir='ltr'><strong>u</strong></span> <span class='ocrx_word' id='word_1_106' title='bbox 503 1761 580 1853; x_wconf 81' lang='lat' dir='ltr'><strong>Ego</strong></span> <span class='ocrx_word' id='word_1_107' title='bbox 598 1757 825 1830; x_wconf 87' lang='lat' dir='ltr'><strong>Ecclesiastes</strong></span> <span class='ocrx_word' id='word_1_108' title='bbox 841 1756 892 1829; x_wconf 91' lang='lat' dir='ltr'><strong>sui</strong></span> <span class='ocrx_word' id='word_1_109' title='bbox 912 1781 975 1828; x_wconf 80' lang='lat' dir='ltr'><strong>rex</strong></span> <span class='ocrx_word' id='word_1_110' title='bbox 997 1756 1104 1829; x_wconf 88' lang='lat' dir='ltr'><strong>lsrael</strong></span> <span class='ocrx_word' id='word_1_111' title='bbox 1123 1757 1162 1828; x_wconf 92' lang='lat' dir='ltr'><strong>in</strong></span> <span class='ocrx_word' id='word_1_112' title='bbox 1185 1757 1395 1846; x_wconf 83' lang='lat' dir='ltr'><strong>Jerusalem3</strong></span> <span class='ocrx_word' id='word_1_113' title='bbox 1419 1772 1455 1830; x_wconf 93' lang='lat' dir='ltr'><strong>et</strong></span> <span class='ocrx_word' id='word_1_114' title='bbox 1477 1759 1651 1858; x_wconf 82' lang='lat' dir='ltr'><strong>proposui</strong></span> <span class='ocrx_word' id='word_1_115' title='bbox 1676 1759 1715 1831; x_wconf 90' lang='lat' dir='ltr'><strong>in</strong></span> <span class='ocrx_word' id='word_1_116' title='bbox 1736 1758 1859 1830; x_wconf 86' lang='lat' dir='ltr'><strong>animo</strong></span> <span class='ocrx_word' id='word_1_117' title='bbox 1876 1781 1960 1829; x_wconf 86' lang='lat' dir='ltr'><strong>meo</strong></span> <span class='ocrx_word' id='word_1_118' title='bbox 1976 1782 2072 1855; x_wconf 76' lang='lat' dir='ltr'><strong>qure-</strong></span> 
     </span>
     <span class='ocr_line' id='line_1_12' title="bbox 466 1875 2070 1976; baseline 0.002 -28"><span class='ocrx_word' id='word_1_119' title='bbox 466 1900 546 1949; x_wconf 91' lang='lat' dir='ltr'><strong>rere</strong></span> <span class='ocrx_word' id='word_1_120' title='bbox 571 1892 609 1950; x_wconf 88' lang='lat' dir='ltr'><strong>et</strong></span> <span class='ocrx_word' id='word_1_121' title='bbox 632 1878 843 1975; x_wconf 80' lang='lat' dir='ltr'><strong>investigare</strong></span> <span class='ocrx_word' id='word_1_122' title='bbox 859 1880 1040 1976; x_wconf 84' lang='lat' dir='ltr'><strong>sapienter</strong></span> <span class='ocrx_word' id='word_1_123' title='bbox 1064 1877 1111 1950; x_wconf 92' lang='lat' dir='ltr'><strong>de</strong></span> <span class='ocrx_word' id='word_1_124' title='bbox 1140 1875 1328 1968; x_wconf 90' lang='lat' dir='ltr'><strong>omnihus,</strong></span> <span class='ocrx_word' id='word_1_125' title='bbox 1352 1902 1432 1975; x_wconf 81' lang='lat' dir='ltr'><strong>quae</strong></span> <span class='ocrx_word' id='word_1_126' title='bbox 1460 1877 1552 1953; x_wconf 84' lang='lat' dir='ltr'><strong>liunt</strong></span> <span class='ocrx_word' id='word_1_127' title='bbox 1576 1879 1643 1955; x_wconf 87' lang='lat' dir='ltr'><strong>sub</strong></span> <span class='ocrx_word' id='word_1_128' title='bbox 1671 1878 1760 1953; x_wconf 88' lang='lat' dir='ltr'><strong>sole.</strong></span> <span class='ocrx_word' id='word_1_129' title='bbox 1779 1909 1797 1946; x_wconf 72' lang='lat' dir='ltr'><strong>s</strong></span> <span class='ocrx_word' id='word_1_130' title='bbox 1824 1879 1961 1951; x_wconf 84' lang='lat' dir='ltr'><strong>ltem⁸:</strong></span> <span class='ocrx_word' id='word_1_131' title='bbox 1991 1884 2070 1951; x_wconf 79' lang='lat' dir='ltr'><strong>«Et</strong></span> 
     </span>
     <span class='ocr_line' id='line_1_13' title="bbox 465 1997 2070 2096; baseline 0.004 -30"><span class='ocrx_word' id='word_1_132' title='bbox 465 1998 620 2094; x_wconf 86' lang='lat' dir='ltr'><strong>apposui</strong></span> <span class='ocrx_word' id='word_1_133' title='bbox 636 2022 701 2069; x_wconf 89' lang='lat' dir='ltr'><strong>cor</strong></span> <span class='ocrx_word' id='word_1_134' title='bbox 721 2020 856 2084; x_wconf 90' lang='lat' dir='ltr'><strong>meum,</strong></span> <span class='ocrx_word' id='word_1_135' title='bbox 877 2010 917 2069; x_wconf 93' lang='lat' dir='ltr'><strong>ut</strong></span> <span class='ocrx_word' id='word_1_136' title='bbox 932 1998 1061 2068; x_wconf 89' lang='lat' dir='ltr'><strong>scirem</strong></span> <span class='ocrx_word' id='word_1_137' title='bbox 1077 1997 1291 2096; x_wconf 87' lang='lat' dir='ltr'><strong>sapientiam</strong></span> <span class='ocrx_word' id='word_1_138' title='bbox 1307 2012 1343 2073; x_wconf 86' lang='lat' dir='ltr'><strong>et</strong></span> <span class='ocrx_word' id='word_1_139' title='bbox 1362 1998 1598 2095; x_wconf 86' lang='lat' dir='ltr'><strong>intelligerem</strong></span> <span class='ocrx_word' id='word_1_140' title='bbox 1613 1998 1872 2071; x_wconf 79' lang='lat' dir='ltr'><strong>distensionem</strong></span> <span class='ocrx_word' id='word_1_141' title='bbox 1892 2022 1973 2095; x_wconf 83' lang='lat' dir='ltr'><strong>quae</strong></span> <span class='ocrx_word' id='word_1_142' title='bbox 1990 2023 2070 2072; x_wconf 87' lang='lat' dir='ltr'><strong>ver·</strong></span> 
     </span>
     <span class='ocr_line' id='line_1_14' title="bbox 465 2116 2072 2218; baseline 0.002 -31"><span class='ocrx_word' id='word_1_143' title='bbox 465 2130 565 2188; x_wconf 84' lang='lat' dir='ltr'><strong>satur</strong></span> <span class='ocrx_word' id='word_1_144' title='bbox 589 2116 626 2187; x_wconf 93' lang='lat' dir='ltr'><strong>in</strong></span> <span class='ocrx_word' id='word_1_145' title='bbox 651 2132 757 2211; x_wconf 87' lang='lat' dir='ltr'><strong>terra,</strong></span> <span class='ocrx_word' id='word_1_146' title='bbox 782 2131 819 2189; x_wconf 91' lang='lat' dir='ltr'><strong>et</strong></span> <span class='ocrx_word' id='word_1_147' title='bbox 842 2116 998 2189; x_wconf 82' lang='lat' dir='ltr'><strong>intellexi</strong></span> <span class='ocrx_word' id='word_1_148' title='bbox 1023 2116 1125 2215; x_wconf 91' lang='lat' dir='ltr'><strong>quod</strong></span> <span class='ocrx_word' id='word_1_149' title='bbox 1151 2116 1316 2189; x_wconf 87' lang='lat' dir='ltr'><strong>omnium</strong></span> <span class='ocrx_word' id='word_1_150' title='bbox 1335 2142 1488 2216; x_wconf 93' lang='lat' dir='ltr'><strong>operum</strong></span> <span class='ocrx_word' id='word_1_151' title='bbox 1513 2120 1580 2191; x_wconf 89' lang='lat' dir='ltr'><strong>Dei</strong></span> <span class='ocrx_word' id='word_1_152' title='bbox 1609 2119 1746 2191; x_wconf 90' lang='lat' dir='ltr'><strong>nullam</strong></span> <span class='ocrx_word' id='word_1_153' title='bbox 1769 2119 1884 2218; x_wconf 66' lang='lat' dir='ltr'><strong>pooeit</strong></span> <span class='ocrx_word' id='word_1_154' title='bbox 1908 2119 2072 2192; x_wconf 82' lang='lat' dir='ltr'><strong>invenire</strong></span> 
     </span>
     <span class='ocr_line' id='line_1_15' title="bbox 463 2234 2070 2339; baseline 0.002 -31"><span class='ocrx_word' id='word_1_155' title='bbox 463 2234 577 2309; x_wconf 91' lang='lat' dir='ltr'><strong>homo</strong></span> <span class='ocrx_word' id='word_1_156' title='bbox 596 2239 776 2311; x_wconf 89' lang='lat' dir='ltr'><strong>rationem</strong></span> <span class='ocrx_word' id='word_1_157' title='bbox 801 2262 1029 2337; x_wconf 84' lang='lat' dir='ltr'><strong>eorumquae</strong></span> <span class='ocrx_word' id='word_1_158' title='bbox 1052 2236 1144 2310; x_wconf 87' lang='lat' dir='ltr'><strong>liunt</strong></span> <span class='ocrx_word' id='word_1_159' title='bbox 1166 2236 1234 2310; x_wconf 90' lang='lat' dir='ltr'><strong>sub</strong></span> <span class='ocrx_word' id='word_1_160' title='bbox 1256 2238 1347 2328; x_wconf 86' lang='lat' dir='ltr'><strong>sole,</strong></span> <span class='ocrx_word' id='word_1_161' title='bbox 1369 2254 1405 2311; x_wconf 90' lang='lat' dir='ltr'><strong>et</strong></span> <span class='ocrx_word' id='word_1_162' title='bbox 1420 2254 1559 2337; x_wconf 87' lang='lat' dir='ltr'><strong>quanto</strong></span> <span class='ocrx_word' id='word_1_163' title='bbox 1576 2238 1658 2339; x_wconf 90' lang='lat' dir='ltr'><strong>plus</strong></span> <span class='ocrx_word' id='word_1_164' title='bbox 1673 2238 1892 2312; x_wconf 74' lang='lat' dir='ltr'><strong>laboraverit</strong></span> <span class='ocrx_word' id='word_1_165' title='bbox 1907 2239 1955 2311; x_wconf 84' lang='lat' dir='ltr'><strong>ad</strong></span> <span class='ocrx_word' id='word_1_166' title='bbox 1974 2264 2070 2337; x_wconf 83' lang='lat' dir='ltr'><strong>qure-</strong></span> 
     </span>
     <span class='ocr_line' id='line_1_16' title="bbox 463 2356 2070 2459; baseline 0.003 -32"><span class='ocrx_word' id='word_1_167' title='bbox 463 2356 632 2450; x_wconf 88' lang='lat' dir='ltr'><strong>rendnm,</strong></span> <span class='ocrx_word' id='word_1_168' title='bbox 662 2372 762 2431; x_wconf 89' lang='lat' dir='ltr'><strong>tanto</strong></span> <span class='ocrx_word' id='word_1_169' title='bbox 787 2358 909 2431; x_wconf 89' lang='lat' dir='ltr'><strong>minus</strong></span> <span class='ocrx_word' id='word_1_170' title='bbox 934 2359 1106 2449; x_wconf 85' lang='lat' dir='ltr'><strong>inveniet,</strong></span> <span class='ocrx_word' id='word_1_171' title='bbox 1132 2358 1273 2431; x_wconf 87' lang='lat' dir='ltr'><strong>etiamsi</strong></span> <span class='ocrx_word' id='word_1_172' title='bbox 1295 2358 1425 2432; x_wconf 83' lang='lat' dir='ltr'><strong>dixerit</strong></span> <span class='ocrx_word' id='word_1_173' title='bbox 1448 2359 1590 2459; x_wconf 87' lang='lat' dir='ltr'><strong>sapiens</strong></span> <span class='ocrx_word' id='word_1_174' title='bbox 1614 2384 1653 2431; x_wconf 89' lang='lat' dir='ltr'><strong>se</strong></span> <span class='ocrx_word' id='word_1_175' title='bbox 1681 2382 1807 2446; x_wconf 85' lang='lat' dir='ltr'><strong>nosse,</strong></span> <span class='ocrx_word' id='word_1_176' title='bbox 1836 2383 1912 2431; x_wconf 91' lang='lat' dir='ltr'><strong>non</strong></span> <span class='ocrx_word' id='word_1_177' title='bbox 1938 2361 2070 2456; x_wconf 82' lang='lat' dir='ltr'><strong>poterit</strong></span> 
     </span>
     <span class='ocr_line' id='line_1_17' title="bbox 461 2476 2065 2574; baseline 0.001 -26"><span class='ocrx_word' id='word_1_178' title='bbox 461 2479 630 2574; x_wconf 86' lang='lat' dir='ltr'><strong>reperire.</strong></span> <span class='ocrx_word' id='word_1_179' title='bbox 648 2480 782 2552; x_wconf 87' lang='lat' dir='ltr'><strong>Omnia</strong></span> <span class='ocrx_word' id='word_1_180' title='bbox 802 2478 879 2551; x_wconf 83' lang='lat' dir='ltr'><strong>haec</strong></span> <span class='ocrx_word' id='word_1_181' title='bbox 892 2480 1044 2551; x_wconf 78' lang='lat' dir='ltr'><strong>tentavi⁸</strong></span> <span class='ocrx_word' id='word_1_182' title='bbox 1059 2481 1097 2551; x_wconf 91' lang='lat' dir='ltr'><strong>in</strong></span> <span class='ocrx_word' id='word_1_183' title='bbox 1115 2479 1227 2553; x_wconf 86' lang='lat' dir='ltr'><strong>corde</strong></span> <span class='ocrx_word' id='word_1_184' title='bbox 1243 2504 1340 2573; x_wconf 87' lang='lat' dir='ltr'><strong>meo,</strong></span> <span class='ocrx_word' id='word_1_185' title='bbox 1363 2494 1404 2551; x_wconf 90' lang='lat' dir='ltr'><strong>nt</strong></span> <span class='ocrx_word' id='word_1_186' title='bbox 1421 2479 1562 2551; x_wconf 88' lang='lat' dir='ltr'><strong>curiose</strong></span> <span class='ocrx_word' id='word_1_187' title='bbox 1579 2476 1828 2573; x_wconf 86' lang='lat' dir='ltr'><strong>intelligerem.</strong></span> <span class='ocrx_word' id='word_1_188' title='bbox 1847 2507 1866 2545; x_wconf 72' lang='lat' dir='ltr'><strong>s</strong></span> <span class='ocrx_word' id='word_1_189' title='bbox 1885 2481 1931 2549; x_wconf 84' lang='lat' dir='ltr'><strong>Et</strong></span> <span class='ocrx_word' id='word_1_190' title='bbox 1950 2478 2065 2568; x_wconf 84' lang='lat' dir='ltr'><strong>item⁷,</strong></span> 
     </span>
     <span class='ocr_line' id='line_1_18' title="bbox 460 2596 2136 2699; baseline 0.005 -36"><span class='ocrx_word' id='word_1_191' title='bbox 460 2600 635 2671; x_wconf 66' lang='lat' dir='ltr'><strong>«Cuncta</strong></span> <span class='ocrx_word' id='word_1_192' title='bbox 658 2600 792 2673; x_wconf 81' lang='lat' dir='ltr'><strong>tentari</strong></span> <span class='ocrx_word' id='word_1_193' title='bbox 817 2601 857 2670; x_wconf 92' lang='lat' dir='ltr'><strong>in</strong></span> <span class='ocrx_word' id='word_1_194' title='bbox 882 2598 1070 2696; x_wconf 78' lang='lat' dir='ltr'><strong>sapientia.</strong></span> <span class='ocrx_word' id='word_1_195' title='bbox 1098 2598 1193 2690; x_wconf 81' lang='lat' dir='ltr'><strong>Diri,</strong></span> <span class='ocrx_word' id='word_1_196' title='bbox 1216 2602 1359 2699; x_wconf 86' lang='lat' dir='ltr'><strong>sapiens</strong></span> <span class='ocrx_word' id='word_1_197' title='bbox 1382 2597 1530 2691; x_wconf 83' lang='lat' dir='ltr'><strong>efficiar,</strong></span> <span class='ocrx_word' id='word_1_198' title='bbox 1555 2612 1592 2669; x_wconf 90' lang='lat' dir='ltr'><strong>et</strong></span> <span class='ocrx_word' id='word_1_199' title='bbox 1614 2597 1692 2697; x_wconf 88' lang='lat' dir='ltr'><strong>ipsa</strong></span> <span class='ocrx_word' id='word_1_200' title='bbox 1710 2596 1854 2695; x_wconf 80' lang='lat' dir='ltr'><strong>longius</strong></span> <span class='ocrx_word' id='word_1_201' title='bbox 1876 2597 2022 2670; x_wconf 83' lang='lat' dir='ltr'><strong>recessit</strong></span> <span class='ocrx_word' id='word_1_202' title='bbox 2047 2621 2069 2671; x_wconf 87' lang='lat' dir='ltr'><strong>a</strong></span> <span class='ocrx_word' id='word_1_203' title='bbox 2124 2657 2136 2677; x_wconf 86' lang='lat'><strong>.</strong></span> 
     </span>
     <span class='ocr_line' id='line_1_19' title="bbox 460 2716 2068 2815; baseline 0.002 -29"><span class='ocrx_word' id='word_1_204' title='bbox 460 2736 532 2806; x_wconf 88' lang='lat' dir='ltr'><strong>me,</strong></span> <span class='ocrx_word' id='word_1_205' title='bbox 559 2717 674 2789; x_wconf 92' lang='lat' dir='ltr'><strong>multo</strong></span> <span class='ocrx_word' id='word_1_206' title='bbox 697 2719 810 2814; x_wconf 80' lang='lat' dir='ltr'><strong>magis</strong></span> <span class='ocrx_word' id='word_1_207' title='bbox 832 2733 1009 2815; x_wconf 89' lang='lat' dir='ltr'><strong>quantum</strong></span> <span class='ocrx_word' id='word_1_208' title='bbox 1029 2733 1106 2789; x_wconf 88' lang='lat' dir='ltr'><strong>erat</strong></span> <span class='ocrx_word' id='word_1_209' title='bbox 1125 2733 1163 2789; x_wconf 90' lang='lat' dir='ltr'><strong>et</strong></span> <span class='ocrx_word' id='word_1_210' title='bbox 1185 2716 1254 2793; x_wconf 87' lang='lat' dir='ltr'><strong>alta</strong></span> <span class='ocrx_word' id='word_1_211' title='bbox 1280 2717 1519 2815; x_wconf 81' lang='lat' dir='ltr'><strong>profunditas,</strong></span> <span class='ocrx_word' id='word_1_212' title='bbox 1540 2718 1622 2815; x_wconf 86' lang='lat' dir='ltr'><strong>quis</strong></span> <span class='ocrx_word' id='word_1_213' title='bbox 1638 2717 1797 2788; x_wconf 88' lang='lat' dir='ltr'><strong>inveniet</strong></span> <span class='ocrx_word' id='word_1_214' title='bbox 1817 2717 1951 2809; x_wconf 75' lang='lat' dir='ltr'><strong>camir</strong></span> <span class='ocrx_word' id='word_1_215' title='bbox 1971 2718 2068 2789; x_wconf 75' lang='lat' dir='ltr'><strong>hosi</strong></span> 
     </span>
     <span class='ocr_line' id='line_1_20' title="bbox 460 2835 2066 2936; baseline 0.002 -31"><span class='ocrx_word' id='word_1_216' title='bbox 460 2849 583 2932; x_wconf 90' lang='lat' dir='ltr'><strong>aperte</strong></span> <span class='ocrx_word' id='word_1_217' title='bbox 609 2860 762 2933; x_wconf 82' lang='lat' dir='ltr'><strong>magnus</strong></span> <span class='ocrx_word' id='word_1_218' title='bbox 784 2835 844 2908; x_wconf 87' lang='lat' dir='ltr'><strong>ille</strong></span> <span class='ocrx_word' id='word_1_219' title='bbox 864 2838 1014 2936; x_wconf 79' lang='lat' dir='ltr'><strong>Sapiens</strong></span> <span class='ocrx_word' id='word_1_220' title='bbox 1038 2836 1250 2935; x_wconf 84' lang='lat' dir='ltr'><strong>profiteatur</strong></span> <span class='ocrx_word' id='word_1_221' title='bbox 1277 2860 1316 2908; x_wconf 90' lang='lat' dir='ltr'><strong>se</strong></span> <span class='ocrx_word' id='word_1_222' title='bbox 1342 2837 1378 2907; x_wconf 89' lang='lat' dir='ltr'><strong>in</strong></span> <span class='ocrx_word' id='word_1_223' title='bbox 1406 2835 1578 2908; x_wconf 89' lang='lat' dir='ltr'><strong>omnibus</strong></span> <span class='ocrx_word' id='word_1_224' title='bbox 1600 2861 1721 2909; x_wconf 90' lang='lat' dir='ltr'><strong>rerum</strong></span> <span class='ocrx_word' id='word_1_225' title='bbox 1750 2836 1887 2908; x_wconf 87' lang='lat' dir='ltr'><strong>naturis</strong></span> <span class='ocrx_word' id='word_1_226' title='bbox 1921 2837 2066 2908; x_wconf 86' lang='lat' dir='ltr'><strong>investi·</strong></span> 
     </span>
     <span class='ocr_line' id='line_1_21' title="bbox 460 2953 2062 3055; baseline 0 -29"><span class='ocrx_word' id='word_1_227' title='bbox 460 2953 588 3052; x_wconf 81' lang='lat' dir='ltr'><strong>gaudis</strong></span> <span class='ocrx_word' id='word_1_228' title='bbox 614 2956 814 3031; x_wconf 77' lang='lat' dir='ltr'><strong>erratione</strong></span> <span class='ocrx_word' id='word_1_229' title='bbox 850 2954 1084 3028; x_wconf 87' lang='lat' dir='ltr'><strong>discutiendis</strong></span> <span class='ocrx_word' id='word_1_230' title='bbox 1117 2955 1395 3029; x_wconf 86' lang='lat' dir='ltr'><strong>insufficientem</strong></span> <span class='ocrx_word' id='word_1_231' title='bbox 1420 2970 1529 3055; x_wconf 83' lang='lat' dir='ltr'><strong>atque</strong></span> <span class='ocrx_word' id='word_1_232' title='bbox 1556 2955 1774 3029; x_wconf 87' lang='lat' dir='ltr'><strong>imbecillem</strong></span> <span class='ocrx_word' id='word_1_233' title='bbox 1799 2954 1970 3055; x_wconf 83' lang='lat' dir='ltr'><strong>reperiri,</strong></span> <span class='ocrx_word' id='word_1_234' title='bbox 2000 2955 2062 3053; x_wconf 89' lang='lat' dir='ltr'><strong>qui</strong></span> 
     </span>
     <span class='ocr_line' id='line_1_22' title="bbox 458 3075 2059 3178; baseline 0 -31"><span class='ocrx_word' id='word_1_235' title='bbox 458 3076 558 3175; x_wconf 89' lang='lat' dir='ltr'><strong>prius</strong></span> <span class='ocrx_word' id='word_1_236' title='bbox 574 3076 621 3150; x_wconf 91' lang='lat' dir='ltr'><strong>ad</strong></span> <span class='ocrx_word' id='word_1_237' title='bbox 640 3076 714 3148; x_wconf 89' lang='lat' dir='ltr'><strong>hoc</strong></span> <span class='ocrx_word' id='word_1_238' title='bbox 731 3101 768 3149; x_wconf 89' lang='lat' dir='ltr'><strong>se</strong></span> <span class='ocrx_word' id='word_1_239' title='bbox 788 3075 952 3149; x_wconf 84' lang='lat' dir='ltr'><strong>sufficere</strong></span> <span class='ocrx_word' id='word_1_240' title='bbox 974 3077 1227 3169; x_wconf 80' lang='lat' dir='ltr'><strong>arbitrabatur,</strong></span> <span class='ocrx_word' id='word_1_241' title='bbox 1254 3091 1290 3150; x_wconf 93' lang='lat' dir='ltr'><strong>et</strong></span> <span class='ocrx_word' id='word_1_242' title='bbox 1311 3101 1453 3150; x_wconf 88' lang='lat' dir='ltr'><strong>summa</strong></span> <span class='ocrx_word' id='word_1_243' title='bbox 1475 3078 1649 3177; x_wconf 76' lang='lat' dir='ltr'><strong>praeditus</strong></span> <span class='ocrx_word' id='word_1_244' title='bbox 1669 3078 1842 3178; x_wconf 88' lang='lat' dir='ltr'><strong>sapientia</strong></span> <span class='ocrx_word' id='word_1_245' title='bbox 1857 3075 2059 3150; x_wconf 87' lang='lat' dir='ltr'><strong>videbatur.</strong></span> 
     </span>
     <span class='ocr_line' id='line_1_23' title="bbox 458 3195 2062 3298; baseline 0 -30"><span class='ocrx_word' id='word_1_246' title='bbox 458 3196 615 3270; x_wconf 87' lang='lat' dir='ltr'><strong>Consule</strong></span> <span class='ocrx_word' id='word_1_247' title='bbox 639 3198 748 3269; x_wconf 87' lang='lat' dir='ltr'><strong>etiam</strong></span> <span class='ocrx_word' id='word_1_248' title='bbox 770 3197 885 3296; x_wconf 86' lang='lat' dir='ltr'><strong>ipsam</strong></span> <span class='ocrx_word' id='word_1_249' title='bbox 901 3198 1134 3298; x_wconf 77' lang='lat' dir='ltr'><strong>Sapientiam,</strong></span> <span class='ocrx_word' id='word_1_250' title='bbox 1158 3211 1196 3269; x_wconf 92' lang='lat' dir='ltr'><strong>et</strong></span> <span class='ocrx_word' id='word_1_251' title='bbox 1211 3197 1356 3270; x_wconf 79' lang='lat' dir='ltr'><strong>attende</strong></span> <span class='ocrx_word' id='word_1_252' title='bbox 1376 3198 1468 3296; x_wconf 93' lang='lat' dir='ltr'><strong>quid</strong></span> <span class='ocrx_word' id='word_1_253' title='bbox 1484 3197 1530 3271; x_wconf 90' lang='lat' dir='ltr'><strong>de</strong></span> <span class='ocrx_word' id='word_1_254' title='bbox 1546 3196 1620 3271; x_wconf 90' lang='lat' dir='ltr'><strong>hoc</strong></span> <span class='ocrx_word' id='word_1_255' title='bbox 1636 3199 1715 3298; x_wconf 86' lang='lat' dir='ltr'><strong>ipsa</strong></span> <span class='ocrx_word' id='word_1_256' title='bbox 1735 3198 1919 3287; x_wconf 80' lang='lat' dir='ltr'><strong>consulat3</strong></span> <span class='ocrx_word' id='word_1_257' title='bbox 1945 3195 2062 3283; x_wconf 87' lang='lat' dir='ltr'><strong>illam,</strong></span> 
     </span>
     <span class='ocr_line' id='line_1_24' title="bbox 456 3315 2065 3417; baseline -0.001 -29"><span class='ocrx_word' id='word_1_258' title='bbox 456 3317 619 3416; x_wconf 84' lang='lat' dir='ltr'><strong>inquam,</strong></span> <span class='ocrx_word' id='word_1_259' title='bbox 645 3341 725 3416; x_wconf 76' lang='lat' dir='ltr'><strong>quse</strong></span> <span class='ocrx_word' id='word_1_260' title='bbox 746 3339 768 3390; x_wconf 91' lang='lat' dir='ltr'><strong>a</strong></span> <span class='ocrx_word' id='word_1_261' title='bbox 786 3317 948 3415; x_wconf 84' lang='lat' dir='ltr'><strong>quodam</strong></span> <span class='ocrx_word' id='word_1_262' title='bbox 973 3339 1116 3389; x_wconf 88' lang='lat' dir='ltr'><strong>summo</strong></span> <span class='ocrx_word' id='word_1_263' title='bbox 1143 3319 1304 3417; x_wconf 86' lang='lat' dir='ltr'><strong>sapiente</strong></span> <span class='ocrx_word' id='word_1_264' title='bbox 1325 3315 1515 3415; x_wconf 69' lang='lat' dir='ltr'><strong>singularis</strong></span> <span class='ocrx_word' id='word_1_265' title='bbox 1539 3331 1576 3390; x_wconf 90' lang='lat' dir='ltr'><strong>et</strong></span> <span class='ocrx_word' id='word_1_266' title='bbox 1595 3319 1751 3391; x_wconf 70' lang='lat' dir='ltr'><strong>maxima</strong></span> <span class='ocrx_word' id='word_1_267' title='bbox 1776 3316 2004 3417; x_wconf 62' lang='lat' dir='ltr'><strong>pmdicatun</strong></span> <span class='ocrx_word' id='word_1_268' title='bbox 2024 3329 2065 3388; x_wconf 88' lang='lat' dir='ltr'><strong>ut</strong></span> 
     </span>
     <span class='ocr_line' id='line_1_25' title="bbox 456 3436 2061 3537; baseline -0.001 -27"><span class='ocrx_word' id='word_1_269' title='bbox 456 3440 570 3535; x_wconf 80' lang='lat' dir='ltr'><strong>magis</strong></span> <span class='ocrx_word' id='word_1_270' title='bbox 594 3439 717 3512; x_wconf 82' lang='lat' dir='ltr'><strong>divina</strong></span> <span class='ocrx_word' id='word_1_271' title='bbox 743 3463 854 3536; x_wconf 91' lang='lat' dir='ltr'><strong>qnam</strong></span> <span class='ocrx_word' id='word_1_272' title='bbox 881 3439 1041 3511; x_wconf 89' lang='lat' dir='ltr'><strong>humana</strong></span> <span class='ocrx_word' id='word_1_273' title='bbox 1057 3436 1212 3525; x_wconf 81' lang='lat' dir='ltr'><strong>ridetur,</strong></span> <span class='ocrx_word' id='word_1_274' title='bbox 1239 3438 1303 3511; x_wconf 89' lang='lat' dir='ltr'><strong>nbi</strong></span> <span class='ocrx_word' id='word_1_275' title='bbox 1327 3438 1461 3511; x_wconf 89' lang='lat' dir='ltr'><strong>scilicet</strong></span> <span class='ocrx_word' id='word_1_276' title='bbox 1483 3440 1520 3510; x_wconf 92' lang='lat' dir='ltr'><strong>in</strong></span> <span class='ocrx_word' id='word_1_277' title='bbox 1544 3438 1639 3518; x_wconf 85' lang='lat' dir='ltr'><strong>libro</strong></span> <span class='ocrx_word' id='word_1_278' title='bbox 1663 3439 1859 3537; x_wconf 72' lang='lat' dir='ltr'><strong>Sapisntiae</strong></span> <span class='ocrx_word' id='word_1_279' title='bbox 1890 3437 2061 3535; x_wconf 88' lang='lat' dir='ltr'><strong>scriptum</strong></span> 
     </span>
     <span class='ocr_line' id='line_1_26' title="bbox 455 3555 2059 3657; baseline 0.001 -28"><span class='ocrx_word' id='word_1_280' title='bbox 455 3571 521 3648; x_wconf 89' lang='lat' dir='ltr'><strong>est,</strong></span> <span class='ocrx_word' id='word_1_281' title='bbox 545 3586 689 3632; x_wconf 87' lang='lat' dir='ltr'><strong>summo</strong></span> <span class='ocrx_word' id='word_1_282' title='bbox 710 3561 771 3632; x_wconf 93' lang='lat' dir='ltr'><strong>illo</strong></span> <span class='ocrx_word' id='word_1_283' title='bbox 802 3560 970 3657; x_wconf 87' lang='lat' dir='ltr'><strong>Sapiente</strong></span> <span class='ocrx_word' id='word_1_284' title='bbox 993 3560 1043 3630; x_wconf 88' lang='lat' dir='ltr'><strong>ita</strong></span> <span class='ocrx_word' id='word_1_285' title='bbox 1068 3557 1256 3631; x_wconf 61' lang='lat' dir='ltr'><strong>dicente:</strong></span> <span class='ocrx_word' id='word_1_286' title='bbox 1276 3557 1391 3630; x_wconf 84' lang='lat' dir='ltr'><strong>«Mihi</strong></span> <span class='ocrx_word' id='word_1_287' title='bbox 1416 3557 1517 3630; x_wconf 90' lang='lat' dir='ltr'><strong>dedit</strong></span> <span class='ocrx_word' id='word_1_288' title='bbox 1534 3562 1634 3630; x_wconf 88' lang='lat' dir='ltr'><strong>Deus</strong></span> <span class='ocrx_word' id='word_1_289' title='bbox 1657 3558 1777 3631; x_wconf 91' lang='lat' dir='ltr'><strong>dicere</strong></span> <span class='ocrx_word' id='word_1_290' title='bbox 1798 3581 1842 3630; x_wconf 85' lang='lat' dir='ltr'><strong>ex</strong></span> <span class='ocrx_word' id='word_1_291' title='bbox 1860 3555 2059 3645; x_wconf 85' lang='lat' dir='ltr'><strong>sententia,</strong></span> 
     </span>
     <span class='ocr_line' id='line_1_27' title="bbox 359 3676 2060 3778; baseline -0.001 -30"><span class='ocrx_word' id='word_1_292' title='bbox 359 3723 366 3737; x_wconf 75' lang='lat'><strong>·</strong></span> <span class='ocrx_word' id='word_1_293' title='bbox 453 3691 490 3748; x_wconf 86' lang='lat' dir='ltr'><strong>et</strong></span> <span class='ocrx_word' id='word_1_294' title='bbox 505 3704 720 3778; x_wconf 67' lang='lat' dir='ltr'><strong>presumere</strong></span> <span class='ocrx_word' id='word_1_295' title='bbox 737 3678 847 3776; x_wconf 83' lang='lat' dir='ltr'><strong>digna</strong></span> <span class='ocrx_word' id='word_1_296' title='bbox 864 3678 996 3749; x_wconf 90' lang='lat' dir='ltr'><strong>horum</strong></span> <span class='ocrx_word' id='word_1_297' title='bbox 1015 3701 1095 3774; x_wconf 72' lang='lat' dir='ltr'><strong>quaa</strong></span> <span class='ocrx_word' id='word_1_298' title='bbox 1112 3677 1204 3752; x_wconf 91' lang='lat' dir='ltr'><strong>mihi</strong></span> <span class='ocrx_word' id='word_1_299' title='bbox 1225 3677 1371 3749; x_wconf 87' lang='lat' dir='ltr'><strong>dantur.</strong></span> <span class='ocrx_word' id='word_1_300' title='bbox 1393 3682 1474 3776; x_wconf 89' lang='lat' dir='ltr'><strong>lpse</strong></span> <span class='ocrx_word' id='word_1_301' title='bbox 1490 3679 1588 3750; x_wconf 90' lang='lat' dir='ltr'><strong>enim</strong></span> <span class='ocrx_word' id='word_1_302' title='bbox 1605 3678 1706 3751; x_wconf 89' lang='lat' dir='ltr'><strong>dedit</strong></span> <span class='ocrx_word' id='word_1_303' title='bbox 1721 3677 1811 3751; x_wconf 92' lang='lat' dir='ltr'><strong>mihi</strong></span> <span class='ocrx_word' id='word_1_304' title='bbox 1832 3676 2060 3773; x_wconf 78' lang='lat' dir='ltr'><strong>horumque</strong></span> 
     </span>
     <span class='ocr_line' id='line_1_28' title="bbox 454 3794 2061 3894; baseline -0.001 -27"><span class='ocrx_word' id='word_1_305' title='bbox 454 3810 536 3868; x_wconf 88' lang='lat' dir='ltr'><strong>sunt</strong></span> <span class='ocrx_word' id='word_1_306' title='bbox 559 3800 750 3870; x_wconf 82' lang='lat' dir='ltr'><strong>scientiam</strong></span> <span class='ocrx_word' id='word_1_307' title='bbox 765 3817 901 3890; x_wconf 79' lang='lat' dir='ltr'><strong>veram,</strong></span> <span class='ocrx_word' id='word_1_308' title='bbox 926 3811 967 3868; x_wconf 84' lang='lat' dir='ltr'><strong>nt</strong></span> <span class='ocrx_word' id='word_1_309' title='bbox 988 3795 1395 3894; x_wconf 83' lang='lat' dir='ltr'><strong>sciam&#39;dispositionem</strong></span> <span class='ocrx_word' id='word_1_310' title='bbox 1418 3796 1518 3869; x_wconf 90' lang='lat' dir='ltr'><strong>orbis</strong></span> <span class='ocrx_word' id='word_1_311' title='bbox 1543 3812 1734 3889; x_wconf 85' lang='lat' dir='ltr'><strong>terrarum,</strong></span> <span class='ocrx_word' id='word_1_312' title='bbox 1759 3812 1795 3871; x_wconf 89' lang='lat' dir='ltr'><strong>et</strong></span> <span class='ocrx_word' id='word_1_313' title='bbox 1820 3798 1968 3870; x_wconf 77' lang='lat' dir='ltr'><strong>virtutes</strong></span> <span class='ocrx_word' id='word_1_314' title='bbox 1989 3794 2061 3868; x_wconf 87' lang='lat' dir='ltr'><strong>ele·</strong></span> 
     </span>
     <span class='ocr_line' id='line_1_29' title="bbox 454 3915 2060 4019; baseline -0.001 -32"><span class='ocrx_word' id='word_1_315' title='bbox 454 3929 675 4009; x_wconf 87' lang='lat' dir='ltr'><strong>mentorum,</strong></span> <span class='ocrx_word' id='word_1_316' title='bbox 704 3918 846 3990; x_wconf 90' lang='lat' dir='ltr'><strong>initium</strong></span> <span class='ocrx_word' id='word_1_317' title='bbox 878 3931 917 3994; x_wconf 87' lang='lat' dir='ltr'><strong>et</strong></span> <span class='ocrx_word' id='word_1_318' title='bbox 940 3917 1293 3989; x_wconf 87' lang='lat' dir='ltr'><strong>consummationem</strong></span> <span class='ocrx_word' id='word_1_319' title='bbox 1306 3917 1353 3989; x_wconf 77' lang='lat' dir='ltr'><strong>&#39;et</strong></span> <span class='ocrx_word' id='word_1_320' title='bbox 1377 3917 1608 3992; x_wconf 83' lang='lat' dir='ltr'><strong>medietatem</strong></span> <span class='ocrx_word' id='word_1_321' title='bbox 1630 3933 1851 4019; x_wconf 89' lang='lat' dir='ltr'><strong>temporum,</strong></span> <span class='ocrx_word' id='word_1_322' title='bbox 1881 3915 2060 3988; x_wconf 87' lang='lat' dir='ltr'><strong>vicissitu-</strong></span> 
     </span>
     <span class='ocr_line' id='line_1_30' title="bbox 357 4034 2058 4136; baseline -0.005 -23"><span class='ocrx_word' id='word_1_323' title='bbox 357 4105 361 4113; x_wconf 89' lang='lat'><em>.</em></span> <span class='ocrx_word' id='word_1_324' title='bbox 452 4035 582 4109; x_wconf 89' lang='lat' dir='ltr'><strong>diuum</strong></span> <span class='ocrx_word' id='word_1_325' title='bbox 607 4038 904 4136; x_wconf 80' lang='lat' dir='ltr'><strong>permutationes,</strong></span> <span class='ocrx_word' id='word_1_326' title='bbox 930 4050 967 4109; x_wconf 87' lang='lat' dir='ltr'><strong>et</strong></span> <span class='ocrx_word' id='word_1_327' title='bbox 984 4036 1315 4108; x_wconf 83' lang='lat' dir='ltr'><strong>consummationes</strong></span> <span class='ocrx_word' id='word_1_328' title='bbox 1334 4035 1517 4135; x_wconf 90' lang='lat' dir='ltr'><strong>ipsorum,</strong></span> <span class='ocrx_word' id='word_1_329' title='bbox 1548 4039 1636 4110; x_wconf 87' lang='lat' dir='ltr'><strong>anni</strong></span> <span class='ocrx_word' id='word_1_330' title='bbox 1660 4061 1798 4130; x_wconf 88' lang='lat' dir='ltr'><strong>cursus,</strong></span> <span class='ocrx_word' id='word_1_331' title='bbox 1817 4049 1854 4109; x_wconf 91' lang='lat' dir='ltr'><strong>et</strong></span> <span class='ocrx_word' id='word_1_332' title='bbox 1875 4034 2058 4107; x_wconf 87' lang='lat' dir='ltr'><strong>stellarum</strong></span> 
     </span>
     <span class='ocr_line' id='line_1_31' title="bbox 453 4152 2057 4256; baseline -0.003 -28"><span class='ocrx_word' id='word_1_333' title='bbox 453 4155 721 4256; x_wconf 87' lang='lat' dir='ltr'><strong>dispositiones,</strong></span> <span class='ocrx_word' id='word_1_334' title='bbox 748 4171 895 4229; x_wconf 88' lang='lat' dir='ltr'><strong>naturas</strong></span> <span class='ocrx_word' id='word_1_335' title='bbox 912 4153 1136 4246; x_wconf 86' lang='lat' dir='ltr'><strong>animalium,</strong></span> <span class='ocrx_word' id='word_1_336' title='bbox 1165 4169 1202 4227; x_wconf 89' lang='lat' dir='ltr'><strong>et</strong></span> <span class='ocrx_word' id='word_1_337' title='bbox 1222 4158 1292 4229; x_wconf 88' lang='lat' dir='ltr'><strong>iras</strong></span> <span class='ocrx_word' id='word_1_338' title='bbox 1310 4155 1521 4251; x_wconf 86' lang='lat' dir='ltr'><strong>bestiarum,</strong></span> <span class='ocrx_word' id='word_1_339' title='bbox 1540 4157 1616 4230; x_wconf 82' lang='lat' dir='ltr'><strong>rim</strong></span> <span class='ocrx_word' id='word_1_340' title='bbox 1631 4171 1839 4249; x_wconf 85' lang='lat' dir='ltr'><strong>ventorum,</strong></span> <span class='ocrx_word' id='word_1_341' title='bbox 1863 4169 1899 4226; x_wconf 87' lang='lat' dir='ltr'><strong>et</strong></span> <span class='ocrx_word' id='word_1_342' title='bbox 1924 4152 2057 4249; x_wconf 83' lang='lat' dir='ltr'><strong>cogita·</strong></span> 
     </span>
     <span class='ocr_line' id='line_1_32' title="bbox 452 4263 2057 4373; baseline -0.003 -26"><span class='ocrx_word' id='word_1_343' title='bbox 452 4277 570 4348; x_wconf 88' lang='lat' dir='ltr'><strong>tiones</strong></span> <span class='ocrx_word' id='word_1_344' title='bbox 594 4263 801 4366; x_wconf 89' lang='lat' dir='ltr'><strong>hominum,</strong></span> <span class='ocrx_word' id='word_1_345' title='bbox 828 4274 1049 4348; x_wconf 79' lang='lat' dir='ltr'><strong>differentias</strong></span> <span class='ocrx_word' id='word_1_346' title='bbox 1063 4274 1314 4371; x_wconf 79' lang='lat' dir='ltr'><strong>virgultorum,</strong></span> <span class='ocrx_word' id='word_1_347' title='bbox 1339 4291 1376 4349; x_wconf 91' lang='lat' dir='ltr'><strong>et</strong></span> <span class='ocrx_word' id='word_1_348' title='bbox 1395 4278 1544 4366; x_wconf 81' lang='lat' dir='ltr'><strong>virtutes</strong></span> <span class='ocrx_word' id='word_1_349' title='bbox 1559 4274 1737 4348; x_wconf 87' lang='lat' dir='ltr'><strong>radicum.</strong></span> <span class='ocrx_word' id='word_1_350' title='bbox 1760 4279 1804 4347; x_wconf 92' lang='lat' dir='ltr'><strong>Et</strong></span> <span class='ocrx_word' id='word_1_351' title='bbox 1820 4294 2057 4373; x_wconf 76' lang='lat' dir='ltr'><strong>quaecumque</strong></span> 
     </span>
     <span class='ocr_line' id='line_1_33' title="bbox 451 4391 2056 4495; baseline -0.003 -27"><span class='ocrx_word' id='word_1_352' title='bbox 451 4407 536 4468; x_wconf 89' lang='lat' dir='ltr'><strong>sunt</strong></span> <span class='ocrx_word' id='word_1_353' title='bbox 561 4394 773 4470; x_wconf 84' lang='lat' dir='ltr'><strong>abscondita</strong></span> <span class='ocrx_word' id='word_1_354' title='bbox 794 4410 830 4468; x_wconf 91' lang='lat' dir='ltr'><strong>et</strong></span> <span class='ocrx_word' id='word_1_355' title='bbox 850 4391 1045 4494; x_wconf 85' lang='lat' dir='ltr'><strong>improvisa</strong></span> <span class='ocrx_word' id='word_1_356' title='bbox 1063 4395 1225 4468; x_wconf 79' lang='lat' dir='ltr'><strong>didici.»</strong></span> <span class='ocrx_word' id='word_1_357' title='bbox 1255 4401 1345 4469; x_wconf 83' lang='lat' dir='ltr'><strong>Ecce</strong></span> <span class='ocrx_word' id='word_1_358' title='bbox 1370 4412 1505 4494; x_wconf 87' lang='lat' dir='ltr'><strong>quanta</strong></span> <span class='ocrx_word' id='word_1_359' title='bbox 1521 4396 1568 4469; x_wconf 92' lang='lat' dir='ltr'><strong>sit</strong></span> <span class='ocrx_word' id='word_1_360' title='bbox 1593 4396 1670 4469; x_wconf 86' lang='lat' dir='ltr'><strong>haec</strong></span> <span class='ocrx_word' id='word_1_361' title='bbox 1685 4396 1874 4495; x_wconf 86' lang='lat' dir='ltr'><strong>sapientia,</strong></span> <span class='ocrx_word' id='word_1_362' title='bbox 1894 4407 1930 4466; x_wconf 91' lang='lat' dir='ltr'><strong>et</strong></span> <span class='ocrx_word' id='word_1_363' title='bbox 1947 4415 2056 4490; x_wconf 87' lang='lat' dir='ltr'><strong>quam</strong></span> 
     </span>
     <span class='ocr_line' id='line_1_34' title="bbox 449 4511 2054 4615; baseline -0.002 -29"><span class='ocrx_word' id='word_1_364' title='bbox 449 4515 558 4612; x_wconf 70' lang='lat' dir='ltr'><strong>longe</strong></span> <span class='ocrx_word' id='word_1_365' title='bbox 576 4537 725 4589; x_wconf 86' lang='lat' dir='ltr'><strong>omnem</strong></span> <span class='ocrx_word' id='word_1_366' title='bbox 743 4515 948 4587; x_wconf 86' lang='lat' dir='ltr'><strong>humanum</strong></span> <span class='ocrx_word' id='word_1_367' title='bbox 969 4530 1158 4615; x_wconf 81' lang='lat' dir='ltr'><strong>exsuperet</strong></span> <span class='ocrx_word' id='word_1_368' title='bbox 1177 4537 1336 4604; x_wconf 85' lang='lat' dir='ltr'><strong>sensum.</strong></span> <span class='ocrx_word' id='word_1_369' title='bbox 1355 4517 1426 4590; x_wconf 88' lang='lat' dir='ltr'><strong>Sed</strong></span> <span class='ocrx_word' id='word_1_370' title='bbox 1448 4517 1593 4590; x_wconf 82' lang='lat' dir='ltr'><strong>attende</strong></span> <span class='ocrx_word' id='word_1_371' title='bbox 1608 4517 1698 4615; x_wconf 90' lang='lat' dir='ltr'><strong>quid</strong></span> <span class='ocrx_word' id='word_1_372' title='bbox 1715 4518 1752 4588; x_wconf 91' lang='lat' dir='ltr'><strong>in</strong></span> <span class='ocrx_word' id='word_1_373' title='bbox 1769 4511 2003 4613; x_wconf 84' lang='lat' dir='ltr'><strong>sequentibus</strong></span> <span class='ocrx_word' id='word_1_374' title='bbox 2018 4525 2054 4582; x_wconf 88' lang='lat' dir='ltr'><strong>et</strong></span> 
     </span>
     <span class='ocr_line' id='line_1_35' title="bbox 449 4630 2048 4736; baseline -0.004 -27"><span class='ocrx_word' id='word_1_375' title='bbox 449 4637 527 4736; x_wconf 80' lang='lat' dir='ltr'><strong>ipsa</strong></span> <span class='ocrx_word' id='word_1_376' title='bbox 548 4636 690 4710; x_wconf 80' lang='lat' dir='ltr'><strong>dicat’:</strong></span> <span class='ocrx_word' id='word_1_377' title='bbox 717 4635 1004 4731; x_wconf 78' lang='lat' dir='ltr'><strong>«Cogitationes,</strong></span> <span class='ocrx_word' id='word_1_378' title='bbox 1024 4637 1154 4733; x_wconf 89' lang='lat' dir='ltr'><strong>inquit,</strong></span> <span class='ocrx_word' id='word_1_379' title='bbox 1185 4636 1395 4710; x_wconf 81' lang='lat' dir='ltr'><strong>mortalium</strong></span> <span class='ocrx_word' id='word_1_380' title='bbox 1418 4636 1568 4728; x_wconf 80' lang='lat' dir='ltr'><strong>timida,</strong></span> <span class='ocrx_word' id='word_1_381' title='bbox 1588 4650 1625 4710; x_wconf 88' lang='lat' dir='ltr'><strong>et</strong></span> <span class='ocrx_word' id='word_1_382' title='bbox 1645 4638 1793 4709; x_wconf 84' lang='lat' dir='ltr'><strong>incertae</strong></span> <span class='ocrx_word' id='word_1_383' title='bbox 1814 4630 2048 4733; x_wconf 72' lang='lat' dir='ltr'><strong>providentie</strong></span> 
     </span>
     <span class='ocr_line' id='line_1_36' title="bbox 447 4753 2053 4857; baseline -0.005 -29"><span class='ocrx_word' id='word_1_384' title='bbox 447 4772 590 4831; x_wconf 74' lang='lat' dir='ltr'><strong>nostra.</strong></span> <span class='ocrx_word' id='word_1_385' title='bbox 616 4761 759 4857; x_wconf 83' lang='lat' dir='ltr'><strong>Corpus</strong></span> <span class='ocrx_word' id='word_1_386' title='bbox 781 4756 880 4830; x_wconf 87' lang='lat' dir='ltr'><strong>enim</strong></span> <span class='ocrx_word' id='word_1_387' title='bbox 895 4753 997 4854; x_wconf 89' lang='lat' dir='ltr'><strong>quod</strong></span> <span class='ocrx_word' id='word_1_388' title='bbox 1013 4758 1261 4855; x_wconf 86' lang='lat' dir='ltr'><strong>corrumpitur</strong></span> <span class='ocrx_word' id='word_1_389' title='bbox 1281 4772 1447 4855; x_wconf 73' lang='lat' dir='ltr'><strong>aggravat</strong></span> <span class='ocrx_word' id='word_1_390' title='bbox 1466 4757 1640 4849; x_wconf 82' lang='lat' dir='ltr'><strong>animam,</strong></span> <span class='ocrx_word' id='word_1_391' title='bbox 1663 4772 1701 4829; x_wconf 89' lang='lat' dir='ltr'><strong>et</strong></span> <span class='ocrx_word' id='word_1_392' title='bbox 1721 4754 1892 4855; x_wconf 88' lang='lat' dir='ltr'><strong>deprimit</strong></span> <span class='ocrx_word' id='word_1_393' title='bbox 1913 4766 2053 4825; x_wconf 75' lang='lat' dir='ltr'><strong>tenena</strong></span> 
     </span>
    </p>

    <p class='ocr_par' dir='ltr' id='par_1_3' title="bbox 480 4983 2052 5052">
     <span class='ocr_line' id='line_1_37' title="bbox 480 4983 2052 5052; baseline -0.003 -12"><span class='ocrx_word' id='word_1_394' title='bbox 480 4983 599 5040; x_wconf 75' lang='lat' dir='ltr'><strong>&#39;Prolns.·</strong></span> <span class='ocrx_word' id='word_1_395' title='bbox 612 4987 669 5052; x_wconf 75' lang='lat' dir='ltr'><strong>rvr,</strong></span> <span class='ocrx_word' id='word_1_396' title='bbox 688 5002 713 5040; x_wconf 80' lang='lat' dir='ltr'><strong>r.</strong></span> <span class='ocrx_word' id='word_1_397' title='bbox 722 4989 770 5041; x_wconf 69' lang='lat' dir='ltr'><strong>db.</strong></span> <span class='ocrx_word' id='word_1_398' title='bbox 785 5015 814 5025; x_wconf 98' lang='lat'>-</span> <span class='ocrx_word' id='word_1_399' title='bbox 825 4987 931 5050; x_wconf 73' lang='lat' dir='ltr'><strong>²loru,</strong></span> <span class='ocrx_word' id='word_1_400' title='bbox 952 4999 1007 5050; x_wconf 72' lang='lat' dir='ltr'><strong>repr</strong></span> <span class='ocrx_word' id='word_1_401' title='bbox 1026 4997 1081 5046; x_wconf 62' lang='lat' dir='ltr'><strong>rrr,</strong></span> <span class='ocrx_word' id='word_1_402' title='bbox 1093 5000 1117 5036; x_wconf 83' lang='lat' dir='ltr'><strong>r.</strong></span> <span class='ocrx_word' id='word_1_403' title='bbox 1139 4991 1180 5039; x_wconf 75' lang='lat' dir='ltr'><strong>tt.</strong></span> <span class='ocrx_word' id='word_1_404' title='bbox 1193 5001 1223 5026; x_wconf 55' lang='grc' dir='ltr'><strong>-ι</strong></span> <span class='ocrx_word' id='word_1_405' title='bbox 1273 5011 1308 5024; x_wconf 88' lang='grc'><strong>-</strong></span> <span class='ocrx_word' id='word_1_406' title='bbox 1320 4988 1328 5018; x_wconf 82' lang='lat'><strong>¹</strong></span> <span class='ocrx_word' id='word_1_407' title='bbox 1338 4983 1431 5036; x_wconf 68' lang='lat' dir='ltr'><strong>Euclea</strong></span> <span class='ocrx_word' id='word_1_408' title='bbox 1440 5023 1448 5049; x_wconf 83' lang='lat'><strong>,</strong></span> <span class='ocrx_word' id='word_1_409' title='bbox 1458 4999 1514 5048; x_wconf 77' lang='lat' dir='ltr'><strong>cap.</strong></span> <span class='ocrx_word' id='word_1_410' title='bbox 1526 4997 1572 5045; x_wconf 84' lang='lat' dir='ltr'><strong>vu,</strong></span> <span class='ocrx_word' id='word_1_411' title='bbox 1583 4999 1609 5037; x_wconf 79' lang='lat' dir='ltr'><strong>r.</strong></span> <span class='ocrx_word' id='word_1_412' title='bbox 1623 4987 1665 5038; x_wconf 62' lang='lat' dir='ltr'><strong>tt</strong></span> <span class='ocrx_word' id='word_1_413' title='bbox 1676 5009 1700 5024; x_wconf 88' lang='lat'>-</span> <span class='ocrx_word' id='word_1_414' title='bbox 1713 4985 1808 5049; x_wconf 54' lang='lat' dir='ltr'><strong>&#39;Suum</strong></span> <span class='ocrx_word' id='word_1_415' title='bbox 1821 4998 1878 5048; x_wconf 76' lang='lat' dir='ltr'><strong>erp.</strong></span> <span class='ocrx_word' id='word_1_416' title='bbox 1886 4997 1932 5048; x_wconf 85' lang='lat' dir='ltr'><strong>nr,</strong></span> <span class='ocrx_word' id='word_1_417' title='bbox 1943 4996 1968 5034; x_wconf 83' lang='lat' dir='ltr'><strong>r.</strong></span> <span class='ocrx_word' id='word_1_418' title='bbox 1982 4986 2052 5037; x_wconf 81' lang='lat'>1⁵.-</span> 
     </span>
    </p>
   </div>
   <div class='ocr_carea' id='block_1_3' title="bbox 443 5066 1575 5216">
    <p class='ocr_par' dir='ltr' id='par_1_4' title="bbox 443 5066 1575 5216">
     <span class='ocr_line' id='line_1_38' title="bbox 443 5066 1575 5134; baseline -0.003 -14"><span class='ocrx_word' id='word_1_419' title='bbox 443 5070 569 5134; x_wconf 71' lang='lat' dir='ltr'><strong>’autu.,</strong></span> <span class='ocrx_word' id='word_1_420' title='bbox 582 5084 638 5132; x_wconf 81' lang='lat' dir='ltr'><strong>erp.</strong></span> <span class='ocrx_word' id='word_1_421' title='bbox 653 5083 671 5131; x_wconf 84' lang='lat' dir='ltr'><strong>r,</strong></span> <span class='ocrx_word' id='word_1_422' title='bbox 688 5084 710 5120; x_wconf 86' lang='lat' dir='ltr'><strong>r.</strong></span> <span class='ocrx_word' id='word_1_423' title='bbox 728 5072 753 5121; x_wconf 83' lang='lat'><strong>8.</strong></span> <span class='ocrx_word' id='word_1_424' title='bbox 770 5095 801 5105; x_wconf 94' lang='lat'><em>-</em></span> <span class='ocrx_word' id='word_1_425' title='bbox 818 5068 920 5132; x_wconf 74' lang='lat' dir='ltr'><strong>‘Ibid.,</strong></span> <span class='ocrx_word' id='word_1_426' title='bbox 943 5075 967 5117; x_wconf 77' lang='lat' dir='ltr'><strong>r.</strong></span> <span class='ocrx_word' id='word_1_427' title='bbox 987 5071 1072 5119; x_wconf 68' lang='lat'><strong>12·-</strong></span> <span class='ocrx_word' id='word_1_428' title='bbox 1094 5066 1222 5128; x_wconf 62' lang='grc' dir='ltr'><strong>ἘοοίοεἾ</strong></span> <span class='ocrx_word' id='word_1_429' title='bbox 1278 5067 1436 5130; x_wconf 78' lang='lat' dir='ltr'><strong>&#39;Sop.‚erp.</strong></span> <span class='ocrx_word' id='word_1_430' title='bbox 1451 5077 1525 5128; x_wconf 69' lang='lat' dir='ltr'><strong>rm.</strong></span> <span class='ocrx_word' id='word_1_431' title='bbox 1538 5069 1575 5117; x_wconf 75' lang='lat' dir='ltr'><strong>ra</strong></span> 
     </span>
     <span class='ocr_line' id='line_1_39' title="bbox 443 5149 1224 5216; baseline -0.004 -14"><span class='ocrx_word' id='word_1_432' title='bbox 443 5166 500 5216; x_wconf 81' lang='lat' dir='ltr'><strong>cap.</strong></span> <span class='ocrx_word' id='word_1_433' title='bbox 510 5164 566 5215; x_wconf 88' lang='lat' dir='ltr'><strong>uu,</strong></span> <span class='ocrx_word' id='word_1_434' title='bbox 579 5167 601 5205; x_wconf 83' lang='lat' dir='ltr'><strong>r.</strong></span> <span class='ocrx_word' id='word_1_435' title='bbox 616 5149 1224 5210; x_wconf 71' lang='lat' dir='ltr'><strong>16.-·1ntrrroaeetuteuesteuturuaeuvt</strong></span> 
     </span>
    </p>
   </div>
   <div class='ocr_carea' id='block_1_4' title="bbox 0 0 2284 6100">
    <p class='ocr_par' dir='ltr' id='par_1_5' title="bbox 0 0 2284 6100">
     <span class='ocr_line' id='line_1_40' title="bbox 0 0 2284 6100; baseline 0 11"><span class='ocrx_word' id='word_1_436' title='bbox 0 0 2284 6100; x_wconf 95' lang='lat' dir='ltr'><strong> </strong></span> 
     </span>
    </p>
   </div>
  </div>
 </body>
</html>
