4559 6100
482 519 552 592 584
1080 526 1209 598 PETRI
1239 526 1473 600 ABAELARDl

475 672 556 736 solet
577 671 695 760 qnaeri,
714 695 756 736 an
776 673 862 738 Deus
877 674 1015 764 aliquem
1038 675 1150 767 diligat
1169 675 1286 761 modo,
1311 700 1417 767 quem*
1432 700 1499 743 nou
1519 700 1644 769 semper
1665 680 1823 747 dilexerit.
1848 678 1912 746 Sed
1935 680 2067 747 dicimus

475 769 619 833 minime.
639 769 800 851 Quaeritur
815 771 928 852 enam,
948 775 974 837 si
988 774 1075 839 Deus
1096 797 1208 840 ornnes
1225 772 1426 866 diligat,‘qui
1441 798 1516 840 enm
1537 774 1686 867 diligunt.
1707 777 1796 844 Non.
1820 778 1854 843 si
1873 795 2064 868 opponatur,

475 865 564 954 quod
584 866 649 931 ait:
668 868 738 957 Ego
755 866 921 958 diligentes
937 893 990 937 me
1007 870 1117 962 diligo,
1139 888 1173 936 et
1184 872 1309 952 similia,
1329 871 1483 954 dicimus,
1498 872 1586 962 quod
1603 873 1644 940 de
1663 877 1879 965 perseveranti
1897 874 2067 942 dilectione

477 962 599 1029 dictum
609 979 667 1029 est.
685 965 748 1030 Sed
762 964 955 1049 notandum,
973 969 1062 1056 quod
1071 970 1105 1032 in
1121 967 1294 1035 dilectione
1306 970 1366 1034 Dei
1382 968 1488 1035 nullus
1502 969 1629 1053 modus,
1647 971 1753 1037 nullus
1767 970 1905 1061 deniqne
1916 975 2067 1039 terminus

476 1077 524 1127 est
536 1076 681 1127 statutus.
699 1064 738 1126 In
753 1060 925 1129 dilectione
940 1087 1018 1130 vero
1034 1066 1174 1155 proximi
1189 1082 1239 1132 est
1253 1090 1414 1132 mensura.
1434 1067 1561 1133 Dictum
1578 1084 1626 1133 est
1645 1071 1744 1151 enim,
1760 1068 1879 1159 Diliges
1894 1070 2067 1135 Dominum

475 1160 581 1223 Βευω
605 1174 694 1223 tuum
715 1182 756 1224 ex
778 1174 847 1224 toto
866 1161 983 1244 corde,
1003 1179 1065 1228 etc.
1092 1164 1142 1227 Ex
1160 1178 1230 1228 toto
1252 1164 1351 1230 corde
1371 1163 1492 1254 diligit,
1514 1167 1570 1253 qui
1585 1181 1714 1254 paratus
1734 1183 1783 1232 est
1805 1167 1835 1231 ei
1855 1166 1987 1233 obedire
2009 1191 2067 1256 pro

475 1280 567 1348 posse
583 1279 653 1321 suo.
671 1258 796 1337 Cetera,
819 1281 890 1346 quae
911 1276 1096 1348 sequuntur,
1119 1259 1348 1327 inculcationes
1365 1279 1454 1343 sunt3
1477 1262 1539 1328 tale
1559 1264 1647 1328 euim
1667 1280 1725 1345 est,
1748 1264 1827 1328 acsi
1847 1262 1996 1329 dicatur:
2015 1263 2066 1329 Ad

479 1358 547 1440 ejus
562 1353 750 1441 obsequium
766 1354 965 1444 implendum
980 1373 1083 1422 totam
1093 1359 1306 1424 intentionem
1316 1375 1406 1424 tuam
1422 1359 1586 1426 extendas.
1604 1362 1642 1424 In
1657 1360 1828 1426 dilectione
1840 1383 1916 1426 vero
1932 1361 2067 1450 proximi

479 1474 627 1517 mensura
645 1467 704 1531 est,
721 1452 776 1516 ubi
796 1450 981 1519 dictumest
999 1478 1007 1520 :
1026 1455 1146 1545 Diliges
1160 1456 1343 1545 proximum
1359 1472 1463 1538 tuum,
1480 1457 1606 1523 sicutte
1619 1459 1735 1547 ipsum.
1749 1457 1825 1522 Non
1842 1458 1886 1522 ait
1901 1474 2065 1547 quantum,

479 1550 536 1615 sed
554 1548 646 1613 siout.
670 1549 726 1613 Fst
739 1548 837 1639 igitur
852 1573 961 1616 sensus
978 1575 985 1616 :
1001 1551 1081 1617 illud
1100 1554 1244 1634 bouum,
1264 1552 1353 1640 quod
1368 1552 1427 1618 tibi
1442 1553 1539 1619 velles
1552 1552 1639 1635 fieri,
1656 1555 1682 1618 si
1704 1576 1786 1620 esses
1799 1554 1836 1618 in
1851 1577 1891 1620 eo
1907 1555 2020 1645 gradu,
2039 1556 2069 1618 ei

479 1646 556 1712 velis
570 1646 604 1709 in
620 1668 659 1710 eo
676 1645 789 1736 gradu,
806 1647 841 1711 in
864 1672 929 1736 quo
950 1665 1009 1715 est.
1027 1650 1122 1716 Unde
1142 1648 1217 1714 alibi
1237 1673 1245 1714 ι
1263 1651 1470 1739 Quaecunque
1486 1650 1591 1725 vultis,
1610 1667 1646 1716 nt
1664 1651 1782 1717 faciant
1802 1650 1893 1716 vobis
1908 1652 2066 1730 homines,

480 1743 594 1811 eadem
609 1766 666 1808 vos
689 1742 782 1809 facite
798 1743 871 1810 illis.
894 1746 1012 1810 Omnia
1028 1747 1186 1836 siquidem
1206 1744 1361 1812 debemus
1378 1747 1446 1812 aliis
1465 1747 1587 1825 facere,
1609 1772 1681 1837 quae
1701 1748 1853 1814 vellemus
1870 1749 1964 1814 nobis
1980 1749 2067 1828 fieri,

479 1845 505 1906 si
526 1864 666 1906 essemus
683 1842 717 1906 in
733 1840 850 1907 eodem
865 1844 966 1932 gradu
984 1845 1064 1909 etin
1079 1842 1196 1909 eadem
1211 1842 1378 1934 dignitate.
1397 1843 1606 1933 Quaecunque
1620 1844 1733 1926 tultis,
1750 1844 1859 1927 idest,
1876 1847 2066 1935 approbatis.

481 1942 513 2004 Si
530 1939 616 2004 enim
632 1938 720 2020 volo,
738 1940 817 2002 mihi
833 1937 950 2005 adduci
967 1959 1118 2024 scortum,
1135 1944 1282 2009 hoc’non
1299 1943 1457 2033 approbo.
1474 1943 1559 2007 Hinc
1577 1944 1675 2008 etiam
1690 1943 1812 2008 dictum
1828 1959 1887 2024 est,
1899 1942 1997 2025 Quod
2012 1942 2069 2007 tibi

481 2061 548 2102 uon
562 2037 609 2101 vis
623 2034 704 2117 lieri,
725 2036 779 2101 alii
795 2059 861 2102 nou
884 2038 1007 2106 feceris.
1025 2041 1171 2123 Quorum
1188 2041 1322 2106 alterum
1339 2039 1501 2119 nattuule,
1523 2055 1560 2104 ut
1573 2042 1638 2105 hoc
1656 2063 1664 2105 ε
1684 2038 1818 2104 alterum
1832 2040 2019 2129 positivum,
2036 2058 2070 2105 nt

481 2132 559 2199 illud
580 2157 587 2199 :
606 2133 813 2222 Quaecunque
834 2135 944 2218 vultis,
963 2139 1000 2202 'ut
1016 2138 1145 2214 faciant,
1162 2153 1225 2203 etc.
1244 2136 1296 2203 Sic
1311 2159 1388 2202 vero
1410 2152 1445 2201 et
1467 2138 1554 2202 Deus
1573 2136 1752 2226 diligendus
1768 2152 1816 2203 est
1832 2154 1865 2202 et
1886 2138 2068 2228 proximus,

481 2232 660 2297 utcharitas
677 2248 784 2296 nostra
800 2233 841 2298 sit
855 2233 1109 2301 ordinata.Sicut
1121 2236 1208 2300 enim
1223 2236 1309 2301 Deus
1323 2258 1390 2324 praa
1405 2233 1590 2299 hominibus
1605 2233 1711 2299 bouus
1726 2249 1789 2312 est,
1806 2234 1850 2298 sic
1865 2235 2070 2323 superomnia

481 2328 662 2419 diligendus
677 2346 742 2399 est.
761 2345 795 2393 et
809 2331 966 2420 sicutprae
983 2331 1132 2397 omnibus
1150 2331 1330 2421 diligendus
1341 2348 1406 2414 est,
1424 2331 1468 2396 sic
1482 2332 1589 2395 honor
1604 2347 1638 2395 et
1656 2331 1834 2397 reverentia
1854 2333 1956 2421 magis
1976 2348 2023 2396 est
2043 2333 2072 2397 ei

480 2425 675 2504 exhibenda,
692 2442 764 2516 post
779 2426 884 2516 ipsum
897 2430 994 2494 etiam
1006 2428 1046 2495 de
1062 2428 1193 2520 ungulis
1208 2431 1242 2495 in
1254 2428 1356 2520 gradu
1372 2451 1431 2494 suo
1444 2444 1492 2493 est
1502 2424 1661 2492 facienda.
1680 2427 1714 2491 Si
1724 2429 1812 2492 enim
1824 2426 1963 2516 aliquem
1978 2428 2072 2493 video

480 2525 580 2615 magis
596 2523 686 2587 bono
704 2523 857 2613 dignum,
873 2549 969 2613 quam
994 2550 1055 2617 ego
1075 2528 1152 2610 sim,
1174 2543 1208 2592 et
1231 2529 1335 2617 ipsum
1350 2527 1381 2591 ei
1396 2525 1508 2615 magis,
1532 2546 1631 2611 quam
1651 2525 1730 2589 mihi
1754 2547 1871 2614 cupere
1887 2524 2004 2590 debeo.
2022 2525 2072 2589 Sic

481 2621 638 2711 siquidem
654 2619 735 2685 ordo
751 2622 785 2684 in
802 2623 933 2688 caritate
951 2640 1105 2701 servatur,
1119 2641 1157 2688 ut
1171 2648 1231 2714 pro
1247 2624 1367 2689 meritis
1383 2640 1417 2688 et
1430 2644 1489 2711 pro
1504 2621 1729 2686 convenientia
1744 2624 1895 2712 cujusque
1909 2623 2010 2711 magis
2022 2621 2072 2687 vel

481 2721 586 2783 nunus
606 2718 640 2781 in
659 2715 789 2782 dirersis
808 2719 961 2808 gradibus
975 2744 1032 2786 eos
1047 2721 1228 2811 diligamns.
1245 2718 1435 2785 Notandum
1449 2734 1560 2783 tamen
1580 2718 1693 2807 (qnod)
1716 2743 1790 2785 cum
1809 2719 1905 2785 talem
1924 2718 2072 2784 ordinem

481 2818 514 2879 in
533 2813 705 2879 dilectione
720 2814 857 2881 retinere
873 2814 1065 2898 debeamus,
1082 2819 1172 2908 quod
1187 2819 1287 2908 magis
1304 2818 1440 2883 debeam
1458 2814 1589 2904 diligere
1606 2816 1746 2905 aliquem
1761 2818 1959 2908 religiosum,
1976 2840 2074 2904 quarn

481 2928 605 3002 patrem
626 2932 751 2993 meum,
775 2914 916 3000 quinon
937 2931 984 2980 est
1001 2915 1083 2981 adeo
1103 2915 1282 3004 religiosus.
1303 2917 1342 2979 ln
1365 2913 1562 2978 exhibitione
1576 2914 1722 3003 profecto
1738 2916 1899 2980 charitatis
1914 2914 2005 2979 aliter
2027 2931 2073 2979 est

482 3007 680 3083 faciendum.
706 3011 800 3097 quia,
822 3011 848 3076 si
870 3036 937 3078 non
958 3036 1088 3103 possum
1114 3016 1242 3103 utrique
1268 3011 1430 3093 sufficere,
1453 3008 1501 3074 illi
1524 3032 1600 3077 sane
1626 3013 1812 3079 subtraham
1842 3029 1875 3078 et
1898 3014 1981 3103 patri
2000 3035 2072 3078 meo

482 3110 634 3174 tribuam.
657 3107 759 3198 Magis
778 3111 865 3175 euim
884 3111 918 3174 in
939 3112 1136 3177 exhibitione
1153 3134 1206 3177 me
1227 3110 1270 3177 ad
1288 3134 1343 3176 eos
1356 3130 1495 3200 quorum
1512 3132 1622 3174 curam
1638 3133 1733 3200 gero,
1753 3110 1926 3177 extendere
1947 3109 2070 3191 debeo,

482 3231 542 3273 nec
562 3223 670 3272 tamen
691 3224 823 3297 propter
842 3208 906 3273 hoc
924 3225 1048 3274 tantum
1067 3226 1193 3299 patrem
1211 3230 1337 3286 meum,
1362 3221 1517 3297 quantum
1541 3206 1633 3272 illum
1655 3207 1766 3299 diligo.
1790 3210 1851 3274 Hic
1876 3207 2071 3282 notandum,

481 3304 582 3394 qnod,
605 3305 631 3368 si
653 3303 757 3392 aliqua
780 3304 963 3372 infirmitate
988 3323 1152 3397 superatus
1169 3308 1203 3371 in
1225 3306 1469 3371 fornicationem
1489 3303 1539 3370 vel
1559 3305 1769 3371 homicidium
1790 3305 1948 3385 incidam,
1972 3304 2022 3369 vel
2041 3306 2073 3368 in

481 3400 613 3490 aliquod
638 3400 725 3468 aliud
747 3419 925 3491 peccatum,
945 3403 1123 3469 dummodo
1145 3405 1304 3470 Christum
1325 3404 1359 3467 in
1376 3403 1588 3469 fundamento
1609 3402 1765 3484 habeam,
1783 3426 1850 3468 nou
1865 3418 1996 3492 propter
2012 3403 2073 3466 hoc

482 3522 594 3565 verum
612 3514 675 3577 est,
693 3499 782 3587 quod
798 3501 902 3566 Deum
919 3525 987 3566 non
1003 3501 1147 3591 diligam.
1166 3503 1252 3566 Bene
1270 3502 1356 3565 enim
1371 3524 1501 3590 possum
1518 3502 1552 3565 in
1568 3499 1675 3588 aliquo
1692 3500 1859 3566 dominum
1870 3523 1980 3565 meum
1993 3522 2072 3564 con·

479 3615 623 3662 temnere
642 3596 684 3660 ad
700 3613 836 3684 tempus,
852 3614 885 3663 et
898 3600 1003 3688 ipsum
1023 3622 1089 3688 prae
1106 3597 1256 3662 omnibus
1271 3596 1402 3687 diligere
1419 3616 1451 3662 et
1466 3621 1561 3688 super
1582 3596 1661 3662 alios
1682 3599 1849 3662 estimare.
1869 3596 1974 3662 David
1990 3596 2073 3662 enim

481 3694 612 3783 quando
634 3691 778 3781 peccavit
797 3696 963 3759 caritatem
981 3696 1140 3774 habebat,
1165 3696 1241 3783 quia
1265 3696 1425 3760 Christum
1448 3697 1482 3759 in
1504 3693 1717 3759 fundamento
1741 3694 1894 3760 habebat.
1918 3695 2074 3758 Christum

482 3807 588 3855 autem
604 3791 638 3853 in
654 3788 865 3856 fundamento
874 3792 994 3857 babere
1010 3808 1058 3857 est
1068 3791 1206 3881 aliquem
1222 3795 1355 3858 siceum
1373 3790 1518 3883 diligere,
1535 3790 1623 3880 quod
1640 3792 1666 3855 si
1681 3792 1711 3854 ci
1725 3792 1815 3881 optio
1831 3790 1972 3873 daretur,
1989 3791 2075 3880 prius

479 3888 678 3976 permitteret
694 3909 727 3951 se
743 3886 898 3970 interfici,
915 3912 1013 3978 quam
1033 3912 1108 3954 enm
1123 3907 1267 3980 negaret.
1285 3892 1324 3954 In
1340 3890 1457 3954 talibus
1473 3911 1548 3953 cum
1562 3903 1675 3977 peccat
1690 3888 1777 3977 quis,
1795 3887 1875 3979 lapis
1890 3903 1936 3952 est
1954 3902 2071 3959 motus,

482 4009 549 4049 non
563 3982 700 4050 evulsus.
719 3984 823 4049 Cadat
831 3985 946 4071 justus,
961 3985 1089 4051 labatur
1102 3989 1217 4073 justus,
1235 4004 1378 4077 resurgat
1390 3989 1503 4073 justus,
1520 3984 1634 4051 melior
1645 3984 1716 4049 erit.
1733 3984 1854 4052 Sanctis
1868 3984 1952 4049 euim
1964 3984 2074 4047 omnia

482 4098 696 4172 cooperantur
706 4084 740 4145 in
755 4082 892 4147 bonum.
1227 4167 1229 4172 Α

526 4181 607 4242 Cum
622 4179 717 4270 igitur
731 4180 845 4244 caritas
858 4204 981 4246 summa
996 4183 1150 4249 virtutum
1169 4185 1220 4267 sit,
1241 4201 1272 4249 et
1288 4184 1321 4248 in
1337 4207 1399 4272 qua
1417 4185 1521 4248 omnis
1536 4184 1635 4246 virtus
1650 4182 1710 4247 alia
1727 4204 1824 4271 quam
1844 4181 1913 4269 ipsa
1933 4178 1972 4243 sit
1988 4179 2074 4244 inni·

484 4293 578 4354 tatur,
605 4274 645 4341 dc
660 4276 832 4341 virtutibus
847 4276 941 4344 latius
956 4296 989 4344 et
1004 4281 1088 4346 vitiis
1103 4283 1311 4371 inquiramus.
1332 4280 1396 4346 Sed
1412 4281 1499 4371 prius
1513 4281 1577 4345 hoc
1592 4278 1632 4344 de
1648 4280 1779 4345 caritate
1795 4275 1972 4355 rideamus,
1989 4275 2074 4364 quod

482 4374 676 4464 Augustinus
691 4398 822 4439 omnem
842 4377 991 4442 virtutem
1007 4379 1172 4444 caritatem
1187 4402 1254 4444 esse
1269 4376 1350 4444 velle
1367 4378 1505 4444 videtur.
1520 4380 1601 4441 Cum
1617 4378 1705 4442 enirn
1719 4376 1831 4441 caritas
1851 4373 1926 4438 facit
1943 4372 2075 4453 fortem,

482 4469 636 4535 fortitudo
657 4472 770 4537 caritas
790 4488 865 4539 est:
889 4498 963 4540 cum
987 4473 1063 4540 facit
1082 4476 1249 4553 humilem,
1274 4474 1435 4540 humilitas
1456 4476 1569 4540 caritas
1594 4490 1667 4540 est:
1691 4497 1764 4539 cum
1789 4471 1865 4536 facit
1883 4471 2073 4560 patientem,

481 4569 631 4659 patientia
650 4570 761 4634 caritas
777 4586 842 4653 est,
858 4587 891 4636 et
902 4573 946 4636 sic
960 4571 1001 4637 de
1018 4572 1098 4637 aliis.
1115 4573 1210 4638 Unde
1227 4572 1421 4663 Apostolus:
1440 4573 1559 4637 Caritas
1581 4572 1688 4637 omnia
1710 4569 1839 4646 suffert,
1857 4567 1967 4632 omnia
1983 4566 2076 4630 susti-

481 4681 548 4749 net,
563 4682 625 4732 etc.
643 4664 783 4749 Quidam
799 4681 907 4733 tamen
924 4670 1007 4734 hanc
1022 4670 1244 4734 anctoritatem
1260 4670 1440 4762 Augustini,
1459 4693 1530 4759 qnae
1547 4686 1592 4736 est
1610 4692 1617 4733 ε
1636 4669 1749 4733 Omnis
1768 4667 1866 4731 virtum
1883 4680 1930 4729 est
1944 4664 2074 4739 caritas,

481 4766 525 4827 sic
547 4780 724 4853 exponunt.
748 4765 861 4831 Omnis
879 4766 979 4830 virtus
995 4784 1043 4832 est
1063 4766 1196 4848 caritas,
1215 4767 1267 4833 vel
1284 4792 1324 4833 ex
1343 4769 1473 4832 caritate
1490 4789 1498 4830 ε
1515 4766 1579 4831 hoc
1601 4782 1708 4830 autent
1729 4779 1860 4854 propter
1881 4784 1935 4826 cas
1950 4761 2079 4824 virtutes

482 4884 553 4948 quae
568 4885 634 4925 non
650 4863 846 4943 voluntates,
863 4861 921 4927 sed
937 4866 1036 4954 magis
1052 4866 1205 4955 potentiae
1221 4881 1311 4947 sunt,
1329 4882 1365 4929 ut
1381 4866 1414 4929 in
1430 4864 1634 4953 sequentibus
1656 4862 1769 4929 melius
1788 4858 1965 4951 apparebit.
1983 4857 2077 4939 Quo·

480 4958 580 5023 modo
595 4960 691 5050 igitur
705 4958 881 5024 diffiniatur
899 4960 1018 5043 virtus,
1033 4962 1109 5027 etin
1129 4979 1209 5051 quot
1227 4962 1418 5053 principales
1437 4978 1543 5053 partes
1564 4960 1738 5043 dividatur,
1758 4954 2002 5048 intelligendum
2018 4970 2075 5020 est.

486 5053 593 5120 Virtus
615 5071 679 5135 est,
703 5072 739 5122 ut
767 5057 856 5121 aiunt
880 5058 1081 5149 philosophi,
1104 5059 1235 5126 habitus
1254 5060 1369 5126 mentis
1397 5059 1534 5149 optimus
1555 5057 1605 5124 vel
1632 5059 1716 5124 bene
1742 5056 1921 5122 constitutae
1949 5053 2075 5118 mentis.
