4559 6100
498 68 552 134 Ad
571 70 689 136 horum
708 94 857 136 normam
876 72 1042 163 planctum
1063 28 1157 138 tuum
1178 88 1289 138 texere
1312 71 1471 155 debebas,
1490 96 1557 138 non
1574 75 1745 140 immemor
1766 75 1852 141 illius
1871 75 2014 167 vulgaris
2034 99 2123 167 pro-

492 188 618 273 verbii,

815 311 909 373 Vicini
923 311 1022 373 barba
1039 312 1189 394 propriam
1205 312 1294 373 debes
1307 312 1456 375 simulare.

541 561 606 629 Sed
621 563 775 652 quoniam
793 586 889 654 super
907 565 972 630 hoc
986 566 1062 631 satis
1080 564 1274 656 abundeque
1296 565 1494 657 digessimus,
1516 565 1742 655 tempestivum
1763 560 1908 630 est'illud
1928 564 2116 656 capitulum

494 684 532 749 in
547 683 664 749 eodem
679 682 763 749 libro
778 685 916 762 visitare,
933 685 967 749 in
986 709 1050 775 quo
1070 687 1251 751 animarum
1268 687 1425 776 originem
1442 686 1483 752 de
1500 685 1586 752 coelis
1600 685 1752 751 fabularis
1765 708 1844 752 esse.
1857 686 1924 749 Ubi
1939 686 1985 750 sic
1998 685 2116 752 recolo

495 820 530 870 te
552 802 695 868 locutum
719 826 727 867 t
757 802 900 868 «Merito
926 803 1008 869 dixit
1031 803 1243 895 Apostolus¹,
1263 823 1374 872 nostra
1397 806 1598 873 conversatio
1622 806 1727 869 estin
1750 804 1880 870 coelis.»
1907 805 1987 870 Haec
2008 806 2114 874 verba

499 939 555 988 tua
582 922 739 988 subtiliter
766 923 950 1012 explorata,
980 924 1160 993 christianae
1188 926 1305 990 mentis
1337 925 1447 1016 palato
1480 925 1628 990 haeresim
1650 924 1789 1015 sapiunt.
1817 923 1851 989 Si
1875 911 1967 988 enim*
1984 924 2115 992 idcireo

489 1037 616 1112 'animm
638 1046 795 1136 originem
817 1045 858 1110 de
879 1045 965 1112 coelis
980 1048 1110 1129 astruis,
1129 1048 1205 1137 quia
1224 1048 1419 1137 quandoque
1434 1048 1530 1113 beatu
1552 1048 1659 1112 futura
1676 1062 1724 1112 est
1744 1047 1779 1110 in
1795 1034 1896 1130 coelis;
1916 1040 2032 1112 eadem
2050 1070 2114 1112 ra·

497 1167 587 1232 tione
612 1166 753 1256 corporis
777 1166 870 1257 origo
890 1167 952 1232 erit
970 1168 1004 1232 in
1028 1166 1130 1245 coelis,
1157 1168 1232 1257 quia
1253 1167 1450 1257 quandoque
1469 1167 1602 1233 beatum
1626 1166 1771 1232 futurum
1793 1167 1896 1230 estin
1918 1166 2018 1231 coelis.
2044 1164 2113 1232 Sed

501 1285 542 1351 ad
564 1286 628 1350 hoc
650 1285 866 1350 intimandum
894 1285 971 1352 talia
996 1287 1095 1352 verba
1123 1310 1248 1352 senon
1273 1286 1532 1353 accommodant.
1561 1288 1628 1357 Aut
1651 1287 1677 1351 si
1702 1285 1777 1350 ideo
1807 1286 1923 1349 animae
1948 1287 2112 1376 originem

497 1405 660 1471 coelestem
677 1406 817 1486 ascribis,
836 1406 910 1494 quia
926 1406 1004 1471 olim
1021 1423 1103 1489 orta,
1121 1408 1155 1473 id
1171 1424 1220 1475 est
1236 1408 1318 1474 facta
1332 1410 1372 1475 sit
1387 1410 1421 1474 in
1436 1407 1535 1489 coelis,
1554 1405 1643 1495 qnod
1659 1404 1790 1494 quidem
1807 1403 1980 1470 verborum
1995 1405 2113 1472 talium

499 1525 632 1593 resultat
652 1526 806 1610 intentio;
829 1528 1018 1616 pravitatem
1040 1529 1188 1619 Origenis
1212 1530 1366 1611 incurris,
1394 1530 1448 1618 qui
1470 1530 1505 1592 in
1526 1527 1616 1592 libris
1632 1526 1844 1606 periarchon,
1871 1525 2112 1614 pythagoreum

497 1641 759 1733 platonicumque
781 1640 900 1732 dogma
918 1658 1061 1726 secutus,
1081 1645 1287 1735 originariam
1309 1647 1344 1710 in
1360 1644 1441 1711 coelo
1466 1643 1577 1713 sudem
1600 1641 1768 1707 animabus
1789 1638 1943 1730 disponit.
1961 1642 2007 1703 At
2022 1663 2112 1729 quo-

499 1763 588 1827 niam
612 1760 654 1827 de
671 1762 778 1826 anima
802 1762 923 1827 mentio
940 1785 974 1828 se
992 1763 1134 1854 ingessit,
1160 1787 1228 1828 non
1250 1762 1425 1833 absurdum
1445 1780 1492 1830 est
1512 1784 1779 1842 commemorare,
1797 1784 1869 1849 quae
1892 1760 2113 1827 alternationis

499 1883 635 1948 varietas
652 1883 858 1972 occupaverit
878 1881 919 1948 de
940 1884 1120 1950 animarum
1142 1886 1278 1976 origine.
1301 1886 1402 1949 Aiunt
1418 1883 1620 1975 philosophi,
1639 1906 1776 1974 quorum
1798 1881 1895 1947 duces
1918 1896 1992 1946 sunt
2014 1881 2111 1947 Plato

441 2069 448 2082 ,
499 2018 532 2068 et
550 2003 765 2093 Pythagoras,
782 2003 898 2091 quibus
918 2019 951 2068 et
972 2020 1007 2068 tu
1024 2022 1172 2094 exparte
1195 1988 1545 2094 maxima'acquiescis,
1568 2004 1691 2069 animas
1710 2002 1830 2068 scilicet
1852 2001 1931 2067 olim
1956 2000 1998 2065 ab
2014 2001 2111 2066 initio

500 2121 600 2187 factas
620 2121 830 2210 conditasque
846 2123 880 2186 in
896 2123 1049 2189 thesauris
1070 2125 1142 2202 Dei,
1175 2126 1314 2214 indeque
1335 2125 1379 2190 ob
1399 2125 1567 2213 antiquum
1582 2124 1656 2188 vitae
1678 2123 1863 2214 contagium
1885 2124 1918 2185 in
1934 2143 2111 2211 corporum

503 2234 697 2327 ergastulum
711 2235 827 2326 lapsas,
846 2261 1016 2326 rursusque
1033 2240 1060 2304 si
1075 2263 1190 2329 corpus
1202 2243 1287 2327 juste
1298 2240 1561 2331 gubernaverint,
1584 2238 1627 2304 ad
1640 2239 1779 2327 antiqnae
1794 2237 1969 2303 honestatis
1984 2236 2111 2303 vultum

502 2358 692 2424 meritorum
714 2357 861 2422 vehiculo
888 2358 1044 2425 redituras
1070 2358 1190 2427 ferunt.
1220 2362 1262 2425 Et
1280 2361 1442 2443 haeretici,
1471 2361 1613 2425 animam
1638 2375 1764 2450 partem
1788 2383 1857 2424 esse
1888 2359 2005 2423 divinae
2025 2357 2111 2422 sub-

500 2478 624 2544 stantiae
648 2475 901 2560 contenderunt,
931 2480 1131 2545 occasionem
1152 2481 1246 2568 hujus
1273 2481 1390 2547 fabulae
1412 2480 1490 2546 inde
1512 2470 1691 2569 rapientes,
1716 2477 1806 2568 quod
1827 2480 1979 2568 scriptum
2002 2493 2051 2542 est
2072 2478 2110 2544 in

500 2596 638 2666 Genesi²
661 2621 669 2663 :
691 2598 756 2662 «Et
771 2596 909 2664 sufflavit
931 2600 1018 2665 Deus
1037 2601 1205 2667 infaciem
1224 2605 1302 2689 ejus,
1318 2633 1332 2661 »
1352 2602 1472 2668 scilicet
1490 2601 1589 2682 Adae,
1613 2599 1834 2692 «spiraculum
1853 2601 1939 2664 vitae.
1954 2631 1968 2656 υ
1987 2600 2109 2664 Contra

501 2743 582 2810 quos
602 2719 729 2783 intonat
744 2718 885 2784 breviter
907 2720 1125 2809 Augustinus:
1147 2754 1161 2778 «ι
1176 2722 1301 2804 Fletus,
1324 2723 1445 2811 inquit,
1464 2722 1518 2786 ille
1540 2721 1656 2785 dicitur
1675 2720 1731 2811 qui
1751 2720 1919 2784 hominem
1935 2718 2107 2795 ,animavit

501 2841 617 2907 Factus
631 2855 679 2904 est
694 2839 735 2903 ab
752 2840 836 2930 ipso,
854 2863 921 2905 non
937 2840 978 2906 de
994 2841 1080 2932 ipso,
1101 2844 1177 2932 quia
1193 2867 1253 2909 nec
1267 2845 1408 2909 hominis
1421 2841 1514 2909 flatus
1523 2842 1664 2907 hominis
1676 2864 1750 2931 pars
1765 2857 1826 2920 est,
1839 2862 1899 2905 nec
1914 2839 2016 2905 homo
2032 2860 2110 2904 eum

500 2960 633 3027 sacitde
649 2960 765 3052 seipso,
783 2960 841 3027 sed
856 2984 896 3026 ex
912 2983 1008 3027 aereo
1025 2961 1127 3027 halitu
1143 2980 1270 3057 sumpto
1287 2980 1320 3030 et
1336 2964 1451 3030 effuso.
1464 2996 1478 3022 ι
1497 2965 1577 3028 Item
1595 2961 1725 3028 fuerunt
1740 2960 1873 3052 quidam
1889 2961 2001 3025 crassis
2014 2960 2111 3051 igno-

502 3083 613 3148 rantiae
634 3083 775 3147 tenebris
791 3081 949 3163 obvoluti,
967 3084 1022 3173 qui
1037 3084 1147 3151 venire
1157 3087 1288 3150 animas
1308 3110 1348 3152 ex
1364 3085 1497 3151 traduce
1517 3083 1697 3151 delirabant
1715 3106 1724 3149 ι
1747 3063 2013 3172 quos-confutare
2030 3103 2110 3168 quo·

501 3201 678 3268 dammodo
701 3217 749 3267 est
763 3226 877 3268 eorum
893 3203 1029 3293 ineptias
1049 3203 1217 3271 roborare.
1239 3206 1297 3270 His
1313 3206 1414 3272 tribus
1435 3202 1566 3270 naeniis'
1588 3204 1679 3294 quasi
1693 3203 1811 3268 rationi
1831 3201 1974 3268 adversis
1994 3200 2106 3264 ortho-

501 3319 596 3387 doxae
611 3321 752 3386 veritatis
767 3321 876 3412 gladio
890 3323 1059 3414 amputatis
1078 3345 1086 3389 :
1105 3341 1251 3389 asserunt
1268 3326 1368 3391 sancti
1384 3326 1494 3391 Patres
1511 3325 1639 3390 noviter
1650 3325 1764 3390 creatis
1779 3321 1972 3414 corporibus
1985 3336 2107 3385 cruam

501 3439 629 3505 noviter
644 3440 767 3506 animas
781 3443 928 3535 quotidie.
945 3442 1086 3524 infundi,
1101 3446 1195 3530 juxta
1212 3444 1248 3510 id
1255 3443 1435 3538 Evangelii*
1453 3468 1462 3512 ε
1486 3475 1500 3501 u
1512 3445 1609 3510 Pater
1618 3466 1820 3534 mensusque
1831 3440 2105 3532 modooperann.

501 3575 533 3625 et
557 3584 617 3651 ego
645 3583 811 3651 operor.»
843 3563 895 3627 Τιι
920 3562 1028 3651 itaque
1057 3587 1076 3629 a
1101 3564 1263 3630 doctrinae
1289 3565 1434 3631 salutaris
1462 3565 1590 3631 tramite
1623 3565 1753 3646 devius,
1780 3565 1815 3630 in
1839 3563 2106 3655 philosophorum

501 3679 650 3771 scopulos
670 3680 812 3746 ruis.·Et
832 3680 911 3747 dum
934 3682 1124 3773 dignitatern
1145 3685 1260 3750 animae
1275 3686 1412 3771 jactitas,
1430 3686 1588 3778 originem
1607 3686 1639 3751 ei
1654 3686 1812 3752 adoream
1829 3683 1908 3749 flore
1922 3683 2024 3770 jejuni
2039 3681 2107 3748 elo-

501 3801 568 3889 quii
588 3801 788 3868 nundinaris.
806 3801 906 3886 Quod
924 3803 950 3868 si
970 3805 1004 3869 in
1021 3805 1108 3870 Petri
1124 3805 1284 3897 opusculis
1302 3806 1396 3891 hujus
1410 3806 1799 3899 vecordiamreperisses,
1817 3829 1885 3872 non
1901 3821 1950 3871 est
1969 3802 2105 3871 dubium

470 4014 472 4019 Α
502 3920 582 4009 quin
597 3943 670 3985 earn
686 3923 770 3988 inter
784 3922 838 3989 illa
855 3947 928 4013 quae
942 3927 1092 4016 peperisti
1105 3926 1319 4019 capitulorum
1333 3944 1477 3993 monstra
1490 3928 1637 3994 locasses.

546 4040 632 4106 Hinc
654 4039 697 4106 ad
713 4041 791 4107 alios
807 4046 856 4107 tni
870 4047 991 4136 ingenii
1006 4046 1128 4113 fructus
1144 4047 1294 4114 articulus
1314 4064 1363 4114 est
1376 4048 1565 4115 vertendus.
1582 4021 1741 4132 Quanta
1758 4062 1791 4112 te
1806 4046 1857 4111 vir
1876 4045 1960 4113 collo
1977 4042 2105 4110 inflatus

501 4183 655 4243 romano,
678 4161 756 4252 quid
776 4163 816 4226 sit
833 4162 1050 4255 diligendum,
1072 4181 1106 4231 et
1125 4168 1304 4258 quomodo.
1324 4170 1383 4234 Cui
1400 4170 1445 4235 sic
1458 4167 1628 4235 rescribisr
1649 4168 1843 4233 «Orationes
1857 4190 1878 4232 a
1898 4189 1970 4247 me,
1987 4165 2103 4230 Aimc·

501 4279 580 4360 rioe,
597 4299 632 4347 et
646 4306 714 4347 non
730 4282 924 4372 questiones
938 4283 1080 4376 flagitare
1095 4287 1232 4354 solebas.
1248 4318 1263 4346 ι
1282 4289 1323 4354 Et
1338 4305 1413 4380 post
1425 4313 1546 4381 panca:
1570 4289 1722 4373 «Quaeris
1737 4286 1816 4378 quid
1831 4289 1873 4354 sit
1888 4284 2100 4378 diligendum·

533 4526 680 4594 wattun,
691 4542 746 4593 cap.
759 4542 800 4595 ιιι,
813 4543 837 4583 ι.
847 4534 891 4640 30.
903 4557 935 4570 -
949 4533 1062 4599 ’Germ
1073 4546 1171 4600 capu,
1184 4548 1207 4586 ι.
1227 4538 1251 4587 t.
1266 4562 1296 4574 -
1309 4536 1401 4588 mmo.
1417 4537 1500 4589 soum
1510 4537 1640 4590 dudm·
1656 4536 1757 4602 ⁴loru..
1769 4551 1823 4602 erp.
1837 4551 1864 4602 r,
1873 4551 1897 4590 ι.
1911 4539 1951 4590 tr.
