4559 6100
485 477 557 548 616
1090 480 1217 551 Putat
1243 482 1475 553 AssAEttttot

484 630 560 726 ipse
587 628 764 698 Dominus
780 653 847 725 pro
874 627 1166 724 crucifigentibus
1193 654 1231 702 se
1258 644 1337 702 orat
1360 631 1504 702 dicens¹
1532 660 1540 700 :
1571 636 1686 717 Pater,
1715 629 1855 703 dimitte
1875 631 1971 702 illis:
1997 657 2071 703 non

482 735 579 804 enim
595 735 712 805 sciunt
734 734 822 832 quid
845 734 980 807 faciunt
999 762 1007 805 τ
1028 737 1083 807 vel
1109 735 1310 832 Stephanus
1332 736 1405 810 hoc
1430 738 1622 809 instructus
1644 735 1807 835 exemplo
1833 762 1899 835 pro
1917 736 2074 835 lapidan-

482 852 576 925 tibus
591 854 796 952 supplicans
810 857 896 927 ait²t
910 857 1076 947 Domine,
1094 880 1140 926 ne
1157 870 1289 928 statuas
1299 855 1367 927 illis
1376 856 1447 928 hoo
1456 872 1674 955 pecccatum.
1689 863 1766 928 Non
1779 857 1875 928 enirn
1889 856 2074 953 ignoscen-

485 972 574 1043 dum
592 971 745 1066 videtur,
764 973 826 1043 ubi
846 974 953 1071 culpa
969 1000 1043 1045 non
1067 977 1262 1073 praecessit3
1284 1000 1351 1047 nec
1366 974 1464 1048 aliud
1480 977 1571 1047 solet
1586 976 1657 1046 dici
1674 976 1824 1072 ignosci,
1843 975 1912 1047 nisi
1929 999 2073 1072 poenam

485 1091 684 1165 condonari
708 1118 817 1190 quam
841 1091 947 1191 culpa
963 1096 1105 1165 meruit.
1125 1095 1326 1193 Stephanus
1351 1096 1497 1193 insuper
1521 1110 1707 1194 peccatum
1724 1109 1886 1192 patenter
1903 1094 2071 1192 appellat,

485 1212 584 1309 quod
602 1212 647 1284 de
665 1214 866 1310 ignorantia
882 1229 970 1286 erat.

1111 1417 1289 1507 CAPUT
1328 1418 1441 1507 xlv.

1008 1631 1085 1703 Quot
1113 1628 1206 1687 modis
1229 1641 1379 1707 peccatum
1405 1628 1534 1687 dicatur?

532 1828 602 1898 Sed
626 1842 664 1898 ut
686 1827 836 1923 objectis
859 1829 1000 1926 plenius
1016 1827 1317 1925 respondeamus,
1335 1828 1520 1899 sciendum
1538 1842 1592 1899 est
1615 1851 1749 1898 nomen
1767 1826 1904 1923 peccati
1924 1826 2070 1897 diversis

485 1947 600 2017 rnodis
627 1947 741 2044 accipi
766 1973 774 2014 ε
796 1947 940 2044 proprie
964 1961 1083 2017 tamen
1106 1961 1293 2044 peccatum
1313 1945 1443 2018 dicitur
1456 1947 1533 2044 ipse
1557 1946 1621 2017 Dei
1642 1958 1884 2042 contemptus,
1906 1944 1962 2015 vel
1984 1969 2068 2017 con·

482 2087 606 2134 sensus
619 2064 655 2134 in
680 2066 832 2155 malum,
853 2079 892 2136 ut
910 2089 1019 2163 supro
1037 2066 1266 2137 meminimus
1285 2091 1293 2135 ε
1318 2089 1428 2162 aquo
1446 2064 1585 2161 parvuli
1602 2078 1685 2134 sunt
1705 2065 1894 2151 immunes,
1915 2076 1952 2134 et
1968 2079 2068 2136 natu·

482 2182 601 2253 raliter
627 2183 737 2272 stulti,
764 2185 825 2280 qui
848 2209 931 2254 cum
953 2185 1080 2255 merita
1098 2208 1172 2254 non
1189 2183 1347 2255 habeant
1371 2199 1542 2280 tanquam
1561 2183 1700 2254 ratione
1721 2197 1894 2267 carentes,
1913 2182 2068 2253 nihileis

481 2291 528 2363 ad
545 2308 731 2391 peccatum
749 2295 958 2391 imputatur,
975 2309 1011 2366 et
1026 2294 1258 2366 solummodo
1276 2319 1340 2392 per
1356 2307 1576 2366 sacramenta
1596 2294 1789 2364 salvantur.
1811 2292 1947 2363 Dicitur
1963 2293 2067 2365 etiam

480 2427 668 2508 peccatum
678 2412 797 2484 hostia
810 2438 876 2510 pro
886 2428 1046 2512 peccato,
1060 2413 1258 2486 secundum
1272 2413 1372 2509 quod
1383 2413 1571 2510 Apostolus
1580 2416 1699 2482 lesum
1710 2411 1889 2483 Christum
1903 2411 1990 2482 dicit
1998 2412 2067 2483 lac·

480 2544 558 2601 tum
566 2556 642 2603 esse
652 2546 837 2629 peccatum
847 2535 871 2600 ³.
882 2537 993 2604 Poena
1008 2533 1115 2605 etiam
1131 2532 1267 2630 peccati
1284 2531 1414 2604 dicitur
1429 2544 1617 2629 peccatum
1633 2530 1707 2600 sive
1718 2527 1959 2618 maledictum,
1969 2531 2067 2624 juxta

480 2649 579 2744 quod
597 2649 749 2721 dicimus
766 2665 953 2747 peccatum
970 2650 1113 2739 dimitti,
1132 2650 1204 2722 hoc
1222 2666 1275 2722 est
1290 2673 1435 2748 poenam
1450 2648 1664 2734 condonari,
1682 2662 1717 2719 et
1733 2649 1931 2722 Dominum
1946 2652 2065 2719 lesum

480 2782 639 2861 portasse
665 2782 810 2864 peccata
836 2783 970 2858 nostra,
999 2769 1071 2840 hoc
1097 2783 1151 2839 est
1174 2793 1320 2866 poenam
1347 2781 1575 2865 peccatorum
1605 2779 1835 2853 nostrorum,
1864 2765 1921 2837 vel
1948 2791 1991 2836 ex
2017 2768 2067 2837 eis

478 2887 727 2981 provenientes
744 2886 963 2958 sustinuisse.
981 2886 1051 2958 Sed
1073 2911 1156 2957 cum
1170 2886 1339 2984 parvulos
1355 2884 1529 2982 originale
1545 2899 1734 2982 peccatum
1751 2884 1903 2956 dicimus
1919 2884 2063 2973 habere,

478 3003 533 3075 vel
544 3028 611 3076 nos
629 3027 768 3093 omnes,
788 3004 988 3077 secundum
1003 3005 1233 3104 Apostolum,
1254 3006 1290 3076 in
1304 3003 1416 3077 Adam
1433 3028 1610 3103 peccasse,
1625 3005 1693 3077 tale
1712 3017 1777 3094 est,
1792 3005 1874 3076 acsi
1891 3002 2066 3076 diceretur

477 3148 498 3194 a
522 3139 669 3221 peccato
696 3125 788 3196 illius
811 3126 985 3223 originem
1007 3138 1135 3197 nostrae
1158 3149 1272 3223 poenae
1287 3126 1344 3197 vel
1366 3124 1607 3198 damnationis
1627 3125 1841 3198 sententiam
1863 3124 2060 3194 incurrisse.

477 3246 595 3341 Opera
619 3268 763 3341 quoque
787 3248 864 3344 ipsa
885 3245 1034 3342 peccati,
1055 3243 1111 3315 vel
1128 3243 1308 3341 quidquid
1326 3268 1401 3315 non
1426 3259 1520 3316 recte
1544 3246 1675 3316 scimus
1701 3257 1763 3314 aut
1787 3240 1967 3332 volumus,
1992 3266 2063 3312 non

476 3387 663 3460 nunquam
688 3379 833 3461 peccata
856 3363 1020 3437 dicimus.
1042 3364 1127 3452 Quis
1148 3376 1202 3434 est
1218 3363 1314 3434 enim
1333 3364 1489 3461 aliquem
1515 3363 1638 3435 lecisse
1662 3376 1867 3461 peccatum,
1892 3361 1959 3431 nisi
1985 3385 2065 3459 pec-

476 3484 544 3553 cati
570 3482 735 3581 implesse
764 3483 957 3554 ellectum?
984 3488 1056 3553 Nec
1088 3483 1217 3553 mirum
1246 3507 1361 3553 :cum
1387 3507 1407 3553 c
1434 3506 1609 3554 converso
1633 3484 1708 3580 ipsa
1736 3494 1880 3578 peccata
1898 3504 2064 3551 vocemus

475 3603 579 3689 facta,
591 3603 691 3695 juxta
702 3601 790 3673 illud
801 3601 980 3674 Athanasii
997 3629 1035 3670 :u
1052 3606 1094 3671 Et
1102 3600 1276 3672 reddituri
1288 3614 1384 3691 sunt,
1397 3601 1526 3697 inquit,
1537 3601 1582 3671 de
1597 3600 1696 3672 lactis
1704 3599 1859 3698 propriis
1873 3599 2060 3685 rationem,

474 3722 581 3816 etqui
595 3719 694 3791 bona
705 3734 864 3817 egerunt,
877 3718 981 3790 ibunt
995 3720 1031 3790 in
1048 3720 1157 3790 vitam
1169 3734 1353 3802 aeternam,
1365 3720 1427 3816 qui
1442 3742 1528 3789 vero
1543 3719 1648 3808 mala,
1665 3718 1836 3813 inignem
1847 3731 2058 3787 aeternum.»

475 3837 570 3922 Quid
595 3855 646 3910 est
663 3840 758 3908 enim
776 3838 821 3909 de
840 3837 940 3909 lactis
955 3838 1134 3936 propriis?
1152 3843 1205 3909 An
1222 3852 1394 3933 tanquam
1413 3834 1459 3907 de
1481 3835 1537 3908 his
1558 3851 1698 3908 tantum
1715 3860 1794 3932 quae
1809 3859 1919 3932 opere
1936 3833 2061 3934 imple-

475 3971 624 4045 verunt,
656 3955 858 4028 laciendum
887 3959 932 4028 sit
950 3957 1147 4053 judicium,
1173 3971 1213 4028 ut
1236 3955 1316 4053 plus
1339 3955 1489 4051 accipiat
1521 3956 1558 4025 in
1585 3955 1875 4027 remuneratione
1899 3954 1960 4051 qui
1983 3949 2062 4050 plus

475 4072 637 4143 habuerit
661 4074 697 4143 in
722 4078 855 4172 opere?
882 4074 939 4147 vel
962 4100 982 4147 a
1007 4076 1241 4148 damnatione
1266 4076 1310 4145 sit
1332 4073 1523 4165 immunis,
1550 4075 1674 4171 quiin
1697 4072 1864 4170 eoquod
1893 4071 2058 4162 intendit,

472 4191 599 4262 ellectu
622 4194 747 4281 caruit,
772 4194 862 4266 sicut
886 4196 961 4291 ipse
980 4193 1145 4265 diabolus
1168 4194 1243 4290 qui,
1266 4193 1365 4289 quod
1382 4194 1609 4290 praesumpsit
1631 4191 1782 4283 allectu,
1803 4216 1879 4262 non
1906 4191 2061 4264 obtinuit

472 4310 627 4382 ellectu?
642 4310 750 4394 Absit.
777 4316 830 4382 De
849 4312 948 4383 lactis
971 4313 1089 4407 itaque
1105 4312 1260 4410 propriis
1278 4310 1364 4382 dicit
1386 4310 1432 4382 de
1455 4335 1633 4386 consensu
1655 4336 1782 4384 eorum
1804 4336 1884 4408 quae
1915 4312 2061 4409 implere

471 4430 717 4522 decreverunt,
732 4431 804 4502 hoc
818 4446 871 4502 cst
882 4429 927 4501 de
940 4430 1093 4528 peccatis
1106 4455 1185 4528 quae
1196 4430 1293 4528 apud
1307 4430 1505 4504 Dominum
1519 4455 1588 4531 pro
1602 4455 1711 4529 opere
1726 4431 1809 4502 facti
1822 4430 2058 4528 deputantur3

438 4603 444 4622 .
470 4573 555 4619 curn
573 4548 629 4621 ille
646 4551 778 4622 scilicet
790 4552 840 4622 sic
857 4551 981 4649 puniat
999 4550 1058 4622 illa
1071 4551 1175 4622 sicuti
1188 4573 1255 4621 nos
1271 4573 1393 4648 opera.
1409 4552 1501 4621 Cum
1520 4564 1640 4622 autem
1656 4549 1858 4650 Stephanus
1875 4561 2060 4646 peccatum

470 4669 568 4758 dicit,
590 4668 690 4766 quod
706 4695 770 4767 per
788 4670 1025 4767 ignorantiam
1042 4671 1078 4741 in
1096 4670 1215 4767 ipsum
1232 4668 1503 4740 committebant
1520 4667 1643 4756 ludaei,
1663 4692 1807 4766 poenam
1821 4655 1935 4766 ipsam
1951 4689 2059 4764 quam

470 4789 671 4884 patiebatur
691 4814 734 4860 ex
760 4803 907 4887 peccato
930 4790 1129 4892 primorum
1148 4802 1358 4887 pareutum,
1377 4789 1468 4860 sicut
1491 4801 1526 4859 et
1545 4802 1679 4860 ceteras
1702 4787 1955 4885 provenientes
1975 4812 1984 4856 ε
2004 4783 2059 4856 vel

501 5045 590 5110 'buc.,
601 5060 657 5110 cap.
669 5060 744 5110 nur,
759 5059 783 5098 v.
798 5050 837 5098 st.
853 5073 882 5084 -
894 5047 965 5096 ’Aet
979 5048 1080 5110 Apost,
1092 5059 1147 5107 cap.
1163 5059 1211 5107 ru,
1227 5059 1249 5093 r.
1264 5048 1303 5096 59.
1316 5071 1343 5082 -
1354 5047 1364 5077 ³
1376 5043 1488 5095 Corinth.
1502 5043 1535 5108 ll,
1550 5057 1643 5106 capr,
1658 5056 1682 5094 r,
1693 5045 1733 5093 tt.
