<?xml version="1.0" encoding="UTF-8"?>
<!DOCTYPE html PUBLIC "-//W3C//DTD XHTML 1.0 Transitional//EN"
    "http://www.w3.org/TR/xhtml1/DTD/xhtml1-transitional.dtd">
<html xmlns="http://www.w3.org/1999/xhtml" xml:lang="en" lang="en">
 <head>
  <title>
</title>
<meta http-equiv="Content-Type" content="text/html;charset=utf-8" />
  <meta name='ocr-system' content='tesseract 3.04.00' />
  <meta name='ocr-capabilities' content='ocr_page ocr_carea ocr_par ocr_line ocrx_word'/>
</head>
<body>
  <div class='ocr_page' id='page_1' title='image "./petriablardiope00despgoog_0524.png"; bbox 0 0 4559 6100; ppageno 0'>
   <div class='ocr_carea' id='block_1_1' title="bbox 489 535 1486 622">
    <p class='ocr_par' dir='ltr' id='par_1_1' title="bbox 489 535 1486 622">
     <span class='ocr_line' id='line_1_1' title="bbox 489 535 1486 622; baseline -0.014 0"><span class='ocrx_word' id='word_1_1' title='bbox 489 547 563 622; x_wconf 71' lang='lat'>482</span> <span class='ocrx_word' id='word_1_2' title='bbox 1092 537 1220 610; x_wconf 74' lang='lat' dir='ltr'>PE‘l’Rl</span> <span class='ocrx_word' id='word_1_3' title='bbox 1251 535 1486 612; x_wconf 79' lang='lat' dir='ltr'><strong>ABAELARDI</strong></span> 
     </span>
    </p>
   </div>
   <div class='ocr_carea' id='block_1_2' title="bbox 484 687 2089 4996">
    <p class='ocr_par' dir='ltr' id='par_1_2' title="bbox 489 687 2089 1873">
     <span class='ocr_line' id='line_1_2' title="bbox 491 687 2088 789; baseline -0.006 -20"><span class='ocrx_word' id='word_1_4' title='bbox 491 698 628 770; x_wconf 88' lang='lat' dir='ltr'>dictum</span> <span class='ocrx_word' id='word_1_5' title='bbox 649 708 722 766; x_wconf 83' lang='lat' dir='ltr'>est:</span> <span class='ocrx_word' id='word_1_6' title='bbox 748 692 802 765; x_wconf 82' lang='lat' dir='ltr'>Ab</span> <span class='ocrx_word' id='word_1_7' title='bbox 817 690 944 765; x_wconf 89' lang='lat' dir='ltr'>habitu</span> <span class='ocrx_word' id='word_1_8' title='bbox 960 688 1108 789; x_wconf 89' lang='lat' dir='ltr'>quidem</span> <span class='ocrx_word' id='word_1_9' title='bbox 1124 689 1162 762; x_wconf 93' lang='lat' dir='ltr'>in</span> <span class='ocrx_word' id='word_1_10' title='bbox 1179 690 1417 789; x_wconf 78' lang='lat' dir='ltr'>privationem</span> <span class='ocrx_word' id='word_1_11' title='bbox 1433 687 1474 761; x_wconf 83' lang='lat' dir='ltr'>fn</span> <span class='ocrx_word' id='word_1_12' title='bbox 1491 688 1663 777; x_wconf 89' lang='lat' dir='ltr'>mutatio,</span> <span class='ocrx_word' id='word_1_13' title='bbox 1685 711 1707 759; x_wconf 89' lang='lat' dir='ltr'>a</span> <span class='ocrx_word' id='word_1_14' title='bbox 1723 688 1924 787; x_wconf 90' lang='lat' dir='ltr'>privatione</span> <span class='ocrx_word' id='word_1_15' title='bbox 1945 710 2031 759; x_wconf 88' lang='lat' dir='ltr'>vero</span> <span class='ocrx_word' id='word_1_16' title='bbox 2050 689 2088 759; x_wconf 94' lang='lat' dir='ltr'>in</span> 
     </span>
     <span class='ocr_line' id='line_1_3' title="bbox 490 808 2088 915; baseline -0.006 -27"><span class='ocrx_word' id='word_1_17' title='bbox 490 816 655 890; x_wconf 86' lang='lat' dir='ltr'>habitum</span> <span class='ocrx_word' id='word_1_18' title='bbox 671 811 891 915; x_wconf 90' lang='lat' dir='ltr'>impossibile</span> <span class='ocrx_word' id='word_1_19' title='bbox 908 811 986 885; x_wconf 76' lang='lat' dir='ltr'>esti</span> <span class='ocrx_word' id='word_1_20' title='bbox 1011 816 1135 909; x_wconf 86' lang='lat' dir='ltr'><strong>Neque</strong></span> <span class='ocrx_word' id='word_1_21' title='bbox 1154 810 1252 882; x_wconf 88' lang='lat' dir='ltr'>enim</span> <span class='ocrx_word' id='word_1_22' title='bbox 1268 835 1381 882; x_wconf 86' lang='lat' dir='ltr'>caecus</span> <span class='ocrx_word' id='word_1_23' title='bbox 1398 809 1511 882; x_wconf 86' lang='lat' dir='ltr'>factus</span> <span class='ocrx_word' id='word_1_24' title='bbox 1530 832 1653 880; x_wconf 91' lang='lat' dir='ltr'>rursus</span> <span class='ocrx_word' id='word_1_25' title='bbox 1673 808 1783 901; x_wconf 86' lang='lat' dir='ltr'>videt,</span> <span class='ocrx_word' id='word_1_26' title='bbox 1811 822 1879 881; x_wconf 89' lang='lat' dir='ltr'>etc.</span> <span class='ocrx_word' id='word_1_27' title='bbox 1902 808 2088 904; x_wconf 33' lang='lat' dir='ltr'>,Numquid</span> 
     </span>
     <span class='ocr_line' id='line_1_4' title="bbox 491 927 2089 1035; baseline -0.007 -26"><span class='ocrx_word' id='word_1_28' title='bbox 491 953 526 1009; x_wconf 90' lang='lat' dir='ltr'>et</span> <span class='ocrx_word' id='word_1_29' title='bbox 542 937 696 1034; x_wconf 84' lang='lat' dir='ltr'>Virginis</span> <span class='ocrx_word' id='word_1_30' title='bbox 721 951 843 1035; x_wconf 88' lang='lat' dir='ltr'>partus</span> <span class='ocrx_word' id='word_1_31' title='bbox 861 934 1012 1007; x_wconf 89' lang='lat' dir='ltr'>omniuo</span> <span class='ocrx_word' id='word_1_32' title='bbox 1035 930 1086 1004; x_wconf 90' lang='lat' dir='ltr'>illi</span> <span class='ocrx_word' id='word_1_33' title='bbox 1105 930 1312 1030; x_wconf 84' lang='lat' dir='ltr'>praejudicat</span> <span class='ocrx_word' id='word_1_34' title='bbox 1330 930 1581 1030; x_wconf 84' lang='lat' dir='ltr'>propositioni,</span> <span class='ocrx_word' id='word_1_35' title='bbox 1606 954 1684 1025; x_wconf 88' lang='lat' dir='ltr'>quae</span> <span class='ocrx_word' id='word_1_36' title='bbox 1707 928 1911 1027; x_wconf 79' lang='lat' dir='ltr'>frequenter</span> <span class='ocrx_word' id='word_1_37' title='bbox 1933 927 2089 1026; x_wconf 80' lang='lat' dir='ltr'>aplrilo·</span> 
     </span>
     <span class='ocr_line' id='line_1_5' title="bbox 490 1048 2086 1157; baseline -0.009 -26"><span class='ocrx_word' id='word_1_38' title='bbox 490 1057 615 1157; x_wconf 86' lang='lat' dir='ltr'>sophis</span> <span class='ocrx_word' id='word_1_39' title='bbox 645 1058 681 1128; x_wconf 91' lang='lat' dir='ltr'>in</span> <span class='ocrx_word' id='word_1_40' title='bbox 708 1054 915 1156; x_wconf 83' lang='lat' dir='ltr'>exemplum</span> <span class='ocrx_word' id='word_1_41' title='bbox 941 1053 1150 1126; x_wconf 78' lang='lat' dir='ltr'>necessarie</span> <span class='ocrx_word' id='word_1_42' title='bbox 1174 1051 1440 1148; x_wconf 74' lang='lat' dir='ltr'>consequentiae</span> <span class='ocrx_word' id='word_1_43' title='bbox 1464 1075 1527 1122; x_wconf 91' lang='lat' dir='ltr'>sen</span> <span class='ocrx_word' id='word_1_44' title='bbox 1554 1050 1875 1147; x_wconf 81' lang='lat' dir='ltr'>argumentationis</span> <span class='ocrx_word' id='word_1_45' title='bbox 1902 1048 2048 1120; x_wconf 76' lang='lat' dir='ltr'>affertur</span> <span class='ocrx_word' id='word_1_46' title='bbox 2077 1076 2086 1117; x_wconf 93' lang='lat'>:</span> 
     </span>
     <span class='ocr_line' id='line_1_6' title="bbox 489 1167 2085 1278; baseline -0.009 -28"><span class='ocrx_word' id='word_1_47' title='bbox 489 1180 527 1250; x_wconf 89' lang='lat' dir='ltr'>Si</span> <span class='ocrx_word' id='word_1_48' title='bbox 543 1177 696 1278; x_wconf 84' lang='lat' dir='ltr'>peperit,</span> <span class='ocrx_word' id='word_1_49' title='bbox 716 1202 800 1249; x_wconf 91' lang='lat' dir='ltr'>cum</span> <span class='ocrx_word' id='word_1_50' title='bbox 817 1176 897 1247; x_wconf 89' lang='lat' dir='ltr'>viro</span> <span class='ocrx_word' id='word_1_51' title='bbox 914 1171 1138 1246; x_wconf 81' lang='lat' dir='ltr'>concubuit?</span> <span class='ocrx_word' id='word_1_52' title='bbox 1157 1175 1203 1243; x_wconf 89' lang='lat' dir='ltr'>Ut</span> <span class='ocrx_word' id='word_1_53' title='bbox 1220 1169 1306 1243; x_wconf 90' lang='lat' dir='ltr'>hinc</span> <span class='ocrx_word' id='word_1_54' title='bbox 1319 1195 1466 1269; x_wconf 89' lang='lat' dir='ltr'>qnoque</span> <span class='ocrx_word' id='word_1_55' title='bbox 1483 1184 1653 1270; x_wconf 89' lang='lat' dir='ltr'>appareat</span> <span class='ocrx_word' id='word_1_56' title='bbox 1665 1169 1766 1268; x_wconf 91' lang='lat' dir='ltr'>quod</span> <span class='ocrx_word' id='word_1_57' title='bbox 1783 1170 1832 1243; x_wconf 88' lang='lat' dir='ltr'>ait</span> <span class='ocrx_word' id='word_1_58' title='bbox 1847 1167 2054 1267; x_wconf 79' lang='lat' dir='ltr'>Apostolus¹</span> <span class='ocrx_word' id='word_1_59' title='bbox 2077 1197 2085 1236; x_wconf 75' lang='grc' dir='ltr'><strong><em>ε</em></strong></span> 
     </span>
     <span class='ocr_line' id='line_1_7' title="bbox 493 1287 2089 1390; baseline -0.004 -24"><span class='ocrx_word' id='word_1_60' title='bbox 493 1331 511 1366; x_wconf 73' lang='lat' dir='ltr'>a</span> <span class='ocrx_word' id='word_1_61' title='bbox 526 1303 655 1370; x_wconf 89' lang='lat' dir='ltr'>Nonne</span> <span class='ocrx_word' id='word_1_62' title='bbox 678 1296 821 1370; x_wconf 87' lang='lat' dir='ltr'>stultam</span> <span class='ocrx_word' id='word_1_63' title='bbox 845 1294 925 1367; x_wconf 89' lang='lat' dir='ltr'>lecit</span> <span class='ocrx_word' id='word_1_64' title='bbox 946 1296 1043 1365; x_wconf 89' lang='lat' dir='ltr'>Deus</span> <span class='ocrx_word' id='word_1_65' title='bbox 1060 1290 1272 1390; x_wconf 83' lang='lat' dir='ltr'>sapientiam</span> <span class='ocrx_word' id='word_1_66' title='bbox 1290 1290 1398 1387; x_wconf 89' lang='lat' dir='ltr'>hujus</span> <span class='ocrx_word' id='word_1_67' title='bbox 1413 1289 1566 1363; x_wconf 77' lang='lat' dir='ltr'>muudi?</span> <span class='ocrx_word' id='word_1_68' title='bbox 1583 1321 1601 1356; x_wconf 70' lang='lat'>2&gt;</span> <span class='ocrx_word' id='word_1_69' title='bbox 1620 1288 1728 1378; x_wconf 90' lang='lat' dir='ltr'>Quod</span> <span class='ocrx_word' id='word_1_70' title='bbox 1749 1290 1779 1361; x_wconf 92' lang='lat' dir='ltr'>si</span> <span class='ocrx_word' id='word_1_71' title='bbox 1796 1303 1834 1361; x_wconf 92' lang='lat' dir='ltr'>ut</span> <span class='ocrx_word' id='word_1_72' title='bbox 1851 1287 2089 1387; x_wconf 88' lang='lat' dir='ltr'>philosophos</span> 
     </span>
     <span class='ocr_line' id='line_1_8' title="bbox 489 1408 2087 1515; baseline -0.008 -24"><span class='ocrx_word' id='word_1_73' title='bbox 489 1418 625 1511; x_wconf 87' lang='lat' dir='ltr'>salves,</span> <span class='ocrx_word' id='word_1_74' title='bbox 662 1441 705 1490; x_wconf 92' lang='lat' dir='ltr'>ea</span> <span class='ocrx_word' id='word_1_75' title='bbox 735 1440 814 1513; x_wconf 82' lang='lat' dir='ltr'>quae</span> <span class='ocrx_word' id='word_1_76' title='bbox 836 1439 901 1515; x_wconf 90' lang='lat' dir='ltr'>per</span> <span class='ocrx_word' id='word_1_77' title='bbox 931 1411 1100 1485; x_wconf 90' lang='lat' dir='ltr'>miracula</span> <span class='ocrx_word' id='word_1_78' title='bbox 1122 1408 1214 1482; x_wconf 84' lang='lat' dir='ltr'>liunt</span> <span class='ocrx_word' id='word_1_79' title='bbox 1242 1411 1417 1510; x_wconf 84' lang='lat' dir='ltr'>excipias,</span> <span class='ocrx_word' id='word_1_80' title='bbox 1452 1424 1515 1481; x_wconf 87' lang='lat' dir='ltr'>aut</span> <span class='ocrx_word' id='word_1_81' title='bbox 1545 1410 1582 1481; x_wconf 93' lang='lat' dir='ltr'>iu</span> <span class='ocrx_word' id='word_1_82' title='bbox 1614 1409 1671 1482; x_wconf 90' lang='lat' dir='ltr'>his</span> <span class='ocrx_word' id='word_1_83' title='bbox 1700 1408 1877 1482; x_wconf 84' lang='lat' dir='ltr'>vocabula</span> <span class='ocrx_word' id='word_1_84' title='bbox 1904 1409 2087 1506; x_wconf 89' lang='lat' dir='ltr'>propriam</span> 
     </span>
     <span class='ocr_line' id='line_1_9' title="bbox 490 1528 2086 1636; baseline -0.008 -25"><span class='ocrx_word' id='word_1_85' title='bbox 490 1537 786 1636; x_wconf 84' lang='lat' dir='ltr'>significationem</span> <span class='ocrx_word' id='word_1_86' title='bbox 804 1559 880 1607; x_wconf 92' lang='lat' dir='ltr'>non</span> <span class='ocrx_word' id='word_1_87' title='bbox 900 1534 1089 1606; x_wconf 87' lang='lat' dir='ltr'>observare</span> <span class='ocrx_word' id='word_1_88' title='bbox 1109 1530 1220 1619; x_wconf 87' lang='lat' dir='ltr'>dicas,</span> <span class='ocrx_word' id='word_1_89' title='bbox 1241 1544 1281 1602; x_wconf 93' lang='lat' dir='ltr'>ut</span> <span class='ocrx_word' id='word_1_90' title='bbox 1294 1528 1461 1602; x_wconf 85' lang='lat' dir='ltr'>videlicet</span> <span class='ocrx_word' id='word_1_91' title='bbox 1475 1554 1550 1601; x_wconf 92' lang='lat' dir='ltr'>non</span> <span class='ocrx_word' id='word_1_92' title='bbox 1571 1529 1716 1629; x_wconf 87' lang='lat' dir='ltr'>proprie</span> <span class='ocrx_word' id='word_1_93' title='bbox 1736 1529 1902 1603; x_wconf 89' lang='lat' dir='ltr'>dicautur</span> <span class='ocrx_word' id='word_1_94' title='bbox 1922 1529 2012 1600; x_wconf 86' lang='lat' dir='ltr'>visio</span> <span class='ocrx_word' id='word_1_95' title='bbox 2031 1528 2086 1600; x_wconf 88' lang='lat' dir='ltr'>vel</span> 
     </span>
     <span class='ocr_line' id='line_1_10' title="bbox 489 1650 2085 1758; baseline -0.007 -27"><span class='ocrx_word' id='word_1_96' title='bbox 489 1673 628 1758; x_wconf 86' lang='lat' dir='ltr'>partus,</span> <span class='ocrx_word' id='word_1_97' title='bbox 650 1682 730 1756; x_wconf 89' lang='lat' dir='ltr'>quac</span> <span class='ocrx_word' id='word_1_98' title='bbox 748 1680 814 1755; x_wconf 91' lang='lat' dir='ltr'>per</span> <span class='ocrx_word' id='word_1_99' title='bbox 830 1652 1043 1728; x_wconf 86' lang='lat' dir='ltr'>miraculum</span> <span class='ocrx_word' id='word_1_100' title='bbox 1058 1651 1286 1748; x_wconf 89' lang='lat' dir='ltr'>contingunt,</span> <span class='ocrx_word' id='word_1_101' title='bbox 1321 1664 1457 1749; x_wconf 86' lang='lat' dir='ltr'>quanto</span> <span class='ocrx_word' id='word_1_102' title='bbox 1475 1650 1587 1746; x_wconf 88' lang='lat' dir='ltr'>magis</span> <span class='ocrx_word' id='word_1_103' title='bbox 1603 1651 1641 1722; x_wconf 95' lang='lat' dir='ltr'>in</span> <span class='ocrx_word' id='word_1_104' title='bbox 1666 1651 1744 1748; x_wconf 89' lang='lat' dir='ltr'>ipso</span> <span class='ocrx_word' id='word_1_105' title='bbox 1766 1665 1912 1723; x_wconf 83' lang='lat' dir='ltr'>auctore</span> <span class='ocrx_word' id='word_1_106' title='bbox 1933 1650 2085 1721; x_wconf 90' lang='lat' dir='ltr'>miracu·</span> 
     </span>
     <span class='ocr_line' id='line_1_11' title="bbox 489 1773 1098 1873; baseline -0.013 -22"><span class='ocrx_word' id='word_1_107' title='bbox 489 1777 610 1851; x_wconf 89' lang='lat' dir='ltr'>lorum</span> <span class='ocrx_word' id='word_1_108' title='bbox 634 1777 731 1851; x_wconf 89' lang='lat' dir='ltr'>idem</span> <span class='ocrx_word' id='word_1_109' title='bbox 755 1774 908 1849; x_wconf 89' lang='lat' dir='ltr'>concedi</span> <span class='ocrx_word' id='word_1_110' title='bbox 929 1773 1098 1873; x_wconf 80' lang='lat' dir='ltr'>oportet?</span> 
     </span>
    </p>

    <p class='ocr_par' dir='ltr' id='par_1_3' title="bbox 484 1890 2086 4996">
     <span class='ocr_line' id='line_1_12' title="bbox 539 1890 2086 1998; baseline -0.006 -27"><span class='ocrx_word' id='word_1_111' title='bbox 539 1899 731 1998; x_wconf 83' lang='lat' dir='ltr'>Responde</span> <span class='ocrx_word' id='word_1_112' title='bbox 754 1912 807 1991; x_wconf 91' lang='lat' dir='ltr'>tu,</span> <span class='ocrx_word' id='word_1_113' title='bbox 823 1897 874 1969; x_wconf 92' lang='lat' dir='ltr'>mi</span> <span class='ocrx_word' id='word_1_114' title='bbox 888 1909 992 1968; x_wconf 91' lang='lat' dir='ltr'>acute</span> <span class='ocrx_word' id='word_1_115' title='bbox 1006 1894 1203 1985; x_wconf 90' lang='lat' dir='ltr'>dialectice,</span> <span class='ocrx_word' id='word_1_116' title='bbox 1228 1891 1501 1990; x_wconf 34' lang='lat' dir='ltr'>seu‘versipellis</span> <span class='ocrx_word' id='word_1_117' title='bbox 1520 1890 1692 1990; x_wconf 84' lang='lat' dir='ltr'>sophista,</span> <span class='ocrx_word' id='word_1_118' title='bbox 1712 1890 1775 1988; x_wconf 92' lang='lat' dir='ltr'>qui</span> <span class='ocrx_word' id='word_1_119' title='bbox 1792 1890 2002 1962; x_wconf 86' lang='lat' dir='ltr'>auctoritate</span> <span class='ocrx_word' id='word_1_120' title='bbox 2021 1894 2086 1962; x_wconf 89' lang='lat' dir='ltr'>Pe·</span> 
     </span>
     <span class='ocr_line' id='line_1_13' title="bbox 490 2011 2086 2118; baseline -0.006 -27"><span class='ocrx_word' id='word_1_121' title='bbox 490 2019 759 2118; x_wconf 89' lang='lat' dir='ltr'>ripateticorum</span> <span class='ocrx_word' id='word_1_122' title='bbox 780 2041 839 2089; x_wconf 91' lang='lat' dir='ltr'>me</span> <span class='ocrx_word' id='word_1_123' title='bbox 855 2039 1004 2111; x_wconf 87' lang='lat' dir='ltr'>arguere</span> <span class='ocrx_word' id='word_1_124' title='bbox 1026 2013 1171 2106; x_wconf 90' lang='lat' dir='ltr'>niteris,</span> <span class='ocrx_word' id='word_1_125' title='bbox 1189 2012 1235 2085; x_wconf 92' lang='lat' dir='ltr'>de</span> <span class='ocrx_word' id='word_1_126' title='bbox 1260 2011 1460 2086; x_wconf 79' lang='lat' dir='ltr'>differentia</span> <span class='ocrx_word' id='word_1_127' title='bbox 1478 2011 1615 2083; x_wconf 90' lang='lat' dir='ltr'>scilicet</span> <span class='ocrx_word' id='word_1_128' title='bbox 1639 2034 1877 2109; x_wconf 87' lang='lat' dir='ltr'>personarum</span> <span class='ocrx_word' id='word_1_129' title='bbox 1902 2024 1938 2082; x_wconf 89' lang='lat' dir='ltr'>et</span> <span class='ocrx_word' id='word_1_130' title='bbox 1962 2034 2086 2082; x_wconf 90' lang='lat' dir='ltr'>earum</span> 
     </span>
     <span class='ocr_line' id='line_1_14' title="bbox 487 2129 2083 2239; baseline -0.006 -27"><span class='ocrx_word' id='word_1_131' title='bbox 487 2138 779 2239; x_wconf 84' lang='lat' dir='ltr'>proprietatibus,</span> <span class='ocrx_word' id='word_1_132' title='bbox 794 2162 874 2237; x_wconf 88' lang='lat' dir='ltr'>quae</span> <span class='ocrx_word' id='word_1_133' title='bbox 889 2137 929 2210; x_wconf 92' lang='lat' dir='ltr'>in</span> <span class='ocrx_word' id='word_1_134' title='bbox 946 2140 1022 2207; x_wconf 87' lang='lat' dir='ltr'>Deo</span> <span class='ocrx_word' id='word_1_135' title='bbox 1039 2147 1137 2224; x_wconf 91' lang='lat' dir='ltr'>sunt,</span> <span class='ocrx_word' id='word_1_136' title='bbox 1157 2131 1344 2231; x_wconf 90' lang='lat' dir='ltr'>quomodo</span> <span class='ocrx_word' id='word_1_137' title='bbox 1361 2133 1459 2231; x_wconf 89' lang='lat' dir='ltr'>ipsos</span> <span class='ocrx_word' id='word_1_138' title='bbox 1473 2155 1619 2230; x_wconf 90' lang='lat' dir='ltr'>qnoque</span> <span class='ocrx_word' id='word_1_139' title='bbox 1636 2129 1804 2204; x_wconf 90' lang='lat' dir='ltr'>doctores</span> <span class='ocrx_word' id='word_1_140' title='bbox 1819 2144 1902 2203; x_wconf 88' lang='lat' dir='ltr'>tuos</span> <span class='ocrx_word' id='word_1_141' title='bbox 1918 2130 2083 2218; x_wconf 82' lang='lat' dir='ltr'>absolvis,</span> 
     </span>
     <span class='ocr_line' id='line_1_15' title="bbox 487 2250 2083 2355; baseline -0.004 -24"><span class='ocrx_word' id='word_1_142' title='bbox 487 2258 691 2333; x_wconf 89' lang='lat' dir='ltr'>secundum</span> <span class='ocrx_word' id='word_1_143' title='bbox 706 2257 918 2333; x_wconf 88' lang='lat' dir='ltr'>traditiones</span> <span class='ocrx_word' id='word_1_144' title='bbox 933 2279 1104 2355; x_wconf 91' lang='lat' dir='ltr'>quorum,</span> <span class='ocrx_word' id='word_1_145' title='bbox 1123 2269 1164 2326; x_wconf 89' lang='lat' dir='ltr'>ut</span> <span class='ocrx_word' id='word_1_146' title='bbox 1177 2254 1252 2351; x_wconf 77' lang='lat' dir='ltr'>Jam</span> <span class='ocrx_word' id='word_1_147' title='bbox 1269 2253 1506 2343; x_wconf 88' lang='lat' dir='ltr'>ostendimus,</span> <span class='ocrx_word' id='word_1_148' title='bbox 1525 2277 1592 2325; x_wconf 90' lang='lat' dir='ltr'>nec</span> <span class='ocrx_word' id='word_1_149' title='bbox 1609 2255 1727 2323; x_wconf 89' lang='lat' dir='ltr'>Deum</span> <span class='ocrx_word' id='word_1_150' title='bbox 1741 2250 1978 2324; x_wconf 90' lang='lat' dir='ltr'>substantiam</span> <span class='ocrx_word' id='word_1_151' title='bbox 1994 2276 2083 2341; x_wconf 86' lang='lat' dir='ltr'>esse,</span> 
     </span>
     <span class='ocr_line' id='line_1_16' title="bbox 488 2368 2085 2480; baseline -0.006 -29"><span class='ocrx_word' id='word_1_152' title='bbox 488 2405 555 2453; x_wconf 91' lang='lat' dir='ltr'>nec</span> <span class='ocrx_word' id='word_1_153' title='bbox 584 2383 702 2480; x_wconf 92' lang='lat' dir='ltr'>ipsum</span> <span class='ocrx_word' id='word_1_154' title='bbox 727 2403 803 2452; x_wconf 88' lang='lat' dir='ltr'>esse</span> <span class='ocrx_word' id='word_1_155' title='bbox 825 2375 962 2475; x_wconf 91' lang='lat' dir='ltr'>aliquid</span> <span class='ocrx_word' id='word_1_156' title='bbox 991 2373 1089 2448; x_wconf 89' lang='lat' dir='ltr'>aliud</span> <span class='ocrx_word' id='word_1_157' title='bbox 1110 2374 1249 2471; x_wconf 86' lang='lat' dir='ltr'>cogeris</span> <span class='ocrx_word' id='word_1_158' title='bbox 1275 2371 1465 2445; x_wconf 82' lang='lat' dir='ltr'>confiteri?</span> <span class='ocrx_word' id='word_1_159' title='bbox 1491 2376 1609 2460; x_wconf 89' lang='lat' dir='ltr'>Quem</span> <span class='ocrx_word' id='word_1_160' title='bbox 1635 2386 1755 2443; x_wconf 89' lang='lat' dir='ltr'>tamen</span> <span class='ocrx_word' id='word_1_161' title='bbox 1784 2368 1902 2443; x_wconf 90' lang='lat' dir='ltr'>solum</span> <span class='ocrx_word' id='word_1_162' title='bbox 1925 2396 2009 2444; x_wconf 87' lang='lat' dir='ltr'>vere</span> <span class='ocrx_word' id='word_1_163' title='bbox 2043 2396 2085 2443; x_wconf 90' lang='lat' dir='ltr'>ac</span> 
     </span>
     <span class='ocr_line' id='line_1_17' title="bbox 487 2491 2085 2600; baseline -0.006 -28"><span class='ocrx_word' id='word_1_164' title='bbox 487 2500 634 2600; x_wconf 87' lang='lat' dir='ltr'>proprie</span> <span class='ocrx_word' id='word_1_165' title='bbox 655 2523 759 2592; x_wconf 77' lang='lat' dir='ltr'>esse,¹</span> <span class='ocrx_word' id='word_1_166' title='bbox 773 2495 940 2570; x_wconf 86' lang='lat' dir='ltr'>videlicet</span> <span class='ocrx_word' id='word_1_167' title='bbox 954 2508 1167 2595; x_wconf 90' lang='lat' dir='ltr'>perpetuam</span> <span class='ocrx_word' id='word_1_168' title='bbox 1189 2494 1266 2591; x_wconf 91' lang='lat' dir='ltr'>ejus</span> <span class='ocrx_word' id='word_1_169' title='bbox 1289 2508 1325 2566; x_wconf 90' lang='lat' dir='ltr'>et</span> <span class='ocrx_word' id='word_1_170' title='bbox 1341 2491 1676 2566; x_wconf 86' lang='lat' dir='ltr'>incommutabilem</span> <span class='ocrx_word' id='word_1_171' title='bbox 1692 2493 1991 2590; x_wconf 89' lang='lat' dir='ltr'>permanentiam,</span> <span class='ocrx_word' id='word_1_172' title='bbox 2012 2506 2085 2565; x_wconf 87' lang='lat' dir='ltr'>tarn</span> 
     </span>
     <span class='ocr_line' id='line_1_18' title="bbox 487 2610 2085 2721; baseline -0.006 -30"><span class='ocrx_word' id='word_1_173' title='bbox 487 2621 577 2719; x_wconf 91' lang='lat' dir='ltr'>ipse,</span> <span class='ocrx_word' id='word_1_174' title='bbox 600 2634 641 2691; x_wconf 91' lang='lat' dir='ltr'>ut</span> <span class='ocrx_word' id='word_1_175' title='bbox 662 2619 801 2703; x_wconf 89' lang='lat' dir='ltr'>dictum</span> <span class='ocrx_word' id='word_1_176' title='bbox 825 2632 891 2710; x_wconf 89' lang='lat' dir='ltr'>est,</span> <span class='ocrx_word' id='word_1_177' title='bbox 917 2615 964 2688; x_wconf 91' lang='lat' dir='ltr'>ad</span> <span class='ocrx_word' id='word_1_178' title='bbox 987 2617 1135 2721; x_wconf 72' lang='lat' dir='ltr'>Moysen</span> <span class='ocrx_word' id='word_1_179' title='bbox 1158 2616 1311 2708; x_wconf 89' lang='lat' dir='ltr'>loquens</span> <span class='ocrx_word' id='word_1_180' title='bbox 1330 2614 1501 2704; x_wconf 90' lang='lat' dir='ltr'>innotuit,</span> <span class='ocrx_word' id='word_1_181' title='bbox 1525 2637 1635 2711; x_wconf 91' lang='lat' dir='ltr'>quam</span> <span class='ocrx_word' id='word_1_182' title='bbox 1658 2610 1705 2685; x_wconf 92' lang='lat' dir='ltr'>ab</span> <span class='ocrx_word' id='word_1_183' title='bbox 1726 2611 1806 2710; x_wconf 91' lang='lat' dir='ltr'>ipso</span> <span class='ocrx_word' id='word_1_184' title='bbox 1828 2612 1990 2683; x_wconf 86' lang='lat' dir='ltr'>instructi</span> <span class='ocrx_word' id='word_1_185' title='bbox 2010 2614 2085 2685; x_wconf 87' lang='lat' dir='ltr'>veri</span> 
     </span>
     <span class='ocr_line' id='line_1_19' title="bbox 486 2732 2085 2837; baseline -0.003 -29"><span class='ocrx_word' id='word_1_186' title='bbox 486 2737 709 2837; x_wconf 90' lang='lat' dir='ltr'>philosophi.</span> <span class='ocrx_word' id='word_1_187' title='bbox 736 2736 842 2808; x_wconf 89' lang='lat' dir='ltr'>Unde</span> <span class='ocrx_word' id='word_1_188' title='bbox 862 2750 899 2809; x_wconf 94' lang='lat' dir='ltr'>et</span> <span class='ocrx_word' id='word_1_189' title='bbox 919 2735 1045 2807; x_wconf 85' lang='lat' dir='ltr'>beatus</span> <span class='ocrx_word' id='word_1_190' title='bbox 1065 2734 1134 2805; x_wconf 90' lang='lat' dir='ltr'>lob</span> <span class='ocrx_word' id='word_1_191' title='bbox 1159 2735 1252 2805; x_wconf 90' lang='lat' dir='ltr'>inter</span> <span class='ocrx_word' id='word_1_192' title='bbox 1271 2744 1390 2805; x_wconf 85' lang='lat' dir='ltr'>cetera</span> <span class='ocrx_word' id='word_1_193' title='bbox 1409 2732 1455 2805; x_wconf 91' lang='lat' dir='ltr'>de</span> <span class='ocrx_word' id='word_1_194' title='bbox 1473 2758 1520 2805; x_wconf 90' lang='lat' dir='ltr'>ec</span> <span class='ocrx_word' id='word_1_195' title='bbox 1536 2746 1798 2805; x_wconf 88' lang='lat' dir='ltr'>commemorat</span> <span class='ocrx_word' id='word_1_196' title='bbox 1808 2736 1831 2821; x_wconf 82' lang='lat'>¹,</span> <span class='ocrx_word' id='word_1_197' title='bbox 1856 2762 1870 2796; x_wconf 75' lang='lat' dir='ltr'>a</span> <span class='ocrx_word' id='word_1_198' title='bbox 1889 2734 1964 2829; x_wconf 86' lang='lat' dir='ltr'>lpse</span> <span class='ocrx_word' id='word_1_199' title='bbox 1985 2732 2085 2803; x_wconf 90' lang='lat' dir='ltr'>enim</span> 
     </span>
     <span class='ocr_line' id='line_1_20' title="bbox 487 2851 2085 2952; baseline -0.003 -24"><span class='ocrx_word' id='word_1_200' title='bbox 487 2856 587 2928; x_wconf 89' lang='lat' dir='ltr'>solus</span> <span class='ocrx_word' id='word_1_201' title='bbox 603 2870 677 2949; x_wconf 89' lang='lat' dir='ltr'>est,</span> <span class='ocrx_word' id='word_1_202' title='bbox 695 2871 732 2930; x_wconf 91' lang='lat' dir='ltr'>et</span> <span class='ocrx_word' id='word_1_203' title='bbox 747 2880 856 2928; x_wconf 90' lang='lat' dir='ltr'>nemo</span> <span class='ocrx_word' id='word_1_204' title='bbox 873 2868 1032 2929; x_wconf 88' lang='lat' dir='ltr'>avertere</span> <span class='ocrx_word' id='word_1_205' title='bbox 1057 2867 1176 2952; x_wconf 90' lang='lat' dir='ltr'>potest</span> <span class='ocrx_word' id='word_1_206' title='bbox 1197 2852 1430 2950; x_wconf 86' lang='lat' dir='ltr'>cogitationes</span> <span class='ocrx_word' id='word_1_207' title='bbox 1456 2853 1544 2950; x_wconf 90' lang='lat' dir='ltr'>ejus.</span> <span class='ocrx_word' id='word_1_208' title='bbox 1562 2884 1579 2920; x_wconf 86' lang='lat'>»</span> <span class='ocrx_word' id='word_1_209' title='bbox 1600 2851 1791 2945; x_wconf 77' lang='lat' dir='ltr'>Attendite,</span> <span class='ocrx_word' id='word_1_210' title='bbox 1815 2851 1940 2924; x_wconf 84' lang='lat' dir='ltr'>fratres</span> <span class='ocrx_word' id='word_1_211' title='bbox 1955 2866 1990 2924; x_wconf 91' lang='lat' dir='ltr'>et</span> <span class='ocrx_word' id='word_1_212' title='bbox 2006 2878 2085 2924; x_wconf 81' lang='lat' dir='ltr'>rer·</span> 
     </span>
     <span class='ocr_line' id='line_1_21' title="bbox 486 2970 2083 3074; baseline -0.004 -23"><span class='ocrx_word' id='word_1_213' title='bbox 486 2977 569 3051; x_wconf 93' lang='lat' dir='ltr'>bosi</span> <span class='ocrx_word' id='word_1_214' title='bbox 590 2976 708 3069; x_wconf 83' lang='lat' dir='ltr'>amici,</span> <span class='ocrx_word' id='word_1_215' title='bbox 732 2990 911 3073; x_wconf 87' lang='lat' dir='ltr'>quantum</span> <span class='ocrx_word' id='word_1_216' title='bbox 929 2972 975 3048; x_wconf 90' lang='lat' dir='ltr'>ab</span> <span class='ocrx_word' id='word_1_217' title='bbox 997 2973 1152 3046; x_wconf 87' lang='lat' dir='ltr'>invicem</span> <span class='ocrx_word' id='word_1_218' title='bbox 1168 2970 1355 3044; x_wconf 89' lang='lat' dir='ltr'>dissonent</span> <span class='ocrx_word' id='word_1_219' title='bbox 1376 2971 1505 3044; x_wconf 84' lang='lat' dir='ltr'>divinae</span> <span class='ocrx_word' id='word_1_220' title='bbox 1527 2988 1562 3045; x_wconf 92' lang='lat' dir='ltr'>et</span> <span class='ocrx_word' id='word_1_221' title='bbox 1584 2971 1750 3046; x_wconf 87' lang='lat' dir='ltr'>humanae</span> <span class='ocrx_word' id='word_1_222' title='bbox 1770 2971 1992 3065; x_wconf 87' lang='lat' dir='ltr'>traditiones,</span> <span class='ocrx_word' id='word_1_223' title='bbox 2011 2975 2083 3074; x_wconf 87' lang='lat' dir='ltr'>spi-</span> 
     </span>
     <span class='ocr_line' id='line_1_22' title="bbox 487 3073 2079 3196; baseline -0.003 -26"><span class='ocrx_word' id='word_1_224' title='bbox 487 3097 607 3170; x_wconf 87' lang='lat' dir='ltr'>ritales</span> <span class='ocrx_word' id='word_1_225' title='bbox 621 3112 656 3170; x_wconf 92' lang='lat' dir='ltr'>et</span> <span class='ocrx_word' id='word_1_226' title='bbox 674 3096 846 3172; x_wconf 86' lang='lat' dir='ltr'>animales</span> <span class='ocrx_word' id='word_1_227' title='bbox 862 3094 1085 3196; x_wconf 90' lang='lat' dir='ltr'>philosophi,</span> <span class='ocrx_word' id='word_1_228' title='bbox 1104 3117 1287 3167; x_wconf 86' lang='lat' dir='ltr'>sacrarum</span> <span class='ocrx_word' id='word_1_229' title='bbox 1304 3108 1340 3165; x_wconf 93' lang='lat' dir='ltr'>et</span> <span class='ocrx_word' id='word_1_230' title='bbox 1356 3073 1579 3165; x_wconf 76' lang='lat' dir='ltr'>saecularium</span> <span class='ocrx_word' id='word_1_231' title='bbox 1598 3094 1855 3192; x_wconf 89' lang='lat' dir='ltr'>scripturarum</span> <span class='ocrx_word' id='word_1_232' title='bbox 1873 3092 2079 3192; x_wconf 77' lang='lat' dir='ltr'>discipline.</span> 
     </span>
     <span class='ocr_line' id='line_1_23' title="bbox 489 3212 2082 3316; baseline -0.002 -27"><span class='ocrx_word' id='word_1_233' title='bbox 489 3221 536 3289; x_wconf 91' lang='lat' dir='ltr'>Ut</span> <span class='ocrx_word' id='word_1_234' title='bbox 557 3213 784 3316; x_wconf 66' lang='lat' dir='ltr'>enim&#39;supra</span> <span class='ocrx_word' id='word_1_235' title='bbox 803 3216 1007 3306; x_wconf 88' lang='lat' dir='ltr'>docuimus,</span> <span class='ocrx_word' id='word_1_236' title='bbox 1027 3228 1170 3288; x_wconf 88' lang='lat' dir='ltr'>constat</span> <span class='ocrx_word' id='word_1_237' title='bbox 1189 3214 1388 3288; x_wconf 89' lang='lat' dir='ltr'>secuudum</span> <span class='ocrx_word' id='word_1_238' title='bbox 1405 3229 1603 3287; x_wconf 85' lang='lat' dir='ltr'>vestrarum</span> <span class='ocrx_word' id='word_1_239' title='bbox 1626 3213 1756 3286; x_wconf 85' lang='lat' dir='ltr'>artium</span> <span class='ocrx_word' id='word_1_240' title='bbox 1777 3212 1983 3312; x_wconf 88' lang='lat' dir='ltr'>disciplinas</span> <span class='ocrx_word' id='word_1_241' title='bbox 2005 3241 2082 3314; x_wconf 84' lang='lat' dir='ltr'>qua·</span> 
     </span>
     <span class='ocr_line' id='line_1_24' title="bbox 487 3334 2081 3435; baseline -0.002 -26"><span class='ocrx_word' id='word_1_242' title='bbox 487 3339 652 3410; x_wconf 91' lang='lat' dir='ltr'>omnium</span> <span class='ocrx_word' id='word_1_243' title='bbox 679 3362 801 3411; x_wconf 90' lang='lat' dir='ltr'>rerum</span> <span class='ocrx_word' id='word_1_244' title='bbox 828 3351 974 3409; x_wconf 89' lang='lat' dir='ltr'>naturas</span> <span class='ocrx_word' id='word_1_245' title='bbox 998 3338 1035 3407; x_wconf 90' lang='lat' dir='ltr'>in</span> <span class='ocrx_word' id='word_1_246' title='bbox 1062 3334 1190 3409; x_wconf 88' lang='lat' dir='ltr'>decem</span> <span class='ocrx_word' id='word_1_247' title='bbox 1215 3334 1493 3435; x_wconf 82' lang='lat' dir='ltr'>praedicamenta</span> <span class='ocrx_word' id='word_1_248' title='bbox 1522 3334 1761 3424; x_wconf 89' lang='lat' dir='ltr'>distribuunt,</span> <span class='ocrx_word' id='word_1_249' title='bbox 1789 3337 1906 3406; x_wconf 89' lang='lat' dir='ltr'>Deum</span> <span class='ocrx_word' id='word_1_250' title='bbox 1939 3335 2081 3433; x_wconf 89' lang='lat' dir='ltr'>penitus</span> 
     </span>
     <span class='ocr_line' id='line_1_25' title="bbox 487 3453 2081 3556; baseline -0.001 -27"><span class='ocrx_word' id='word_1_251' title='bbox 487 3457 578 3530; x_wconf 92' lang='lat' dir='ltr'>nihil</span> <span class='ocrx_word' id='word_1_252' title='bbox 604 3483 694 3549; x_wconf 91' lang='lat' dir='ltr'>esse,</span> <span class='ocrx_word' id='word_1_253' title='bbox 717 3483 827 3556; x_wconf 87' lang='lat' dir='ltr'>quem</span> <span class='ocrx_word' id='word_1_254' title='bbox 846 3473 966 3531; x_wconf 90' lang='lat' dir='ltr'>tamen</span> <span class='ocrx_word' id='word_1_255' title='bbox 988 3457 1099 3556; x_wconf 91' lang='lat' dir='ltr'>ipsius</span> <span class='ocrx_word' id='word_1_256' title='bbox 1121 3456 1187 3528; x_wconf 90' lang='lat' dir='ltr'>Dei</span> <span class='ocrx_word' id='word_1_257' title='bbox 1207 3481 1249 3529; x_wconf 92' lang='lat' dir='ltr'>ac</span> <span class='ocrx_word' id='word_1_258' title='bbox 1270 3454 1531 3554; x_wconf 88' lang='lat' dir='ltr'>discipulorum</span> <span class='ocrx_word' id='word_1_259' title='bbox 1551 3455 1627 3551; x_wconf 83' lang='lat' dir='ltr'>ejus</span> <span class='ocrx_word' id='word_1_260' title='bbox 1642 3455 1850 3527; x_wconf 90' lang='lat' dir='ltr'>testimonio</span> <span class='ocrx_word' id='word_1_261' title='bbox 1869 3453 1988 3527; x_wconf 87' lang='lat' dir='ltr'>solum</span> <span class='ocrx_word' id='word_1_262' title='bbox 2007 3480 2081 3527; x_wconf 87' lang='lat' dir='ltr'>esse</span> 
     </span>
     <span class='ocr_line' id='line_1_26' title="bbox 486 3574 2078 3676; baseline -0.001 -27"><span class='ocrx_word' id='word_1_263' title='bbox 486 3578 647 3676; x_wconf 87' lang='lat' dir='ltr'>profiteri</span> <span class='ocrx_word' id='word_1_264' title='bbox 663 3580 840 3676; x_wconf 90' lang='lat' dir='ltr'>cogimur.</span> <span class='ocrx_word' id='word_1_265' title='bbox 858 3576 966 3666; x_wconf 89' lang='lat' dir='ltr'>Quod</span> <span class='ocrx_word' id='word_1_266' title='bbox 983 3576 1012 3649; x_wconf 91' lang='lat' dir='ltr'>si</span> <span class='ocrx_word' id='word_1_267' title='bbox 1031 3591 1071 3648; x_wconf 92' lang='lat' dir='ltr'>ut</span> <span class='ocrx_word' id='word_1_268' title='bbox 1085 3591 1219 3649; x_wconf 81' lang='lat' dir='ltr'>vestras</span> <span class='ocrx_word' id='word_1_269' title='bbox 1235 3574 1435 3650; x_wconf 81' lang='lat' dir='ltr'>defendatis</span> <span class='ocrx_word' id='word_1_270' title='bbox 1450 3574 1667 3674; x_wconf 88' lang='lat' dir='ltr'>disciplinas,</span> <span class='ocrx_word' id='word_1_271' title='bbox 1686 3574 1835 3666; x_wconf 89' lang='lat' dir='ltr'>naturis,</span> <span class='ocrx_word' id='word_1_272' title='bbox 1855 3590 1894 3648; x_wconf 90' lang='lat' dir='ltr'>ut</span> <span class='ocrx_word' id='word_1_273' title='bbox 1911 3576 2078 3665; x_wconf 83' lang='lat' dir='ltr'>diximus,</span> 
     </span>
     <span class='ocr_line' id='line_1_27' title="bbox 486 3695 2079 3788; baseline -0.001 -19"><span class='ocrx_word' id='word_1_274' title='bbox 486 3714 732 3772; x_wconf 88' lang='lat' dir='ltr'>creaturarum</span> <span class='ocrx_word' id='word_1_275' title='bbox 757 3697 967 3770; x_wconf 86' lang='lat' dir='ltr'>dillerendis</span> <span class='ocrx_word' id='word_1_276' title='bbox 990 3720 1050 3768; x_wconf 82' lang='lat' dir='ltr'>eas</span> <span class='ocrx_word' id='word_1_277' title='bbox 1072 3720 1148 3768; x_wconf 89' lang='lat' dir='ltr'>esse</span> <span class='ocrx_word' id='word_1_278' title='bbox 1172 3710 1360 3770; x_wconf 88' lang='lat' dir='ltr'>contentas</span> <span class='ocrx_word' id='word_1_279' title='bbox 1385 3695 1567 3788; x_wconf 92' lang='lat' dir='ltr'>annuatis,</span> <span class='ocrx_word' id='word_1_280' title='bbox 1593 3720 1661 3769; x_wconf 90' lang='lat' dir='ltr'>nec</span> <span class='ocrx_word' id='word_1_281' title='bbox 1680 3695 1727 3769; x_wconf 93' lang='lat' dir='ltr'>de</span> <span class='ocrx_word' id='word_1_282' title='bbox 1750 3695 1961 3769; x_wconf 89' lang='lat' dir='ltr'>celsitudine</span> <span class='ocrx_word' id='word_1_283' title='bbox 1989 3696 2079 3769; x_wconf 90' lang='lat' dir='ltr'>divi-</span> 
     </span>
     <span class='ocr_line' id='line_1_28' title="bbox 487 3814 2077 3917; baseline 0.001 -30"><span class='ocrx_word' id='word_1_284' title='bbox 487 3818 607 3889; x_wconf 91' lang='lat' dir='ltr'>nitatis</span> <span class='ocrx_word' id='word_1_285' title='bbox 633 3842 693 3889; x_wconf 87' lang='lat' dir='ltr'>eas</span> <span class='ocrx_word' id='word_1_286' title='bbox 716 3817 970 3916; x_wconf 80' lang='lat' dir='ltr'>praesumsisse,</span> <span class='ocrx_word' id='word_1_287' title='bbox 995 3829 1032 3888; x_wconf 89' lang='lat' dir='ltr'>et</span> <span class='ocrx_word' id='word_1_288' title='bbox 1056 3839 1122 3887; x_wconf 86' lang='lat' dir='ltr'>vos</span> <span class='ocrx_word' id='word_1_289' title='bbox 1145 3814 1196 3887; x_wconf 88' lang='lat' dir='ltr'>eis</span> <span class='ocrx_word' id='word_1_290' title='bbox 1219 3816 1412 3888; x_wconf 91' lang='lat' dir='ltr'>innitentes</span> <span class='ocrx_word' id='word_1_291' title='bbox 1437 3816 1557 3888; x_wconf 91' lang='lat' dir='ltr'>minus</span> <span class='ocrx_word' id='word_1_292' title='bbox 1580 3840 1647 3887; x_wconf 93' lang='lat' dir='ltr'>nos</span> <span class='ocrx_word' id='word_1_293' title='bbox 1670 3814 1837 3888; x_wconf 79' lang='lat' dir='ltr'>infestare</span> <span class='ocrx_word' id='word_1_294' title='bbox 1857 3819 2077 3917; x_wconf 79' lang='lat' dir='ltr'>praesumite,</span> 
     </span>
     <span class='ocr_line' id='line_1_29' title="bbox 487 3935 2078 4036; baseline 0.001 -28"><span class='ocrx_word' id='word_1_295' title='bbox 487 3961 571 4009; x_wconf 89' lang='lat' dir='ltr'>cum</span> <span class='ocrx_word' id='word_1_296' title='bbox 590 3937 673 4011; x_wconf 87' lang='lat' dir='ltr'>talia</span> <span class='ocrx_word' id='word_1_297' title='bbox 690 3936 779 4009; x_wconf 87' lang='lat' dir='ltr'>lides</span> <span class='ocrx_word' id='word_1_298' title='bbox 795 3935 905 4009; x_wconf 89' lang='lat' dir='ltr'>verba</span> <span class='ocrx_word' id='word_1_299' title='bbox 921 3935 1124 4036; x_wconf 89' lang='lat' dir='ltr'>protulerit,</span> <span class='ocrx_word' id='word_1_300' title='bbox 1142 3961 1300 4034; x_wconf 89' lang='lat' dir='ltr'>quorum</span> <span class='ocrx_word' id='word_1_301' title='bbox 1318 3936 1549 4034; x_wconf 86' lang='lat' dir='ltr'>intelligentia</span> <span class='ocrx_word' id='word_1_302' title='bbox 1565 3937 1690 4009; x_wconf 83' lang='lat' dir='ltr'>vestris</span> <span class='ocrx_word' id='word_1_303' title='bbox 1704 3937 1885 4034; x_wconf 85' lang='lat' dir='ltr'>incognita</span> <span class='ocrx_word' id='word_1_304' title='bbox 1902 3952 1953 4010; x_wconf 89' lang='lat' dir='ltr'>est</span> <span class='ocrx_word' id='word_1_305' title='bbox 1972 3938 2078 4009; x_wconf 87' lang='lat' dir='ltr'>disci·</span> 
     </span>
     <span class='ocr_line' id='line_1_30' title="bbox 489 4055 2082 4155; baseline 0.003 -29"><span class='ocrx_word' id='word_1_306' title='bbox 489 4055 609 4154; x_wconf 87' lang='lat' dir='ltr'>plinis.</span> <span class='ocrx_word' id='word_1_307' title='bbox 625 4060 770 4129; x_wconf 89' lang='lat' dir='ltr'>Certum</span> <span class='ocrx_word' id='word_1_308' title='bbox 794 4055 1005 4155; x_wconf 89' lang='lat' dir='ltr'>quippe.est</span> <span class='ocrx_word' id='word_1_309' title='bbox 1028 4056 1202 4153; x_wconf 84' lang='lat' dir='ltr'>quoniam</span> <span class='ocrx_word' id='word_1_310' title='bbox 1225 4081 1449 4154; x_wconf 84' lang='lat' dir='ltr'>unaquaeque</span> <span class='ocrx_word' id='word_1_311' title='bbox 1465 4057 1640 4129; x_wconf 87' lang='lat' dir='ltr'>sententia</span> <span class='ocrx_word' id='word_1_312' title='bbox 1661 4070 1769 4154; x_wconf 90' lang='lat' dir='ltr'>atque</span> <span class='ocrx_word' id='word_1_313' title='bbox 1793 4055 1981 4153; x_wconf 87' lang='lat' dir='ltr'>cujuslibet</span> <span class='ocrx_word' id='word_1_314' title='bbox 1996 4060 2082 4131; x_wconf 89' lang='lat' dir='ltr'>artis</span> 
     </span>
     <span class='ocr_line' id='line_1_31' title="bbox 486 4173 2081 4276; baseline 0.003 -30"><span class='ocrx_word' id='word_1_315' title='bbox 486 4189 657 4248; x_wconf 88' lang='lat' dir='ltr'>tractatus</span> <span class='ocrx_word' id='word_1_316' title='bbox 679 4175 834 4274; x_wconf 90' lang='lat' dir='ltr'>propriis</span> <span class='ocrx_word' id='word_1_317' title='bbox 856 4175 967 4246; x_wconf 91' lang='lat' dir='ltr'>utitur</span> <span class='ocrx_word' id='word_1_318' title='bbox 993 4173 1135 4268; x_wconf 86' lang='lat' dir='ltr'>verbis,</span> <span class='ocrx_word' id='word_1_319' title='bbox 1165 4191 1197 4248; x_wconf 91' lang='lat' dir='ltr'>et</span> <span class='ocrx_word' id='word_1_320' title='bbox 1228 4199 1453 4275; x_wconf 80' lang='lat' dir='ltr'>unaquaeque</span> <span class='ocrx_word' id='word_1_321' title='bbox 1476 4175 1640 4249; x_wconf 89' lang='lat' dir='ltr'>doctriua</span> <span class='ocrx_word' id='word_1_322' title='bbox 1661 4177 1816 4276; x_wconf 88' lang='lat' dir='ltr'>propriis</span> <span class='ocrx_word' id='word_1_323' title='bbox 1839 4176 2081 4250; x_wconf 90' lang='lat' dir='ltr'>locutionibus</span> 
     </span>
     <span class='ocr_line' id='line_1_32' title="bbox 486 4294 2078 4397; baseline 0.001 -30"><span class='ocrx_word' id='word_1_324' title='bbox 486 4295 629 4393; x_wconf 88' lang='lat' dir='ltr'>gaudet,</span> <span class='ocrx_word' id='word_1_325' title='bbox 646 4310 682 4367; x_wconf 93' lang='lat' dir='ltr'>et</span> <span class='ocrx_word' id='word_1_326' title='bbox 699 4318 792 4393; x_wconf 88' lang='lat' dir='ltr'>saepe</span> <span class='ocrx_word' id='word_1_327' title='bbox 808 4294 968 4392; x_wconf 88' lang='lat' dir='ltr'>ejusdem</span> <span class='ocrx_word' id='word_1_328' title='bbox 988 4296 1072 4367; x_wconf 86' lang='lat' dir='ltr'>artis</span> <span class='ocrx_word' id='word_1_329' title='bbox 1090 4309 1297 4369; x_wconf 88' lang='lat' dir='ltr'>tractatores</span> <span class='ocrx_word' id='word_1_330' title='bbox 1310 4295 1421 4370; x_wconf 86' lang='lat' dir='ltr'>verba</span> <span class='ocrx_word' id='word_1_331' title='bbox 1438 4296 1576 4370; x_wconf 87' lang='lat' dir='ltr'>variare</span> <span class='ocrx_word' id='word_1_332' title='bbox 1595 4295 1760 4388; x_wconf 89' lang='lat' dir='ltr'>delectat,</span> <span class='ocrx_word' id='word_1_333' title='bbox 1779 4298 1865 4393; x_wconf 86' lang='lat' dir='ltr'>quia</span> <span class='ocrx_word' id='word_1_334' title='bbox 1881 4322 2025 4397; x_wconf 92' lang='lat' dir='ltr'>semper</span> <span class='ocrx_word' id='word_1_335' title='bbox 2042 4300 2078 4369; x_wconf 91' lang='lat' dir='ltr'>in</span> 
     </span>
     <span class='ocr_line' id='line_1_33' title="bbox 487 4414 2077 4517; baseline 0.001 -30"><span class='ocrx_word' id='word_1_336' title='bbox 487 4416 669 4507; x_wconf 90' lang='lat' dir='ltr'>omuibus,</span> <span class='ocrx_word' id='word_1_337' title='bbox 688 4428 776 4487; x_wconf 91' lang='lat' dir='ltr'>teste</span> <span class='ocrx_word' id='word_1_338' title='bbox 794 4414 931 4505; x_wconf 88' lang='lat' dir='ltr'>Tullio,</span> <span class='ocrx_word' id='word_1_339' title='bbox 951 4414 1117 4488; x_wconf 86' lang='lat' dir='ltr'>identitas</span> <span class='ocrx_word' id='word_1_340' title='bbox 1131 4431 1246 4489; x_wconf 88' lang='lat' dir='ltr'>mater</span> <span class='ocrx_word' id='word_1_341' title='bbox 1261 4431 1313 4490; x_wconf 89' lang='lat' dir='ltr'>est</span> <span class='ocrx_word' id='word_1_342' title='bbox 1329 4417 1511 4510; x_wconf 90' lang='lat' dir='ltr'>satietatis,</span> <span class='ocrx_word' id='word_1_343' title='bbox 1529 4415 1600 4489; x_wconf 90' lang='lat' dir='ltr'>hoc</span> <span class='ocrx_word' id='word_1_344' title='bbox 1617 4430 1670 4490; x_wconf 91' lang='lat' dir='ltr'>est</span> <span class='ocrx_word' id='word_1_345' title='bbox 1685 4416 1867 4490; x_wconf 79' lang='lat' dir='ltr'>fastidium</span> <span class='ocrx_word' id='word_1_346' title='bbox 1881 4443 2077 4517; x_wconf 86' lang='lat' dir='ltr'>generans:</span> 
     </span>
     <span class='ocr_line' id='line_1_34' title="bbox 488 4535 2079 4635; baseline 0.002 -28"><span class='ocrx_word' id='word_1_347' title='bbox 488 4549 625 4634; x_wconf 89' lang='lat' dir='ltr'>quanto</span> <span class='ocrx_word' id='word_1_348' title='bbox 645 4535 757 4630; x_wconf 86' lang='lat' dir='ltr'>magis</span> <span class='ocrx_word' id='word_1_349' title='bbox 781 4558 867 4631; x_wconf 90' lang='lat' dir='ltr'>ergo</span> <span class='ocrx_word' id='word_1_350' title='bbox 890 4535 983 4608; x_wconf 88' lang='lat' dir='ltr'>illius</span> <span class='ocrx_word' id='word_1_351' title='bbox 999 4535 1186 4633; x_wconf 85' lang='lat' dir='ltr'>singularis</span> <span class='ocrx_word' id='word_1_352' title='bbox 1206 4551 1242 4609; x_wconf 89' lang='lat' dir='ltr'>et</span> <span class='ocrx_word' id='word_1_353' title='bbox 1265 4539 1397 4611; x_wconf 90' lang='lat' dir='ltr'>summi</span> <span class='ocrx_word' id='word_1_354' title='bbox 1415 4538 1506 4611; x_wconf 90' lang='lat' dir='ltr'>Boni</span> <span class='ocrx_word' id='word_1_355' title='bbox 1522 4551 1731 4610; x_wconf 89' lang='lat' dir='ltr'>tractatores</span> <span class='ocrx_word' id='word_1_356' title='bbox 1755 4538 1946 4635; x_wconf 87' lang='lat' dir='ltr'>singularia</span> <span class='ocrx_word' id='word_1_357' title='bbox 1971 4538 2079 4611; x_wconf 82' lang='lat' dir='ltr'>verba</span> 
     </span>
     <span class='ocr_line' id='line_1_35' title="bbox 485 4654 2080 4757; baseline 0.001 -31"><span class='ocrx_word' id='word_1_358' title='bbox 485 4654 620 4728; x_wconf 87' lang='lat' dir='ltr'>babere</span> <span class='ocrx_word' id='word_1_359' title='bbox 630 4654 802 4753; x_wconf 92' lang='lat' dir='ltr'>oportuit,</span> <span class='ocrx_word' id='word_1_360' title='bbox 821 4654 952 4752; x_wconf 87' lang='lat' dir='ltr'>quibus</span> <span class='ocrx_word' id='word_1_361' title='bbox 964 4654 1008 4729; x_wconf 51' lang='lat' dir='ltr'>¹id</span> <span class='ocrx_word' id='word_1_362' title='bbox 1022 4655 1123 4754; x_wconf 92' lang='lat' dir='ltr'>quod</span> <span class='ocrx_word' id='word_1_363' title='bbox 1139 4658 1317 4755; x_wconf 85' lang='lat' dir='ltr'>singulare</span> <span class='ocrx_word' id='word_1_364' title='bbox 1327 4673 1381 4731; x_wconf 93' lang='lat' dir='ltr'>est</span> <span class='ocrx_word' id='word_1_365' title='bbox 1389 4656 1614 4755; x_wconf 86' lang='lat' dir='ltr'>singulariter</span> <span class='ocrx_word' id='word_1_366' title='bbox 1630 4656 1828 4749; x_wconf 80' lang='lat' dir='ltr'>efferretur,</span> <span class='ocrx_word' id='word_1_367' title='bbox 1846 4682 1914 4731; x_wconf 90' lang='lat' dir='ltr'>nec</span> <span class='ocrx_word' id='word_1_368' title='bbox 1929 4657 2080 4757; x_wconf 90' lang='lat' dir='ltr'>publicis</span> 
     </span>
     <span class='ocr_line' id='line_1_36' title="bbox 484 4772 2076 4876; baseline -0.001 -27"><span class='ocrx_word' id='word_1_369' title='bbox 484 4791 519 4849; x_wconf 91' lang='lat' dir='ltr'>et</span> <span class='ocrx_word' id='word_1_370' title='bbox 535 4773 742 4873; x_wconf 88' lang='lat' dir='ltr'>vulgaribus</span> <span class='ocrx_word' id='word_1_371' title='bbox 758 4772 1001 4849; x_wconf 89' lang='lat' dir='ltr'>locutionibus</span> <span class='ocrx_word' id='word_1_372' title='bbox 1020 4775 1108 4849; x_wconf 91' lang='lat' dir='ltr'>illud</span> <span class='ocrx_word' id='word_1_373' title='bbox 1125 4775 1325 4871; x_wconf 79' lang='lat' dir='ltr'>ineffabile,</span> <span class='ocrx_word' id='word_1_374' title='bbox 1341 4777 1428 4851; x_wconf 88' lang='lat' dir='ltr'>illud</span> <span class='ocrx_word' id='word_1_375' title='bbox 1446 4775 1810 4876; x_wconf 88' lang='lat' dir='ltr'>incomprehensibile</span> <span class='ocrx_word' id='word_1_376' title='bbox 1831 4773 2076 4851; x_wconf 85' lang='lat' dir='ltr'>coerceretur!</span> 
     </span>
     <span class='ocr_line' id='line_1_37' title="bbox 484 4893 2079 4996; baseline 0.001 -27"><span class='ocrx_word' id='word_1_377' title='bbox 484 4902 539 4971; x_wconf 82' lang='lat' dir='ltr'>De</span> <span class='ocrx_word' id='word_1_378' title='bbox 558 4921 632 4996; x_wconf 91' lang='lat' dir='ltr'>quo</span> <span class='ocrx_word' id='word_1_379' title='bbox 652 4896 681 4968; x_wconf 90' lang='lat' dir='ltr'>si</span> <span class='ocrx_word' id='word_1_380' title='bbox 702 4893 789 4993; x_wconf 92' lang='lat' dir='ltr'>quid</span> <span class='ocrx_word' id='word_1_381' title='bbox 817 4895 961 4987; x_wconf 88' lang='lat' dir='ltr'>dicitnr,</span> <span class='ocrx_word' id='word_1_382' title='bbox 979 4895 1097 4992; x_wconf 87' lang='lat' dir='ltr'>aliqua</span> <span class='ocrx_word' id='word_1_383' title='bbox 1117 4896 1348 4972; x_wconf 87' lang='lat' dir='ltr'>similitudine</span> <span class='ocrx_word' id='word_1_384' title='bbox 1373 4897 1420 4972; x_wconf 90' lang='lat' dir='ltr'>de</span> <span class='ocrx_word' id='word_1_385' title='bbox 1437 4896 1607 4971; x_wconf 87' lang='lat' dir='ltr'>creaturis</span> <span class='ocrx_word' id='word_1_386' title='bbox 1626 4895 1673 4970; x_wconf 90' lang='lat' dir='ltr'>ad</span> <span class='ocrx_word' id='word_1_387' title='bbox 1689 4912 1887 4971; x_wconf 85' lang='lat' dir='ltr'>creatorem</span> <span class='ocrx_word' id='word_1_388' title='bbox 1906 4897 2079 4973; x_wconf 88' lang='lat' dir='ltr'>vocabula</span> 
     </span>
    </p>
   </div>
   <div class='ocr_carea' id='block_1_3' title="bbox 516 5169 1258 5237">
    <p class='ocr_par' dir='ltr' id='par_1_4' title="bbox 516 5169 1258 5237">
     <span class='ocr_line' id='line_1_38' title="bbox 516 5169 1258 5237; baseline 0 -15"><span class='ocrx_word' id='word_1_389' title='bbox 516 5174 522 5202; x_wconf 95' lang='lat'><strong>¹</strong></span> <span class='ocrx_word' id='word_1_390' title='bbox 541 5171 656 5224; x_wconf 60' lang='lat' dir='ltr'>Consta.</span> <span class='ocrx_word' id='word_1_391' title='bbox 669 5173 689 5236; x_wconf 91' lang='lat'>1,</span> <span class='ocrx_word' id='word_1_392' title='bbox 701 5187 756 5237; x_wconf 82' lang='lat' dir='ltr'>cap.</span> <span class='ocrx_word' id='word_1_393' title='bbox 772 5187 790 5235; x_wconf 88' lang='lat'>1,</span> <span class='ocrx_word' id='word_1_394' title='bbox 802 5185 824 5223; x_wconf 77' lang='lat' dir='ltr'>r.</span> <span class='ocrx_word' id='word_1_395' title='bbox 840 5175 878 5225; x_wconf 77' lang='lat'>20.</span> <span class='ocrx_word' id='word_1_396' title='bbox 893 5195 919 5210; x_wconf 88' lang='lat'>-</span> <span class='ocrx_word' id='word_1_397' title='bbox 936 5169 1021 5235; x_wconf 78' lang='lat' dir='ltr'>²lob,</span> <span class='ocrx_word' id='word_1_398' title='bbox 1033 5184 1087 5236; x_wconf 82' lang='lat' dir='ltr'>cap.</span> <span class='ocrx_word' id='word_1_399' title='bbox 1101 5185 1172 5236; x_wconf 69' lang='lat' dir='ltr'>unu</span> <span class='ocrx_word' id='word_1_400' title='bbox 1183 5186 1207 5223; x_wconf 76' lang='lat' dir='ltr'>v.</span> <span class='ocrx_word' id='word_1_401' title='bbox 1222 5177 1258 5226; x_wconf 80' lang='grc'>13.</span> 
     </span>
    </p>
   </div>
   <div class='ocr_carea' id='block_1_4' title="bbox 0 0 2284 6100">
    <p class='ocr_par' dir='ltr' id='par_1_5' title="bbox 0 0 2284 6100">
     <span class='ocr_line' id='line_1_39' title="bbox 0 0 2284 6100; baseline 0 0"><span class='ocrx_word' id='word_1_402' title='bbox 0 0 2284 6100; x_wconf 95' lang='lat' dir='ltr'> </span> 
     </span>
    </p>
   </div>
  </div>
 </body>
</html>
