4559 6100
465 518 537 593 460
1069 512 1199 587 earm
1222 512 1459 588 ABAELARDl

466 670 569 769 piens
579 665 757 768 praedam,
772 687 922 764 vespere
931 662 1070 738 dividet
1081 687 1196 739 escas.
1211 692 1230 732 s
1245 664 1328 737 Sive
1337 663 1440 762 juxta
1450 663 1558 737 diam
1569 663 1864 738 translationem:
1877 694 1896 735 a
1909 668 2064 766 Vespere

466 789 583 890 spolia
596 785 799 862 ffisuibua.
822 815 841 852 s
860 782 979 858 David
994 808 1083 858 vero
1096 782 1223 857 iuturae
1235 780 1401 857 Ecclesiae
1411 783 1580 883 princeps
1595 783 1634 856 in
1647 784 1775 882 spiritu
1787 785 2011 885 previdens,
2029 802 2065 861 ct

467 910 571 1007 quasi
593 907 693 980 bunc
713 904 850 979 caeteris
872 918 1100 1004 anteponens
1117 933 1128 978 a
1145 932 1164 973 a
1183 902 1258 994 lbi,
1277 933 1295 971 s
1313 903 1451 1001 inquit,
1471 932 1491 972 u
1513 903 1697 1001 &njamin
1719 904 2009 980 adolescentulus
2026 908 2064 981 in

438 1044 443 1051 “
469 1028 600 1102 mentis
612 1049 756 1100 excessu
764 1028 787 1097 ¹.
802 1055 822 1092 s
836 1023 899 1098 lile
913 1024 1050 1124 quippe
1066 1021 1265 1120 benjamin,
1279 1020 1373 1095 filius
1385 1019 1510 1113 Jacob,
1520 1024 1584 1120 qui
1596 1020 1705 1121 hujus
1719 1037 1848 1123 typum
1858 1024 2005 1122 gerebat
2017 1025 2064 1100 de

468 1149 680 1222 seminesuo
690 1144 819 1240 ibturi,
829 1144 924 1219 inter
936 1145 1062 1217 iratres
1075 1141 1205 1217 ordine
1216 1155 1414 1236 extremus,
1425 1142 1564 1241 primus
1570 1141 1671 1242 apud
1682 1145 1825 1216 Patrem
1835 1147 2062 1244 pergratiam

470 1281 566 1358 erat,
590 1290 613 1338 a
632 1290 709 1364 quo
725 1266 801 1364 ipse
824 1264 863 1337 in
885 1264 989 1337 senio
1004 1277 1193 1364 susceptus
1209 1262 1437 1362 potissimum
1452 1259 1680 1359 diligebatur.
1697 1263 1756 1335 Sic
1771 1277 1808 1336 et
1824 1264 1954 1338 Pardus
1968 1266 2065 1338 inter

470 1385 655 1486 apostolos
670 1383 799 1458 ordine
807 1383 1007 1457 vocationis
1021 1398 1058 1457 et
1072 1382 1319 1456 conversionis
1328 1382 1495 1475 ultimus,
1513 1381 1667 1475 meritis,
1681 1381 1868 1456 utdictum
1878 1397 1953 1477 est,
1966 1385 2064 1484 apud

470 1507 588 1578 Deum
614 1504 766 1604 pomus.
783 1503 969 1602 senJamin
985 1526 1133 1601 quoqne
1150 1524 1302 1575 nascens
1325 1514 1476 1574 matrem
1492 1501 1691 1600 parientem
1705 1503 1876 1601 peremit,
1892 1528 1971 1602 qua
1993 1529 2065 1604 prae

471 1623 600 1697 dolore
612 1637 735 1723 partus
751 1623 922 1712 moriens,
941 1621 1095 1715 Benoni,
1112 1620 1153 1695 id
1170 1633 1237 1714 est,
1253 1619 1369 1693 lilium
1379 1619 1518 1693 doloris
1528 1619 1739 1720 appellavit3
1757 1635 1859 1720 pater
1873 1646 1974 1715 vero,
1996 1648 2064 1696 no·

471 1746 569 1820 mine
595 1755 842 1836 commutato,
871 1767 957 1815 eum
985 1740 1189 1838 Benjamin,
1209 1738 1248 1813 id
1268 1756 1340 1834 est,
1359 1737 1474 1813 tilium
1491 1738 1664 1831 dextere,
1684 1740 1875 1840 appellavit
1882 1744 1904 1813 ⁸.
1937 1744 2066 1817 Paulus

471 1864 607 1964 quippe
623 1863 661 1936 in
677 1860 820 1937 Christo
831 1862 910 1958 jam
925 1884 1137 1953 renascens,
1156 1874 1309 1934 matrem
1324 1882 1429 1933 suam
1443 1858 1626 1952 Judaeum,
1645 1884 1725 1959 quae
1740 1884 1825 1934 eum
1849 1862 1886 1934 in
1902 1860 2067 1935 doctrina

471 1982 559 2079 logis
571 1995 744 2081 genuerat
757 1995 795 2055 et
806 1979 1038 2071 educaverat,
1055 1980 1160 2079 quasi
1174 1980 1368 2080 peremisse
1383 1979 1533 2075 dicitur,
1552 2003 1636 2053 cum
1651 1980 1728 2079 ipse
1740 1981 1919 2079 pmcipue
1934 2005 2066 2054 carna-

472 2103 562 2176 lium
588 2101 882 2177 observationum
897 2113 1100 2201 precepta,
1117 2101 1157 2173 in
1173 2099 1306 2199 quibus
1328 2099 1398 2199 ipsi
1413 2098 1603 2193 vivebant,
1623 2101 1870 2191 evacuaverit,
1891 2116 1927 2174 et
1953 2115 2067 2174 totam

472 2247 600 2297 eorum
622 2220 774 2320 gloriam
790 2218 839 2295 ad
861 2218 1016 2294 nibilum
1030 2218 1224 2318 redegerit,
1241 2219 1344 2319 quasi
1366 2219 1414 2293 de
1435 2232 1540 2294 utero
1555 2220 1679 2293 matris
1694 2221 1834 2314 exiens,
1851 2235 1888 2294 et
1900 2245 1923 2295 a
1937 2220 2069 2294 scholis

472 2345 666 2442 Synagogae
680 2364 748 2440 per
759 2340 1036 2414 conversionem
1048 2337 1239 2434 recedens,
1250 2341 1351 2438 juata
1361 2338 1463 2438 quod
1479 2339 1631 2437 ipsemet
1646 2339 1715 2412 ait⁸
1729 2367 1739 2412 z
1759 2369 1778 2407 ι
1792 2343 1865 2430 Qui
1881 2364 1940 2415 me
1955 2366 2068 2439 segre

473 2463 569 2560 gavit
592 2484 636 2535 ex
661 2474 765 2534 utero
793 2461 917 2534 matris
943 2483 1053 2553 meae,
1075 2478 1113 2533 et
1130 2457 1325 2532 vivificavit
1343 2484 1409 2558 per
1427 2459 1578 2556 gratiam
1603 2481 1719 2531 snam.
1742 2488 1761 2528 n
1781 2459 1886 2534 Unde
1913 2476 1951 2534 et
1977 2460 2071 2535 bene

474 2596 589 2657 mater
610 2605 696 2654 eum
717 2581 873 2672 Benoni,
891 2580 930 2654 id
953 2594 1008 2654 est
1028 2578 1144 2653 lilium
1170 2578 1307 2653 doloris
1333 2580 1390 2652 sui
1410 2579 1573 2669 vocavit,
1594 2580 1679 2677 quia
1701 2602 1775 2678 quo
1803 2580 1885 2678 plus
1911 2605 2069 2655 errorem

474 2702 552 2798 ejus
568 2700 698 2772 Paulus
707 2697 906 2792 infestavit,
921 2698 1077 2798 amplius
1090 2720 1173 2771 eam
1188 2697 1311 2771 dolere
1323 2697 1406 2772 iecit
1416 2724 1426 2769 ι
1436 2712 1480 2803 wet
1494 2722 1570 2796 quo
1583 2722 1656 2797 prae
1670 2699 1852 2798 sapientiae
1866 2725 1940 2773 suae
1955 2702 2070 2774 excel·

474 2821 585 2894 lentia
602 2819 736 2918 gratior
750 2818 783 2892 ei
803 2819 1005 2911 exstiterat,
1029 2816 1184 2919 amplius
1199 2841 1280 2891 eam
1296 2818 1521 2893 contristavit
1533 2818 1697 2891 amissus.
1718 2823 1813 2893 Bene
1828 2834 1949 2892 antem
1968 2826 2073 2894 Pater

475 2963 612 3013 nomen
624 2953 847 3016 commutare
858 2939 994 3034 voluit,
1010 2952 1052 3016 ut
1069 2941 1189 3043 potius
1205 2965 1290 3017 eum
1303 2939 1418 3016 filium
1434 2940 1604 3034 dextera,
1622 2939 1660 3015 id
1677 2955 1731 3016 est
1747 2942 1992 3041 prosperitatis
2007 2966 2071 3015 seu

413 3051 419 3058 ’
475 3060 695 3136 fortitudinis
710 3061 925 3163 appellaret,
938 3087 1050 3163 quam
1067 3061 1223 3156 doloris3
1234 3065 1319 3161 quia
1333 3062 1414 3155 hic,
1433 3078 1474 3136 ut
1489 3063 1644 3137 diximus
1655 3117 1665 3155 ,
1676 3064 1841 3137 interitus
1852 3065 2068 3160 synagoga,

476 3182 540 3279 qui
552 3204 618 3281 per
633 3183 783 3256 Paulum
801 3181 915 3257 factus
930 3197 1006 3275 est,
1020 3185 1058 3256 in
1081 3182 1355 3282 prosperitatem
1371 3183 1492 3283 potius
1507 3181 1688 3272 fidelium,
1703 3198 1740 3257 et
1755 3205 1990 3258 communem
2006 3186 2073 3255 Ec-

476 3299 590 3374 clesiae
604 3300 879 3394 exultationem,
892 3327 1005 3402 quam
1017 3304 1056 3378 in
1072 3301 1239 3376 dolorem
1255 3301 1490 3402 reputandus.
1501 3303 1574 3392 Qui
1587 3303 1698 3376 etiam
1711 3317 1849 3401 quanta
1865 3302 2073 3376 fortitudine

476 3419 587 3492 animi
601 3421 732 3518 viguit,
750 3422 950 3497 innumere
966 3424 1003 3496 in
1018 3447 1103 3497 enrn
1122 3424 1391 3521 persecutiones
1405 3420 1578 3494 indicant.
1596 3421 1703 3512 Quod
1718 3446 1805 3496 vcro
1823 3423 1956 3497 dicitur
1970 3445 2074 3494 mane

474 3562 601 3640 rapere
611 3540 791 3638 pmdam,
807 3556 845 3613 et
860 3566 1008 3642 vespere
1020 3564 1121 3615 esces
1133 3540 1313 3634 dindere,
1332 3540 1508 3639 significat
1525 3566 1610 3614 eum
1626 3542 1793 3641 primitus
1807 3554 2074 3642 pemecutorem

477 3657 642 3734 Ecclesia
654 3656 778 3749 fuisse,
794 3671 830 3731 et
841 3673 967 3757 postea
987 3658 1155 3758 spiritalis
1173 3658 1277 3731 verbi
1301 3659 1533 3733 reiectionem
1548 3659 1712 3735 doctrina
1725 3685 1798 3734 snas
1815 3659 2075 3760 praedicationis

479 3775 757 3849 administrasse.
779 3776 888 3865 Quod
912 3801 1001 3850 vero
1019 3778 1121 3875 juxta
1145 3776 1252 3850 aliam
1271 3778 1542 3852 translationem
1560 3779 1692 3853 dicitnr
1707 3780 1926 3855 distribuere
1942 3779 2072 3879 spolia,
2143 3833 2146 3838 -

479 3893 654 3991 significat
669 3918 773 3989 eum,
792 3909 1029 3994 posteaquam
1054 3919 1251 3969 conversus
1265 3912 1340 3989 est,
1358 3896 1488 3972 multas
1503 3899 1642 3974 animas
1656 3899 1804 3973 diabolo
1828 3900 2022 4000 eripuisse,
2041 3914 2077 3972 et

479 4015 581 4113 qnasi
596 4014 724 4115 spolia,
743 4013 865 4112 togato
884 4013 1002 4106 hoste,
1026 4014 1097 4090 hos
1119 4016 1320 4107 retinuisse,
1335 4042 1429 4116 quos
1450 4033 1577 4119 postea
1592 4044 1657 4119 per
1674 4020 1893 4095 eclesiastica
1905 4019 2026 4093 officia
2041 4034 2077 4091 et

480 4155 705 4231 quaecunque
732 4131 899 4210 fidelium
930 4134 1129 4214 ministeria
1155 4134 1350 4210 ordinavit.
1371 4139 1612 4236 Hieronymus
1634 4164 1723 4213 vero
1753 4141 1790 4213 in
1818 4139 1971 4240 prologo
1995 4137 2076 4211 libri

481 4251 743 4325 Hebraicarum
763 4254 996 4353 questionum
1021 4256 1061 4327 in
1075 4257 1265 4345 Geviesim,
1284 4257 1408 4329 asserit
1424 4255 1624 4332 secundum
1641 4258 1828 4352 Hebraeos,
1851 4257 1952 4357 quod
1968 4257 2078 4330 altare

481 4373 520 4450 in
536 4395 611 4470 qno
626 4370 907 4452 immolabantur
921 4370 1066 4458 hostiae,
1079 4386 1117 4447 et
1125 4373 1357 4447 victimarum
1371 4377 1515 4473 sangnis
1531 4374 1579 4451 ad
1594 4376 1718 4451 basem
1730 4376 1826 4451 illius
1841 4375 2073 4469 fundebatur,

482 4492 519 4564 in
536 4506 637 4589 parte
652 4489 770 4566 tribus
780 4490 964 4589 Benjamin
980 4506 1069 4566 erat.
1088 4495 1172 4583 Quo
1182 4492 1329 4591 quidem
1340 4495 1599 4570 convenienter
1612 4498 1677 4571 iste
1687 4496 1879 4571 christiam
1895 4496 2079 4595 sanguinis

483 4608 617 4692 effltaor
634 4608 857 4707 intelligitur,
873 4608 921 4683 de
938 4635 1013 4709 quo
1026 4610 1202 4709 scripmm
1217 4625 1292 4685 est:
1308 4642 1327 4682 u
1341 4614 1489 4713 spirans
1500 4617 1682 4690 minarum
1696 4630 1733 4691 et
1746 4615 1855 4690 caedis
1868 4617 1906 4690 in
1922 4616 2080 4713 discipu-

483 4731 539 4806 los
553 4729 717 4821 Domini,
733 4731 847 4804 etc.⁸»
861 4742 902 4802 ut
916 4729 1047 4804 Christi
1062 4729 1225 4808 membra
1237 4747 1410 4831 tanquam
1425 4734 1533 4835 lupus
1549 4760 1637 4811 oves
1651 4736 1804 4810 laniaret
1820 4737 1858 4809 in
1877 4734 1992 4810 terris.
2011 4736 2082 4806 lste

483 4864 537 4924 eet
550 4854 736 4950 Benjamin
751 4849 1057 4943 adolescentulus,
1075 4852 1178 4950 quasi
1198 4852 1292 4925 inter
1313 4854 1496 4953 apostolos
1517 4856 1594 4957 ipse
1614 4871 1812 4947 exuemus,
1831 4869 1952 4929 mente
1969 4868 2005 4927 et
2022 4877 2083 4926 ra·

518 5125 634 5178 'Pictas
645 5138 721 5189 uvu,
733 5139 757 5176 v.
770 5127 866 5180 ts.-²
876 5125 963 5178 Gener.
976 5139 1032 5189 cap.
1043 5140 1122 5188 xxxv,
1134 5141 1158 5180 v.
1173 5132 1515 5198 ts.-³cctu.,cap.1.v.
1528 5140 1565 5190 ta
1576 5138 1681 5190 -⁴act.
1691 5138 1787 5214 Apta..
1798 5149 1853 5201 cap.
1865 5148 1901 5196 ιι,
1911 5148 1936 5187 r.
1949 5136 1972 5187 t.
