4559 6100
673 582 716 655 lN
740 578 984 652 EPlSTOLAM
1009 578 1070 653 An
1096 578 1319 654 ROMANOS.
1716 580 1787 654 225

196 725 462 822 justificantem,
474 729 548 800 sive
561 752 626 827 per
631 729 802 826 justitiam
817 754 861 801 ex
872 727 943 802 fide
956 729 1172 801 venientem.
1185 731 1276 798 «Aut
1289 728 1417 799 semini
1427 725 1541 823 ejus.»
1556 727 1597 799 ld
1609 741 1663 800 est
1674 752 1790 801 exem·

201 847 262 943 plo
283 848 359 943 ejus
378 846 554 918 instructi.
578 877 595 914 α
612 852 658 919 Ut
673 847 786 921 haeres
802 864 895 921 esset
911 847 1050 920 mundi.
1064 878 1082 914 »
1108 846 1148 918 ld
1164 860 1218 919 est
1234 860 1428 947 perpetuus
1445 870 1628 945 possessor
1645 848 1788 920 nniver-

201 990 323 1037 sorum
347 965 531 1037 bonorum
554 991 633 1064 quae
658 963 1010 1066 per‘soecunditatem
1027 980 1127 1039 terrae
1143 966 1328 1065 promissa
1341 964 1598 1064 significantur.
1620 966 1791 1038 Universa

200 1086 333 1184 quippe
349 1084 510 1185 possidet
525 1084 638 1178 bona,
657 1087 720 1184 qui
736 1088 858 1162 omnia
876 1087 987 1161 habet
1005 1086 1217 1180 necessaria,
1236 1101 1272 1158 et
1288 1085 1320 1157 ei
1337 1083 1427 1157 nihil
1441 1083 1565 1157 deesse
1582 1083 1713 1156 dicitur
1729 1088 1792 1183 qni

97 1283 99 1287 ¹
202 1202 301 1276 nullo
325 1204 473 1301 indiget.
493 1203 598 1278 Unde
619 1206 810 1307 Apostolus
836 1206 882 1279 de
908 1206 965 1279 his
989 1207 1051 1304 qui
1072 1205 1240 1303 exemplo
1266 1203 1415 1276 Abrahae
1434 1205 1698 1302 peregrinantes
1721 1219 1792 1277 ter·

203 1347 288 1395 rena
304 1323 538 1422 despiciendo
555 1325 711 1399 coelestia
727 1340 914 1424 appetunt,
940 1327 1007 1399 ait¹
1023 1354 1031 1395 z
1049 1329 1269 1422 «Tanquam
1288 1322 1379 1396 nihil
1403 1321 1589 1414 habentes,
1612 1338 1648 1396 et
1671 1326 1793 1396 omnia

203 1441 462 1540 possidentes.»
472 1442 535 1515 Vel
546 1473 563 1513 «
577 1458 670 1518 esset
679 1444 792 1518 haeres
801 1444 967 1537 mundi,»
978 1444 1016 1516 id
1025 1460 1078 1517 est
1090 1444 1158 1517 soli
1173 1468 1214 1516 ex
1225 1444 1393 1515 universo
1409 1441 1548 1514 mundo
1562 1442 1790 1538 eligerentur,

204 1574 243 1632 ut
258 1559 385 1634 fierent
400 1561 573 1640 haeredes.
595 1594 612 1630 α
627 1565 664 1635 Si
680 1565 777 1638 enim
793 1566 868 1661 qui.
885 1592 902 1633 u
922 1568 1017 1637 Bene
1033 1563 1116 1636 dico
1133 1587 1199 1661 per
1214 1586 1326 1662 opera
1347 1560 1433 1658 legis
1451 1585 1527 1632 non
1551 1564 1731 1660 perveniri
1746 1563 1793 1635 ad

204 1679 446 1754 hereditatem
464 1681 626 1756 fidelihus
643 1684 868 1783 promissam.
886 1683 1052 1781 Alioquin
1069 1711 1086 1752 u
1100 1681 1190 1755 fides
1205 1694 1298 1755 esset
1314 1680 1507 1771 exinanita,
1523 1709 1540 1747 u
1554 1680 1592 1752 id
1606 1695 1671 1774 est,
1686 1684 1793 1756 meri-

207 1811 281 1870 tum
306 1798 391 1872 fidei
415 1816 639 1896 evacuatum,
667 1827 752 1875 cum
774 1828 874 1902 aeque
899 1801 1062 1876 infideles
1079 1802 1172 1874 sicut
1197 1799 1320 1872 fideles
1335 1822 1446 1897 opera
1470 1796 1531 1871 illa
1553 1797 1639 1895 legis
1660 1798 1794 1874 hahere

206 1919 355 2015 possint,
383 1932 419 1991 et
444 1944 510 2018 per
529 1920 602 1994 hoc
626 1921 784 1995 heredes
808 1921 896 1995 lieri.
924 1953 942 1989 α
955 1927 997 1994 Et
1019 1921 1212 2021 promissio
1232 1918 1412 2011 abolita»
1431 1917 1470 1990 id
1494 1932 1548 1990 est
1570 1917 1734 1992 inefficax
1759 1934 1795 1992 et

207 2037 302 2109 irrita
324 2037 430 2111 iacta.
459 2043 527 2111 Per
546 2065 661 2138 quam
685 2039 833 2139 quidem
860 2040 1137 2141 promissionem
1164 2042 1202 2111 in
1231 2040 1368 2112 semine
1392 2037 1543 2112 Abrahae
1564 2053 1686 2138 gentes
1714 2054 1796 2111 sunt

207 2155 472 2250 benedicendae,
499 2183 579 2256 quae
602 2157 689 2256 legis
712 2185 823 2260 opera
847 2185 921 2233 non
948 2158 1097 2232 habent.
1125 2163 1170 2230 Et
1195 2158 1267 2231 hoc
1294 2172 1360 2252 est,
1387 2159 1502 2255 siqui
1526 2159 1673 2253 exlege
1697 2173 1793 2248 sunt,

208 2274 379 2347 subaudis
404 2290 486 2350 sunt
509 2277 683 2371 heredes,
712 2279 751 2352 id
776 2294 842 2375 est,
870 2280 933 2378 qui
956 2301 1068 2376 opera
1092 2276 1178 2374 legis
1199 2274 1349 2366 habent,
1368 2300 1436 2374 pro
1453 2275 1525 2349 hoc
1551 2275 1794 2369 hereditatem

209 2409 405 2489 merentur,
424 2411 490 2471 etc.
588 2415 591 2422 “

272 2520 368 2588 «lex
386 2520 493 2594 enim.
506 2548 524 2588 u
545 2525 678 2594 lterum
694 2521 824 2620 probat
844 2546 908 2622 per
923 2521 1061 2622 legem,
1081 2521 1119 2595 id
1135 2534 1189 2594 est
1204 2544 1316 2620 opera
1330 2517 1391 2592 illa
1406 2517 1495 2615 legis
1510 2517 1699 2612 exteriora,
1718 2542 1798 2617 quae

208 2633 264 2705 les
279 2637 450 2735 precipit,
477 2663 553 2710 non
571 2641 707 2739 acquiri
721 2633 966 2716 haereditatem
977 2630 1121 2734 ,immo
1140 2642 1253 2737 magis
1269 2663 1350 2713 reos
1365 2639 1535 2711 constitui
1550 2637 1717 2709 homines
1733 2663 1799 2736 per

209 2749 334 2848 legem,
355 2770 395 2829 ut
410 2755 653 2831 haereditatem
667 2761 846 2833 amittant.
862 2763 974 2835 Multa
989 2762 1123 2860 quippe
1140 2775 1224 2833 sunt
1241 2784 1352 2859 opera
1368 2760 1456 2857 legis
1471 2760 1521 2830 ita
1535 2757 1672 2854 gravia,
1686 2770 1801 2829 utens

210 2871 381 2969 aquibus
397 2875 454 2947 vel
474 2878 512 2949 in
537 2878 667 2975 quibus
688 2878 780 2952 fiunt
801 2879 893 2953 adeo
915 2881 1086 2978 affligant,
1112 2894 1153 2952 ut
1176 2881 1232 2951 vix
1256 2880 1307 2952 eis
1329 2894 1391 2952 aut
1411 2902 1600 2975 nunquam
1624 2889 1800 2976 precepta

211 3014 332 3064 eorum
351 2993 529 3092 placeant,
549 3023 617 3071 neo
634 2998 834 3073 voluntarie
858 3001 998 3098 possint
1013 2998 1169 3099 impleri,
1188 2999 1278 3072 sicut
1296 3013 1362 3093 est,
1380 2998 1528 3071 dentem
1552 3020 1620 3096 pro
1641 2995 1749 3069 dente
1767 3010 1802 3068 et

212 3112 353 3183 oculum
375 3139 443 3212 pro
466 3116 574 3189 oculo
598 3118 736 3212 tollere,
760 3133 795 3192 et
817 3118 1000 3192 nonnullis
1019 3132 1176 3190 mortem
1196 3118 1341 3190 inferre.
1357 3119 1447 3206 Quis
1468 3117 1566 3188 enim
1584 3118 1622 3188 in
1642 3115 1699 3185 his
1710 3139 1803 3223 quos

211 3228 321 3328 diligit
344 3232 421 3306 haec
447 3234 602 3309 libenter
628 3254 803 3329 exerceat,
828 3253 891 3311 aut
916 3239 954 3310 in
982 3262 1020 3309 se
1045 3260 1088 3311 ea
1114 3236 1269 3309 libenter
1293 3237 1469 3334 excipiat?
1487 3234 1591 3306 Unde
1618 3239 1741 3305 Petrus
1764 3234 1800 3304 in

213 3349 353 3422 Actibus
374 3355 627 3450 Apostolorum
651 3382 715 3430 eos
738 3356 916 3447 refellens,
935 3357 1000 3454 qui
1020 3355 1231 3428 Christianis
1257 3378 1368 3453 opera
1391 3354 1477 3450 legis
1500 3355 1687 3450 imponere
1707 3351 1803 3423 vole·

210 3466 315 3559 bant,
342 3484 384 3542 ut
408 3496 451 3545 ea
472 3473 637 3548 videlicet
657 3477 726 3577 ipsi
750 3501 898 3576 quoqne
919 3488 1114 3564 seruarent,
1140 3474 1237 3545 ait¹:
1259 3473 1364 3545 «Viri
1387 3471 1525 3565 fratres,
1548 3470 1636 3569 quid
1662 3472 1803 3543 tentatis

209 3590 405 3662 Dominum
427 3591 615 3692 imponere
635 3595 762 3694 jugum
787 3619 896 3695 super
918 3595 1094 3667 cervicem
1118 3591 1393 3692 disciptdorum,
1422 3590 1522 3690 quod
1543 3615 1661 3688 neque
1685 3605 1804 3689 patres

208 3710 342 3802 nostri,
369 3734 487 3808 neque
513 3737 581 3785 nos
607 3728 751 3812 portare
776 3712 992 3815 potuimus?
1009 3712 1073 3785 sed
1098 3736 1165 3813 per
1187 3713 1336 3809 gratiam
1361 3711 1509 3782 Domini
1525 3713 1606 3782 lesu
1626 3709 1805 3781 credimus

203 3825 349 3919 salvari,
369 3830 678 3927 quemadmodum
695 3848 731 3906 et
752 3834 816 3907 illi.
833 3865 851 3902 r
872 3839 944 3906 Lex
964 3833 1085 3930 itaque
1102 3832 1283 3903 carnalem
1302 3844 1339 3903 et
1355 3829 1454 3902 durae
1468 3829 1615 3902 cervicis
1628 3828 1805 3928 populum

201 3946 433 4045 exoperibus
445 3949 531 4047 legis
540 3954 653 4049 magis
664 3977 766 4025 reum
777 3954 907 4046 effecit,
918 3976 1027 4052 quam
1040 3950 1222 4049 purgarit3
1240 3947 1484 4048 spiritualibus
1494 3974 1581 4021 vero
1597 3947 1685 4021 nihil
1698 3948 1806 4045 justi-

200 4065 267 4135 tiae
282 4067 448 4162 contulit,
470 4093 536 4167 per
556 4069 617 4144 illa
637 4071 800 4145 videlieet
819 4072 966 4170 propria
979 4095 1043 4142 sua
1062 4093 1174 4168 opera
1195 4069 1385 4141 exteriora.
1401 4072 1447 4140 Et
1466 4067 1539 4140 hoe
1559 4081 1612 4140 est
1625 4066 1723 4164 quod
1734 4068 1802 4139 ait:

197 4187 281 4256 Lex
292 4186 404 4277 enim,
416 4187 549 4260 scilieet
561 4189 621 4263 illa
632 4189 756 4288 legalia
768 4216 892 4289 opera,
909 4191 999 4263 iram
1013 4190 1081 4261 Dei
1092 4192 1129 4261 in
1144 4213 1207 4261 eos
1221 4189 1340 4287 potins
1356 4201 1526 4288 operatur
1542 4211 1651 4284 quam
1663 4187 1806 4258 veniam

193 4304 269 4375 vel
283 4304 442 4403 aliquam
454 4307 759 4404 justificationem.
774 4314 817 4383 Et
830 4335 940 4408 quare
957 4308 1069 4383 iram?
1083 4309 1177 4397 Quia
1191 4322 1466 4404 transgressores
1479 4308 1535 4380 sui
1550 4307 1632 4380 lacit
1643 4331 1719 4398 eos,
1731 4331 1805 4378 non

188 4422 303 4494 alios
319 4422 467 4519 scilicet,
483 4440 519 4499 et
529 4427 602 4500 hoc
615 4443 689 4501 est:
707 4429 804 4501 «Ubi
816 4431 911 4502 enirn
928 4454 1003 4503 non
1019 4442 1073 4502 est
1087 4427 1157 4518 lex,
1171 4440 1239 4499 etc.
1252 4454 1270 4494 u
1285 4425 1387 4498 ldem
1401 4425 1451 4497 illi
1468 4424 1600 4523 quihus
1615 4425 1676 4498 illa
1683 4425 1808 4524 legalia

184 4557 389 4642 praecepta
403 4569 479 4616 non
497 4560 581 4618 sunt
599 4546 694 4641 data,
712 4550 1015 4648 praevaricationis
1028 4563 1064 4621 et
1081 4545 1369 4642 transgressionis
1389 4560 1526 4617 reatum
1541 4545 1716 4643 perillam
1732 4569 1807 4617 non

180 4666 416 4755 incurrunt,
428 4665 574 4740 cumeis
586 4669 788 4743 voluntarie
800 4695 875 4743 non
888 4669 1103 4742 obediunt«
1115 4668 1200 4740 Ideo
1212 4690 1256 4736 ex
1268 4663 1354 4756 fide,
1366 4693 1384 4762 u
1397 4662 1805 4755 seilicetsunthaeredes,

176 4780 513 4884 quandoquidem
539 4810 614 4858 non
633 4788 781 4885 exlege.
800 4790 865 4862 Vel
881 4790 929 4862 ita
947 4790 1120 4861 continua
1140 4814 1149 4856 ε
1167 4785 1249 4856 Dixi
1268 4808 1344 4855 non
1364 4807 1429 4884 per
1445 4783 1561 4879 legem
1586 4807 1662 4854 esse
1680 4783 1808 4853 factam

175 4889 496 5004 promissionem
512 4902 739 4999 haereditatis,
756 4907 820 4981 sed
832 4933 897 5006 per
908 4907 1084 5004 justitiam
1099 4903 1195 4978 fidei.
1215 4901 1315 4993 ldeo,
1334 4927 1378 4975 ex
1397 4900 1467 4973 fide
1481 4915 1564 4973 suut
1577 4898 1748 4971 haeredes.
1765 4902 1809 4973 Et

213 5186 222 5216 ¹
240 5180 274 5233 11
298 5178 435 5242 Corinth,
453 5195 508 5243 cap.
522 5197 560 5245 n,
576 5198 599 5233 r.
616 5187 651 5235 ιο.
667 5210 699 5221 -
710 5185 719 5214 ²
732 5185 784 5234 Act.
797 5185 893 5246 spurt,
915 5195 968 5244 cap.
991 5194 1032 5243 rr,
1052 5193 1076 5230 s.
1090 5180 1127 5231 10.

345 5289 366 5326 n
1653 5261 1691 5318 29
