4559 6100
470 537 517 607 86
1073 542 1201 614 Pss'rttt
1227 541 1461 616 ABAELARDl

469 706 522 762 est
538 690 574 760 in
586 692 690 759 Patre
706 700 741 759 et
753 687 791 758 in
804 685 892 759 Filio
904 688 1023 780 simul,
1039 704 1074 762 et
1090 703 1190 763 tanta
1206 691 1243 762 in
1258 692 1392 790 Spiritu
1408 705 1547 783 sancto,
1560 706 1694 790 quanta
1707 692 1745 764 in
1759 695 1864 765 Patre
1879 706 1914 765 et
1926 691 2061 767 Filio.»

469 815 559 883 Cum
569 810 688 906 itaque
700 829 776 878 non
788 807 834 879 sit
841 806 958 903 major
970 810 1121 883 essentia
1134 811 1444 905 totiusTrinitatis,
1460 835 1572 910 quam
1581 810 1802 910 singularum
1810 836 2061 912 personarum,

469 943 608 1002 constat
620 950 766 1026 quoque
778 927 893 1026 ipsam
906 929 1127 1023 Trinitatem,
1151 931 1242 1002 sicut
1258 927 1427 1028 singulas,
1445 930 1669 1004 individuam
1687 956 1776 1021 esse,
1795 931 1868 1006 hoc
1883 946 1937 1006 est
1950 933 2065 1007 nullas

468 1050 611 1148 penitus
628 1049 664 1120 in
681 1047 878 1145 qrtantitate
896 1071 968 1120 suae
992 1048 1152 1120 essentiae
1169 1063 1289 1148 partes
1304 1046 1452 1122 habere.
1472 1052 1591 1122 Omne
1615 1052 1750 1150 quippe
1774 1051 1875 1152 quod
1903 1050 2065 1150 partibus
2123 1054 2127 1059 ’

470 1182 620 1260 constat,
644 1167 729 1266 ipsis
750 1166 911 1266 partibus
938 1167 1127 1265 exquibus
1152 1193 1259 1241 suurn
1276 1191 1353 1241 esse
1369 1168 1562 1263 contrahit,
1582 1171 1790 1246 naturaliter
1804 1173 1983 1271 posterius
2009 1172 2066 1246 di·

470 1294 573 1364 citur.
593 1291 741 1361 Summa
757 1311 843 1360 vero
869 1288 928 1361 illa
953 1289 1117 1382 Trinitas,
1144 1313 1223 1387 quae
1245 1291 1496 1364 universorum
1520 1276 1729 1390 supremum
1758 1293 1975 1392 principium
1996 1307 2062 1386 est,

469 1435 541 1509 qua
552 1410 689 1482 ratione
705 1407 882 1507 posterius
899 1407 1020 1506 aliquo
1037 1407 1109 1481 diei
1124 1410 1263 1508 potest?
1275 1437 1293 1476 »
1308 1408 1485 1507 Ampliusr
1503 1438 1522 1479 v
1535 1413 1673 1504 Omne,
1687 1412 1805 1510 inquit
1820 1411 1922 1485 Plato
1929 1416 1952 1505 ¹,
1964 1412 2064 1509 quod

466 1533 631 1626 junctum
647 1542 700 1600 est
719 1541 860 1621 natura,
881 1526 1088 1601 dissolubile
1103 1520 1169 1600 est.
1195 1556 1213 1597 »
1236 1532 1278 1601 Et
1296 1533 1334 1601 B.
1354 1528 1508 1602 Hilarius
1530 1531 1568 1601 in
1587 1529 1687 1601 Psal.
1709 1554 1838 1603 crxrx:
1858 1532 2065 1630 «Quisquis

470 1653 518 1722 ita
539 1648 633 1720 valet
656 1646 816 1741 credere,
842 1660 881 1719 ut
907 1651 1002 1720 Deus
1029 1648 1228 1747 corporalis
1248 1649 1305 1737 sit,
1324 1649 1408 1747 quia
1427 1648 1473 1722 ad
1492 1649 1684 1746 imaginem
1709 1649 1786 1745 ejus
1801 1648 1916 1721 homo
1938 1650 2063 1741 iactus,

469 1769 713 1868 compositum
730 1771 847 1841 Deum
871 1782 1002 1842 statuet
1025 1791 1113 1842 esse.
1136 1768 1325 1866 Quidquid
1346 1781 1466 1842 antem
1494 1769 1741 1867 compositum
1766 1782 1833 1862 est,
1854 1794 1998 1845 neeesse
2013 1786 2066 1845 est

470 1916 544 1964 non
559 1891 665 1963 luerit
682 1903 868 1979 aeternum,
887 1890 972 1989 quia
987 1890 1204 1989 compositio
1217 1888 1326 1962 babet
1340 1889 1497 1981 initium,
1517 1912 1591 1987 qno
1607 1890 1851 1988 compositum
1866 1905 2023 1964 maneat.
2045 1920 2064 1960 u

469 2018 523 2084 De
539 2010 742 2084 sinceritate
770 2024 889 2083 autem
916 2032 958 2082 ac
981 2009 1137 2108 puritate
1166 2008 1295 2081 divinae
1322 2007 1542 2102 substantie,
1570 2022 1610 2080 ut
1626 2008 1725 2081 nulla
1740 2007 1906 2081 videlieet
1924 2011 2067 2109 penitus

469 2128 686 2223 accidentia,
709 2128 823 2201 nullas
836 2126 968 2201 habeat
985 2128 1131 2221 formas,
1151 2129 1243 2201 sicut
1255 2153 1323 2200 nec
1341 2141 1473 2227 partes,
1495 2127 1664 2201 Boethius
1680 2127 1723 2200 de
1744 2130 1930 2222 Trinitate,
1950 2128 2013 2201 lib.
2036 2136 2063 2224 l,

468 2277 552 2324 curn
568 2271 746 2325 summam
759 2247 836 2343 ejus
853 2249 1025 2319 unitatem
1041 2262 1270 2338 asseveraret,
1289 2248 1338 2320 nit
1355 2276 1362 2319 :
1388 2277 1405 2317 a
1427 2248 1606 2337 Quocirca
1618 2245 1691 2320 hoc
1705 2271 1788 2321 vere
1805 2271 1919 2319 unum
1936 2249 1973 2319 in
1991 2274 2066 2345 quo

468 2370 788 2457 nullusnumerus,
805 2364 944 2438 nullum
972 2366 1010 2437 in
1042 2389 1087 2438 eo
1109 2364 1208 2438 aliud
1226 2382 1353 2465 praeter
1378 2365 1417 2439 id
1442 2366 1543 2464 quod
1568 2380 1634 2458 est,
1664 2391 1782 2465 neque
1804 2365 2066 2440 substantivum

469 2491 547 2563 lieri
559 2501 702 2589 potest:
723 2486 839 2561 iorma
852 2484 951 2558 enim
969 2498 1036 2575 est,
1055 2484 1180 2558 formae
1196 2510 1283 2559 vero
1298 2484 1444 2559 subesse
1459 2511 1534 2559 uon
1550 2501 1713 2586 possunt.
1732 2491 1930 2558 »Formam
1945 2488 2066 2585 itaque

471 2608 639 2682 Boethius
653 2607 736 2683 loco
753 2604 825 2677 hnc
838 2600 1030 2702 appellavit
1041 2602 1203 2677 divinam
1217 2604 1466 2699 substantiam,
1478 2604 1680 2678 secundum
1691 2604 1763 2677 boe
1773 2603 1873 2701 quod
1883 2604 2066 2677 nullarum

469 2731 668 2802 formarum
683 2724 958 2799 fundamentum
972 2735 1037 2795 est.
1056 2725 1207 2796 Sanctus
1219 2749 1365 2823 quoqne
1381 2726 1596 2822 Augustinus
1612 2725 1741 2797 divinae
1762 2739 1897 2797 naturae
1920 2726 2066 2797 sinceri·

469 2863 578 2922 tatem
597 2860 772 2935 astruens,
794 2841 856 2915 lib.
876 2845 925 2913 xt
944 2839 989 2913 de
1012 2843 1160 2914 Ciuitate
1184 2846 1254 2915 Dei
1272 2844 1361 2916 aiv:
1389 2848 1503 2917 «Non
1521 2858 1670 2946 propter
1691 2844 1763 2917 hoc
1787 2858 1953 2917 naturam
1970 2844 2067 2918 illam

468 2968 557 3041 boni
572 2964 772 3066 simplicem
789 2962 955 3056 dicimus,
974 2961 1060 3062 quia
1076 2974 1129 3034 est
1146 2965 1250 3034 Pater
1266 2963 1304 3035 in
1321 2988 1363 3037 ea
1379 2964 1491 3058 solus,
1505 2979 1568 3037 aut
1583 2965 1691 3037 Filius
1707 2964 1819 3059 solus,
1838 2977 1900 3037 aut
1917 2964 2067 3065 Spiritus

469 3104 612 3163 sanctus
632 3114 640 3159 z
659 3084 698 3158 id
714 3098 787 3178 est,
813 3094 877 3157 aut
902 3082 979 3156 sola
1003 3096 1056 3156 est
1071 3083 1138 3157 ista
1153 3084 1311 3156 nominis
1332 3085 1483 3159 Trinitas
1503 3086 1579 3158 sine
1600 3084 1797 3158 substantia
1813 3109 2063 3185 personarum,

468 3213 559 3283 sicut
583 3206 775 3280 Sabelliani
801 3217 1032 3304 putaverunt,
1055 3203 1118 3276 sed
1135 3203 1218 3278 ideo
1235 3204 1386 3304 simplex
1409 3204 1540 3278 dicitur
1565 3207 1651 3304 quia
1668 3221 1722 3280 est
1737 3207 1808 3279 hoc
1824 3204 1926 3304 quod
1942 3205 2064 3296 habet,

467 3344 618 3428 excepto
648 3324 751 3426 quod
774 3324 919 3398 relative
947 3347 1097 3422 quaeque
1121 3346 1277 3423 persona
1299 3323 1347 3396 ad
1371 3323 1519 3398 alteram
1545 3324 1690 3399 dicitur.
1709 3331 1800 3399 Nam
1819 3328 1942 3424 utique
1963 3329 2067 3400 Pater

466 3451 578 3526 habet
592 3449 734 3538 Filium,
747 3470 815 3520 nec
831 3460 951 3520 tamen
972 3446 1049 3544 ipse
1064 3458 1118 3516 est
1132 3443 1254 3537 Filius,
1272 3457 1309 3517 et
1320 3443 1428 3518 Filius
1442 3449 1597 3539 Patrem,
1611 3470 1678 3518 nec
1692 3459 1811 3519 tamen
1823 3459 1877 3518 est
1893 3450 2008 3519 Pater.
2026 3449 2066 3518 ln

362 3609 368 3618 ·
468 3598 541 3671 quo
554 3595 642 3644 vero
663 3568 711 3642 ad
732 3568 963 3666 semetipsum
979 3565 1111 3639 dicitur
1130 3589 1208 3638 nnn
1225 3564 1272 3638 ad
1291 3565 1457 3657 alterurn,
1481 3566 1554 3639 hoc
1570 3580 1624 3639 est
1640 3566 1742 3666 quod
1759 3566 1887 3660 lrabet3
1904 3567 1996 3638 sicut
2019 3565 2066 3639 ad

468 3691 700 3789 semetipsum
706 3686 841 3760 dicitur
851 3685 987 3776 vivens,
1000 3682 1172 3758 habendo
1184 3685 1351 3776 vitam,et
1362 3684 1489 3758 eadem
1500 3686 1573 3759 vita
1584 3685 1745 3759 Christus
1756 3701 1820 3759 est.
1835 3691 1983 3783 Propter
1993 3682 2065 3756 hoc

469 3815 594 3909 utique
603 3822 732 3886 natura
748 3804 825 3878 baec
841 3803 974 3878 dieitur·
989 3802 1153 3902 simplex,
1172 3802 1272 3900 qnod
1291 3827 1367 3876 non
1385 3806 1430 3878 sit
1443 3804 1541 3878 aliud
1558 3804 1709 3899 babens,
1727 3805 1823 3879 aliud
1838 3803 1939 3903 quod
1956 3801 2067 3876 habet

468 3935 559 4005 sicut
574 3932 612 4004 in
629 3926 764 4000 caeteris
781 3923 902 3997 rebus.
923 3926 1045 4020 Neque
1061 3922 1160 3996 enim
1186 3946 1249 3995 vas
1266 3922 1405 3998 babens
1421 3923 1613 4023 liquorem,
1632 3950 1701 4000 nee
1718 3949 1847 4024 corpus
1862 3925 1978 4017 color,
1998 3947 2066 3996 nec

468 4078 529 4127 aer
544 4052 607 4124 lux
621 4048 696 4122 sive
711 4046 842 4138 servor,
862 4067 931 4117 nec
946 4043 1067 4118 anima
1082 4056 1134 4116 est
1150 4044 1336 4143 sapientia.
1356 4046 1448 4121 Hine
1463 4060 1517 4120 est
1528 4046 1636 4119 etiarn
1651 4045 1752 4144 quod
1767 4046 1899 4145 privari
1914 4058 2068 4145 possunt

469 4172 577 4247 rebus
592 4194 682 4269 quas
698 4166 849 4258 babent,
876 4178 912 4237 et
930 4164 969 4238 in
986 4162 1074 4237 alios
1092 4151 1238 4238 babitus
1263 4166 1351 4238 verti
1370 4180 1489 4263 atque
1505 4166 1732 4239 commutari.
1755 4195 1773 4234 »
1795 4166 1894 4240 ldem
1921 4166 1958 4237 in
1982 4168 2064 4255 Vll,

470 4291 739 4390 Confessionwn
753 4285 799 4359 ad
815 4290 933 4360 Deum
947 4285 1102 4383 loquens
1117 4285 1205 4358 ait⁸z
1224 4315 1242 4351 α
1260 4290 1332 4357 Nec
1348 4286 1486 4383 cogeris
1512 4286 1645 4358 invitus
1669 4284 1717 4359 sd
1735 4285 1885 4385 aliquid,
1900 4286 1985 4384 quia
2007 4308 2069 4355 vo

467 4416 586 4487 luntas
603 4425 664 4484 tua
685 4432 760 4482 non
784 4420 837 4480 est
866 4406 982 4503 major
1000 4428 1110 4501 quarn
1132 4405 1315 4503 potentia,
1346 4419 1439 4477 esset
1462 4421 1583 4478 autem
1609 4403 1725 4501 major
1751 4406 1781 4478 si
1810 4408 1925 4505 teipso
1951 4404 2067 4502 tuipse

470 4534 585 4630 major
601 4553 708 4604 esses.
724 4559 741 4594 v
753 4530 880 4602 ltem⁶z
897 4556 914 4594 α
929 4524 1106 4597 Voluntas
1118 4536 1155 4596 et
1163 4524 1324 4622 potentia
1336 4525 1402 4597 Dei
1418 4527 1585 4598 Deusest.
1608 4554 1626 4593 n
1645 4529 1700 4597 De
1710 4523 2069 4598 incommutabilitate

468 4670 588 4728 autem
616 4667 722 4749 atque
751 4645 1022 4722 invariabilitate
1043 4642 1174 4718 divinae
1199 4642 1421 4737 substantiae,
1440 4644 1485 4717 de
1510 4670 1583 4743 qua
1598 4645 1750 4745 ipsemet
1767 4670 1832 4745 per
1849 4644 2067 4743 Prophetiam

499 4932 504 4959 ι
519 4917 830 4981 rupim-QUI,
843 4930 897 4979 cap.
910 4913 1108 4980 1.0pp.‚t.Vll‚
1120 4914 1168 4965 col.
1181 4916 1235 4964 28⁰.
1291 4920 1333 4963 aut
1345 4927 1435 4976 corpus
1450 4915 1568 4974 miorem,
1588 4921 1631 4964 aut
1646 4927 1689 4965 aer
1708 4916 1788 4965 locem
1804 4917 1855 4965 stre
1873 4917 2003 4971 lemnum,
2024 4925 2069 4966 aut

470 5007 595 5069 «Propter
608 5006 655 5054 troc
669 5005 751 5065 ltaque
769 5006 855 5050 natura
865 4998 955 5048 dicitur
966 4997 1069 5059 simplex
1084 4996 1124 5045 ent
1143 5007 1193 5045 non
1206 4996 1239 5044 stt
1291 4996 1371 5045 enims
1382 4997 1534 5058 sapientiam.
1545 4994 1610 5046 nint
1619 4996 1779 5046 enimborum
1791 5003 1829 5046 est
1840 4996 1887 5046 boe
1897 4998 1965 5058 quod
1977 4997 2067 5057 baben

375 5099 381 5102 ’
468 5090 561 5150 ailquid
572 5084 750 5147 tanemqnod
764 5083 801 5132 rel
810 5081 888 5143 pontt
898 5079 1018 5137 amittere,
1030 5078 1068 5128 ret
1077 5077 1145 5128 allud
1154 5076 1239 5126 attile
1292 5076 2068 5141 namnequerasltquoreat,neeeerpuscoroemadub,

470 5171 571 5232 trahens,
584 5169 649 5218 allud
668 5166 735 5228 quod
753 5163 839 5218 nabet,
856 5162 919 5210 elcut
936 5171 977 5208 vas
993 5158 1098 5219 aliquem
1109 5157 1237 5218 liquorem,
1294 5156 1595 5222 vt1,eap.rv.opp.‚t
1613 5156 1639 5220 l,
1656 5160 1703 5210 col.
1724 5161 1778 5212 lte.
1797 5185 1826 5196 -
1841 5156 1936 5218 ‘lbid.‚
1952 5154 2017 5207 itta
