4559 6100
653 630 947 709 lN'l'RODUC‘l'lO
972 637 1034 711 tt)
1059 641 1363 719 THEOLOGlAM.
1756 659 1797 731 tt

215 768 341 846 mentis
351 770 583 871 pacatissime
599 774 823 876 temperavit.
845 783 1005 854 Inveniet
1020 785 1127 857 etiam
1145 786 1294 882 ibidem,
1313 789 1414 887 quod
1431 814 1515 863 cum
1532 794 1706 870 vinolenti
1721 798 1806 872 ado·

218 892 385 965 lescentes
395 892 562 965 tibiarum
576 895 683 968 etiam
693 911 815 1005 cantu,
826 914 867 973 ut
880 899 934 994 fit,
945 902 1116 998 instincti,
1130 905 1290 979 mulieris
1306 907 1462 1005 pudiosa¹
1476 909 1570 982 fores
1584 908 1800 1009 frangerent,

218 1010 444 1085 admonuisse
464 1013 646 1086 tibicinem
668 1029 708 1088 ut
727 1016 932 1116 spondeum
954 1038 1098 1096 caneret
1120 1025 1252 1105 dicitur
1268 1026 1507 1125 Pythagoram
1530 1031 1729 1125 quodcum
1745 1034 1803 1109 ille

217 1130 364 1222 fecisset,
392 1129 558 1205 tarditate
583 1134 778 1207 modorum
803 1150 838 1208 et
863 1140 1034 1235 gravitate
1061 1145 1222 1216 canentis
1250 1144 1395 1218 illorum
1424 1147 1654 1244 petulantiam
1678 1176 1802 1226 conse·

214 1248 321 1320 desse.
347 1250 492 1323 Videbit
511 1252 641 1325 iterum
663 1268 698 1325 et
720 1255 910 1353 quomodo
933 1260 1138 1358 Terpander
1158 1276 1265 1360 atque
1283 1264 1392 1335 Arion
1408 1264 1556 1338 Lesbios
1572 1282 1679 1365 atque
1699 1273 1802 1344 lones

213 1367 422 1461 gravissimis
437 1370 572 1443 morbis
588 1386 713 1444 cantus
728 1376 898 1474 eripuere
905 1378 1091 1476 praesidio;
1109 1403 1252 1453 necnon
1270 1392 1306 1455 et
1320 1381 1473 1479 qualiter
1483 1386 1656 1458 ismenias
1663 1387 1800 1462 Theba·

214 1510 296 1579 nus,
313 1489 520 1561 Boetiorum
536 1489 700 1589 pluribus
715 1516 808 1588 quos
824 1495 973 1567 sciatici²
989 1495 1124 1570 doloris
1140 1513 1319 1573 tormenta
1335 1500 1534 1593 vexabant,
1556 1504 1674 1577 modis
1691 1507 1801 1580 lemur

212 1619 352 1677 cunctas
366 1606 570 1681 abstersisse
585 1609 777 1684 molestias.
793 1611 862 1684 Ubi
877 1614 983 1685 etiam
996 1613 1245 1714 Empedocles,
1263 1642 1346 1690 cum
1359 1619 1436 1715 ejus
1451 1618 1643 1718 hospitem,
1658 1624 1696 1696 iu
1709 1628 1801 1697 Vr‘trlr

207 1739 365 1819 potrum,
382 1727 530 1824 quidam
551 1726 670 1825 gladio
690 1730 904 1804 furibundus
920 1732 1116 1828 invaderet,
1134 1735 1310 1809 inflexisse
1325 1737 1475 1809 modum
1492 1740 1663 1829 canendi,
1680 1744 1799 1839 itaque

210 1840 440 1917 adolescentis
455 1846 677 1919 iracundiam
692 1863 918 1948 temperasse.
933 1856 973 1923 In
993 1866 1133 1925 tantrmr
1147 1878 1249 1946 vero,
1267 1856 1384 1953 inquit
1397 1856 1576 1950 Boethius,
1586 1859 1701 1957 prisce
1716 1860 1799 1958 pbi-

210 1960 375 2061 losophiae
386 1965 512 2039 studiis
522 1967 582 2039 'vis
597 1969 740 2041 musicae
753 1970 837 2042 artis
855 1970 1026 2065 innotuit,
1041 1986 1081 2044 ut
1097 1973 1333 2072 Pythagorici,
1352 1999 1436 2047 cum
1452 1975 1598 2050 diurnas
1614 1978 1651 2049 in
1664 2003 1796 2052 somno

209 2079 422 2155 resolverent
445 2109 561 2180 curas,
585 2086 800 2186 quibusdam
818 2090 1006 2162 cantilenis
1021 2105 1220 2185 uterentur,
1241 2106 1280 2164 ut
1296 2116 1359 2165 eos
1375 2093 1465 2166 lenis
1481 2109 1518 2167 et
1535 2096 1676 2193 quietus
1688 2122 1798 2197 sopor

208 2202 390 2300 reciperet,
411 2206 532 2304 itaque
548 2207 802 2308 expergefacti'
815 2209 891 2282 aliis
907 2210 1124 2308 quibusdam
1143 2213 1260 2285 modis
1278 2228 1462 2314 stuporem
1480 2218 1598 2288 somni
1618 2218 1798 2290 confusio·

206 2346 358 2421 nemque
374 2342 588 2423 purgarent3
611 2327 648 2399 id
666 2328 836 2401 nimirum
850 2330 1014 2421 scientes,
1030 2331 1130 2427 quod
1147 2346 1224 2405 tota
1242 2348 1365 2407 nostra
1381 2334 1508 2407 animae
1525 2359 1702 2434 compago
1715 2360 1796 2408 cor-

204 2442 374 2540 porisque
388 2446 522 2517 musica
538 2447 764 2546 coaptatione
780 2448 973 2545 conjuncta
988 2450 1051 2541 sit;
1069 2475 1154 2523 nam
1169 2466 1210 2523 ut
1227 2476 1305 2525 sese
1326 2454 1489 2551 corporis
1509 2453 1653 2525 allectus
1673 2454 1792 2539 babet,

202 2561 250 2630 ita
273 2562 379 2633 etiam
396 2561 519 2660 pulsus
541 2564 660 2637 cordis
682 2564 839 2638 motibus
856 2567 1062 2639 incitantur.
1087 2568 1197 2655 Quod
1215 2568 1347 2641 scilicet
1371 2570 1595 2643 Democritus
1614 2573 1794 2670 llipocrati

202 2678 343 2752 medico
358 2678 545 2757 tradidisse
565 2684 687 2781 fertur,
710 2708 793 2757 cnm
811 2710 895 2757 eum
917 2688 1019 2783 quasi
1035 2687 1216 2780 insanum,
1235 2688 1372 2791 cunctis
1391 2689 1587 2760 Democriti
1602 2688 1742 2762 civibus
1758 2693 1795 2765 id

199 2798 446 2895 opinantibus,
467 2803 504 2876 in
521 2801 684 2877 custodia
700 2803 870 2877 medendi
886 2828 994 2877 causa
1013 2806 1154 2877 viseret.
1170 2806 1240 2877 Sed
1257 2830 1431 2904 quorsum
1445 2806 1590 2878 isthac?
1613 2808 1706 2895 Quia
1720 2832 1793 2881 non

197 2931 316 3014 potest
331 2920 489 2994 dubitari
505 2924 592 3021 quin
614 2938 745 2996 nostrae
765 2924 893 2996 animae
908 2939 944 2996 et
959 2925 1122 3021 corporis
1138 2938 1251 2996 status
1265 2923 1400 2996 eisdem
1419 2924 1692 3020 quodammodo
1709 2951 1794 3025 pro·

198 3038 428 3135 portionibus
437 3041 604 3144 videatur
618 3068 695 3117 esse
710 3044 945 3143 compositus,
961 3042 1092 3141 quibus
1102 3042 1334 3116 harmonicas
1344 3043 1607 3118 modulationes
1618 3047 1795 3146 posterior

50 3201 52 3304 q
196 3156 394 3255 disputatio
409 3163 577 3260 conjungi
592 3161 825 3262 copularique
838 3162 1107 3237 demonstrabit.
1131 3163 1273 3251 Quodsi
1291 3188 1401 3262 parva
1414 3162 1579 3236 fidelibus
1590 3164 1791 3256 videantur,

192 3300 273 3371 qnae
290 3278 395 3375 juxta
415 3279 651 3380 Plrilosopbos
673 3278 720 3354 de
741 3282 873 3354 virtute
893 3280 1049 3354 diximus
1074 3282 1299 3374 harmonica,
1325 3282 1393 3354 nisi
1418 3296 1454 3355 et
1477 3306 1585 3355 sacrae
1606 3285 1794 3382 Scriptura

50 3403 51 3448 l
194 3397 402 3470 testimonio
425 3399 464 3471 id
484 3399 752 3494 confirmamus,
778 3413 944 3473 occurrat
961 3400 1142 3471 memoriae
1159 3400 1313 3497 qualiter
1329 3400 1454 3498 spiritu
1474 3399 1625 3472 maloin
1646 3400 1729 3474 Saul
1745 3403 1792 3473 ir·

188 3531 337 3607 ruente,
358 3533 479 3590 actum
500 3534 552 3591 est
573 3519 807 3619 prudentium
825 3520 986 3590 virorum
1008 3515 1174 3608 consssio,
1199 3517 1273 3587 vim
1291 3516 1508 3587 harmonice
1524 3518 1703 3588 suavitatis
1719 3542 1793 3590 non

187 3615 475 3730 ignorantium,
503 3652 543 3710 ut
566 3638 715 3711 vesaniae
736 3650 842 3708 tantae
859 3635 1012 3707 stimulis
1027 3635 1192 3708 Davidici
1211 3633 1351 3706 moduli
1369 3633 1610 3707 mederentur.
1640 3636 1741 3708 Unde
1758 3653 1793 3709 et

185 3754 433 3849 postmodum
445 3756 501 3827 vir
513 3761 589 3829 Deo
599 3757 737 3856 plenus,
749 3780 833 3828 cum
847 3754 894 3826 ad
906 3753 1018 3826 divini
1032 3755 1151 3826 cultus
1168 3752 1378 3848 religionem
1392 3752 1680 3852 amplificandam
1695 3759 1794 3827 Tem·

179 3872 287 3967 plum
315 3873 497 3970 aedificare
518 3875 737 3974 disponeret,
762 3874 918 3945 Psalmos
946 3873 1009 3970 qui
1032 3871 1320 3965 decantarentur,
1342 3873 1559 3971 composuit,
1579 3887 1615 3944 et
1629 3874 1792 3948 omnium

181 3994 417 4066 musicorum
439 3994 906 4091 instrumentorum'genera
925 3992 1165 4088 congregavit,
1194 4005 1233 4062 ut
1254 4004 1326 4062 tam
1342 4011 1474 4063 vocum
1491 4014 1602 4088 quam
1618 4013 1791 4066 sonorum

176 4113 440 4184 consonantiis
453 4113 579 4185 rudem
589 4113 743 4186 alliceret
759 4111 949 4211 populum,
971 4133 1035 4208 per
1047 4133 1125 4206 qua
1143 4124 1246 4181 anna
1262 4108 1481 4188 diabolicum
1491 4111 1527 4181 in
1542 4109 1698 4207 reprobo
1712 4135 1792 4207 rege

177 4231 369 4327 mitigavit
391 4237 626 4304 tormentum.
654 4236 702 4302 Ex
727 4254 802 4328 quo
826 4230 1003 4330 praecipue
1025 4227 1179 4300 traditur
1202 4252 1312 4325 quam
1331 4228 1502 4304 muratis
1521 4228 1568 4299 sit
1585 4227 1791 4302 harmonica

175 4350 419 4438 modulatio,¹
434 4373 512 4448 quse
525 4352 576 4423 ita
590 4364 757 4423 naturam
774 4331 850 4456 ejus
873 4331 1044 4420 suavitate
1061 4347 1116 4419 sui
1136 4369 1356 4443 componere
1377 4371 1419 4418 ac
1435 4369 1600 4443 reparare
1619 4346 1726 4438 valet,
1752 4363 1791 4419 ut

173 4467 336 4565 maligni
358 4493 508 4566 qnoque
520 4470 662 4568 spiritus
678 4481 858 4540 tormenta
873 4491 954 4573 eam
964 4463 1182 4565 perturbare
1200 4488 1275 4535 non
1294 4478 1440 4561 queant.
1460 4464 1625 4560 Legimus
1640 4478 1676 4535 et
1691 4489 1790 4561 quo·-

167 4588 360 4661 rumdam
374 4593 583 4661 sanctorum
597 4589 796 4660 animaene
811 4585 898 4684 quid
916 4584 1052 4658 doloris
1071 4584 1108 4655 in
1129 4582 1223 4655 exitu
1243 4608 1310 4654 suo
1326 4597 1545 4682 paterentur,
1566 4581 1611 4654 ad
1621 4582 1790 4654 melodia

166 4705 426 4780 dulcedinem
451 4722 581 4807 sponte
605 4707 691 4780 hinc
716 4729 874 4804 egressas
889 4704 1007 4776 luisse.
1034 4702 1137 4773 Unde
1154 4717 1190 4774 et
1205 4702 1241 4773 in
1262 4705 1348 4774 Vitis
1358 4718 1508 4799 patrum
1527 4702 1700 4801 scriptum
1716 4726 1790 4774 esse

164 4828 439 4919 meminimus,
461 4825 563 4925 quod
588 4824 676 4898 dum
700 4824 848 4922 quidam
864 4823 972 4896 irater
988 4820 1110 4894 videre
1125 4819 1233 4892 vellet
1245 4822 1410 4928 animam
1428 4820 1627 4919 peccatoris
1646 4834 1682 4892 et
1705 4820 1789 4915 justi

50 5093 51 5150 t
186 5123 255 5176 ssa
272 5124 352 5175 coa.
373 5122 436 5174 vra.
449 5125 617 5191 ernanus
630 5127 787 5179 neuram.
807 5096 965 5178 nnns..
1019 5125 1115 5185 aaut.
1133 5145 1164 5168 -
1179 5118 1239 5170 ἐκ
1256 5118 1317 5170 nt.
1332 5116 1394 5169 ue
1413 5116 1527 5182 racem
1541 5114 1613 5170 ann.
1627 5141 1658 5153 -
1674 5113 1789 5176 mne

154 5207 215 5255 deu
228 5206 427 5257 amnonius:
441 5205 559 5258 instructi
567 5210 596 5258 in
610 5207 704 5258 litteris
714 5206 806 5271 pudice
817 5205 884 5271 soter
895 5203 966 5269 sran-
1018 5204 1081 5254 rasti
1091 5203 1153 5254 cod.
1163 5200 1225 5252 Vtct.
1234 5228 1261 5240 -
1271 5199 1310 5259 «Ι,
1324 5200 1393 5262 flea..
1404 5212 1458 5261 cap.
1470 5211 1527 5260 xvi,
1540 5211 1563 5245 r.
1574 5200 1615 5249 tt.

50 5303 52 5360 l
294 5318 325 5355 11
1275 5347 1280 5394 ¹.
1649 5286 1666 5346 ⁶
