4559 6100
466 622 484 662 l

504 488 576 565 706
1105 496 1235 569 PETRI
1261 498 1497 573 tumtunm

503 639 704 731 infernum,
726 654 765 713 ut
782 642 1091 740 quemadmodum
1107 648 1256 720 nomine
1272 647 1371 741 coeli,
1394 650 1458 745 qui
1478 649 1641 748 superior
1659 664 1710 722 est
1728 673 1810 749 pars
1828 649 1972 742 mundi,
1992 673 2101 722 sum-

503 784 599 832 mam
616 760 819 836 animarum
838 761 1098 840 beatitudiuem
1120 765 1392 865 distinguimus,
1412 768 1461 841 ita
1484 770 1630 846 nomine
1646 770 1777 842 inlerni
1794 792 1970 846 summam
1987 770 2100 842 mise-

502 880 615 973 riam,
634 904 714 978 quae
731 896 831 954 tanto
857 883 1003 958 inferius
1021 884 1139 981 jacere
1159 887 1380 985 perhibetur,
1404 904 1541 986 quanto
1562 888 1609 961 ab
1630 888 1692 963 illa
1709 912 1848 962 summa
1871 887 2098 962 beatitudine

502 998 656 1098 amplius
672 1000 805 1076 distare
828 1005 1071 1100 cognoscitur,
1091 1007 1179 1078 etei
1202 1007 1354 1107 amplius
1370 1010 1550 1082 contraria
1566 1008 1718 1082 videtur.
1740 1009 1839 1082 Sicut
1861 1009 1975 1101 enim,
1995 1009 2097 1105 quod

503 1119 630 1192 melius
647 1135 713 1211 est,
732 1145 796 1219 per
820 1121 1066 1198 excellentiam
1082 1149 1153 1196 suae
1169 1125 1350 1222 dignitatis
1367 1127 1500 1202 dicitur
1519 1129 1652 1218 altum,
1672 1130 1757 1201 itae
1776 1131 1970 1221 contrario,
1994 1128 2097 1225 quod

502 1240 606 1339 pejus
627 1255 693 1334 est,
710 1265 776 1339 per
797 1240 1036 1339 abjectionem
1052 1243 1108 1315 sui
1124 1242 1257 1316 dicitur
1272 1245 1450 1322 infimum.
1477 1246 1587 1322 Multa
1605 1249 1739 1347 quippe
1763 1248 1809 1321 de
1826 1249 1943 1346 poenis
1964 1248 2095 1320 interni

502 1373 576 1432 tam
589 1360 696 1432 Vetus
709 1384 819 1458 quam
836 1366 979 1433 Novum
994 1367 1258 1436 Testamentum
1272 1380 1406 1460 narrat,
1426 1391 1505 1464 quae
1518 1390 1745 1465 nequaquam
1761 1367 1808 1444 ad
1822 1366 1961 1440 literam
1979 1367 2094 1465 accipi

502 1503 608 1578 posse
634 1479 816 1553 videntur.
834 1480 931 1569 Quid
949 1496 1003 1554 est
1025 1483 1122 1555 enim
1150 1483 1196 1556 ad
1224 1483 1381 1578 literam,
1407 1486 1507 1584 quod
1530 1486 1576 1559 de
1593 1487 1697 1583 justis
1718 1500 1755 1561 et
1776 1488 1896 1586 impiis
1916 1488 2095 1559 Dominus

500 1622 566 1696 per
583 1598 735 1672 Jesaiam
758 1600 824 1676 ait¹
844 1627 853 1670 z
875 1604 953 1676 «Et
971 1600 1200 1697 egredientur
1214 1617 1250 1673 et
1268 1603 1444 1679 videbunt
1456 1604 1632 1678 cadavera
1646 1630 1774 1680 eorum
1796 1606 1857 1703 qui
1874 1608 2092 1704 praevaricati

501 1720 645 1789 suntin
673 1743 751 1811 me,
780 1720 910 1792 vermis
933 1744 1060 1794 eorum
1087 1746 1163 1793 non
1189 1723 1363 1800 morietur
1388 1737 1424 1797 et
1449 1724 1539 1821 ignis
1563 1748 1691 1822 eorum
1715 1749 1791 1798 non
1813 1726 2050 1822 extinguetur.
2072 1758 2089 1791 u

501 1839 592 1924 Quis
611 1837 677 1910 iste
701 1853 907 1912 sanctorum
929 1841 1126 1939 corporal'n
1146 1866 1324 1938 egressus,
1341 1858 1382 1915 ut
1402 1867 1527 1942 poenas
1547 1844 1743 1942 impiorum
1755 1841 1917 1936 videant,
1944 1859 2007 1917 aut
2027 1847 2092 1940 qui

503 1981 641 2028 vermes
656 1972 740 2030 suut
756 1958 962 2058 corporales
977 1961 1015 2032 in
1038 1960 1253 2060 corporibus
1276 1962 1530 2060 reproborum,
1549 1988 1629 2060 quae
1646 1962 1816 2037 omuibus
1838 1964 1976 2060 integra
2001 1963 2094 2036 sicut

501 2092 537 2150 et
562 2091 768 2152 sanctorum
793 2103 948 2178 corpora
970 2094 1054 2153 sunt
1076 2083 1340 2156 resurrectura?
1357 2086 1446 2171 Quae
1467 2083 1518 2156 ibi
1541 2099 1618 2157 erat
1635 2085 1797 2157 corrosio
1811 2085 2004 2177 vermium,
2026 2083 2090 2154 ubi

500 2198 663 2270 omnium
682 2199 815 2295 pariter
827 2199 1075 2274 immortalitas
1090 2201 1226 2299 absque
1246 2202 1321 2275 ullo
1342 2202 1482 2276 deiectu
1503 2204 1571 2276 erit
1586 2203 1809 2303 corporum?
1833 2203 1904 2276 Sed
1921 2217 1956 2275 et
1972 2203 2092 2300 quod’

499 2318 677 2388 Dominus
693 2316 861 2397 de,divite
872 2334 909 2391 et
925 2322 1074 2393 Lazar0⁸
1090 2321 1267 2394 delirnctis
1279 2323 1316 2394 in
1334 2321 1527 2420 Evangelio
1539 2322 1665 2410 refert,
1685 2322 1872 2421 quomodo
1885 2322 1931 2395 ad
1949 2322 2090 2398 literam

498 2448 591 2506 stare
604 2450 735 2532 potest,
763 2438 898 2536 quippe
918 2464 1002 2511 cum
1021 2441 1248 2539 corporalem
1271 2440 1490 2540 sepulturam
1508 2463 1584 2514 non
1600 2441 1742 2514 inferno
1759 2442 1880 2515 anima
1895 2440 1955 2515 illa
1971 2440 2092 2514 divitis

498 2554 632 2630 habere
658 2556 792 2653 queat?
823 2563 892 2629 dut
917 2560 998 2657 quis
1024 2562 1070 2631 sit
1095 2560 1153 2633 ille
1179 2562 1376 2660 corporalis
1402 2561 1548 2637 Abrahae
1571 2561 1688 2655 sinus,
1718 2587 1792 2659 quo
1821 2563 1941 2638 anima
1969 2564 2091 2634 Lazari

498 2674 649 2747 refertur
671 2674 718 2748 ab
737 2677 871 2775 augelis
889 2678 1046 2751 deferri?
1068 2683 1186 2767 Quam
1208 2681 1257 2753 ibi
1277 2681 1436 2778 linguam
1455 2681 1575 2753 anima
1597 2680 1714 2758 divitis
1734 2679 1878 2774 babeat,
1903 2681 1959 2752 vel
1979 2706 2091 2779 quem

498 2794 649 2889 digitum
676 2794 808 2868 babeat
835 2797 956 2870 anima
981 2798 1124 2890 Lazari,
1153 2813 1215 2872 aut
1238 2824 1317 2896 quae
1344 2815 1397 2872 est
1421 2799 1472 2871 ibi
1499 2799 1695 2898 corporalis
1721 2823 1837 2896 aqua,
1867 2800 1968 2896 cujus
1994 2800 2092 2872 stilla

497 2914 627 3011 linguae
648 2915 806 2989 ardentis
824 2916 942 2989 infusa
964 2917 1175 2990 incendium
1196 2920 1272 3016 ejus
1291 2921 1497 3017 extinguere
1524 2921 1653 3017 possit,
1672 2933 1736 2994 aut
1751 2918 1933 2992 minuere?
1959 2918 2087 3005 Unde,

497 3058 580 3108 cum
603 3036 680 3108 haec
700 3036 801 3133 juxta
823 3036 964 3111 literam
989 3063 1217 3137 nequaquam
1237 3040 1275 3112 in
1302 3040 1492 3113 animabus
1512 3040 1587 3137 jam
1609 3040 1724 3114 exutis
1746 3063 1855 3114 carue
1880 3039 2091 3135 contingere

497 3170 647 3251 queant,
674 3155 768 3228 sicut
781 3181 847 3228 nec
866 3157 954 3229 illud
968 3157 1068 3256 quod
1085 3159 1170 3231 alibi
1187 3157 1331 3232 dicitur⁸
1350 3186 1358 3231 z
1381 3160 1542 3258 «ligatis
1559 3160 1726 3235 manibus
1751 3176 1788 3234 et
1810 3159 1986 3260 pedibus,
2005 3161 2090 3231 mit·

496 3276 560 3348 tite
576 3300 661 3349 eum
671 3277 710 3348 in
722 3275 886 3351 tenebras
903 3281 1107 3371 exteriores,
1127 3280 1178 3352 ibi
1193 3280 1261 3352 erit
1275 3278 1380 3351 fletus
1393 3293 1429 3351 et
1445 3280 1576 3351 stridor
1592 3280 1770 3374 dentium,
1782 3309 1800 3349 u
1811 3296 1888 3354 tarn
1908 3305 1950 3353 es
1968 3283 2086 3351 Veteri

495 3419 606 3493 quam
622 3422 666 3468 ex
683 3402 785 3469 Novo
801 3401 1025 3471 Testamento
1049 3400 1152 3470 innui
1167 3398 1309 3471 ridetur
1327 3423 1371 3472 ea
1393 3424 1473 3496 quae
1494 3399 1540 3472 de
1566 3399 1706 3473 interno
1727 3399 1910 3488 dixemmt,
1940 3400 2088 3495 mystice

494 3518 607 3613 magis
631 3540 740 3614 quam
764 3518 997 3616 corporaliter
1021 3518 1134 3615 accipi
1158 3516 1311 3610 debere3
1338 3531 1378 3589 ut
1394 3516 1572 3604 videlicet,
1599 3518 1691 3589 sicut
1714 3517 1774 3590 ille
1798 3516 1948 3589 Abrahae
1972 3517 2084 3605 sinus,

495 3661 569 3733 quo
592 3651 754 3735 suscepta
770 3651 823 3709 est
837 3638 958 3710 anima
979 3638 1119 3731 larari,
1138 3637 1303 3735 spiritalis
1316 3649 1371 3709 est
1392 3660 1466 3709 non
1490 3637 1687 3734 corporalis
1702 3636 1965 3733 intelligendus,
1984 3637 2034 3709 ita
2050 3652 2085 3708 et

495 3754 654 3827 infernus
670 3756 833 3854 spiritalis
846 3756 905 3829 ille
922 3757 1112 3847 cruciatus,
1134 3782 1209 3854 que
1226 3757 1346 3830 anima
1362 3756 1481 3829 divitis
1497 3758 1635 3856 sepulta
1650 3771 1883 3833 memoratur.
1903 3756 2085 3845 Quamdiu

497 3875 625 3945 anima
650 3876 863 3973 corporibus
892 3893 1034 3967 carent,
1067 3902 1142 3976 quo
1178 3876 1260 3948 ferri
1284 3875 1444 3950 localiter
1468 3890 1531 3950 aut
1557 3878 1693 3953 moveri
1716 3877 1772 3949 vel
1801 3877 1903 3974 quasi
1924 3878 2086 3974 corporis

497 3991 635 4064 ambitu
652 3996 809 4067 coerceri
832 3997 982 4093 possint,
1007 4021 1087 4092 quae
1103 3996 1306 4069 nullatenus
1321 3995 1454 4069 locales
1469 4011 1553 4068 sunt
1575 3996 1746 4093 omnique
1765 4020 1918 4094 corpure
1937 3997 2087 4094 propria

496 4124 623 4183 natura
643 4112 750 4209 longe
767 4112 968 4197 subtiliores
990 4115 1162 4205 existunt,
1189 4130 1251 4189 aut
1273 4140 1352 4213 quae
1375 4117 1421 4188 sit
1447 4116 1500 4187 vis
1521 4115 1990 4214 elementorumcorporea,
2009 4128 2085 4187 tam

499 4230 663 4305 videlicet
678 4232 770 4329 ignis
787 4255 898 4328 quam
916 4248 1139 4327 ceterorum,
1163 4260 1244 4332 quaa
1258 4234 1351 4332 ipsas
1367 4233 1445 4307 sine
1466 4234 1680 4332 corporibus
1699 4235 1907 4330 contingere
1924 4234 1981 4306 vel
1996 4257 2087 4305 cru-

496 4351 589 4422 ciare
601 4352 727 4450 possit,
741 4376 817 4424 non
833 4352 934 4426 facile
947 4352 1072 4429 disseri
1087 4370 1150 4427 ant
1161 4352 1308 4450 intelligi
1322 4366 1452 4451 potest.
1470 4353 1577 4427 Unde
1590 4366 1626 4427 et
1640 4353 1822 4429 daemones
1833 4368 1916 4452 post
1929 4353 2083 4449 lapsum,

496 4483 536 4541 ut
556 4471 788 4568 corporaliter
805 4475 912 4546 etiam
928 4475 1003 4573 pati
1025 4475 1180 4572 possint,
1202 4474 1239 4545 in
1256 4470 1422 4571 quaedam
1438 4473 1598 4546 devoluti
1618 4473 1715 4548 aeria
1730 4472 2082 4572 corporadicuntur,

494 4614 574 4687 quae
590 4590 692 4688 quasi
707 4612 886 4663 carcerem
902 4609 1129 4691 acceperunt.
1153 4592 1243 4664 Hinc
1259 4608 1295 4664 et
1309 4593 1412 4667 aeriae
1428 4594 1513 4666 dicti
1535 4606 1620 4665 sunt
1634 4607 1846 4692 potestates,
1867 4591 1968 4689 quod
1985 4589 2084 4663 ride·

494 4708 576 4782 licet
599 4710 638 4781 in
660 4707 721 4782 illo
738 4709 933 4807 plurimum
953 4713 1092 4809 possint
1113 4713 1304 4805 elemento,
1324 4715 1383 4786 cui
1403 4728 1487 4786 sunt
1506 4712 1745 4812 incorporati,
1765 4711 1855 4785 sicut
1878 4726 1914 4785 et
1936 4726 2085 4784 terrenae

495 4843 686 4926 potestates
707 4830 825 4901 vocati
846 4845 930 4905 sunt
951 4830 1130 4923 homines,
1157 4832 1219 4928 qui
1241 4833 1278 4903 iu
1300 4834 1403 4906 terris
1423 4832 1685 4931 principantur.
1712 4833 1775 4905 Sin
1799 4846 1918 4909 autem
1945 4852 2086 4905 vermes

525 5109 531 5134 ¹
543 5104 611 5168 bat,
626 5121 680 5171 cap.
693 5120 758 5173 utu,
769 5123 793 5160 r.
806 5111 846 5162 tt.
857 5111 908 5148 -2
920 5109 990 5171 Quod
1000 5110 1175 5173 supplevimus.
1187 5137 1210 5147 -
1226 5109 1314 5172 ’lium
1328 5122 1382 5172 cap.
1396 5122 1449 5160 ru.
1463 5135 1489 5147 ·-
1503 5108 1622 5176 (Νικὼ,
1638 5123 1693 5174 cap.
1705 5123 1770 5174 xxa,
1782 5126 1805 5164 r.
1820 5085 1867 5164 13.Ι
