4559 6100
767 519 1025 593 THEOLOGlA
1056 516 1330 590 cfllttsrltrta.
1778 516 1844 591 55⁴

257 665 400 764 recipit,
419 668 544 765 utique
560 682 596 740 et
616 690 700 739 eum
723 666 825 763 cujus
847 681 900 738 est
915 664 1043 752 Filius,
1063 689 1140 738 esse
1163 688 1240 736 non
1256 662 1414 751 dubitat,
1432 662 1504 736 hoc
1526 680 1579 736 est
1597 670 1752 739 Patrem.
1770 669 1851 765 Spi-

258 784 367 856 ritum
396 810 543 884 quoque
568 786 673 858 simili
699 786 839 858 ratione
858 811 920 858 eos
940 782 1087 857 credere
1102 784 1371 873 convincemus,
1398 783 1428 854 si
1450 783 1501 853 eis
1521 784 1609 880 quid
1630 786 1667 856 in
1689 784 1761 857 hoc
1784 811 1851 857 no·

257 904 356 976 mine
385 903 623 1002 intelligamus
638 906 920 1004 exposuerimus,
939 905 1055 1002 ipsam
1077 903 1211 976 scilicet
1234 901 1363 974 dirinae
1385 901 1504 998 gratiae
1520 903 1734 975 Bonitatem.
1761 905 1851 976 Hinc

256 1035 376 1094 autem
396 1023 497 1097 facile
519 1025 746 1097 occasionem
767 1025 860 1096 sumi
876 1023 1031 1096 arbitror
1049 1020 1285 1094 convertendi
1303 1021 1351 1093 ad
1370 1019 1480 1093 fidem
1496 1034 1656 1092 nostram
1673 1021 1850 1119 quoslibet

256 1140 406 1233 alienoS,
423 1144 453 1214 si
464 1143 677 1240 ¹hujusmodi
694 1142 965 1216 inductionibus
981 1166 1043 1217 eos
1056 1143 1132 1238 jam
1149 1165 1380 1215 communem
1396 1138 1586 1211 nobiscum
1604 1139 1689 1212 fidei
1706 1165 1849 1213 sensum

258 1257 392 1332 habere
420 1263 681 1335 convicerimus
707 1290 715 1333 ε
754 1286 864 1359 qnam
892 1262 976 1334 licet
1007 1286 1070 1334 ore
1106 1285 1182 1332 non
1214 1259 1451 1359 profiteantur
1479 1261 1570 1332 sicut
1607 1284 1674 1331 nos
1703 1276 1851 1358 propter

254 1379 455 1473 ignoratam
482 1382 614 1454 scilicet
640 1381 834 1454 verborum
858 1397 1067 1453 nostrorum
1083 1379 1393 1476 significationem,
1412 1379 1522 1451 corde
1542 1393 1661 1450 tomen
1683 1380 1850 1474 eamjam
1925 1428 1929 1435 »

254 1511 389 1590 tenent,
408 1500 502 1572 sicut
517 1503 692 1599 scriptum
710 1516 764 1574 est
772 1505 795 1589 ¹,
816 1531 834 1567 ι(
851 1501 969 1574 Corde
986 1500 1145 1573 creditur
1161 1500 1208 1570 ad
1221 1498 1409 1593 justitiam.
1423 1525 1441 1564 r

303 1621 385 1690 llaec
401 1642 469 1693 nos
489 1620 536 1693 de
553 1622 724 1694 altissima
744 1635 781 1693 et
801 1620 1156 1720 incomprehensibili
1178 1618 1410 1717 philosophia
1429 1617 1623 1691 divinitatis
1643 1622 1759 1692 coacti
1785 1621 1851 1691 ire-

254 1750 409 1831 quenter
436 1752 473 1810 et
496 1741 684 1838 provocati
710 1738 757 1812 ab
781 1741 1052 1839 importunitate
1079 1736 1281 1809 infidelium
1305 1737 1459 1809 scribere
1484 1738 1561 1808 ausi
1588 1762 1732 1830 sumus,
1761 1739 1850 1810 nihil

253 1869 448 1929 asserentes
470 1856 518 1930 de
542 1859 593 1931 eis
611 1883 691 1955 quae
709 1858 875 1951 dicimus,
901 1884 969 1932 nec
985 1859 1170 1932 veritatem
1186 1858 1319 1930 docere
1335 1856 1574 1945 intendentes,
1600 1883 1709 1956 quam
1733 1883 1849 1956 neque

253 1996 320 2046 nos
342 1998 448 2073 posse
474 1979 565 2051 scire
590 1966 816 2077 proliternur.
845 1978 916 2051 Sed
938 2003 1056 2076 neque
1074 1978 1115 2050 hi
1138 1978 1201 2076 qui
1225 1977 1336 2049 iidem
1356 1992 1516 2049 nostram
1539 1980 1751 2077 impugnare
1776 1978 1850 2075 glo-

253 2095 404 2186 riantur,
423 2096 609 2169 veritatem
625 2108 802 2194 quierunt,
821 2097 885 2170 sed
901 2082 1084 2196 pugnam(
1094 2096 1235 2185 Quibus
1250 2098 1280 2168 si
1299 2097 1460 2169 resistere
1476 2121 1668 2194 possumus
1683 2099 1847 2184 lacessiti,

251 2212 426 2284 satisesse
443 2213 552 2287 debet
577 2216 679 2312 quod
705 2241 773 2289 nos
798 2217 1038 2290 defendimus.
1068 2216 1113 2286 Hi
1137 2241 1226 2287 vero
1244 2216 1306 2313 qui
1333 2217 1528 2314 impetunt,
1554 2218 1621 2289 nisi
1646 2217 1807 2308 vicerint,
1829 2242 1848 2288 a

253 2332 441 2430 proposito
460 2332 595 2406 cadunt
614 2349 723 2433 atque
740 2335 924 2409 deficiunt.
952 2340 996 2407 Et
1013 2336 1186 2431 quoniam
1206 2335 1464 2434 philosophicis
1482 2337 1634 2408 maxime
1649 2335 1849 2408 rationibus

254 2474 322 2521 nos
339 2452 608 2547 aggrediuntur,
627 2469 663 2526 et
677 2480 745 2528 nos
761 2480 821 2527 eas
837 2457 1015 2555 praecipne
1030 2456 1213 2553 prosecuti
1231 2480 1367 2548 sumus,
1394 2479 1483 2551 quas
1502 2455 1612 2528 credo
1628 2456 1676 2529 ad
1700 2457 1848 2555 plenum

252 2592 361 2640 nemo
379 2571 577 2667 intelligere
591 2572 705 2663 valet,
729 2575 797 2646 nisi
815 2576 878 2672 qni
895 2574 1153 2672 philosophicis
1172 2575 1377 2646 et'maxime
1395 2574 1588 2646 dialecticis
1612 2574 1737 2646 studiis
1757 2576 1849 2646 invi-

252 2686 422 2781 gilaverit.
445 2692 593 2762 Necesse
609 2706 730 2763 autem
746 2705 834 2784 erat,
855 2707 894 2763 ut
910 2692 1121 2764 adversariis
1138 2692 1270 2764 nostris
1286 2716 1330 2764 ex
1346 2691 1403 2764 his
1418 2717 1563 2790 quoqne
1579 2717 1659 2789 quae
1672 2693 1849 2790 recipiunt

250 2806 505 2900 resisteremus,
521 2833 606 2881 eum
619 2833 729 2882 nemo
745 2811 813 2882 nisi
828 2836 872 2884 ex
881 2810 938 2881 his
946 2834 1025 2907 quae
1034 2811 1251 2883 concesserit
1265 2810 1471 2907 arguendus
1486 2813 1532 2882 sit
1544 2826 1607 2884 aut
1619 2810 1847 2899 refellendus,

251 2936 291 2995 ut
305 2924 394 2996 illud
407 2926 574 2999 Veritatis
586 2928 764 3024 judicium
781 2931 984 3029 impleatur,
1005 2954 1079 3027 quo
1097 2929 1249 3002 dicitur'
1266 2957 1274 2999 ι
1295 2958 1312 2998 a
1325 2934 1375 3002 Ex
1387 2950 1451 3002 ore
1460 2944 1524 3020 tuo
1545 2945 1582 3003 te
1592 2930 1731 3028 judico,
1746 2954 1852 3003 serve

250 3059 456 3140 nequam.»

283 3356 289 3382 ¹
306 3353 387 3414 Rom,
403 3367 456 3416 cap.
473 3368 499 3416 r,
512 3368 534 3405 r.
548 3369 572 3404 x.
586 3381 617 3391 -
627 3356 636 3384 ²
648 3354 719 3414 Luc„
731 3369 787 3418 cap.
797 3370 854 3417 xix,
866 3371 888 3404 r.
902 3362 944 3409 tt.
