4559 6100
433 532 507 604 270
1053 519 1177 592 PETRI
1202 515 1434 591 attractant

435 681 596 773 invenio,
611 711 628 747 ε
649 679 689 752 id
706 693 758 751 est
773 702 838 777 per
854 673 1105 773 memetipsum
1119 672 1273 772 propriae
1285 671 1434 744 rationis
1447 670 1585 768 judicio
1608 672 1808 770 comperio,
1829 670 1946 768 legem
1961 697 2038 746 esse

430 803 569 876 bonam
585 815 621 874 et
637 826 714 873 rem
730 800 855 871 utilem
872 796 961 870 mibi
974 795 1031 868 vel
1049 795 1249 867 ministram
1266 793 1386 889 magni
1407 791 1511 886 boni,
1540 817 1625 866 cum
1648 816 1714 891 per
1735 792 1811 889 ejus
1834 791 2040 867 doctrinam

431 923 519 996 boui
537 947 601 994 seu
619 920 704 994 mali
718 919 971 994 discretionem
989 916 1142 1015 adeptus
1157 915 1248 987 sim:
1268 913 1370 1005 mihi,
1388 913 1550 1011 inquam,
1576 913 1712 1020 volenti
1741 937 1822 985 eam
1847 915 1974 1006 iacere,
2002 914 2039 987 id

436 1058 489 1118 est
502 1042 643 1115 bonum
662 1040 763 1138 quod
778 1042 854 1137 ipsa
868 1039 1028 1139 praecipit
1045 1038 1209 1136 implere.
1228 1040 1267 1107 ln
1281 1034 1353 1107 hoc
1370 1035 1504 1133 quippe
1524 1033 1602 1134 ipso
1618 1033 1717 1131 quod
1733 1032 1771 1105 id
1787 1034 1888 1133 quod
1912 1037 2041 1134 praeci·

435 1164 490 1262 pit
508 1164 622 1236 iacere
638 1161 735 1249 volo,
751 1176 787 1233 et
801 1185 867 1259 per
878 1162 1058 1231 rationem
1072 1169 1256 1256 appetere,
1280 1180 1404 1229 revera
1422 1177 1645 1251 recognosco
1667 1153 1767 1252 quod
1786 1154 1886 1227 bona
1908 1168 1974 1246 est,
2002 1155 2040 1228 in

437 1284 509 1355 suis
525 1281 690 1356 videlicet
705 1281 902 1381 praeceptis.
925 1283 1043 1367 Quare
1067 1291 1188 1351 autom
1208 1277 1350 1369 dixerit,
1383 1307 1401 1344 <t
1425 1275 1562 1348 volenti
1576 1274 1697 1374 potius
1714 1299 1826 1373 quam
1841 1275 1995 1365 facienti,
2018 1304 2037 1342 ε

437 1404 609 1502 supponit
622 1403 799 1496 dioenu‘«
812 1401 993 1498 Quoniam
1012 1398 1101 1470 mihi
1118 1399 1255 1472 malum
1278 1397 1431 1495 adjacet,
1454 1427 1471 1464 ε
1498 1395 1536 1468 id
1564 1411 1618 1468 est
1646 1396 1746 1493 gravi
1769 1395 2041 1469 consuetudinis

434 1524 521 1621 jugo
539 1548 700 1621 premor,
716 1549 796 1621 quae
812 1521 950 1594 bonam
966 1518 1117 1619 impedit
1133 1519 1370 1591 voluntatem.

489 1672 508 1714 a
521 1644 763 1716 Condelector
776 1643 887 1715 enim.
902 1672 919 1708 υ
940 1643 1034 1730 Quia
1051 1640 1139 1714 dixit
1155 1665 1193 1713 se
1208 1639 1298 1712 velle
1314 1639 1430 1710 facere
1453 1636 1595 1710 bonum
1615 1636 1717 1735 quod
1733 1636 1789 1709 lcx
1810 1638 1984 1737 principit,
2003 1653 2039 1711 et

438 1779 559 1837 tamen
576 1789 651 1836 uon
669 1764 797 1857 iacere,
818 1762 916 1836 unde
930 1778 1124 1860 utrumque
1139 1760 1270 1834 accidit
1291 1759 1450 1858 exponit,
1470 1758 1594 1831 dicem
1614 1783 1654 1830 se
1672 1757 1914 1832 condelectari
1933 1759 2039 1857 «legi

416 1884 639 1962 secundum
664 1885 873 1957 interiorem
898 1881 1100 1974 hominem,
1124 1912 1142 1948 ε
1165 1880 1204 1953 id
1231 1894 1285 1953 est
1306 1879 1448 1980 placere
1474 1879 1508 1953 ei
1533 1878 1634 1977 quod
1656 1878 1715 1950 lex
1740 1878 1914 1978 praecipit,
1940 1894 1977 1952 et
2002 1905 2041 1955 se
2088 1928 2099 1943 ·

438 2004 528 2078 illud
546 2030 612 2104 per
633 2006 812 2078 rationem
836 2019 1017 2105 appetere,
1041 2027 1151 2100 quam
1169 2001 1241 2074 hoc
1264 2002 1347 2074 loco
1373 2001 1581 2073 interiorem
1597 1999 1786 2072 hominem
1803 1999 1972 2099 appellat,
1999 1999 2039 2074 id

439 2140 491 2199 est
513 2125 735 2225 spiritualem
755 2141 791 2199 et
802 2125 1017 2198 invisibilem
1030 2124 1098 2196 Dei
1113 2123 1321 2220 imaginem,
1339 2122 1376 2194 in
1394 2145 1466 2219 qua
1480 2121 1594 2194 factus
1617 2135 1670 2194 est
1698 2120 1812 2193 homo
1839 2120 2043 2194 secundum

343 2233 347 2260 ⁸
438 2245 610 2340 animam,
640 2246 730 2319 dum
752 2247 936 2320 rationalis
959 2261 1099 2320 creatus
1122 2260 1189 2337 est,
1213 2259 1249 2317 et
1273 2270 1338 2343 per
1352 2243 1424 2316 hoc
1440 2244 1577 2318 caeteris
1598 2244 1767 2343 praelatus
1787 2243 1970 2315 creaturis.
1995 2248 2040 2316 Et

437 2390 562 2440 rursus
583 2367 707 2441 dicens
728 2392 766 2441 se
789 2369 912 2442 videre
932 2398 950 2435 <t
966 2368 1071 2440 aliam
1093 2367 1208 2464 legem
1229 2367 1265 2438 in
1290 2365 1463 2442 membris
1487 2366 1573 2458 suis,
1589 2394 1609 2433 a
1629 2362 1668 2435 id
1685 2377 1739 2436 est
1762 2387 1799 2436 se
1824 2387 2043 2460 cognoscere

437 2487 556 2585 ipsum
573 2489 712 2587 peccati
727 2487 902 2582 fomitem,
919 2489 1037 2561 carnis
1054 2486 1109 2559 vel
1127 2488 1427 2586 concupiscentiae
1442 2486 1620 2576 stimulos,
1637 2484 1769 2584 quibus
1781 2498 1954 2584 tanquam
1969 2485 2039 2584 legi

438 2629 503 2702 per
520 2608 638 2679 carnis
651 2607 898 2682 infirmitatem
915 2608 1052 2697 obedit,
1069 2608 1107 2678 in
1123 2607 1294 2680 membris
1310 2608 1473 2706 corpor-is
1485 2607 1539 2679 sui
1550 2630 1699 2702 regnare
1709 2620 1744 2677 et
1760 2604 1829 2678 sibi
1845 2605 2040 2703 dominari,

439 2724 531 2796 sicut
546 2726 770 2822 gulositatem
785 2729 822 2798 in
834 2727 932 2824 gula,
950 2725 1129 2800 luxuriam
1145 2728 1183 2799 in
1200 2727 1429 2824 genitalibus,
1449 2742 1485 2800 et
1499 2741 1625 2801 caetera
1639 2727 1724 2799 vitia
1744 2727 1782 2798 in
1806 2726 1938 2798 caeteris
1953 2751 2042 2824 par·

439 2842 536 2916 tibus
552 2845 715 2944 corporis
733 2871 798 2945 per
815 2871 904 2945 quas
919 2841 1148 2940 exercentnr3
1168 2825 1282 2945 legem
1301 2846 1399 2921 illam
1416 2848 1714 2947 concupiscentiae
1730 2845 1812 2918 dico
1826 2870 2042 2945 repugnan-

440 2977 527 3059 tem,
550 2964 661 3037 idest
684 2966 917 3057 contrariam,
939 2997 956 3032 ιι
976 2966 1046 3064 legi
1066 2968 1219 3041 naturali
1245 2993 1333 3042 meae
1354 2969 1498 3061 mentis,
1520 2997 1538 3037 a
1560 2968 1598 3041 id
1623 2983 1675 3041 est
1701 2966 1846 3058 rationi,
1874 2991 1955 3066 quae
1982 2992 2043 3040 rue

315 3136 316 3143 κ
439 3086 544 3184 qnasi
555 3086 610 3158 lex
624 3111 746 3184 regere
756 3087 885 3183 debet3
900 3112 965 3187 per
978 3091 1156 3162 rationem
1167 3091 1304 3189 qnippe
1312 3089 1466 3181 bonum,
1482 3115 1546 3190 per
1558 3090 1891 3190 concupiscentiam
1906 3103 2041 3189 appeto

439 3207 589 3279 malum.
614 3236 633 3276 a
645 3211 691 3279 lit
700 3210 942 3308 captivantem
952 3235 1024 3300 me,
1035 3239 1053 3278 v
1067 3209 1106 3282 id
1119 3224 1173 3283 est
1186 3212 1289 3309 quasi
1303 3212 1486 3311 captivum
1501 3225 1538 3284 et
1549 3210 1735 3285 nolentem
1749 3236 1808 3284 me
1822 3208 2039 3305 trahentem,

441 3326 507 3398 «in
524 3327 654 3425 legem,
670 3359 688 3395 a
711 3329 749 3403 id
769 3332 876 3404 estin
898 3331 1145 3405 obedientiam
1160 3332 1297 3431 peccati
1317 3347 1437 3407 mente
1458 3333 1637 3433 concepti,
1664 3346 1703 3405 ut
1733 3357 1843 3432 opere
1862 3330 1951 3405 illud
1977 3332 2045 3415 im·

437 3444 569 3546 pleam.
590 3453 679 3537 Quae
694 3450 829 3525 scilicet
844 3450 900 3525 lex
918 3452 967 3525 ita
983 3478 1042 3525 me
1058 3453 1257 3552 captivans,
1284 3468 1321 3526 et
1337 3478 1359 3526 a
1375 3458 1453 3526 Deo
1475 3455 1625 3554 proprio
1650 3454 1811 3527 Domino
1836 3477 1920 3526 meo
1941 3476 2046 3525 aver·

439 3583 531 3661 tens,
544 3568 638 3642 sicut
650 3578 726 3668 jam
744 3571 883 3645 dictum
899 3587 965 3664 est,
989 3573 1060 3646 «in
1078 3572 1252 3646 membris
1267 3575 1369 3648 meis.
1387 3603 1405 3643 a
1426 3574 1530 3647 Unde
1547 3590 1583 3647 et
1594 3573 1886 3672 concupiscentia
1912 3573 2045 3646 dicitur

439 3685 642 3780 oculorum,
671 3715 874 3789 perquam
901 3693 977 3765 visa
1004 3694 1307 3792 concupiscimus,
1331 3710 1368 3767 et
1396 3695 1559 3768 similiter
1588 3694 1658 3767 dici
1685 3710 1805 3795 potest
1832 3708 2046 3768 caeterorum

438 3805 699 3901 membrorum,
715 3810 916 3883 secundum
934 3811 1100 3886 videlicet
1114 3838 1181 3886 sua
1197 3816 1364 3889 exercitia
1380 3817 1418 3888 in
1436 3815 1642 3891 carnalibus
1657 3815 1915 3916 voluptatibus.
1934 3813 2048 3904 Quod

438 3947 526 3997 vero
543 3928 684 4025 repetit,
705 3958 723 3995 α
737 3954 818 4027 quae
833 3946 887 4004 est
905 3931 941 4003 in
960 3933 1131 4007 membris
1153 3935 1255 4027 meis,
1279 3966 1297 4001 v
1324 3936 1370 4010 ad
1386 3937 1672 4036 exaggerandam
1687 3951 1724 4010 et
1741 3937 1896 4037 amplius
1913 3950 2046 4009 nostrae

438 4047 622 4119 memoriae
643 4050 973 4125 commendandam
997 4053 1244 4129 infirmitatem
1269 4072 1429 4132 nostram
1454 4059 1550 4151 iacit,
1577 4060 1664 4158 quia
1686 4071 1778 4157 quot
1794 4056 1959 4131 membra
1979 4055 2047 4131 ha·

437 4162 579 4259 bemus,
610 4181 665 4240 tot
691 4171 763 4244 sere
789 4171 827 4246 in
855 4172 907 4247 eis
931 4173 1052 4249 hostes
1077 4176 1209 4274 jugiter
1229 4180 1454 4255 continemus
1480 4195 1516 4252 et
1539 4179 1826 4280 inseparabiliter
1851 4179 2045 4253 nobiscum

437 4283 536 4385 ipsos
568 4303 767 4387 portamus.
800 4294 907 4367 Unde
942 4295 1176 4371 vehementer
1206 4302 1392 4374 exterritus
1421 4301 1609 4401 querendo
1640 4301 1845 4374 exclamatt
1877 4299 2045 4374 «Infelix

437 4428 506 4502 ego
531 4406 699 4503 homo,»
728 4411 901 4488 subaudis
925 4439 1050 4491 revera
1081 4443 1176 4512 sum,
1205 4420 1268 4518 qui
1299 4434 1353 4494 tot
1379 4421 1544 4496 hostibus
1574 4423 1612 4495 in
1640 4423 1720 4522 ipso
1745 4445 1900 4521 corpore
1926 4419 2043 4495 modo

436 4526 691 4606 circumsessus
709 4559 803 4629 sum,
825 4522 970 4633 ouibus,
996 4552 1037 4611 ut
1051 4540 1216 4638 superius
1237 4540 1325 4633 dixi,
1346 4568 1368 4615 a
1391 4544 1527 4642 meipso
1546 4569 1626 4619 sum
1641 4540 1884 4617 venumdatus
1899 4555 1936 4614 et
1952 4565 2045 4641 cap-

436 4645 531 4720 tivus
553 4650 718 4743 traditus,
746 4679 815 4727 nec
838 4656 914 4752 jam
937 4683 1003 4756 per
1033 4684 1091 4731 me
1114 4659 1163 4733 ab
1186 4661 1257 4734 hac
1279 4663 1448 4736 servitute
1471 4662 1614 4736 liberari
1633 4688 1783 4763 possum
1807 4677 1870 4736 ant
1898 4660 2041 4734 redimi.

436 4768 481 4839 Et
505 4770 591 4865 quia
613 4773 660 4845 ita
684 4787 749 4868 est,
773 4803 791 4845 a
806 4777 887 4874 quis
903 4802 962 4851 me
979 4778 1158 4874 liberabit,
1171 4809 1188 4848 v
1208 4780 1245 4853 id
1264 4796 1317 4855 est
1333 4783 1414 4880 quis
1437 4784 1505 4880 erit
1523 4800 1597 4857 tam
1621 4798 1750 4883 potens
1774 4796 1810 4855 et
1835 4797 1910 4854 tam
1938 4780 2045 4853 boui·

436 4910 528 4984 gnus
556 4891 670 4985 mihi,
705 4909 745 4967 ut
773 4920 832 4969 me
858 4896 987 4995 liberet
1014 4928 1033 4968 a
1055 4924 1079 4973 a
1100 4925 1256 5000 corpore
1282 4901 1389 4999 hujus
1419 4904 1562 4996 mortis,
1595 4933 1614 4973 v
1634 4903 1680 4975 -id
1711 4917 1765 4975 est
1787 4903 1838 4976 ita
1864 4914 2048 5002 prunoet

435 5026 637 5108 praeparato
649 5014 694 5086 ad
711 5015 1001 5090 interficiendam
1016 5020 1189 5115 animam,
1201 5047 1248 5095 ne
1264 5024 1425 5096 carnales
1440 5024 1573 5096 scilicet
1588 5024 1832 5121 suggestiones
1846 5022 1936 5094 mihi
1952 5045 2047 5120 prae·

436 5127 593 5225 valeant,
612 5148 649 5206 et
670 5135 777 5211 cedat
802 5138 949 5239 spiritus
969 5142 1082 5236 carni,
1103 5141 1142 5215 id
1164 5157 1217 5216 est
1234 5145 1326 5216 ratio
1348 5145 1442 5217 victa
1459 5144 1668 5219 succumbat
1685 5160 1721 5217 et
1747 5144 1948 5219 consentiat
1971 5166 2050 5214 vo—
