4559 6100
649 465 940 543 tutuouuutto
966 468 1027 541 AD
1051 467 1353 542 Tuuosouuu.
1726 464 1797 537 ⁴23

202 620 436 722 posteriorem
446 617 614 710 modum,
624 615 740 691 multu
751 614 886 690 dicitu?
893 616 985 691 veile
997 617 1074 693 fieri
1089 640 1169 716 quae
1179 640 1255 691 non
1268 616 1377 711 fiunt,
1388 616 1460 688 hoc
1473 629 1528 689 est
1539 617 1652 688 multe
1662 615 1801 688 adhor-

204 741 267 815 teri
285 760 366 839 qua
378 753 521 813 eertum
537 753 592 811 est
608 762 649 810 ex
662 738 777 833 gretie
793 738 870 835 ejus
885 739 1121 831 remunerari,
1138 738 1169 811 si
1188 736 1326 827 fierent,
1352 758 1431 835 quae
1447 736 1594 808 minime
1614 724 1721 806 tiuut.
1741 736 1801 809 Sic

204 863 336 961 quippe
352 861 548 958 unicuique
569 859 711 932 homini
726 858 883 931 consulit
896 858 945 932 de
960 859 1073 933 suiute
1087 880 1172 949 suu,
1188 873 1224 932 et
1240 859 1287 932 ed
1299 857 1397 930 banc
1415 878 1497 929 eum
1513 852 1691 945 hortatur,
1715 878 1800 928 euru

205 980 374 1053 obediant
387 981 505 1080 pauci.
524 978 609 1052 Vult
624 980 745 1077 itaque
759 980 860 1053 Deus
875 993 1101 1079 peomtorem
1117 980 1297 1071 converti,
1313 977 1398 1078 quio
1409 977 1443 1049 ei
1456 976 1497 1048 id
1512 973 1685 1066 consulit,
1698 974 1802 1071 quud

204 1111 291 1173 esset
301 1099 456 1198 benigne
464 1113 770 1189 remuneraturus,
780 1097 1090 1196 quemadmodum
1099 1100 1133 1171 ei
1140 1114 1282 1196 gratum
1296 1098 1426 1170 dieiurr
1436 1095 1643 1194 inquoejus
1654 1090 1802 1190 gratiam

205 1221 381 1317 experturi
406 1243 580 1312 essemus3
599 1220 691 1292 siout
709 1219 933 1292 econtrario
956 1217 1054 1292 node
1077 1213 1137 1292 uta
1155 1218 1291 1292 dieitur
1312 1240 1392 1317 quae
1408 1214 1608 1308 dissuadet,
1628 1228 1688 1288 uut
1706 1232 1802 1312 quae-

205 1362 346 1437 cunque
362 1340 493 1439 punire
510 1342 621 1437 magis
634 1338 764 1428 debet,
784 1364 894 1437 quam
920 1338 1021 1412 dono
1044 1339 1168 1437 ulique
1181 1360 1431 1424 remunerere,
1459 1349 1496 1409 et
1510 1336 1548 1407 in
1565 1328 1696 1433 quibus
1711 1328 1802 1404 i'r'arn

205 1460 313 1559 ipsius
323 1462 445 1559 potius
455 1472 565 1559 quam
577 1461 730 1556 gretiam
739 1461 965 1551 sentiremus,
978 1459 1128 1551 honest,
1138 1459 1336 1533 vindictam
1347 1459 1468 1558 potius
1479 1472 1587 1555 quum
1599 1454 1798 1553 puemiuro.

252 1579 495 1667 Quaerendum
510 1577 668 1653 arbitror
686 1594 806 1652 utrum
822 1580 928 1678 plura
943 1579 1061 1653 sunere
1073 1581 1186 1680 possit
1200 1583 1298 1652 nens
1317 1577 1373 1651 vei
1392 1576 1539 1651 meliors
1557 1594 1667 1673 quam
1682 1573 1801 1666 faciat,

204 1713 264 1771 ent
279 1700 331 1773 ab
348 1699 530 1774 bisetium
549 1721 631 1798 qim
649 1699 751 1790 iecit,
773 1699 846 1772 ullo
868 1699 980 1772 modo
1000 1708 1142 1773 oessare
1158 1700 1287 1799 possit,
1307 1722 1375 1771 neo
1397 1714 1439 1770 et
1462 1711 1622 1794 unquam
1638 1691 1802 1765 videlicet

205 1817 336 1911 seuere,
355 1820 457 1916 quod
470 1820 549 1892 sive
565 1818 822 1912 concedamus,
844 1820 918 1893 sive
943 1838 1130 1918 negemus,
1147 1819 1282 1895 'multas
1303 1819 1452 1892 fortusse
1469 1815 1803 1890 inconvenientium

205 1940 396 2013 anxietates
415 1939 655 2012 induremus
673 1940 710 2012 Si
726 1941 824 2012 euim
844 1962 1023 2037 ponamus
1037 1940 1139 2039 (prod
1155 1941 1259 2040 plura
1274 1940 1331 2013 vei
1351 1939 1524 2040 pauciora
1539 1937 1655 2010 iacere
1668 1934 1801 2033 possit,

205 2057 258 2131 vei
275 2058 322 2132 ub
337 2058 393 2132 his
410 2084 490 2159 quoe
504 2056 589 2134 iacit
604 2082 753 2151 cessate,
765 2059 930 2160 profesto
947 2059 1100 2134 multum
1116 2078 1265 2133 summu
1278 2061 1355 2157 ejus
1370 2058 1522 2132 bonitati
1535 2052 1799 2151 derogabimus.

206 2184 353 2253 Omstut
365 2180 589 2280 quippenam
605 2202 681 2252 uon
697 2180 766 2252 uisi
779 2179 878 2254 bona
893 2180 1009 2254 facere
1026 2204 1144 2279 posse.
1165 2181 1202 2252 Si
1218 2194 1338 2254 autem
1354 2180 1466 2269 bona,
1482 2202 1565 2250 cum
1582 2177 1709 2276 possit,
1727 2196 1803 2245 non

208 2299 325 2389 uetat,
344 2314 379 2371 et
393 2299 437 2372 ab
448 2297 627 2400 aliquibus
642 2323 724 2398 quae
745 2296 908 2373 iacienda
923 2314 1041 2373 esseut
1056 2326 1094 2373 se
1110 2296 1280 2392 retrahat,
1301 2300 1381 2397 quis
1397 2322 1481 2371 eum
1503 2310 1676 2394 tanquam
1692 2318 1803 2367 aemu·

206 2417 281 2490 ium
292 2420 347 2493 vel
363 2420 525 2515 iniquum
540 2440 617 2493 nou
629 2421 775 2517 argttuti
785 2421 982 2493 Prusertim
994 2442 1080 2493 cum
1099 2419 1219 2492 nullus
1230 2442 1313 2491 eum
1327 2414 1429 2491 labor
1441 2419 1480 2489 in
1492 2414 1657 2489 iaciendo
1667 2413 1803 2511 aliquid

207 2554 339 2633 gravet,
350 2541 453 2638 eujus
467 2562 569 2639 aeque
583 2540 708 2614 omniu
722 2541 899 2619 voluntati
909 2556 997 2614 sunt
1011 2540 1184 2637 subjectu,
1202 2538 1400 2612 secundum
1415 2537 1515 2637 quod
1532 2539 1704 2636 son'ptum
1718 2548 1772 2607 est
1792 2562 1800 2604 :

209 2659 345 2750 «Dixit,
362 2674 397 2732 et
409 2659 501 2734 suctu
514 2677 610 2753 sunt,
627 2661 824 2748 mondavit,
843 2676 879 2733 et
888 2670 1009 2734 cresto
1026 2663 1142 2733 suut¹.
1156 2688 1174 2729 u
1192 2662 1285 2732 Hine
1301 2670 1356 2731 est
1372 2658 1430 2731 illa
1451 2657 1608 2730 Platonis
1621 2655 1806 2727 uerissima

207 2778 313 2871 ruto,
329 2802 403 2877 qua
423 2780 557 2853 scilieet
575 2780 707 2880 probat
725 2785 844 2854 Deum
857 2768 1062 2854 nuiiatenus
1082 2781 1261 2853 mundum
1284 2779 1471 2852 meliorem
1491 2778 1651 2877 potuisse
1667 2775 1803 2866 faeere,

207 2922 315 2993 quum
326 2897 461 2972 iecerit.
471 2900 674 3000 Sisquippe
687 2901 724 2972 iu
738 2903 869 2973 Teneo
880 2924 949 2973 suo
962 2903 1010 2973 uit
1023 2924 1031 2971 :
1044 2928 1060 2967 u
1073 2899 1290 2988 Dicendum,
1303 2901 1432 2997 iuquit,
1443 2920 1509 2971 our
1518 2897 1688 2970 eonditor
1697 2895 1804 2969 fabri·

207 3031 377 3118 satorque
392 3021 564 3118 geniturae
576 3040 689 3094 omne
711 3019 783 3094 hoc
805 3021 1068 3095 instituendum
1083 3022 1277 3121 putaverit.
1297 3020 1464 3118 Optimus
1480 3032 1569 3092 etat.
1596 3016 1648 3090 sb
1665 3017 1805 3117 optimo

206 3163 314 3235 porro
334 3139 471 3213 invidis
487 3141 594 3239 louge
608 3142 763 3238 relegata
782 3156 853 3233 est,
873 3143 994 3239 itaque
1010 3153 1274 3239 consequenter
1297 3142 1352 3213 sui
1372 3139 1501 3212 simiba
1528 3152 1678 3227 cuncte,
1696 3151 1807 3236 prout

206 3259 379 3356 mirusque
393 3259 521 3333 nature
538 3281 652 3361 copes
668 3259 902 3335 beatitudinis
917 3283 994 3333 esse
1013 3262 1182 3360 potuerit,
1194 3260 1287 3333 effici
1303 3259 1431 3332 voluit.
1449 3264 1569 3346 Quam
1588 3256 1735 3356 quidem
1746 3281 1806 3329 to·

205 3376 379 3451 luntstem
393 3380 459 3452 Dei
477 3380 653 3480 originem
671 3397 792 3453 rerum
811 3380 1044 3453 certissimam
1058 3382 1089 3452 si
1102 3380 1184 3479 quis
1202 3392 1327 3480 ponat,
1350 3391 1446 3460 recte
1470 3399 1552 3451 eum
1575 3388 1700 3475 putare
1718 3401 1807 3450 cou-

205 3498 368 3570 sentism.
398 3498 532 3572 vntens
556 3500 736 3599 siquidem
758 3503 857 3574 Deus
884 3499 985 3573 bonu
1017 3499 1139 3573 omnia
1169 3499 1380 3599 provenire,
1408 3497 1492 3570 maii
1519 3517 1630 3598 porro
1657 3497 1804 3590 nullius,

205 3633 313 3716 prout
334 3639 464 3691 eorum
478 3641 561 3719 qum
582 3633 782 3696 nuscuntur
796 3636 925 3695 nutura
936 3621 1023 3712 fert,
1042 3620 1185 3719 reliquit
1203 3620 1452 3720 propaginem.
1467 3643 1486 3688 o
1507 3622 1551 3690 Et
1565 3618 1643 3691 baeo
1657 3616 1808 3715 quidem

205 3739 366 3811 Platonis
378 3738 491 3813 verbs
502 3739 613 3839 plane
635 3742 761 3815 omnia
783 3765 805 3814 a
822 3745 901 3816 Deo
918 3755 994 3816 tum
1014 3740 1112 3814 bona
1129 3740 1208 3814 fieri
1223 3733 1415 3840 perhibere
1430 3738 1612 3830 videntur,
1630 3747 1807 3835 quuutum

204 3855 282 3929 fieri
297 3858 398 3932 bonu
415 3871 585 3959 postumi,
596 3860 653 3952 uei
666 3874 841 3960 quuutum
851 3862 927 3961 ipse
938 3886 981 3935 ee
990 3861 1089 3936 bona
1104 3862 1221 3935 desere
1235 3873 1364 3960 potest.
1378 3863 1496 3948 Quum
1506 3859 1616 3931 etium
1632 3857 1809 3931 tutionem

202 3979 318 4051 uncti
336 3981 447 4052 secuti
459 3979 641 4072 uiderem,
655 4001 740 4054 oum
757 3986 875 4055 Deum
890 3985 1031 4055 Patrem
1047 3980 1243 4081 probureut
1256 3980 1385 4052 uuum
1400 3989 1475 4053 tam
1490 3978 1629 4051 bonum
1646 3979 1809 4075 genuisse

202 4113 383 4195 quantum
393 4101 526 4197 potuit,
540 4117 580 4174 ut
589 4103 778 4199 eieequoiis
791 4115 895 4175 emet.
909 4101 1014 4174 Unde
1023 4102 1252 4200 Augustinus,
1262 4099 1357 4173 libro
1370 4102 1608 4192 Quaestionum
1622 4091 1806 4191 Lxxxut,

201 4223 816 4321 oep.1um.¹:«Du1s,inquit,quem
827 4224 963 4321 genuit,
974 4219 1150 4322 quonium
1161 4222 1346 4294 mdiorum
1358 4239 1396 4294 se
1406 4235 1575 4319 generare
1585 4243 1660 4292 non
1670 4219 1806 4318 potuit3

203 4336 255 4408 nii
271 4338 372 4410 enim
383 4343 461 4411 Deo
477 4339 617 4435 melius,
637 4361 807 4440 generare
823 4340 950 4415 debuit
961 4341 1149 4440 sequetem.
1164 4323 1319 4414 sienim
1334 4342 1464 4432 uoluit,
1478 4353 1516 4413 et
1526 4340 1742 4439 nonpotuit,
1753 4333 1809 4411 ibe

202 4455 331 4530 firmus
344 4471 414 4550 est3
427 4460 458 4533 si
470 4463 588 4560 potuit
599 4473 636 4534 et
652 4461 789 4552 noluit,
805 4459 950 4535 invidus
962 4473 1028 4536 est.
1043 4481 1062 4531 u
1083 4461 1136 4534 sd
1154 4462 1227 4534 hoo
1241 4475 1277 4533 et
1293 4457 1382 4534 iliud
1398 4462 1553 4560 pertinet
1567 4447 1700 4533 niceni
1715 4471 1809 4532 con·

200 4576 295 4670 ciffi,
323 4578 441 4677 quod,
461 4580 553 4655 siout
568 4583 606 4654 iu
624 4582 744 4682 primo
765 4580 859 4655 libro
881 4581 1016 4682 promti
1042 4597 1189 4673 sumus,
1206 4580 1331 4655 beatus
1346 4594 1607 4656 commemoret
1630 4581 1809 4676 Hierony*
1889 4626 1894 4638 ·

201 4695 479 4773 mmdicens'tu
489 4699 589 4775 Absit
595 4723 683 4801 ergo
692 4703 730 4774 in
741 4702 829 4775 uuo
840 4702 904 4775 Dei
911 4702 1010 4776 uliud
1021 4703 1103 4802 plus
1112 4705 1278 4776 minusve
1291 4701 1499 4794 uutinlocO,
1512 4701 1805 4798 autintempore,

202 4818 325 4889 autin
343 4820 520 4916 potentia,
540 4835 602 4894 out
621 4822 659 4895 in
675 4823 836 4914 scientis,
847 4837 908 4896 aut
920 4824 956 4895 in
969 4824 1185 4921 aequalitate,
1203 4823 1310 4896 autin
1321 4819 1554 4918 subjectione,
1566 4844 1649 4894 cum
1662 4818 1805 4910 dicitur,

240 5096 247 5123 ¹
261 5094 361 5148 Psotm.
371 5107 469 5159 cretur,
483 5110 506 5146 t.
527 5101 551 5150 t·
562 5100 612 5137 ..e
626 5099 720 5159 Ques.
740 5102 779 5153 ts.
794 5099 899 5166 Opp.,t.
912 5099 958 5164 Vl,
967 5100 1015 5152 eoi.
1028 5099 1068 5152 te.
1080 5100 1128 5138 -θ
1139 5099 1232 5162 Kepos.
1242 5096 1301 5148 Fid.
1314 5096 1349 5148 od
1361 5095 1454 5159 curili.
1467 5094 1548 5160 opp,
1559 5101 1578 5145 t.
1590 5085 1625 5157 V,
1645 5093 1694 5146 tul.
1708 5089 1762 5146 us
