4559 6100
443 552 494 621 *to
1057 547 1185 619 PE'l'lll
1211 546 1442 619 tunulum

447 696 594 796 quilibet
624 720 760 795 pauper
788 710 901 767 totam
929 696 1164 769 substantiam
1194 698 1383 769 effundens
1411 696 1609 787 obtulerat,
1639 697 1710 769 hoc
1738 699 1775 768 in
1801 700 2042 773 Saturnalium

446 818 646 918 sportulam
669 830 705 889 et
723 817 908 906 Minervae,
935 833 997 889 aut
1015 820 1052 889 in
1070 833 1235 916 sumptus
1256 818 1492 909 domesticm,
1516 832 1578 890 aut
1594 819 1630 889 in
1651 816 1799 889 sordida
1818 834 1938 892 scorta
1955 845 2041 892 con·

448 942 720 1010 vertuntarltem
737 937 834 1009 idem
851 938 886 1008 in
900 937 1057 1036 Epistola
1066 936 1119 1008 ud
1125 939 1352 1008 Eustochium
1362 942 1398 1008 V
1395 940 1585 1034 irginem¹z
1599 966 1616 1003 κ
1631 940 1719 1023 Quae
1733 940 1943 1010 commuuio
1957 940 2043 1010 lucis

447 1058 493 1130 ad
514 1056 704 1130 tenebras?
727 1057 816 1143 Quis
839 1081 1034 1129 consensus
1049 1056 1180 1129 Christi
1198 1057 1244 1127 ad
1263 1055 1395 1128 Belial?
1419 1056 1515 1144 Quid
1538 1056 1621 1128 taen
1642 1081 1725 1128 curn
1745 1057 1913 1129 Psalterio
1931 1062 2042 1130 Hora·

448 1179 530 1269 tius,
543 1202 625 1249 cum
636 1175 828 1271 Evangelio
837 1179 952 1266 Maro,
964 1201 1049 1248 cum
1058 1177 1231 1274 bpostolo
1243 1176 1370 1249 Cicero
1381 1176 1395 1246 l
1406 1206 1423 1241 ιι
1443 1176 1550 1265 Quod
1567 1200 1654 1248 vero
1670 1176 1717 1249 de
1729 1178 1877 1274 poeticis
1894 1177 2042 1272 tigmen-

447 1298 508 1389 tis,
534 1322 608 1368 nou
632 1296 678 1367 de
700 1296 960 1394 philosophicis
985 1296 1227 1385 documentis,
1256 1311 1318 1368 aut
1335 1294 1537 1367 liberalium
1555 1297 1684 1366 artium
1703 1294 1845 1387 studiis,
1870 1296 1944 1367 haec
1960 1315 2043 1369 suut

446 1404 555 1505 dicta,
570 1429 692 1514 aperte
703 1415 859 1487 lsidorus
871 1414 916 1486 de
925 1420 1072 1487 Summo
1088 1421 1188 1487 Bono
1201 1414 1295 1487 libro
1309 1419 1368 1507 ΙΙΙ,
1387 1439 1468 1512 cap.
1485 1439 1560 1499 ιιιιι,
1581 1415 1737 1485 insinuat
1746 1414 1905 1486 dicens¹:
1926 1446 1944 1482 α
1958 1416 2041 1487 ldeo

447 1535 661 1634 prohibetur
689 1535 897 1607 Christianis
923 1535 1041 1632 legere
1070 1534 1238 1631 figmenta
1253 1550 1464 1633 poetarum,
1489 1537 1575 1631 quia
1590 1558 1656 1631 per
1676 1532 1937 1606 oblectamenta
1959 1536 2043 1607 ina-

446 1657 547 1728 nium
557 1654 764 1727 fabularum
782 1656 936 1727 excitant
944 1669 1103 1727 mentem
1119 1654 1165 1728 ad
1179 1655 1361 1727 incentiva
1374 1653 1579 1727 libidinum.
1593 1658 1673 1724 Non
1690 1653 1788 1724 enim
1804 1654 1920 1724 solum
1939 1654 2043 1727 thura

447 1774 634 1848 offerendo
651 1774 875 1847 daemonibus
890 1772 1110 1862 immolatur,
1129 1774 1194 1845 sed
1217 1775 1326 1846 etiam
1351 1798 1477 1846 eorum
1503 1773 1598 1844 dicta
1621 1771 1791 1844 libentius
1812 1774 2001 1869 capiendo.
2023 1805 2040 1839 ιι

447 1897 577 1966 ltem⁸:
598 1924 616 1963 a
629 1894 786 1967 Cavendi
812 1909 895 1965 sunt
914 1893 997 1965 libri
1020 1892 1221 1989 gentilium,
1251 1908 1287 1966 et
1304 1908 1452 1991 propter
1469 1915 1630 1964 amorem
1645 1915 1829 1963 sacrarum
1845 1892 2043 1989 Scriptura·

447 2039 528 2087 rum
551 2015 699 2088 vitandi.
720 2013 1003 2112 simplicioribus
1018 2014 1128 2086 literis
1146 2037 1222 2084 non
1240 2027 1294 2084 est
1307 2010 1573 2111 praeponendus
1589 2034 1716 2083 succus
1733 2011 1972 2107 grammaticae
1986 2037 2043 2085 ar-

448 2135 515 2219 tis;
548 2133 713 2207 meliores
737 2133 835 2206 enim
861 2147 945 2205 sunt
966 2156 1178 2205 communes
1200 2132 1308 2204 litere
1333 2147 1371 2204 et
1393 2130 1626 2230 simpliciores
1651 2130 1697 2202 ad
1720 2130 1834 2204 solam
1856 2130 2043 2203 utilitatem

447 2254 667 2350 pertinentes
683 2282 693 2324 ε
712 2252 780 2325 illoe
795 2276 882 2324 vero
895 2253 1088 2347 nequiores
1107 2266 1193 2324 sunt
1208 2276 1287 2347 quae
1300 2253 1468 2349 ingerunt
1483 2251 1612 2322 mentis
1625 2249 1850 2322 elationem‘.
1881 2248 2044 2322 Meliores

444 2388 530 2443 sunt
541 2372 774 2444 Grammatici
791 2394 900 2467 quam
915 2371 1083 2443 haeretici.
1098 2372 1423 2443 Grammaticorum
1441 2370 1604 2442 doctrina
1617 2382 1734 2466 potest
1747 2370 1854 2441 etiam
1870 2368 2045 2465 prolicere

446 2492 493 2563 ad
517 2493 646 2583 vitam,
672 2488 762 2561 dum
784 2490 914 2561 luerint
934 2492 971 2561 in
988 2489 1155 2561 meliores
1173 2514 1258 2560 usus
1273 2490 1457 2587 assumpti.
1474 2517 1493 2557 ιι
1511 2493 1562 2560 Ex
1575 2487 1737 2560 Concilio
1752 2501 1880 2583 quarto
1897 2487 2045 2559 Cartha-

447 2611 598 2705 giniensi
611 2633 692 2705 cap.
710 2634 771 2679 rx:
792 2609 1020 2706 «Episcopus
1035 2608 1220 2703 gentilium
1238 2606 1347 2679 libros
1363 2632 1438 2679 non
1450 2609 1560 2704 legat;
1575 2607 1823 2679 haereticorum
1838 2619 1959 2678 antem
1976 2631 2044 2703 pro

448 2730 656 2799 necessitate
665 2742 884 2824 ettempore.
895 2756 913 2792 ιι
928 2727 1120 2821 Gregorius
1130 2726 1315 2799 Desiderio
1328 2728 1534 2824 episcopo⁸2
1550 2754 1568 2793 u
1580 2726 1743 2798 Pervenit
1751 2724 1797 2797 ad
1807 2748 1874 2796 nos
1883 2725 2043 2796 iratemi·

449 2860 557 2919 tatem
576 2860 674 2917 tuam
692 2846 959 2942 grammaticam
974 2845 1190 2944 quibusdam
1208 2869 1400 2944 exponere,
1421 2870 1530 2941 quam
1546 2869 1623 2918 rem
1640 2846 1704 2917 ital
1719 2845 1867 2917 moleste
1887 2828 2043 2943 suscepi-

448 2989 540 3056 mus,
557 2989 601 3037 ac
616 2990 740 3037 sumus
754 2964 1003 3037 vehementius
1019 2968 1212 3064 aspernati,
1232 2981 1271 3038 ut
1289 2990 1330 3038 ea
1345 2990 1424 3063 quae
1443 2966 1541 3064 prius
1557 2965 1652 3038 dicte
1668 2965 1808 3037 luerent
1820 2964 1859 3036 iu
1873 2965 2044 3062 gemitum

448 3102 483 3159 ct
500 3087 678 3158 tristitiam
692 3100 930 3177 verteremus,
955 3086 1039 3182 quia
1057 3109 1130 3156 uno
1147 3110 1185 3157 se
1199 3109 1262 3158 ore
1282 3110 1366 3160 cum
1383 3086 1481 3157 lovis
1501 3083 1668 3157 laudibus
1684 3084 1814 3157 Christi
1828 3082 1952 3156 laudes
1969 3109 2042 3155 non

446 3208 614 3305 capiunt,
646 3220 682 3277 et
706 3208 834 3302 quam⁷
863 3229 970 3300 grave
1002 3204 1272 3302 uelandumque
1296 3207 1341 3277 sit
1362 3206 1582 3302 Episcopum
1602 3228 1733 3276 canere
1759 3227 1839 3301 quae
1863 3227 1930 3275 nec
1952 3202 2042 3274 la'tco

315 3361 321 3378 ι
448 3324 610 3421 religiose
636 3325 870 3413 conveniant,
896 3325 973 3422 ipse
994 3324 1231 3398 considero.»
1258 3323 1363 3396 Unde
1382 3337 1419 3395 et
1436 3325 1533 3396 Plato
1551 3325 1644 3422 ipse,
1667 3347 1752 3395 cum
1772 3322 1925 3395 civitatis
1942 3346 2043 3393 novae

449 3444 657 3517 ordinandae
685 3444 841 3517 traderet
868 3445 1145 3538 institutionem,
1176 3458 1300 3541 poetas
1324 3467 1345 3515 a
1371 3444 1513 3515 civitate
1529 3467 1605 3515 esse
1622 3440 1844 3538 dejiciendos
1866 3440 2040 3530 decrevit,

446 3565 539 3635 sicut
562 3566 598 3635 in
618 3564 779 3636 secundo
799 3562 845 3634 de
868 3566 1016 3636 Ciuitate
1040 3562 1103 3634 lib.
1122 3566 1163 3635 Β.
1186 3565 1400 3659 Augmtinus
1423 3564 1479 3635 his
1494 3563 1613 3636 verbis
1630 3561 1931 3634 commemorat⁸r
1955 3587 1974 3626 a
1990 3568 2042 3632 An

447 3683 556 3770 torte,
575 3682 710 3778 inquit,
733 3681 871 3752 Platoni
893 3682 1013 3778 potius
1035 3680 1157 3753 danda
1174 3697 1228 3753 est
1242 3682 1375 3781 palma,
1394 3683 1558 3778 quicum
1573 3681 1712 3754 ratione
1726 3680 1909 3768 formaret,
1928 3678 2044 3774 qualis

441 3825 525 3872 esse
549 3802 671 3872 civitas
696 3798 849 3889 debeat,
875 3814 1061 3896 tamquam
1082 3800 1304 3873 adversarios
1326 3800 1478 3875 civitatis
1498 3817 1621 3901 poetas
1642 3798 1779 3873 censuit
1794 3796 1884 3870 urbe
1905 3796 2043 3895 pellen-

447 3917 541 3990 dos?
559 3948 576 3985 ιι
595 3922 685 3991 ltem
699 3932 783 4016 post
801 3918 942 4015 aliqua:
965 3948 983 3986 u
999 3923 1070 4006 Qui
1085 3919 1218 3993 scilicet
1235 3921 1334 3992 Plato
1352 3936 1476 4018 poetas
1497 3922 1607 4020 ipsos,
1620 3920 1677 3992 rel
1692 3944 1759 4018 pro
1776 3916 1925 3990 arbitrio
1942 3939 2043 3988 men·

448 4038 588 4126 tientes,
606 4039 661 4110 vel
678 4035 888 4109 hominibus
904 4038 1056 4126 miseris,
1076 4039 1178 4136 quasi
1195 4043 1354 4112 Deorum
1371 4040 1461 4113 lacta
1478 4043 1632 4140 pessima
1648 4037 1821 4111 imitanda
1837 4059 2044 4133 proponen-

446 4171 519 4247 tes,
546 4158 697 4229 omnino
718 4158 755 4228 iu
779 4156 921 4229 civitate
940 4155 1034 4229 bene
1054 4158 1213 4231 instituta
1232 4159 1351 4232 vivere
1371 4160 1503 4252 noluit,
1519 4188 1538 4228 ιι
1560 4160 1648 4233 acsi
1665 4171 1788 4257 aperte
1803 4156 1943 4228 Sanctis
1959 4155 2044 4250 ipsis

441 4276 519 4372 jam
539 4275 629 4348 illud
649 4275 897 4374 praedicaret⁹2
921 4280 1002 4349 «Os
1023 4277 1125 4374 quod
1143 4280 1315 4350 mentitur
1339 4279 1470 4352 occidit
1485 4281 1690 4352 animam.»
1711 4282 1825 4373 Atque
1843 4272 1932 4346 illud
1949 4278 2043 4370 Apo·

447 4395 528 4467 stoli
542 4399 580 4465 ¹⁰:
604 4396 838 4467 «Fornicatio
859 4410 894 4468 et
917 4398 1035 4468 omnis
1058 4397 1286 4470 immunditia
1308 4422 1374 4470 nec
1395 4400 1602 4472 nominetur
1620 4397 1658 4469 in
1680 4395 1804 4481 vobis,
1829 4394 1921 4466 sicut
1940 4390 2044 4463 decet

446 4529 603 4607 sanctos,
630 4529 693 4588 aut
707 4514 909 4613 turpitudo,
930 4529 996 4588 aut
1009 4514 1283 4612 stultiloquium,
1307 4532 1369 4589 aut
1384 4518 1577 4590 scurrilitas
1593 4540 1672 4613 quae
1686 4515 1825 4588 adrem
1844 4535 1919 4585 non
1934 4510 2043 4608 pcrti-

446 4648 521 4722 nst,
539 4648 609 4705 etc.
630 4663 647 4699 ι
665 4632 761 4720 Quid
778 4633 886 4706 etiam
905 4633 952 4706 de
967 4633 1228 4733 philosophicis
1241 4635 1297 4708 vel
1315 4637 1362 4708 de
1375 4638 1527 4735 poeticis
1550 4636 1727 4710 existimet
1742 4632 1867 4721 musis,
1886 4645 1920 4703 et
1933 4652 2044 4726 quan·

363 4896 369 4909 ·
478 4872 577 4936 *spus
596 4870 681 4932 ΙΙΙΙΙΙΙ,
695 4870 772 4934 opp..
786 4877 804 4919 t.
813 4868 854 4931 ΙΙΙ,
866 4884 892 4933 ιι.
907 4873 983 4932 hoel.
996 4875 1036 4925 u.
1050 4870 1071 4922 ΙΙ
1083 4873 1217 4937 corinth,
1272 4875 1430 4927 umectus:
1444 4876 1526 4935 Quam
1535 4878 1660 4925 tunc-¹
1674 4873 1716 4924 Sto
1731 4874 1793 4924 sod.
1809 4872 1870 4923 Vtct.
1884 4870 2041 4932 Quorsus.

446 4966 501 5015 cap.
520 4966 555 5013 rr,
567 4966 590 5004 r.
611 4954 647 5003 u.
665 4979 693 4988 -
710 4953 720 4982 ²
735 4949 787 5001 tto.
812 4948 860 5015 ΙΙΙ,
879 4965 934 5015 cap.
955 4966 1014 5017 xrn,
1037 4954 1119 5018 ορμ,
1140 4962 1158 5003 ι.
1176 4954 1217 5016 Vl,
1273 4954 1676 5019 -·uap.nv‚opp.,t.vrr‚cu.
1689 4957 1728 5007 u.
1742 4953 1959 5017 -·Sop,eap.1,
1972 4953 2040 5002 ult.

446 5048 472 5094 p.
495 5035 550 5086 tes,
562 5060 591 5070 -
602 5035 611 5066 ³
622 5032 700 5089 lbtd„
721 5033 808 5093 pam.
823 5031 1001 5094 -⁴ttaursgn
1012 5034 1156 5085 annosum
1168 5032 1219 5085 eto-
1273 5034 1440 5099 -trptes,
1451 5048 1505 5099 cap.
1516 5048 1541 5096 r,
1553 5048 1576 5085 t.
1589 5039 1613 5087 t.
1993 5061 2003 5072 ι

448 5115 580 5164 rationem.
593 5139 623 5152 -
636 5113 746 5178 'Eoum
764 5112 806 5163 ΙΙΙ).
819 5110 861 5174 ΙΙΙ,
881 5113 953 5175 epist.
968 5125 1017 5163 ur.
1029 5113 1149 5163 -⁰Male
1162 5116 1219 5174 tacu
