4559 6100
758 527 1017 601 THEOLOGlA
1049 528 1325 602 cultissimis.
1771 532 1844 607 533

238 680 454 780 dematque
478 681 555 778 ejus
572 691 700 766 mater,
724 676 826 773 juxta
843 675 1046 769 Platonem,
1071 676 1135 775 qui
1154 677 1342 751 materiam
1359 677 1460 775 quasi
1489 693 1639 751 matrem
1668 682 1845 754 materiati

239 802 436 895 constituit,
460 825 528 872 nec
552 813 671 871 tamen
705 795 789 869 ideo
809 797 868 868 vel
890 797 945 869 sui
971 797 1083 895 ipsius
1106 797 1257 868 materia
1288 811 1342 868 est
1369 823 1433 871 seu
1460 813 1592 890 mater,
1618 800 1674 873 vel
1699 801 1844 875 alterius

239 945 340 994 cerae.
363 921 421 993 Sic
440 933 476 991 et
496 923 593 991 Deus
611 942 696 989 cum
711 919 829 989 Deum
848 902 1013 1013 generet,
1036 914 1108 987 hoc
1132 929 1187 987 est
1209 915 1254 987 sit
1271 920 1373 989 Pater
1389 918 1477 1012 Dei,
1497 944 1565 990 nec
1582 920 1738 1019 seipsum
1759 922 1845 994 ideo

239 1054 398 1138 generat,
419 1063 488 1111 nec
504 1037 615 1111 alium
631 1040 761 1108 Deum.

287 1164 342 1232 De
361 1159 558 1232 eternitate
582 1171 703 1230 autem
724 1157 965 1255 generationis
986 1156 1087 1254 quod
1109 1156 1298 1254 quaesitum
1314 1171 1380 1248 est,
1408 1171 1529 1232 unum
1552 1158 1845 1261 videlicetkllilius

198 1278 215 1299 ⁶
240 1303 383 1377 semper
406 1279 584 1376 gignatur,
604 1302 649 1349 an
672 1302 814 1376 semper
836 1278 882 1349 sii
901 1277 1064 1373 genitus3
1088 1276 1125 1349 in
1151 1277 1231 1374 ipso
1255 1276 1328 1349 fere
1351 1279 1516 1377 superius
1535 1279 1651 1351 nostri
1674 1294 1846 1354 tractatus

240 1397 390 1471 exordio
419 1396 519 1496 quod
545 1397 719 1469 sentimus
747 1396 1027 1493 assignavimus,
1059 1420 1144 1468 eum
1174 1396 1310 1469 scilicet
1333 1412 1413 1491 tam*
1439 1398 1535 1495 gigni
1563 1422 1707 1497 semper
1735 1422 1846 1494 quam

239 1519 402 1613 genitum
420 1543 496 1591 esse
519 1531 728 1606 asserentes,
753 1516 827 1589 hoc
847 1530 900 1588 est
921 1541 1063 1615 semper
1087 1541 1173 1589 eum
1191 1541 1234 1588 ex
1251 1521 1353 1590 Patre
1370 1542 1461 1610 esse,
1480 1533 1516 1591 et
1531 1518 1677 1618 plenam
1701 1544 1848 1619 semper

239 1620 277 1711 et¹
299 1637 494 1739 perfectam
517 1639 554 1710 in
580 1637 653 1710 hoc
677 1637 756 1736 ipso
776 1639 1045 1735 generationem
1069 1637 1146 1735 ejus
1162 1663 1264 1711 esse:
1290 1663 1370 1735 quae
1388 1662 1589 1736 numquam
1609 1653 1672 1711 aut
1696 1639 1847 1740 incoepit

239 1771 304 1832 aui
325 1758 482 1832 desinit:
503 1758 605 1855 quod
620 1771 674 1830 est
695 1781 780 1830 eum
797 1782 939 1857 semper
955 1757 1053 1854 gigni
1071 1772 1107 1830 et
1123 1782 1266 1856 semper
1283 1757 1444 1853 genitum
1460 1783 1550 1852 esse,
1579 1783 1666 1831 cum
1683 1758 1782 1831 idem
1801 1761 1847 1833 sit

239 1877 273 1950 ei
297 1878 396 1974 gigni
417 1878 518 1976 quod
536 1892 589 1950 est
610 1878 771 1974 genitum
794 1901 882 1949 esse.
905 1881 1029 1975 Neque
1050 1878 1150 1949 enim
1173 1902 1257 1949 cum
1275 1877 1442 1971 dicimus,
1468 1892 1530 1951 aut
1552 1878 1655 1977 quod
1681 1878 1787 1955 Filius
1803 1904 1846 1951 ex

238 1999 317 2069 Deo
344 2002 447 2071 Patre
472 1998 641 2095 gignitur,
667 2011 730 2070 aut
745 1997 846 2096 quod
863 2011 916 2070 est
937 1998 1091 2095 genitus,
1116 1997 1317 2071 secundum
1345 2012 1552 2097 temporum
1575 1997 1848 2075 distinctionem

239 2116 278 2191 id
304 2119 515 2217 accipimus,
543 2143 627 2190 cum
648 2117 707 2189 illa
729 2117 895 2190 videlicet
918 2132 1049 2190 aeiema
1072 2118 1255 2215 generatio
1280 2119 1434 2218 tempori
1461 2118 1561 2191 nullo
1586 2117 1699 2190 modo
1725 2119 1846 2211 cedat,

239 2261 321 2335 quae
344 2251 427 2309 ante
456 2253 620 2336 tempora
650 2261 797 2343 quoque
824 2237 915 2309 sicut
939 2261 1038 2309 nunc
1054 2236 1212 2335 perlecta
1237 2236 1465 2311 consistebat.
1495 2241 1545 2312 Ac
1568 2263 1634 2337 per
1660 2238 1734 2310 hoc
1757 2237 1847 2311 nihil

240 2356 374 2431 referre
402 2356 649 2454 intelligimus,
680 2357 755 2430 sive
780 2357 878 2454 gigni
895 2355 1040 2448 Filium,
1063 2357 1138 2428 sive
1156 2358 1317 2452 genitum
1344 2382 1420 2431 esse
1447 2372 1646 2431 teneamus.
1673 2362 1848 2433 Praeterea

240 2474 429 2574 quomodo
447 2477 518 2549 dici
536 2490 667 2575 potest,
688 2476 790 2575 quod
806 2481 911 2549 Pater
927 2476 1050 2573 genuit
1065 2475 1208 2567 Filium,
1228 2477 1298 2549 nisi
1312 2479 1388 2577 ipse
1404 2477 1510 2553 suerii
1526 2479 1675 2575 gignens
1693 2478 1846 2551 Filium?

240 2595 337 2668 Nihil
361 2598 497 2696 quippe
519 2597 618 2670 aliud
640 2611 746 2670 sonat
760 2621 871 2695 quam
890 2596 957 2668 fuit
973 2597 1136 2694 gignens,
1162 2598 1254 2669 sicut
1270 2622 1338 2670 nec
1361 2597 1482 2694 gignet
1502 2598 1601 2673 aliud
1618 2610 1722 2671 sonat
1737 2622 1848 2694 qnam

239 2715 309 2787 erit
332 2716 493 2812 gignens,
511 2717 568 2790 vel
592 2717 705 2814 gignit
728 2742 838 2815 quam
856 2731 909 2793 est
934 2716 1097 2814 gignens.
1118 2717 1228 2804 Quod
1249 2717 1278 2789 si
1295 2717 1443 2813 gignens
1460 2716 1566 2790 suerii
1588 2722 1705 2806 Pater,
1725 2719 1848 2815 etJam

240 2835 393 2932 gignens
418 2862 493 2909 non
521 2837 579 2927 sit,
609 2861 695 2909 cum
720 2837 796 2934 jam
823 2835 990 2927 videlicet
1016 2837 1158 2933 genitus
1186 2835 1234 2909 ab
1261 2862 1306 2909 eo
1334 2837 1441 2910 Filius
1466 2861 1542 2909 esse
1569 2836 1701 2937 dicitur
1728 2837 1851 2935 potius

240 2978 352 3054 quam
370 2956 480 3054 gigni,
507 2954 669 3056 proiecto
686 2954 856 3030 inchoata
880 2957 1059 3055 primitus,
1080 2970 1116 3028 ei
1132 2969 1256 3056 postea
1271 2956 1429 3057 perfecta
1449 2981 1525 3029 esse
1538 2954 1649 3029 Verbi
1667 2957 1848 3053 generatio

240 3074 396 3150 dicenda
410 3094 478 3168 est,
497 3092 534 3150 et
548 3078 608 3150 ille
629 3078 693 3174 qni
713 3092 820 3150 antea
841 3076 907 3149 luit
928 3078 1090 3173 gignens,
1109 3092 1234 3175 postea
1248 3101 1270 3149 a
1285 3076 1492 3175 generando
1505 3101 1657 3168 cessare,
1676 3101 1761 3148 cum
1773 3075 1849 3172 jam

240 3194 290 3272 ab
306 3219 350 3267 eo
373 3197 514 3292 genitus
532 3210 623 3269 esset
645 3196 765 3269 Filius.
789 3200 829 3267 ln
846 3197 1042 3269 eternitate
1062 3211 1183 3269 autem
1201 3196 1302 3269 nulla
1322 3196 1559 3296 imperiectio,
1580 3195 1679 3267 nulla
1697 3194 1849 3274 cessatio

241 3328 309 3390 aut
335 3315 544 3388 variationis
568 3313 776 3388 vicissitudo
806 3316 1016 3411 contingere
1045 3329 1177 3414 potest.
1209 3319 1307 3387 Patet
1332 3316 1482 3412 itaque¹,
1513 3329 1620 3387 etex
1648 3312 1721 3385 hoc
1749 3311 1847 3386 idem

239 3457 319 3508 esse
341 3435 438 3532 gigni
460 3435 588 3507 Filium
614 3435 681 3508 Dei
707 3448 744 3507 et
767 3435 927 3532 genitum
951 3459 1041 3527 esse,
1068 3460 1152 3508 curn
1175 3433 1342 3507 videlicet
1367 3435 1466 3508 nulla
1490 3434 1629 3510 ratione
1652 3431 1848 3529 intelligere

239 3555 422 3652 possimus
450 3553 586 3653 aliquid
614 3579 691 3628 esse
719 3555 900 3652 genitum,
927 3556 956 3626 si
985 3554 1188 3628 nullatenus
1218 3555 1338 3653 ipsum
1373 3555 1470 3652 gigni
1500 3553 1743 3649 contingeret;
1780 3577 1849 3626 nec

238 3673 399 3772 aliquem
417 3675 601 3772 genuisse,
626 3677 656 3747 si
673 3676 817 3774 penitus
833 3699 918 3746 eum
931 3699 1131 3771 numquam
1147 3676 1373 3771 contingeret
1389 3676 1546 3772 gignere.
1574 3677 1846 3770 «Numquam»

237 3807 365 3870 autem
383 3794 555 3868 hocloco
575 3819 644 3895 pro
662 3795 874 3870 aeternaliter
894 3819 971 3866 non
987 3794 1232 3893 temporaliter
1246 3793 1434 3885 sumimus,
1454 3819 1539 3866 cum
1559 3791 1632 3882 illa,
1653 3805 1694 3863 ut
1711 3790 1851 3862 dictum

237 3931 309 4004 est,
329 3916 513 4012 generatio
529 3929 662 3989 aeterna
678 3917 736 4007 sit,
756 3940 832 3989 non
850 3915 1069 4013 temporalis.
1090 3913 1268 3986 Videntur
1284 3926 1404 3985 tamen
1423 3912 1606 3985 nonnullae
1621 3912 1851 3983 auctoritates

237 4033 317 4106 hoc
345 4037 488 4133 penitus
515 4060 699 4135 respuere,
728 4036 830 4134 quod
848 4035 958 4107 Filius
981 4035 1049 4107 Dei
1077 4034 1176 4106 nasci
1205 4033 1261 4105 vel
1279 4033 1375 4130 gigni
1403 4030 1543 4105 dicatur
1570 4056 1613 4105 ex
1641 4034 1757 4122 Patre,
1786 4029 1850 4102 sed

235 4167 383 4228 sanium
402 4169 507 4230 natus
526 4180 603 4229 esse
623 4155 680 4228 vel
702 4157 870 4252 genitus¹.
889 4152 993 4225 Unde
1015 4154 1233 4247 Augustinus
1248 4152 1295 4224 de
1314 4152 1382 4225 hac
1397 4153 1474 4251 ipsa
1491 4151 1722 4249 generatione
1743 4150 1852 4223 disse·

235 4298 328 4350 rens
350 4275 388 4346 in
407 4273 500 4346 libro
515 4277 709 4347 LXXXIII
732 4275 975 4367 Quaestionum
997 4272 1155 4372 capitulo
1180 4273 1316 4363 xxxrs⁸,
1336 4272 1501 4346 meminit
1518 4272 1641 4344 dicens
1661 4297 1669 4340 ε
1693 4269 1852 4341 «Melius

234 4407 299 4467 est
322 4413 464 4493 semper
491 4408 597 4470 natus
622 4418 732 4491 quam
758 4396 822 4492 qui
847 4418 989 4492 semper
1012 4394 1199 4466 nascitur:
1221 4393 1306 4490 quia
1330 4394 1394 4491 qui
1414 4417 1556 4492 semper
1578 4390 1736 4463 nascitur·
1755 4407 1851 4460 non·

231 4513 335 4588 dum
356 4528 411 4586 est
425 4526 551 4606 natus,
571 4529 607 4586 et
627 4539 829 4612 numquam
851 4528 957 4588 natus
976 4528 1030 4586 est
1044 4527 1106 4586 ant
1118 4527 1225 4586 natus
1242 4512 1322 4601 erit,
1342 4513 1373 4584 si
1390 4536 1531 4610 semper
1553 4510 1722 4583 nascitur.
1746 4507 1851 4581 Aliud

275 4825 283 4853 ¹
298 4817 339 4869 Sic
348 4781 410 4870 cod
418 4813 476 4867 Tur.
486 4819 533 4857 -¹
546 4819 575 4869 id
585 4820 658 4870 etiam
670 4820 759 4869 aeriter
769 4820 795 4868 in
804 4817 929 4869 abelardo
942 4820 1022 4881 arguit
1074 4817 1137 4870 Filio
1153 4818 1196 4869 liei
1211 4817 1419 4880 imperieenonen
1431 4817 1624 4880 pretendebant,
1636 4828 1666 4864 eo
1677 4814 1744 4876 quod
1753 4825 1854 4875 semper

229 4901 331 4954 Aona
351 4903 493 4960 anonymus
518 4902 543 4948 in
566 4901 630 4949 libro
655 4902 728 4949 tertio
747 4901 925 4950 dissertationis
947 4913 1021 4963 quam
1075 4902 1108 4952 ds
1119 4899 1191 4951 Patre
1203 4902 1354 4963 gigneretur,
1366 4912 1422 4949 cum
1437 4906 1524 4949 eoutm
1539 4899 1617 4948 sanni
1629 4896 1712 4947 Patres
1725 4909 1775 4946 nou
1786 4908 1853 4945 sem-

229 4983 363 5033 adversus
378 4994 435 5029 eum
452 4981 608 5043 conseripsit,
624 4982 921 5042 probatqueeontrsrinm
936 4989 1024 5031 ancto-
1076 4994 1122 5045 per
1151 4983 1233 5043 gigni,
1256 4981 1301 5032 sed
1322 4993 1420 5043 semper
1445 4980 1555 5039 genittm
1576 4991 1630 5027 esse
1657 4983 1803 5027 useremm.
1821 5000 1851 5014 —

230 5064 321 5113 ritate
343 5068 394 5110 tun
417 5062 443 5110 8.
459 5061 603 5122 Augustini,
622 5069 674 5112 tum
694 5059 723 5111 S.
741 5060 840 5121 iiiiarii,
860 5068 935 5123 atque
950 5062 1023 5128 etiam
1077 5060 1168 5126 ’Opp
1187 5069 1206 5111 t.
1223 5060 1265 5112 Vl.

225 5140 262 5192 S.
278 5138 389 5201 leonis,
402 5142 518 5191 adversus
534 5143 679 5192 arianorum
698 5143 806 5203 emuna
822 5143 863 5204 qui
883 5142 988 5201 aliquam
999 5143 1024 5190 in
