4559 6100
460 531 532 604 5l8
1052 529 1183 603 Putat
1210 527 1445 603 tumtum

456 679 660 754 secundum
685 702 798 778 quam
823 679 919 778 logos
947 677 1047 778 apud
1074 681 1221 751 Graecos
1247 679 1367 777 ipsum
1392 680 1523 756 mentis
1545 690 1767 777 conceptum
1793 698 1858 749 seu
1883 676 2060 753 rationem

455 800 645 900 significat,
660 824 738 873 non
747 800 848 872 vocis
863 799 1118 899 prolationem.
1139 798 1244 872 Unde
1262 800 1404 874 Boetius
1418 803 1457 872 in
1474 801 1682 899 categorias
1697 795 1906 889 Aristotelis,
1922 795 1986 869 lib.
2000 800 2054 871 11:

459 950 479 991 <r
496 922 681 1009 Quoniam
696 942 810 1019 graeca
826 920 991 993 oratione
1005 919 1108 1018 logos
1124 918 1256 993 dicitur
1277 920 1386 993 etiam
1404 921 1516 995 animi
1532 918 1714 1017 cogitatio,
1731 930 1767 989 et
1782 917 1878 989 intra
1894 940 1933 991 se
1952 917 2061 989 ratio·

456 1041 605 1131 cinatio,
622 1040 725 1139 logos
740 1063 889 1138 quoque
904 1053 939 1111 et
955 1041 1090 1133 oratio,
1109 1065 1157 1113 ne
1179 1040 1260 1136 quis
1275 1040 1518 1133 Aristotelem,
1537 1063 1625 1112 cum
1649 1037 1784 1111 diceret
1800 1035 1926 1133 logon,
1955 1035 1993 1107 id
2009 1050 2062 1109 est

459 1167 677 1256 orationem,
696 1163 932 1262 quantitatem
954 1188 1045 1255 esse,
1062 1163 1109 1238 de
1123 1189 1170 1238 eo
1185 1178 1328 1263 putaret
1344 1163 1477 1257 dicere,
1496 1188 1606 1263 quem
1623 1163 1775 1261 quisque
1787 1160 1899 1257 logon
1911 1160 1950 1232 in
1962 1160 2062 1257 cogi·

458 1286 594 1360 tatione
610 1284 831 1383 disponeret,
851 1282 1016 1357 addidit:
1035 1285 1098 1382 qui
1116 1283 1157 1356 fit
1172 1309 1258 1356 cum
1272 1308 1375 1356 voce.
1394 1316 1411 1351 n
1433 1283 1538 1357 Unde
1553 1296 1589 1357 et
1606 1288 1645 1355 Β.
1665 1282 1830 1355 meminit
1843 1280 2061 1378 Augustinus

458 1405 541 1477 libri
558 1406 800 1496 Quaestionum
811 1408 1015 1497 LXXXIII,
1029 1403 1188 1504 capitulo
1205 1408 1298 1477 xurv'
1313 1433 1322 1475 ε
1338 1434 1356 1470 s
1370 1408 1410 1476 ln
1424 1405 1616 1505 principio,
1628 1402 1757 1499 inquit,
1770 1398 2057 1493 eratVerbum,s

458 1524 561 1624 quod
586 1549 697 1621 graece
721 1524 824 1621 logos
851 1523 1004 1618 dicitur,
1032 1524 1145 1598 latine
1176 1538 1297 1599 autem
1321 1539 1357 1597 et
1382 1526 1560 1597 rationem
1585 1539 1623 1596 et
1643 1521 1797 1596 verbum
1826 1519 2014 1618 significat.
2039 1549 2058 1587 n

460 1650 577 1743 Logos
593 1631 692 1717 enim
710 1645 803 1717 ratio
820 1642 965 1717 dicitur.
984 1642 1085 1717 ldem
1102 1645 1141 1717 in
1159 1644 1253 1717 libro
1271 1647 1407 1717 Contra
1427 1650 1463 1716 V
1477 1645 1680 1716 Hareses¹z
1699 1670 1717 1710 u
1734 1646 1774 1714 ln
1791 1640 1970 1740 principio
1983 1654 2061 1713 erat

459 1764 635 1837 Verbum.
652 1795 669 1831 u
686 1763 812 1838 Melius
826 1764 941 1837 Graeci
961 1763 1064 1862 logos
1081 1763 1220 1838 dicunt.
1242 1768 1361 1860 Logos
1376 1765 1511 1864 quippe
1524 1762 1686 1836 Verbum
1704 1758 1882 1858 significat
1897 1773 1933 1833 et
1951 1759 2061 1832 ratio-

456 1908 558 1957 nem.
586 1888 672 1957 »De
692 1907 768 1980 quo
787 1883 936 1982 quidem
951 1884 1114 1958 Verbum
1132 1885 1214 1973 Dei,
1235 1885 1373 1963 scilicet⁴
1390 1885 1616 1981 intelligibili,
1640 1880 1755 1981 quod,
1777 1894 1818 1952 ut
1835 1879 1972 1953 dictum
1993 1893 2058 1971 est,

458 2004 535 2100 ejus
546 2004 729 2102 Sapientia
737 2002 959 2101 intelligitur,
972 2008 1013 2077 B.
1024 2028 1118 2103 papa
1132 2005 1328 2102 Gregorius
1337 2005 1375 2077 in
1388 2005 1591 2077 Homelia⁸z
1606 2032 1624 2072 u
1637 2006 1871 2101 Operantem.
1885 1999 2062 2098 »Spiritui

455 2138 581 2197 artem
597 2123 757 2221 eaquasi
776 2112 924 2222 proprie
944 2122 1170 2210 tribuuntur,
1192 2148 1272 2222 quae
1295 2123 1341 2196 ad
1357 2125 1668 2225 comparationem
1692 2121 1823 2194 divinae
1845 2120 1966 2219 gratia
1983 2121 2061 2192 atti·

457 2258 562 2338 nent,
585 2244 680 2317 sicut
701 2258 755 2317 est
777 2243 940 2317 remissio
954 2258 1186 2344 peccatorum
1203 2257 1241 2317 et
1261 2268 1576 2343 quorumcumque
1594 2243 1777 2316 donomm
1793 2239 2000 2321 distributio
2018 2264 2062 2313 ex

458 2365 536 2438 sola
562 2362 725 2437 bonitate
743 2364 836 2461 ejus,
856 2388 933 2437 non
954 2388 998 2438 ex
1019 2365 1155 2438 meritis
1171 2365 1305 2437 nostris
1325 2367 1554 2464 proveniens,
1572 2362 1689 2462 qualis
1711 2376 1765 2435 est
1785 2359 2007 2457 regeneratio
2024 2359 2061 2431 in

458 2483 639 2583 baptismo
661 2483 708 2556 ad
727 2482 940 2556 dimittenda
955 2498 1114 2584 peccata,
1133 2481 1363 2557 confirmatio
1383 2509 1448 2583 per
1468 2483 1738 2582 impositionem
1757 2504 1888 2554 manus
1902 2478 2062 2578 episcopi

458 2603 507 2676 ad
527 2602 688 2677 dandam
709 2617 930 2677 armaturam
953 2605 1143 2696 virtutum,
1171 2604 1305 2701 quibus
1320 2606 1455 2678 scilicet
1477 2602 1683 2692 virtutibus,
1709 2615 1792 2702 post
1813 2601 2062 2675 remissionem

457 2737 693 2824 peccatorum
718 2736 948 2822 perceptam,
974 2723 1138 2796 resistere
1166 2724 1350 2798 valeamus
1378 2724 1526 2796 inimico
1555 2739 1644 2796 tunc
1671 2721 1917 2795 vehementius
1942 2720 2061 2790 insur-

459 2842 570 2940 genti.
599 2841 657 2913 Sic
683 2854 719 2913 et
743 2856 861 2915 cetera
887 2856 1110 2915 sacramenta
1136 2868 1217 2942 quae
1239 2845 1277 2916 in
1297 2844 1456 2917 Ecclesia
1480 2842 1717 2917 conferuntur
1741 2866 1786 2915 ex
1808 2840 1970 2913 bonitate
1994 2840 2063 2912 Dei

459 2961 608 3061 Spiritui
624 2960 816 3035 uibuenda
833 2977 931 3035 sunt.
952 2967 1042 3034 Nam
1059 2963 1125 3036 etsi
1146 2961 1244 3036 idem
1260 2964 1305 3037 sit
1324 2963 1528 3037 dialecticus
1550 2961 1652 3062 quod
1670 2977 1806 3056 orator,
1823 2959 1923 3033 aliud
1943 2973 2062 3033 tamen

458 3083 593 3154 oraturi
608 3082 906 3157 tribuendumest
918 3082 1121 3157 secundum
1135 3083 1249 3158 ollicii
1265 3086 1320 3160 sui
1334 3086 1604 3186 proprietatem,
1621 3083 1722 3157 aliud
1736 3081 1939 3158 dialectico.

509 3205 656 3275 Movere
677 3203 826 3276 fortasse
843 3203 983 3301 aliquos
998 3204 1132 3302 poterit
1148 3205 1248 3304 quod
1270 3204 1425 3278 dicimus
1441 3207 1478 3278 in
1496 3204 1636 3278 diversa
1652 3227 1764 3304 opera
1782 3202 1974 3293 Trinitatis,
1992 3200 2063 3274 boc

458 3337 512 3395 est
528 3321 600 3395 boc
624 3323 723 3396 idem
741 3325 883 3423 operari
905 3348 1199 3424 unamquamque
1213 3326 1322 3400 trium
1342 3350 1594 3427 personarum,
1614 3323 1716 3422 quod
1734 3349 1807 3399 una
1829 3348 1956 3396 earum
1972 3346 2063 3423 ope·

458 3457 571 3535 ratur,
594 3457 633 3515 ut
646 3442 814 3516 videlicet
827 3468 938 3518 omne
956 3444 994 3518 id
1013 3443 1113 3544 quod
1132 3444 1215 3518 lacit
1232 3449 1347 3538 Pater,
1363 3446 1470 3519 faciat
1484 3446 1593 3519 Filius
1609 3445 1683 3517 sive
1697 3445 1861 3544 Spiritus,
1880 3457 1917 3516 et
1937 3467 2065 3516 econ·

458 3587 577 3635 verso.
599 3563 706 3636 Solus
730 3564 867 3663 quippe
885 3565 994 3638 Filius
1014 3588 1163 3640 carnem
1183 3566 1363 3665 accepisse
1386 3565 1542 3658 dicitur,
1568 3567 1661 3640 sicut
1680 3580 1717 3638 et
1733 3588 1875 3663 passus,
1900 3577 1938 3637 et
1966 3563 2063 3636 solus

458 3682 613 3779 Spiritus
628 3706 697 3754 nos
712 3707 924 3781 regenerare
938 3684 1069 3757 dicitnr
1085 3686 1123 3757 in
1139 3684 1366 3786 baptismate.
1385 3686 1490 3760 Solus
1507 3688 1615 3760 etiam
1635 3690 1737 3758 Pater
1755 3684 1884 3758 Filium
1902 3697 2060 3783 generat.

461 3799 514 3872 td
538 3799 641 3897 quod
663 3800 960 3899 respondendum
984 3804 1152 3896 arbitror,
1171 3804 1374 3903 quodlicet
1395 3832 1472 3880 non
1496 3807 1677 3905 possimus
1699 3805 1819 3878 dicere
1841 3818 1904 3877 aut
1924 3807 2063 3875 Patrem

459 3931 522 3991 aut
544 3919 717 4016 Spiritum
741 3923 919 4021 accepisse
944 3948 1110 4016 caruem,
1138 3923 1211 3998 hoc
1237 3940 1291 3998 est
1307 3926 1535 3999 incarnatum
1561 3950 1638 3998 esse
1662 3939 1725 3998 aut
1748 3949 1914 4024 passum;
1941 3938 2062 3996 tamen

458 4061 543 4110 vere
568 4038 793 4136 profitemur,
816 4042 901 4141 quia
923 4043 962 4114 in
978 4044 1107 4118 eadem
1124 4046 1202 4144 ipsa
1219 4046 1467 4120 incarnatione
1481 4059 1517 4117 et
1533 4048 1637 4120 Pater
1654 4059 1823 4144 operatus
1841 4059 1907 4138 est,
1931 4056 1968 4116 et
1982 4041 2063 4144 Spi-

460 4157 562 4246 ritus,
582 4181 689 4256 aqua
704 4184 773 4233 nec
789 4176 1005 4260 potestatem
1016 4162 1193 4258 divinam,
1206 4190 1275 4239 nec
1288 4165 1546 4264 benignitatem
1555 4164 1959 4265 possumusexcludere.
1974 4168 2064 4237 Nam

462 4291 497 4350 et
514 4302 597 4350 cum
612 4303 652 4352 se
667 4279 787 4354 induit
799 4281 942 4380 aliquis,
962 4298 1025 4354 aut
1041 4298 1169 4374 armat,
1189 4285 1293 4357 multi
1310 4286 1347 4357 in
1365 4285 1495 4358 eodem
1511 4298 1768 4385 cooperantur,
1781 4287 1845 4382 qui
1855 4300 1975 4359 umen
1988 4309 2063 4358 non

458 4414 645 4471 armantur
664 4415 727 4473 aut
740 4401 954 4475 induuntur.
973 4403 1147 4491 Quamvis
1164 4404 1270 4501 igitur
1287 4406 1410 4478 ornnia
1423 4404 1533 4478 verba
1555 4406 1788 4506 operationis,
1810 4430 1889 4503 quae
1906 4405 1969 4476 uni
1985 4428 2065 4502 per·

458 4542 555 4590 sonae
577 4536 803 4616 congruunt,
830 4522 932 4595 alteri
957 4548 1032 4596 uon
1063 4524 1304 4618 conveniant;
1334 4528 1496 4625 operatio
1523 4541 1642 4599 tamen
1671 4527 1777 4599 unius
1799 4550 1963 4626 persona*
1987 4550 2062 4598 non

439 4639 579 4712 -rninus
604 4641 755 4714 aliarum
772 4667 850 4716 esse
870 4642 1025 4717 dicenda
1048 4660 1126 4718 est:
1146 4648 1232 4742 quia
1249 4646 1286 4718 in
1307 4647 1437 4720 eodem
1454 4670 1601 4720 necesse
1623 4661 1676 4721 est
1695 4671 1824 4720 omnes
1847 4646 1955 4720 simul
1976 4671 2062 4720 cco·

453 4759 586 4859 perari.
606 4762 741 4833 Animae
754 4787 901 4862 quoque
923 4764 1003 4863 ipsi,
1024 4789 1103 4862 quae
1116 4789 1252 4865 corpus
1270 4781 1392 4839 movet
1409 4781 1446 4839 et
1466 4768 1590 4865 agitat,
1611 4793 1738 4840 omnes
1755 4781 1887 4839 nom
1902 4767 2063 4841 senonas

491 4990 578 5055 tter„
596 5006 651 5056 cap.
667 5005 736 5054 narrt,
756 4992 820 5057 Opp.
833 5000 852 5044 t.
866 4992 904 5045 Vl.
922 5020 952 5032 -
965 4995 974 5024 ²
986 4994 1040 5045 ttn.
1057 4993 1144 5047 Contr.
1159 4994 1235 5057 Qatn-
1288 5009 1320 5047 cx
1336 4993 1364 5047 S.
1377 4994 1511 5058 Gregorio,
1528 5000 1600 5060 cujus
1618 4997 1731 5048 ultimum
1744 5004 1839 5048 tanturn
1856 4999 1959 5049 verbnm
1975 4998 2060 5063 pontt,

456 5080 507 5129 que
522 5072 641 5134 bruas,
656 5085 711 5135 cap.
722 5085 757 5133 rt.
770 5072 877 5137 opp.,t.
889 5072 953 5125 Vlll.
962 5072 1048 5124 ·-³lta
1057 5075 1084 5126 tn
1096 5072 1147 5126 llS.
1160 5077 1235 5128 rettu-
1287 5078 1382 5130 retest
1391 5083 1546 5143 martem.

457 5148 544 5209 quur
558 5154 665 5214 wan
675 5164 793 5214 usuam.
809 5154 877 5217 qnod
891 5165 1012 5217 cattum
1031 5154 1152 5210 temam
1166 5158 1235 5210 toan
