4559 6100
469 483 540 554 7οἳ
1068 476 1193 548 Putat
1224 476 1453 548 ABAELARDI

471 631 614 726 ubique,
632 641 673 698 ut
691 626 821 714 dicitis,
841 630 936 697 Deus
953 627 1106 698 existens
1131 625 1267 723 ubique
1288 625 1511 698 beatitudine
1534 585 1603 697 suti
1622 649 1722 722 acque
1746 625 1894 709 fruatur,
1924 639 1960 696 et
1986 626 2072 720 ejus

471 748 617 821 visionis
640 745 793 836 claritas,
820 744 1096 842 quibuscunque
1113 744 1209 834 velit,
1228 769 1321 836 sese,
1342 760 1450 845 prout
1471 743 1558 836 vult,
1577 745 1709 843 pariter
1727 742 2070 840 infundens,‘aeque

473 867 551 937 illos
562 865 697 964 ubique
712 863 839 938 beatos
852 862 992 954 efficiat,
1012 863 1112 935 nullo
1131 863 1366 955 adminiculo,
1387 863 1486 938 nulla
1503 859 1574 934 loci
1591 863 1759 960 qualitate
1773 862 1828 934 vel
1846 865 2069 962 propinqui·

473 999 544 1057 tate
561 984 606 1056 ad
623 984 695 1054 hoc
712 982 888 1079 indigens,
908 982 971 1053 sed
985 1007 1028 1055 ex
1046 1006 1083 1053 se
1097 983 1240 1080 penitus
1257 981 1448 1074 sufficiens,
1463 1006 1545 1054 curn
1563 981 1714 1080 inquam
1732 983 1909 1052 Dominus
1926 982 2070 1079 ubique

477 1129 540 1200 per
563 1103 762 1201 potentiam
788 1101 940 1171 existens
965 1115 1000 1172 et
1023 1102 1124 1199 quasi
1147 1102 1183 1171 in
1208 1126 1281 1173 uno
1305 1103 1387 1173 loco
1409 1126 1480 1172 suae
1504 1101 1696 1198 majestatis
1727 1100 1951 1173 mansionem
1975 1125 2071 1171 con·

474 1222 636 1311 cludens,
656 1219 764 1310 dicat,
779 1219 917 1291 Coelum
933 1220 1021 1290 mihi
1038 1220 1140 1292 sedes
1164 1234 1229 1312 est,
1253 1235 1288 1291 et
1310 1243 1435 1291 omnes
1452 1235 1525 1291 tam
1548 1219 1639 1326 Novi
1661 1243 1769 1316 quam
1793 1220 1927 1292 Veteris
1942 1222 2070 1290 Testa·

477 1342 589 1413 menti
606 1341 796 1437 scriptores
813 1363 888 1443 non
908 1338 1014 1411 aliam
1031 1339 1158 1410 muudi
1170 1355 1307 1437 partem
1326 1340 1394 1410 nisi
1408 1338 1537 1411 coelum
1555 1340 1630 1435 ejus
1648 1337 1859 1411 habitationi
1875 1338 2067 1436 deputent,

473 1483 547 1530 non
573 1458 754 1528 immerito
779 1457 892 1527 rideri
912 1472 1030 1555 potest
1049 1458 1155 1554 hujus
1178 1459 1371 1556 superioris
1393 1457 1465 1529 loci
1483 1458 1653 1530 serenitas
1671 1459 1757 1557 ipsis
1779 1459 1836 1530 vel
1860 1457 1964 1529 nobis
1989 1482 2068 1527 non

476 1576 564 1648 nihil
582 1576 746 1647 conferre
772 1576 1013 1649 beatitudinis.
1037 1577 1139 1649 Unde
1165 1592 1200 1649 et
1221 1601 1285 1675 per
1309 1577 1476 1649 lesaiam¹
1500 1576 1545 1648 ad
1566 1575 1672 1674 liujus
1696 1576 1927 1650 beatitudinis
1952 1576 2068 1674 pleni·

475 1695 637 1768 tudinem
662 1694 720 1766 lux
748 1694 853 1788 lunae,
877 1697 970 1768 sicut
982 1696 1042 1767 lux
1058 1697 1143 1769 solis
1161 1697 1289 1784 futura,
1311 1712 1346 1768 et
1361 1696 1421 1768 lux
1439 1695 1523 1768 solis
1546 1697 1822 1796 septempliciter
1845 1696 2071 1795 promittitur

479 1830 564 1885 tunc
581 1813 782 1911 splendere,
802 1829 838 1885 et
854 1839 947 1885 nova
971 1830 1040 1887 tam
1061 1816 1141 1887 coeli
1158 1839 1267 1914 quarn
1288 1831 1389 1888 terrae
1406 1817 1551 1905 creatio,
1576 1831 1616 1887 ut
1637 1817 1709 1913 ipsa
1728 1839 1873 1914 quoque
1894 1816 1930 1885 in
1950 1816 2073 1885 omni’

482 1955 602 2003 rerum
618 1946 746 2004 natura
765 1932 909 2004 felicitas
926 1948 1108 2029 augeatur.

531 2056 732 2124 Cuarsrrrrr.
757 2053 791 2123 Si
810 2053 1056 2151 prophetizare
1082 2056 1192 2152 magis
1208 2081 1317 2152 quam
1332 2055 1513 2152 judaizare
1537 2056 1572 2125 in
1596 2053 1696 2127 litera
1718 2077 1855 2145 nosses,
1874 2067 1909 2125 et
1926 2079 2003 2150 quae
2024 2053 2071 2125 de

484 2177 560 2244 Deo
593 2171 659 2242 sub
684 2172 801 2270 specie
829 2173 1007 2270 corporali
1036 2173 1205 2245 dicuntur
1236 2199 1310 2246 uon
1337 2173 1570 2272 corporaliter
1593 2173 1638 2243 ad
1659 2173 1813 2262 literam,
1838 2170 1902 2243 sed
1925 2172 2073 2268 mystice

483 2315 546 2388 per
569 2290 773 2387 allegoriam
792 2291 938 2387 intelligi
964 2295 1082 2379 scires,
1101 2319 1177 2366 non
1198 2296 1245 2367 ita
1263 2310 1301 2367 ut
1318 2293 1445 2391 vulgus
1468 2317 1546 2391 quae
1564 2292 1731 2364 dicontur
1751 2293 1943 2390 acciperes.
1963 2292 2071 2387 Cujus

484 2410 646 2507 prolecto
664 2411 694 2482 si
711 2435 945 2484 communem
967 2414 1123 2509 sequeris
1146 2415 1376 2511 opinionem,
1402 2439 1469 2485 nec
1491 2437 1616 2484 eorum
1639 2410 1746 2482 iidem
1763 2425 1824 2482 tua
1845 2409 2072 2482 transcendat

484 2521 734 2624 intelligentia,
753 2530 814 2624 qui
833 2530 921 2601 nihil
944 2532 1012 2602 nisi
1032 2556 1248 2627 corporeum
1264 2533 1320 2604 vel
1339 2533 1383 2603 ad
1407 2532 1557 2604 modum
1574 2532 1623 2602 rei
1645 2553 1826 2628 corporeae
1850 2542 1969 2601 utente
1985 2552 2072 2599 con·

484 2647 633 2743 cipiunt,
650 2647 686 2716 in
702 2671 785 2718 eum
804 2647 932 2717 iterum
955 2651 1078 2745 utique
1095 2649 1261 2721 dilaberis
1277 2676 1454 2739 errorem,
1474 2665 1512 2722 ut
1527 2653 1642 2721 Deum
1660 2647 1878 2732 nullatenus,
1903 2649 1970 2719 uisi
1995 2672 2072 2717 rem

485 2764 680 2859 quamdam
707 2788 918 2861 corpoream
952 2782 987 2837 et
1021 2766 1236 2863 quibusdam
1265 2769 1424 2867 partibus
1452 2770 1723 2857 consistentem,
1752 2757 1880 2866 'capite
1908 2765 2073 2837 videlicet

486 2880 651 2953 manibus
666 2905 708 2953 ac
723 2882 877 2980 pedibus
893 2909 953 2955 seu
974 2884 1116 2981 reliquis
1134 2887 1304 2959 membris
1317 2889 1558 2986 compositum
1572 2886 1767 2982 intelligere
1781 2910 1899 2984 queas,
1916 2886 2071 2955 maxime

485 3023 567 3073 cum
587 3024 713 3073 omnes
730 3001 801 3073 lere
820 3001 968 3076 humani
989 3005 1153 3104 corporis
1173 3021 1290 3104 partes
1308 3010 1340 3080 ei
1353 3009 1453 3105 juxta
1472 3005 1738 3079 similitudinem
1758 3005 1914 3102 aliquam
1930 3004 1965 3075 in
1981 3004 2073 3074 scri-

488 3122 601 3218 pturis
633 3123 868 3216 assignentur.
897 3126 985 3211 Quis
1015 3127 1111 3196 enim
1136 3124 1383 3200 illiteratorum
1408 3141 1469 3199 aut
1495 3126 1709 3227 simplicium
1735 3126 1925 3197 hominum
1952 3121 2077 3195 audire

486 3242 668 3331 sustineat,
689 3242 718 3311 si
736 3244 851 3312 Deum
870 3244 1039 3339 praedices
1057 3270 1124 3317 nec
1140 3248 1265 3318 oculos
1283 3273 1348 3320 nec
1366 3272 1469 3319 aures
1487 3246 1634 3336 habere,
1658 3271 1723 3317 nec
1741 3260 1858 3317 cetera
1875 3268 1954 3339 quae
1971 3242 2075 3314 nobis

487 3358 652 3430 videntur
680 3361 876 3433 necessaria
906 3362 1091 3435 membra?
1108 3367 1233 3436 Statim
1259 3367 1392 3466 quippe
1421 3366 1565 3461 objiciet
1590 3391 1672 3437 eum
1698 3388 1926 3462 nequaquam
1956 3361 2076 3432 ridere

489 3501 606 3575 posse,
624 3479 688 3574 qui
707 3479 832 3551 oculos
851 3482 937 3552 tales
956 3506 1029 3553 non
1047 3482 1190 3572 babeat,
1211 3484 1371 3555 similiter·
1388 3509 1462 3555 non
1480 3484 1616 3575 audire,
1636 3509 1702 3555 uec
1722 3483 1876 3581 operari,
1898 3481 1957 3551 cui
1974 3504 2076 3550 aures

487 3597 606 3667 desint
631 3611 666 3667 et
691 3600 845 3670 manus?
873 3602 970 3672 Sicut
995 3626 1080 3698 ergo
1111 3604 1252 3694 omnia,
1279 3629 1359 3701 quae
1380 3604 1541 3703 corporis
1566 3617 1661 3691 sunt,
1690 3602 1836 3673 nonnisi
1868 3598 2072 3698 parabolice

486 3712 623 3807 judicas
645 3715 682 3785 in
705 3721 782 3789 Deo
801 3717 1047 3817 intelligenda,
1068 3721 1118 3792 sic
1135 3746 1356 3819 quacunque
1378 3722 1424 3794 ad
1450 3722 1674 3821 corporalem
1700 3720 1768 3792 loci
1791 3721 2008 3819 positionem
2030 3718 2076 3787 de

490 3829 674 3903 divinitate
698 3833 866 3907 dicuntur
893 3861 966 3908 non
989 3838 1130 3910 dubites
1152 3841 1374 3937 accipienda.
1394 3845 1484 3912 Cum
1508 3842 1628 3936 itaque
1648 3841 1818 3911 lesaiam⁸
1837 3837 1940 3908 audis
1956 3836 2074 3907 diceu-

492 3964 563 4017 tem
584 3976 592 4017 :
614 3953 726 4022 «Haec
742 3954 828 4025 dicit
844 3958 1038 4048 Dominus,
1058 3958 1196 4029 Coelom
1213 3959 1314 4031 sedes
1336 3984 1416 4032 mea
1436 3975 1471 4031 et
1496 3973 1590 4031 terra
1612 3957 1805 4030 scabellum
1827 3955 1962 4054 pedum
1978 3978 2075 4025 meo-

492 4088 584 4136 rum.
607 4071 695 4154 Quae
716 4085 766 4141 est
784 4072 849 4144 ista
869 4073 998 4145 domus
1020 4098 1129 4170 quam
1150 4076 1367 4151 aedificabitis
1389 4078 1499 4166 mihi,
1522 4093 1558 4149 et
1579 4077 1659 4175 quis
1677 4090 1730 4147 est
1747 4074 1811 4147 iste
1829 4074 1930 4146 locus
1951 4072 2076 4169 quietis

494 4184 607 4256 meac?
625 4189 756 4261 Omnia
773 4189 848 4261 baec
864 4216 991 4263 manus
1006 4218 1086 4265 mea
1098 4195 1193 4284 iecit,
1212 4211 1304 4288 etc.;
1323 4226 1339 4263 u
1359 4199 1451 4267 sicut
1466 4196 1613 4267 minime
1630 4220 1712 4267 eum
1728 4194 1951 4291 corporalem
1975 4191 2075 4261 intel-

493 4302 585 4397 ligis,
606 4307 656 4377 sie
681 4332 748 4380 nec
769 4312 992 4409 corporalem
1016 4313 1137 4386 sedem
1159 4316 1306 4402 coelum,
1333 4339 1400 4386 nec
1422 4314 1609 4413 corporale
1627 4312 1819 4386 scabellum
1841 4312 1974 4411 pedum
1999 4311 2075 4404 ejus

493 4439 641 4516 terrum,
663 4452 781 4525 neque
802 4429 911 4502 ullam
925 4433 1000 4528 ejus
1016 4432 1166 4505 localem
1183 4434 1398 4531 positionem
1417 4434 1604 4530 intelligas,
1623 4459 1693 4531 qua
1715 4433 1854 4505 sedem‘
1868 4433 2071 4503 aestimetur

494 4541 588 4613 abrit
608 4547 704 4616 enim
728 4561 767 4617 ut
792 4548 867 4646 ejus
889 4551 1052 4647 majestas
1068 4552 1203 4648 aliquid
1220 4552 1433 4626 infirmitatis
1455 4554 1597 4643 habeat,
1624 4552 1770 4625 ut'sede
1793 4548 1909 4646 aliqua
1927 4548 1983 4620 rel
2002 4572 2076 4619 sca·

493 4661 587 4734 bello
616 4670 803 4738 sustentari
829 4685 941 4763 egeat.
972 4671 1057 4743 Coeli
1086 4696 1171 4766 ergo
1198 4674 1345 4745 nomine
1372 4688 1408 4746 et
1435 4688 1553 4755 terra,
1580 4673 1757 4745 hocloco
1782 4671 1886 4743 honac
1914 4684 1949 4740 et
1979 4667 2078 4738 mala*

524 4972 607 5031 ¹lsai„
622 4987 675 5035 cap.
691 4990 754 5024 rix.
775 4990 796 5022 r.
812 4982 852 5027 att.
872 5004 899 5013 -
916 4980 994 5028 ²Cort.
1008 4981 1120 5029 ll‘orrrr'ae.
1139 4980 1279 5033 tttretnoatrt
1294 4986 1390 5045 conticit
1410 4986 1542 5039 amnt-³
1561 4983 1629 5035 lsai..
1647 4997 1702 5045 cap.
1717 4996 1785 5033 cru.
1809 4995 1830 5028 t.
1852 4983 1877 5039 1,
1897 4983 1920 5030 2·
1936 5005 1962 5015 ··
1982 4981 1990 5008 ⁴
2007 4978 2075 5035 00¹¹]-

499 5048 658 5102 Rtrcinwald:
673 5056 733 5113 θυαε
747 5055 815 5104 redes
826 5063 867 5105 aut
879 5070 929 5118 prro
941 5059 1024 5107 sedere
