4559 6100
676 523 970 602 turnooumlo
995 528 1057 604 AD
1080 527 1386 603 meotoutstt.
1760 527 1831 602 tto

234 669 401 767 congruit
419 668 574 745 bonitati
595 684 636 745 ut
654 695 723 749 nos
738 674 830 750 velle
850 676 907 751 vei
929 703 1080 780 poscere
1095 679 1231 780 aliquid
1252 677 1456 780 praecipiat,
1474 676 1613 778 quoda
1634 677 1833 752 rectissima

235 786 463 864 ordinatione
481 789 684 888 sejunctum
697 807 772 886 est,
797 795 898 893 quod
918 822 1147 898 nequaquam
1162 798 1362 874 decreverit
1377 822 1452 872 esse
1469 794 1694 871 faciendum?
1708 799 1780 871 Nec
1793 798 1832 872 id

234 908 359 1006 utiquc
372 909 452 984 sinc
466 933 585 984 causa.
603 913 683 985 Non
701 913 799 987 enim
816 915 854 990 in
867 914 927 991 his
941 931 1083 993 tantum
1096 943 1178 1017 quae
1192 915 1302 1012 fiunt,
1321 914 1385 991 sed
1399 916 1437 989 in
1453 915 1511 990 his
1528 917 1637 990 etiam
1658 938 1740 1014 quae
1755 913 1833 989 fieri

234 1053 309 1103 non
326 1029 521 1129 permittit,
536 1052 646 1105 causa
660 1031 693 1105 ei
705 1032 926 1110 rationabilis
937 1062 1013 1111 non
1031 1035 1153 1134 deest3
1163 1035 1228 1111 sed
1241 1053 1315 1109 tam
1326 1033 1522 1135 haecquam
1534 1033 1595 1108 illa
1606 1058 1672 1108 cur
1682 1031 1760 1107 fieri
1775 1033 1833 1107 sel
1940 1040 1955 1055 “

234 1172 308 1221 non
320 1145 397 1223 fieri
413 1149 619 1244 conveniat,
630 1150 738 1226 nobis
753 1151 1016 1251 ignorantibus,
1032 1169 1171 1256 pensat,
1181 1154 1245 1256 qui
1255 1154 1466 1230 malaemm
1476 1152 1629 1230 itabens
1639 1151 1784 1228 ordinat
1794 1168 1833 1227 ut

234 1268 341 1341 etiam
356 1266 499 1343 bonum
510 1268 557 1343 sit
574 1268 669 1343 mala
685 1294 785 1364 esse,
802 1287 840 1348 et
852 1273 1029 1374 quidquid
1048 1275 1182 1367 evenit,
1198 1273 1340 1349 bonum
1350 1274 1397 1348 sit
1412 1273 1577 1367 evenire3
1596 1270 1695 1347 unde
1713 1284 1750 1346 et
1765 1273 1833 1345 mi·

233 1386 346 1462 rabile
359 1386 503 1463 videtur
513 1412 580 1463 cur
591 1387 710 1488 aliqua
725 1415 770 1466 ex
784 1390 842 1467 his
854 1419 934 1495 quae
950 1394 1121 1471 eveniunt
1131 1392 1166 1469 ei
1176 1391 1560 1495 displicercdicuntur3
1571 1403 1633 1466 aut
1644 1389 1832 1490 quomodo

232 1531 383 1607 peccare
396 1506 600 1608 prohibeat,
611 1533 695 1583 cum
708 1511 941 1615 ipsaquoque
951 1512 1246 1617 peccatabonum
1258 1513 1305 1588 sit
1316 1535 1411 1608 esse,
1425 1527 1598 1613 tanquam
1610 1509 1731 1610 aliqua
1743 1510 1834 1585 nolit

231 1651 323 1723 esse,
339 1652 420 1727 quae
436 1641 558 1703 tamen
573 1627 715 1705 bonum
732 1646 786 1706 est
802 1655 895 1727 esse,
906 1647 1016 1733 atque
1031 1632 1123 1708 adeo
1135 1632 1289 1726 bonum,
1305 1645 1346 1707 ut
1360 1630 1538 1706 nonnulla
1553 1631 1662 1705 etiam
1677 1630 1832 1705 maxima

232 1761 379 1847 peccata
391 1748 440 1822 ita
453 1749 597 1822 evenire
605 1749 953 1851 approbetetdicat¹
965 1780 975 1828 s
988 1758 1168 1830 «Necesse
1176 1765 1229 1827 est
1242 1753 1340 1826 enim
1352 1767 1392 1826 ut
1405 1752 1552 1826 veniant
1566 1748 1752 1843 scandala3
1772 1773 1832 1821 ve·

231 1882 433 1943 rumtamen
446 1892 498 1942 vae
507 1867 558 1942 illi
566 1893 632 1969 per
640 1873 967 1968 quemscandelum
977 1875 1114 1949 venit.»
1127 1872 1226 1964 Quid
1239 1885 1420 1948 estantem
1435 1898 1445 1945 z
1463 1875 1550 1945 «Vae
1562 1869 1627 1963 ilii,
1640 1868 1738 1944 »nisi
1748 1893 1832 1943 eum

231 1987 281 2063 ob
293 1987 367 2062 hoc
379 1986 565 2083 damnari,
581 1989 683 2090 quod
697 2003 817 2069 tamen
830 2018 896 2095 per
910 2019 997 2069 eum
1006 1991 1085 2069 fieri
1099 1991 1312 2096 oportebat?
1330 1991 1384 2068 sd
1398 1990 1500 2093 quod
1519 2015 1604 2068 eum
1626 1988 1831 2064 faciendum

230 2109 306 2208 ipse
316 2134 464 2210 quoque
475 2111 654 2186 Dominus
663 2110 842 2212 elegerat?
859 2113 965 2190 Unde
975 2129 1013 2190 et
1028 2115 1098 2190 ait’
1112 2142 1123 2189 z
1135 2144 1154 2183 α
1166 2113 1350 2213 Numquid
1367 2136 1435 2212 ego
1448 2111 1641 2185 duodecim
1650 2135 1717 2184 ros
1726 2109 1828 2208 elegi,

231 2241 266 2300 et
282 2252 377 2302 unus
388 2253 432 2304 ex
447 2228 555 2303 vobis
567 2227 734 2306 diabotus
749 2233 828 2308 est?
845 2263 863 2303 s
884 2233 948 2309 ille
959 2233 1125 2341 profecto
1138 2258 1268 2335 quem,
1283 2248 1324 2308 ut
1337 2233 1387 2306 ait
1404 2232 1635 2332 Augustinus,
1655 2229 1703 2303 ad
1714 2229 1830 2302 effun-

231 2344 392 2421 denduin
405 2349 618 2448 sanguinem
632 2374 739 2425 suum
754 2350 924 2451 elegerat,
938 2368 980 2426 ut
996 2367 1096 2429 tanto
1112 2353 1189 2453 ejus
1211 2351 1308 2429 malo
1326 2352 1364 2426 in
1386 2363 1486 2425 tanta
1500 2346 1694 2422 hominum
1717 2347 1830 2421 salute

231 2478 402 2540 uteretur.
434 2468 631 2558 Quomodo
666 2484 789 2546 autem
816 2496 902 2548 eum
928 2472 977 2547 ad
1003 2471 1076 2547 hoc
1112 2470 1319 2548 faciendum
1345 2468 1491 2571 clegerit
1503 2521 1515 2559 ,
1551 2468 1620 2541 nisi
1645 2466 1718 2540 hoo
1746 2491 1830 2539 eum

229 2582 343 2661 facere
361 2585 597 2664 convenerit?
614 2592 662 2663 m
676 2589 842 2666 videlicet
859 2614 928 2691 per
941 2570 1020 2693 ejus
1042 2591 1275 2671 traditionem
1300 2588 1462 2663 Christus
1485 2611 1507 2662 a
1528 2584 1659 2661 Judaeis
1685 2586 1829 2661 occide-

229 2717 342 2797 retur,
360 2719 398 2780 et
422 2706 473 2781 sic
496 2731 564 2782 nos
580 2707 772 2784 redimeret
789 2725 906 2786 morte
922 2734 999 2787 sua.
1024 2713 1062 2786 si
1084 2712 1184 2786 enim
1204 2709 1346 2784 bonum
1370 2720 1447 2783 erat
1473 2731 1542 2781 nos
1562 2703 1691 2780 redimi
1714 2717 1830 2777 morte

228 2821 375 2916 Christi,
388 2827 577 2924 quomodo
594 2853 671 2904 nou
683 2829 826 2905 bonum
841 2831 908 2904 fuit
925 2856 1010 2906 eum
1023 2831 1117 2906 mori
1127 2830 1185 2905 vel
1198 2827 1316 2905 occidi
1332 2852 1400 2930 pro
1416 2839 1541 2901 nostra
1555 2823 1830 2923 redemptione?

229 2945 424 3030 Quomodo
441 2960 562 3021 autem
579 2948 720 3023 bonum
737 2950 803 3025 fuit
818 2972 903 3026 eum
921 2963 1073 3052 propter
1087 2951 1160 3025 hoc
1180 2947 1320 3040 occidi,
1340 2946 1409 3021 nisi
1436 2959 1472 3020 et
1494 2940 1634 3018 bonurn
1662 2943 1767 3017 fuerit
1783 2941 1829 3015 ab

227 3064 407 3163 aliquibus
425 3091 511 3142 eum
527 3070 665 3166 occidi,
684 3072 742 3147 vel
764 3073 906 3172 aliquos
928 3097 1013 3147 eum
1036 3054 1221 3166 occidere,
1238 3083 1279 3145 ut
1294 3068 1368 3144 hoc
1384 3066 1551 3148 videlicet
1574 3063 1660 3138 inde
1685 3064 1830 3137 contin-

226 3189 348 3285 geret?
372 3192 408 3263 Si
433 3204 554 3267 autem
582 3189 722 3267 bonum
750 3194 837 3287 fuit,
865 3220 989 3271 nonne
1010 3208 1048 3269 et
1071 3195 1179 3269 nobis
1203 3190 1408 3292 optandum
1431 3189 1496 3262 fuit
1516 3186 1554 3259 id
1573 3184 1651 3260 fieri
1669 3182 1769 3282 quod
1794 3199 1829 3256 et

227 3307 304 3382 fieri
319 3311 531 3411 oportebat,
550 3327 586 3388 et
600 3327 730 3389 nostres
740 3315 929 3391 salvationi
945 3315 1101 3389 maxime
1116 3309 1363 3411 congruebat?
1381 3304 1579 3400 Quomodo
1594 3316 1714 3377 autem
1731 3326 1829 3376 mors

226 3428 356 3505 Christi
372 3431 479 3506 nobis
493 3431 652 3533 optanda
669 3432 755 3529 fuit,
774 3433 831 3510 vel
847 3436 965 3536 passio
983 3435 1060 3532 ejus
1075 3430 1336 3519 desideranda,
1359 3430 1388 3502 si
1411 3452 1453 3502 ea
1466 3426 1544 3498 sine
1560 3437 1709 3523 peccato
1726 3445 1828 3494 com·

226 3550 318 3622 miui
334 3574 410 3624 non
423 3553 561 3651 potuit,
580 3577 666 3627 cum
682 3555 857 3629 innocens
871 3552 1134 3631 interficeretur
1149 3550 1195 3625 ab
1207 3551 1344 3651 impiis,
1358 3548 1428 3622 nisi
1444 3546 1553 3620 etiam
1565 3542 1706 3615 bonurn
1724 3542 1829 3614 suerit

226 3682 300 3741 tam
316 3670 549 3745 innocentem
566 3672 613 3745 ab
630 3672 751 3772 impiis
767 3673 906 3748 occidit
922 3673 1106 3771 Denique,
1125 3668 1315 3772 quomodo
1334 3669 1441 3742 etiarn
1458 3666 1535 3764 ipse
1548 3660 1719 3748 voluerit,
1737 3660 1828 3732 sicut

224 3788 399 3885 scriptum
412 3792 483 3862 est⁸
497 3815 506 3862 z
522 3819 541 3860 «
559 3789 713 3866 Oblatus
728 3807 783 3867 est
796 3794 881 3892 quia
892 3793 967 3891 ipse
981 3792 1115 3882 voluit3
1127 3819 1146 3861 s
1158 3793 1231 3865 et⁸z
1251 3818 1270 3860 «
1286 3793 1399 3862 Nemo
1407 3785 1499 3859 tollit
1508 3784 1668 3858 animam
1678 3802 1827 3852 meama

225 3929 298 3993 me,
308 3907 372 3980 sed
382 3932 450 4006 ego
464 3933 565 4009 pono
574 3934 700 4003 eam,»
716 3913 829 3986 nisiet
840 3912 962 3987 hocin
974 3937 1058 3987 eum
1073 3911 1152 3987 fieri
1162 3902 1545 3995 bonumessetiQuod
1556 3917 1678 3978 tamen
1688 3923 1827 3996 nequa·

222 4046 335 4121 quam
347 4027 422 4101 sine
437 4043 585 4129 peccato
599 4032 799 4131 perpetrari
810 4044 967 4123 constat;
983 4045 1023 4105 ut
1034 4033 1242 4130 sicquoque
1259 4030 1296 4103 in
1312 4052 1396 4102 eum
1412 4025 1554 4127 peccari
1565 4024 1706 4097 bonum
1716 4033 1822 4111 esset,

222 4148 387 4241 quamvis
402 4150 523 4247 ipsum
540 4165 731 4252 peccatum
746 4151 951 4227 nullatenus
965 4176 1041 4226 esse
1056 4152 1198 4227 bonum
1215 4163 1345 4251 potest.

270 4264 443 4364 (Explicit
450 4269 552 4367 juxta
567 4271 788 4370 exemplar.)

256 4518 371 4584 'mh-r
381 4534 438 4586 ων·
449 4528 521 4587 ¹⁸‚t0
532 4530 556 4579 t·
570 4552 600 4565 -
610 4525 712 4595 ηοω,
722 4542 777 4594 esp.
787 4542 823 4594 rr,
834 4542 858 4581 r.
871 4532 912 4581 tt.
924 4530 970 4568 -⁸
980 4527 1055 4593 imi,
1068 4540 1124 4592 cap.
1136 4539 1189 4590 uu,
1201 4539 1224 4579 v.
1239 4530 1263 4579 t.
1274 4552 1303 4564 -
1316 4527 1325 4558 ⁴
1336 4524 1418 4586 toan..
1430 4535 1486 4587 cap.
1499 4535 1528 4586 a,
1544 4534 1566 4570 v.
1584 4522 1622 4570 t&
