<?xml version="1.0" encoding="UTF-8"?>
<!DOCTYPE html PUBLIC "-//W3C//DTD XHTML 1.0 Transitional//EN"
    "http://www.w3.org/TR/xhtml1/DTD/xhtml1-transitional.dtd">
<html xmlns="http://www.w3.org/1999/xhtml" xml:lang="en" lang="en">
 <head>
  <title>
</title>
<meta http-equiv="Content-Type" content="text/html;charset=utf-8" />
  <meta name='ocr-system' content='tesseract 3.04.00' />
  <meta name='ocr-capabilities' content='ocr_page ocr_carea ocr_par ocr_line ocrx_word'/>
</head>
<body>
  <div class='ocr_page' id='page_1' title='image "./petriablardiope00despgoog_0052.png"; bbox 0 0 4559 6100; ppageno 0'>
   <div class='ocr_carea' id='block_1_1' title="bbox 490 524 1482 601">
    <p class='ocr_par' dir='ltr' id='par_1_1' title="bbox 490 524 1482 601">
     <span class='ocr_line' id='line_1_1' title="bbox 490 524 1482 601; baseline 0.008 -8"><span class='ocrx_word' id='word_1_1' title='bbox 490 524 539 593; x_wconf 83' lang='lat'>32</span> <span class='ocrx_word' id='word_1_2' title='bbox 1095 525 1224 597; x_wconf 74' lang='lat' dir='ltr'>Pli‘l&#39;lil</span> <span class='ocrx_word' id='word_1_3' title='bbox 1249 524 1482 601; x_wconf 77' lang='lat' dir='ltr'><strong>ABAELARDI</strong></span> 
     </span>
    </p>
   </div>
   <div class='ocr_carea' id='block_1_2' title="bbox 426 670 2162 4919">
    <p class='ocr_par' dir='ltr' id='par_1_2' title="bbox 426 670 2162 4919">
     <span class='ocr_line' id='line_1_2' title="bbox 492 670 2080 774; baseline 0.008 -37"><span class='ocrx_word' id='word_1_4' title='bbox 492 699 510 737; x_wconf 88' lang='lat'><strong><em>«</em></strong></span> <span class='ocrx_word' id='word_1_5' title='bbox 528 694 626 758; x_wconf 87' lang='lat' dir='ltr'>mus,</span> <span class='ocrx_word' id='word_1_6' title='bbox 644 671 813 743; x_wconf 88' lang='lat' dir='ltr'>invocare</span> <span class='ocrx_word' id='word_1_7' title='bbox 828 671 987 744; x_wconf 88' lang='lat' dir='ltr'>divinam</span> <span class='ocrx_word' id='word_1_8' title='bbox 1003 697 1131 773; x_wconf 86' lang='lat' dir='ltr'>opem,</span> <span class='ocrx_word' id='word_1_9' title='bbox 1151 675 1221 746; x_wconf 90' lang='lat' dir='ltr'>nisi</span> <span class='ocrx_word' id='word_1_10' title='bbox 1234 673 1341 771; x_wconf 92' lang='lat' dir='ltr'>plane</span> <span class='ocrx_word' id='word_1_11' title='bbox 1357 697 1450 745; x_wconf 82' lang='lat' dir='ltr'>saevo</span> <span class='ocrx_word' id='word_1_12' title='bbox 1468 670 1627 769; x_wconf 89' lang='lat' dir='ltr'>quodam</span> <span class='ocrx_word' id='word_1_13' title='bbox 1642 671 1762 746; x_wconf 86' lang='lat' dir='ltr'>lurore</span> <span class='ocrx_word' id='word_1_14' title='bbox 1782 687 1889 772; x_wconf 89' lang='lat' dir='ltr'>atque</span> <span class='ocrx_word' id='word_1_15' title='bbox 1909 676 2080 774; x_wconf 89' lang='lat' dir='ltr'>implaca-</span> 
     </span>
     <span class='ocr_line' id='line_1_3' title="bbox 493 788 2080 891; baseline 0.007 -35"><span class='ocrx_word' id='word_1_16' title='bbox 493 818 510 856; x_wconf 76' lang='grc' dir='ltr'>α</span> <span class='ocrx_word' id='word_1_17' title='bbox 527 788 591 860; x_wconf 88' lang='lat' dir='ltr'>bili</span> <span class='ocrx_word' id='word_1_18' title='bbox 605 803 787 887; x_wconf 83' lang='lat' dir='ltr'><strong>raptemur</strong></span> <span class='ocrx_word' id='word_1_19' title='bbox 801 792 970 864; x_wconf 89' lang='lat' dir='ltr'>amentia.</span> <span class='ocrx_word' id='word_1_20' title='bbox 995 820 1013 860; x_wconf 70' lang='lat' dir='ltr'>s</span> <span class='ocrx_word' id='word_1_21' title='bbox 1033 795 1124 864; x_wconf 85' lang='lat' dir='ltr'>Eece</span> <span class='ocrx_word' id='word_1_22' title='bbox 1140 806 1263 891; x_wconf 89' lang='lat' dir='ltr'>aperte</span> <span class='ocrx_word' id='word_1_23' title='bbox 1287 816 1331 863; x_wconf 82' lang='lat' dir='ltr'>ex</span> <span class='ocrx_word' id='word_1_24' title='bbox 1355 791 1412 863; x_wconf 88' lang='lat' dir='ltr'>bis</span> <span class='ocrx_word' id='word_1_25' title='bbox 1438 790 1557 863; x_wconf 87' lang='lat' dir='ltr'>verbis</span> <span class='ocrx_word' id='word_1_26' title='bbox 1575 790 1731 863; x_wconf 82' lang='lat' dir='ltr'><strong>Platonis</strong></span> <span class='ocrx_word' id='word_1_27' title='bbox 1751 793 1916 865; x_wconf 88' lang='lat' dir='ltr'>asseritur</span> <span class='ocrx_word' id='word_1_28' title='bbox 1940 818 2080 867; x_wconf 87' lang='lat' dir='ltr'>rnorem</span> 
     </span>
     <span class='ocr_line' id='line_1_4' title="bbox 491 908 2081 1009; baseline 0.004 -31"><span class='ocrx_word' id='word_1_29' title='bbox 491 908 588 979; x_wconf 89' lang='lat' dir='ltr'>hunc</span> <span class='ocrx_word' id='word_1_30' title='bbox 604 932 680 979; x_wconf 91' lang='lat' dir='ltr'>esse</span> <span class='ocrx_word' id='word_1_31' title='bbox 694 908 941 1008; x_wconf 86' lang='lat' dir='ltr'>Philosophis,</span> <span class='ocrx_word' id='word_1_32' title='bbox 961 925 1001 982; x_wconf 91' lang='lat' dir='ltr'>ut</span> <span class='ocrx_word' id='word_1_33' title='bbox 1018 912 1143 984; x_wconf 88' lang='lat' dir='ltr'>tamin</span> <span class='ocrx_word' id='word_1_34' title='bbox 1163 911 1327 983; x_wconf 78' lang='lat' dir='ltr'>maximis</span> <span class='ocrx_word' id='word_1_35' title='bbox 1338 934 1446 1009; x_wconf 92' lang='lat' dir='ltr'>quam</span> <span class='ocrx_word' id='word_1_36' title='bbox 1463 909 1621 981; x_wconf 89' lang='lat' dir='ltr'>minimis</span> <span class='ocrx_word' id='word_1_37' title='bbox 1639 934 1719 1007; x_wconf 82' lang='lat' dir='ltr'>quae</span> <span class='ocrx_word' id='word_1_38' title='bbox 1735 910 1874 1007; x_wconf 85' lang='lat' dir='ltr'>agenda</span> <span class='ocrx_word' id='word_1_39' title='bbox 1886 925 1970 984; x_wconf 89' lang='lat' dir='ltr'>sunt</span> <span class='ocrx_word' id='word_1_40' title='bbox 1988 912 2081 985; x_wconf 84' lang='lat' dir='ltr'>divi·</span> 
     </span>
     <span class='ocr_line' id='line_1_5' title="bbox 491 1018 2080 1129; baseline 0.004 -33"><span class='ocrx_word' id='word_1_41' title='bbox 491 1051 580 1096; x_wconf 89' lang='lat' dir='ltr'>num</span> <span class='ocrx_word' id='word_1_42' title='bbox 593 1018 974 1120; x_wconf 66' lang='lat' dir='ltr'>invocenttausilium,</span> <span class='ocrx_word' id='word_1_43' title='bbox 1003 1044 1039 1100; x_wconf 90' lang='lat' dir='ltr'>et</span> <span class='ocrx_word' id='word_1_44' title='bbox 1054 1054 1121 1129; x_wconf 92' lang='lat' dir='ltr'>pro</span> <span class='ocrx_word' id='word_1_45' title='bbox 1142 1053 1284 1101; x_wconf 89' lang='lat' dir='ltr'>summo</span> <span class='ocrx_word' id='word_1_46' title='bbox 1302 1029 1423 1101; x_wconf 81' lang='lat' dir='ltr'>imore</span> <span class='ocrx_word' id='word_1_47' title='bbox 1438 1043 1546 1126; x_wconf 92' lang='lat' dir='ltr'>atque</span> <span class='ocrx_word' id='word_1_48' title='bbox 1569 1028 1785 1127; x_wconf 82' lang='lat' dir='ltr'>implacabili</span> <span class='ocrx_word' id='word_1_49' title='bbox 1802 1031 1975 1124; x_wconf 84' lang='lat' dir='ltr'>amentia,</span> <span class='ocrx_word' id='word_1_50' title='bbox 1994 1031 2034 1103; x_wconf 93' lang='lat' dir='ltr'>id</span> <span class='ocrx_word' id='word_1_51' title='bbox 2050 1033 2080 1103; x_wconf 92' lang='lat' dir='ltr'>si</span> 
     </span>
     <span class='ocr_line' id='line_1_6' title="bbox 492 1145 2080 1247; baseline 0.003 -30"><span class='ocrx_word' id='word_1_52' title='bbox 492 1145 703 1235; x_wconf 82' lang='lat' dir='ltr'>dimittatur,</span> <span class='ocrx_word' id='word_1_53' title='bbox 718 1147 815 1244; x_wconf 91' lang='lat' dir='ltr'>apud</span> <span class='ocrx_word' id='word_1_54' title='bbox 826 1172 889 1220; x_wconf 86' lang='lat' dir='ltr'>eos</span> <span class='ocrx_word' id='word_1_55' title='bbox 901 1148 1039 1233; x_wconf 84' lang='lat' dir='ltr'>haberi.</span> <span class='ocrx_word' id='word_1_56' title='bbox 1054 1148 1163 1237; x_wconf 93' lang='lat' dir='ltr'>Quod</span> <span class='ocrx_word' id='word_1_57' title='bbox 1176 1150 1297 1246; x_wconf 88' lang='lat' dir='ltr'>itaque</span> <span class='ocrx_word' id='word_1_58' title='bbox 1309 1148 1360 1221; x_wconf 91' lang='lat' dir='ltr'>ait</span> <span class='ocrx_word' id='word_1_59' title='bbox 1372 1147 1574 1247; x_wconf 69' lang='lat' dir='ltr'>Apostolus,</span> <span class='ocrx_word' id='word_1_60' title='bbox 1588 1147 1766 1246; x_wconf 87' lang='lat' dir='ltr'>quosdam</span> <span class='ocrx_word' id='word_1_61' title='bbox 1778 1148 2080 1247; x_wconf 84' lang='lat' dir='ltr'>Philosophorum</span> 
     </span>
     <span class='ocr_line' id='line_1_7' title="bbox 492 1265 2083 1367; baseline 0.003 -32"><span class='ocrx_word' id='word_1_62' title='bbox 492 1280 528 1336; x_wconf 91' lang='lat' dir='ltr'>et</span> <span class='ocrx_word' id='word_1_63' title='bbox 549 1266 732 1360; x_wconf 85' lang='lat' dir='ltr'>gentilium</span> <span class='ocrx_word' id='word_1_64' title='bbox 751 1267 970 1364; x_wconf 87' lang='lat' dir='ltr'>sapientum,</span> <span class='ocrx_word' id='word_1_65' title='bbox 997 1266 1069 1339; x_wconf 91' lang='lat' dir='ltr'>hoc</span> <span class='ocrx_word' id='word_1_66' title='bbox 1090 1267 1190 1365; x_wconf 89' lang='lat' dir='ltr'>quod</span> <span class='ocrx_word' id='word_1_67' title='bbox 1207 1266 1254 1338; x_wconf 89' lang='lat' dir='ltr'>de</span> <span class='ocrx_word' id='word_1_68' title='bbox 1272 1271 1350 1338; x_wconf 90' lang='lat' dir='ltr'>Deo</span> <span class='ocrx_word' id='word_1_69' title='bbox 1366 1266 1424 1338; x_wconf 81' lang='lat' dir='ltr'>vel</span> <span class='ocrx_word' id='word_1_70' title='bbox 1439 1269 1567 1340; x_wconf 88' lang='lat' dir='ltr'>ceteris</span> <span class='ocrx_word' id='word_1_71' title='bbox 1580 1265 1842 1367; x_wconf 79' lang='lat' dir='ltr'>intelligebant,</span> <span class='ocrx_word' id='word_1_72' title='bbox 1868 1266 1936 1340; x_wconf 89' lang='lat' dir='ltr'>sibi</span> <span class='ocrx_word' id='word_1_73' title='bbox 1963 1268 2083 1365; x_wconf 89' lang='lat' dir='ltr'>potius</span> 
     </span>
     <span class='ocr_line' id='line_1_8' title="bbox 493 1384 2084 1484; baseline 0 -29"><span class='ocrx_word' id='word_1_74' title='bbox 493 1409 602 1481; x_wconf 91' lang='lat' dir='ltr'>quam</span> <span class='ocrx_word' id='word_1_75' title='bbox 616 1390 693 1457; x_wconf 92' lang='lat' dir='ltr'>Deo</span> <span class='ocrx_word' id='word_1_76' title='bbox 704 1386 925 1484; x_wconf 82' lang='lat' dir='ltr'>ascripsisse,</span> <span class='ocrx_word' id='word_1_77' title='bbox 947 1401 1053 1483; x_wconf 90' lang='lat' dir='ltr'>atque</span> <span class='ocrx_word' id='word_1_78' title='bbox 1070 1386 1155 1458; x_wconf 89' lang='lat' dir='ltr'>hinc</span> <span class='ocrx_word' id='word_1_79' title='bbox 1170 1386 1339 1459; x_wconf 77' lang='lat' dir='ltr'>excaecari</span> <span class='ocrx_word' id='word_1_80' title='bbox 1353 1386 1541 1478; x_wconf 88' lang='lat' dir='ltr'>meruisse,</span> <span class='ocrx_word' id='word_1_81' title='bbox 1564 1387 1688 1484; x_wconf 89' lang='lat' dir='ltr'>paucis</span> <span class='ocrx_word' id='word_1_82' title='bbox 1700 1385 1821 1484; x_wconf 92' lang='lat' dir='ltr'>potius</span> <span class='ocrx_word' id='word_1_83' title='bbox 1838 1408 1949 1482; x_wconf 87' lang='lat' dir='ltr'>quam</span> <span class='ocrx_word' id='word_1_84' title='bbox 1965 1384 2084 1456; x_wconf 86' lang='lat' dir='ltr'>multis</span> 
     </span>
     <span class='ocr_line' id='line_1_9' title="bbox 492 1503 2084 1603; baseline 0.003 -32"><span class='ocrx_word' id='word_1_85' title='bbox 492 1503 743 1600; x_wconf 86' lang='lat' dir='ltr'>imputandum</span> <span class='ocrx_word' id='word_1_86' title='bbox 757 1503 914 1596; x_wconf 81' lang='lat' dir='ltr'>videtur,</span> <span class='ocrx_word' id='word_1_87' title='bbox 936 1506 1026 1576; x_wconf 88' lang='lat' dir='ltr'>sicut</span> <span class='ocrx_word' id='word_1_88' title='bbox 1042 1505 1169 1603; x_wconf 89' lang='lat' dir='ltr'>etipsa</span> <span class='ocrx_word' id='word_1_89' title='bbox 1185 1504 1415 1603; x_wconf 80' lang='lat' dir='ltr'>turpitudinis</span> <span class='ocrx_word' id='word_1_90' title='bbox 1431 1528 1538 1603; x_wconf 90' lang='lat' dir='ltr'>poena</span> <span class='ocrx_word' id='word_1_91' title='bbox 1553 1528 1663 1603; x_wconf 90' lang='lat' dir='ltr'>quam</span> <span class='ocrx_word' id='word_1_92' title='bbox 1680 1516 1941 1602; x_wconf 76' lang='lat' dir='ltr'>consequenter</span> <span class='ocrx_word' id='word_1_93' title='bbox 1954 1503 2084 1599; x_wconf 85' lang='lat' dir='ltr'>adjun-</span> 
     </span>
     <span class='ocr_line' id='line_1_10' title="bbox 493 1620 2162 1723; baseline 0.002 -32"><span class='ocrx_word' id='word_1_94' title='bbox 493 1623 541 1715; x_wconf 86' lang='lat' dir='ltr'>git</span> <span class='ocrx_word' id='word_1_95' title='bbox 566 1620 702 1693; x_wconf 86' lang='lat' dir='ltr'>dicens¹</span> <span class='ocrx_word' id='word_1_96' title='bbox 721 1644 731 1693; x_wconf 76' lang='lat' dir='ltr'>t</span> <span class='ocrx_word' id='word_1_97' title='bbox 753 1653 772 1689; x_wconf 76' lang='lat' dir='ltr'>a</span> <span class='ocrx_word' id='word_1_98' title='bbox 794 1625 985 1722; x_wconf 85' lang='lat' dir='ltr'>Propterea</span> <span class='ocrx_word' id='word_1_99' title='bbox 1002 1622 1148 1697; x_wconf 83' lang='lat' dir='ltr'>tradidit</span> <span class='ocrx_word' id='word_1_100' title='bbox 1170 1623 1251 1695; x_wconf 90' lang='lat' dir='ltr'>illos</span> <span class='ocrx_word' id='word_1_101' title='bbox 1280 1629 1377 1696; x_wconf 91' lang='lat' dir='ltr'>Deus</span> <span class='ocrx_word' id='word_1_102' title='bbox 1400 1625 1436 1695; x_wconf 91' lang='lat' dir='ltr'>in</span> <span class='ocrx_word' id='word_1_103' title='bbox 1467 1625 1648 1722; x_wconf 87' lang='lat' dir='ltr'>passiones</span> <span class='ocrx_word' id='word_1_104' title='bbox 1671 1623 1887 1720; x_wconf 84' lang='lat' dir='ltr'>ignominiae.</span> <span class='ocrx_word' id='word_1_105' title='bbox 1910 1625 1988 1694; x_wconf 73' lang='lat' dir='ltr'>»Et</span> <span class='ocrx_word' id='word_1_106' title='bbox 2003 1647 2083 1695; x_wconf 91' lang='lat' dir='ltr'>rur·</span> <span class='ocrx_word' id='word_1_107' title='bbox 2157 1708 2162 1723; x_wconf 88' lang='lat'><strong>.</strong></span> 
     </span>
     <span class='ocr_line' id='line_1_11' title="bbox 493 1739 2082 1843; baseline 0.003 -33"><span class='ocrx_word' id='word_1_108' title='bbox 493 1743 587 1812; x_wconf 85' lang='lat' dir='ltr'>sum’</span> <span class='ocrx_word' id='word_1_109' title='bbox 606 1767 615 1811; x_wconf 74' lang='grc' dir='ltr'><strong><em>ε</em></strong></span> <span class='ocrx_word' id='word_1_110' title='bbox 638 1770 659 1843; x_wconf 67' lang='lat'>‘5</span> <span class='ocrx_word' id='word_1_111' title='bbox 673 1739 835 1832; x_wconf 88' lang='lat' dir='ltr'>Masculi,</span> <span class='ocrx_word' id='word_1_112' title='bbox 853 1772 871 1808; x_wconf 78' lang='lat' dir='ltr'>r</span> <span class='ocrx_word' id='word_1_113' title='bbox 889 1743 1025 1840; x_wconf 89' lang='lat' dir='ltr'>inquit,</span> <span class='ocrx_word' id='word_1_114' title='bbox 1047 1773 1066 1810; x_wconf 78' lang='lat' dir='ltr'>e</span> <span class='ocrx_word' id='word_1_115' title='bbox 1084 1743 1121 1814; x_wconf 93' lang='lat' dir='ltr'>in</span> <span class='ocrx_word' id='word_1_116' title='bbox 1143 1741 1321 1816; x_wconf 89' lang='lat' dir='ltr'>masculos</span> <span class='ocrx_word' id='word_1_117' title='bbox 1337 1743 1596 1841; x_wconf 86' lang='lat' dir='ltr'>turpitudinem</span> <span class='ocrx_word' id='word_1_118' title='bbox 1622 1755 1829 1842; x_wconf 85' lang='lat' dir='ltr'>operantes,</span> <span class='ocrx_word' id='word_1_119' title='bbox 1856 1757 1926 1815; x_wconf 88' lang='lat' dir='ltr'>etc.</span> <span class='ocrx_word' id='word_1_120' title='bbox 1947 1768 1966 1809; x_wconf 82' lang='lat' dir='ltr'>u</span> <span class='ocrx_word' id='word_1_121' title='bbox 1985 1744 2082 1815; x_wconf 85' lang='lat' dir='ltr'>Con·</span> 
     </span>
     <span class='ocr_line' id='line_1_12' title="bbox 493 1859 2083 1960; baseline 0.001 -29"><span class='ocrx_word' id='word_1_122' title='bbox 493 1873 562 1931; x_wconf 87' lang='lat' dir='ltr'>stat</span> <span class='ocrx_word' id='word_1_123' title='bbox 587 1859 721 1958; x_wconf 88' lang='lat' dir='ltr'>quippe</span> <span class='ocrx_word' id='word_1_124' title='bbox 749 1859 989 1959; x_wconf 76' lang='lat' dir='ltr'>Philosophus</span> <span class='ocrx_word' id='word_1_125' title='bbox 1013 1862 1169 1934; x_wconf 84' lang='lat' dir='ltr'>maxime</span> <span class='ocrx_word' id='word_1_126' title='bbox 1196 1863 1423 1935; x_wconf 87' lang='lat' dir='ltr'>continenter</span> <span class='ocrx_word' id='word_1_127' title='bbox 1446 1862 1597 1953; x_wconf 83' lang='lat' dir='ltr'>vixisse,</span> <span class='ocrx_word' id='word_1_128' title='bbox 1626 1875 1735 1960; x_wconf 88' lang='lat' dir='ltr'>atque</span> <span class='ocrx_word' id='word_1_129' title='bbox 1757 1860 1804 1934; x_wconf 90' lang='lat' dir='ltr'>ad</span> <span class='ocrx_word' id='word_1_130' title='bbox 1823 1860 2083 1933; x_wconf 85' lang='lat' dir='ltr'>continentiam</span> 
     </span>
     <span class='ocr_line' id='line_1_13' title="bbox 495 1979 2085 2079; baseline 0.001 -30"><span class='ocrx_word' id='word_1_131' title='bbox 495 1993 568 2050; x_wconf 90' lang='lat' dir='ltr'>tam</span> <span class='ocrx_word' id='word_1_132' title='bbox 583 1979 722 2076; x_wconf 90' lang='lat' dir='ltr'>scriptis</span> <span class='ocrx_word' id='word_1_133' title='bbox 738 2003 848 2077; x_wconf 89' lang='lat' dir='ltr'>quam</span> <span class='ocrx_word' id='word_1_134' title='bbox 864 1980 1034 2079; x_wconf 82' lang='lat' dir='ltr'>exemplis</span> <span class='ocrx_word' id='word_1_135' title='bbox 1055 1981 1185 2059; x_wconf 89' lang='lat' dir='ltr'>multas</span> <span class='ocrx_word' id='word_1_136' title='bbox 1209 1980 1317 2053; x_wconf 90' lang='lat' dir='ltr'>nobis</span> <span class='ocrx_word' id='word_1_137' title='bbox 1341 1979 1608 2053; x_wconf 76' lang='lat' dir='ltr'>exhortationes</span> <span class='ocrx_word' id='word_1_138' title='bbox 1625 1979 1821 2078; x_wconf 87' lang='lat' dir='ltr'>reliquisse.</span> <span class='ocrx_word' id='word_1_139' title='bbox 1854 1979 1926 2052; x_wconf 89' lang='lat' dir='ltr'>Sed</span> <span class='ocrx_word' id='word_1_140' title='bbox 1949 1979 1980 2050; x_wconf 89' lang='lat' dir='ltr'>si</span> <span class='ocrx_word' id='word_1_141' title='bbox 2004 1980 2085 2077; x_wconf 89' lang='lat' dir='ltr'>quis</span> 
     </span>
     <span class='ocr_line' id='line_1_14' title="bbox 494 2095 2082 2198; baseline 0.002 -32"><span class='ocrx_word' id='word_1_142' title='bbox 494 2097 570 2168; x_wconf 86' lang='lat' dir='ltr'>sine</span> <span class='ocrx_word' id='word_1_143' title='bbox 586 2095 658 2167; x_wconf 87' lang='lat' dir='ltr'>fide</span> <span class='ocrx_word' id='word_1_144' title='bbox 676 2099 817 2169; x_wconf 84' lang='lat' dir='ltr'>venturi</span> <span class='ocrx_word' id='word_1_145' title='bbox 834 2120 897 2171; x_wconf 89' lang='lat' dir='ltr'>eos</span> <span class='ocrx_word' id='word_1_146' title='bbox 913 2098 1040 2194; x_wconf 80' lang='lat' dir='ltr'>salvari</span> <span class='ocrx_word' id='word_1_147' title='bbox 1053 2124 1158 2198; x_wconf 88' lang='lat' dir='ltr'>posse</span> <span class='ocrx_word' id='word_1_148' title='bbox 1169 2099 1408 2191; x_wconf 87' lang='lat' dir='ltr'>contradicat,</span> <span class='ocrx_word' id='word_1_149' title='bbox 1425 2097 1614 2196; x_wconf 90' lang='lat' dir='ltr'>quomodo</span> <span class='ocrx_word' id='word_1_150' title='bbox 1632 2097 1669 2171; x_wconf 91' lang='lat' dir='ltr'>id</span> <span class='ocrx_word' id='word_1_151' title='bbox 1685 2096 1923 2196; x_wconf 86' lang='lat' dir='ltr'>comprobare</span> <span class='ocrx_word' id='word_1_152' title='bbox 1938 2098 2082 2197; x_wconf 88' lang='lat' dir='ltr'>poterit,</span> 
     </span>
     <span class='ocr_line' id='line_1_15' title="bbox 494 2214 2086 2315; baseline 0.001 -29"><span class='ocrx_word' id='word_1_153' title='bbox 494 2214 594 2312; x_wconf 85' lang='lat' dir='ltr'>quod</span> <span class='ocrx_word' id='word_1_154' title='bbox 612 2216 649 2287; x_wconf 93' lang='lat' dir='ltr'>in</span> <span class='ocrx_word' id='word_1_155' title='bbox 667 2234 750 2287; x_wconf 83' lang='lat' dir='ltr'>eum</span> <span class='ocrx_word' id='word_1_156' title='bbox 763 2216 897 2289; x_wconf 87' lang='lat' dir='ltr'>scilicet</span> <span class='ocrx_word' id='word_1_157' title='bbox 910 2242 984 2289; x_wconf 93' lang='lat' dir='ltr'>non</span> <span class='ocrx_word' id='word_1_158' title='bbox 1001 2216 1239 2308; x_wconf 87' lang='lat' dir='ltr'>crediderint,</span> <span class='ocrx_word' id='word_1_159' title='bbox 1254 2242 1363 2315; x_wconf 87' lang='lat' dir='ltr'>quem</span> <span class='ocrx_word' id='word_1_160' title='bbox 1379 2218 1487 2290; x_wconf 84' lang='lat' dir='ltr'>etiarn</span> <span class='ocrx_word' id='word_1_161' title='bbox 1504 2240 1569 2315; x_wconf 87' lang='lat' dir='ltr'>per</span> <span class='ocrx_word' id='word_1_162' title='bbox 1584 2215 1753 2313; x_wconf 86' lang='lat' dir='ltr'>gentilem</span> <span class='ocrx_word' id='word_1_163' title='bbox 1770 2216 1953 2304; x_wconf 84' lang='lat' dir='ltr'>feminam,</span> <span class='ocrx_word' id='word_1_164' title='bbox 1972 2216 2010 2288; x_wconf 95' lang='lat' dir='ltr'>id</span> <span class='ocrx_word' id='word_1_165' title='bbox 2031 2229 2086 2289; x_wconf 89' lang='lat' dir='ltr'>est</span> 
     </span>
     <span class='ocr_line' id='line_1_16' title="bbox 496 2334 2085 2434; baseline 0 -31"><span class='ocrx_word' id='word_1_166' title='bbox 496 2334 679 2430; x_wconf 80' lang='lat' dir='ltr'>Sibyllam,</span> <span class='ocrx_word' id='word_1_167' title='bbox 695 2336 809 2406; x_wconf 78' lang='lat' dir='ltr'>midto</span> <span class='ocrx_word' id='word_1_168' title='bbox 824 2335 896 2407; x_wconf 80' lang='lat' dir='ltr'>fere</span> <span class='ocrx_word' id='word_1_169' title='bbox 912 2337 1070 2434; x_wconf 88' lang='lat' dir='ltr'>apertius</span> <span class='ocrx_word' id='word_1_170' title='bbox 1086 2360 1197 2433; x_wconf 89' lang='lat' dir='ltr'>quam</span> <span class='ocrx_word' id='word_1_171' title='bbox 1209 2360 1275 2434; x_wconf 91' lang='lat' dir='ltr'>per</span> <span class='ocrx_word' id='word_1_172' title='bbox 1291 2360 1418 2409; x_wconf 89' lang='lat' dir='ltr'>omnes</span> <span class='ocrx_word' id='word_1_173' title='bbox 1434 2334 1644 2434; x_wconf 84' lang='lat' dir='ltr'>Prophetas,</span> <span class='ocrx_word' id='word_1_174' title='bbox 1661 2335 1894 2407; x_wconf 83' lang='lat' dir='ltr'>vaticinatum</span> <span class='ocrx_word' id='word_1_175' title='bbox 1908 2334 2085 2408; x_wconf 81' lang='lat' dir='ltr'>viderint?</span> 
     </span>
     <span class='ocr_line' id='line_1_17' title="bbox 495 2453 2088 2552; baseline 0.001 -29"><span class='ocrx_word' id='word_1_176' title='bbox 495 2457 619 2549; x_wconf 88' lang='lat' dir='ltr'>Neque</span> <span class='ocrx_word' id='word_1_177' title='bbox 636 2453 732 2525; x_wconf 91' lang='lat' dir='ltr'>enim</span> <span class='ocrx_word' id='word_1_178' title='bbox 747 2454 829 2525; x_wconf 92' lang='lat' dir='ltr'>ideo</span> <span class='ocrx_word' id='word_1_179' title='bbox 848 2453 1080 2526; x_wconf 88' lang='lat' dir='ltr'>astruendum</span> <span class='ocrx_word' id='word_1_180' title='bbox 1096 2470 1151 2526; x_wconf 88' lang='lat' dir='ltr'>est</span> <span class='ocrx_word' id='word_1_181' title='bbox 1168 2479 1230 2527; x_wconf 89' lang='lat' dir='ltr'>eos</span> <span class='ocrx_word' id='word_1_182' title='bbox 1242 2455 1523 2527; x_wconf 82' lang='lat' dir='ltr'>incarnationem</span> <span class='ocrx_word' id='word_1_183' title='bbox 1534 2454 1681 2527; x_wconf 87' lang='lat' dir='ltr'>Domini</span> <span class='ocrx_word' id='word_1_184' title='bbox 1695 2453 1851 2527; x_wconf 77' lang='lat' dir='ltr'>futuram</span> <span class='ocrx_word' id='word_1_185' title='bbox 1868 2476 1944 2526; x_wconf 90' lang='lat' dir='ltr'>non</span> <span class='ocrx_word' id='word_1_186' title='bbox 1962 2477 2088 2552; x_wconf 73' lang='lat' dir='ltr'>espec</span> 
     </span>
     <span class='ocr_line' id='line_1_18' title="bbox 495 2572 2085 2672; baseline 0.001 -31"><span class='ocrx_word' id='word_1_187' title='bbox 495 2586 599 2662; x_wconf 89' lang='lat' dir='ltr'>tasse,</span> <span class='ocrx_word' id='word_1_188' title='bbox 620 2586 681 2642; x_wconf 88' lang='lat' dir='ltr'>aut</span> <span class='ocrx_word' id='word_1_189' title='bbox 694 2597 773 2644; x_wconf 90' lang='lat' dir='ltr'>non</span> <span class='ocrx_word' id='word_1_190' title='bbox 789 2573 1000 2664; x_wconf 88' lang='lat' dir='ltr'>credidisse,</span> <span class='ocrx_word' id='word_1_191' title='bbox 1025 2573 1111 2670; x_wconf 89' lang='lat' dir='ltr'>qnia</span> <span class='ocrx_word' id='word_1_192' title='bbox 1129 2574 1258 2646; x_wconf 89' lang='lat' dir='ltr'>hocin</span> <span class='ocrx_word' id='word_1_193' title='bbox 1277 2574 1461 2672; x_wconf 84' lang='lat' dir='ltr'>scripturis</span> <span class='ocrx_word' id='word_1_194' title='bbox 1476 2595 1603 2645; x_wconf 87' lang='lat' dir='ltr'>eorum</span> <span class='ocrx_word' id='word_1_195' title='bbox 1617 2572 1766 2645; x_wconf 71' lang='lat' dir='ltr'>minim</span> <span class='ocrx_word' id='word_1_196' title='bbox 1781 2572 1975 2670; x_wconf 87' lang='lat' dir='ltr'>reperitur,</span> <span class='ocrx_word' id='word_1_197' title='bbox 2000 2596 2085 2644; x_wconf 86' lang='lat' dir='ltr'>cum</span> 
     </span>
     <span class='ocr_line' id='line_1_19' title="bbox 497 2680 2085 2782; baseline 0.001 -30"><span class='ocrx_word' id='word_1_198' title='bbox 497 2706 563 2753; x_wconf 86' lang='lat' dir='ltr'>nee</span> <span class='ocrx_word' id='word_1_199' title='bbox 578 2681 724 2753; x_wconf 83' lang='lat' dir='ltr'>sortasse</span> <span class='ocrx_word' id='word_1_200' title='bbox 738 2683 777 2753; x_wconf 88' lang='lat' dir='ltr'>in</span> <span class='ocrx_word' id='word_1_201' title='bbox 789 2682 962 2755; x_wconf 88' lang='lat' dir='ltr'>omnibus</span> <span class='ocrx_word' id='word_1_202' title='bbox 978 2707 1105 2755; x_wconf 89' lang='lat' dir='ltr'>eorum</span> <span class='ocrx_word' id='word_1_203' title='bbox 1122 2684 1384 2782; x_wconf 86' lang='lat' dir='ltr'>prophetarum</span> <span class='ocrx_word' id='word_1_204' title='bbox 1395 2683 1534 2781; x_wconf 90' lang='lat' dir='ltr'>scriptis</span> <span class='ocrx_word' id='word_1_205' title='bbox 1545 2683 1593 2754; x_wconf 88' lang='lat' dir='ltr'>ita</span> <span class='ocrx_word' id='word_1_206' title='bbox 1603 2684 1688 2756; x_wconf 89' lang='lat' dir='ltr'>satis</span> <span class='ocrx_word' id='word_1_207' title='bbox 1705 2683 1751 2755; x_wconf 89' lang='lat' dir='ltr'>sit</span> <span class='ocrx_word' id='word_1_208' title='bbox 1765 2706 1941 2780; x_wconf 75' lang='lat' dir='ltr'>expressa,</span> <span class='ocrx_word' id='word_1_209' title='bbox 1960 2680 2085 2754; x_wconf 75' lang='lat' dir='ltr'>diuino</span> 
     </span>
     <span class='ocr_line' id='line_1_20' title="bbox 426 2799 2088 2901; baseline 0 -28"><span class='ocrx_word' id='word_1_210' title='bbox 426 2862 436 2873; x_wconf 89' lang='lat'><strong>.</strong></span> <span class='ocrx_word' id='word_1_211' title='bbox 496 2799 535 2871; x_wconf 92' lang='lat' dir='ltr'>id</span> <span class='ocrx_word' id='word_1_212' title='bbox 544 2800 756 2899; x_wconf 91' lang='lat' dir='ltr'>disponente</span> <span class='ocrx_word' id='word_1_213' title='bbox 769 2801 934 2894; x_wconf 86' lang='lat' dir='ltr'>oonsilio,</span> <span class='ocrx_word' id='word_1_214' title='bbox 953 2817 1079 2874; x_wconf 85' lang='lat' dir='ltr'>utnon</span> <span class='ocrx_word' id='word_1_215' title='bbox 1094 2800 1331 2899; x_wconf 84' lang='lat' dir='ltr'>quibuslibet,</span> <span class='ocrx_word' id='word_1_216' title='bbox 1345 2815 1407 2875; x_wconf 85' lang='lat' dir='ltr'>aut</span> <span class='ocrx_word' id='word_1_217' title='bbox 1423 2825 1487 2901; x_wconf 89' lang='lat' dir='ltr'>per</span> <span class='ocrx_word' id='word_1_218' title='bbox 1497 2800 1693 2899; x_wconf 89' lang='lat' dir='ltr'>quoslibet,</span> <span class='ocrx_word' id='word_1_219' title='bbox 1711 2814 1852 2875; x_wconf 74' lang='lat' dir='ltr'>motura</span> <span class='ocrx_word' id='word_1_220' title='bbox 1871 2801 2088 2873; x_wconf 71' lang='lat' dir='ltr'>revelaretur</span> 
     </span>
     <span class='ocr_line' id='line_1_21' title="bbox 497 2917 2088 3019; baseline 0.001 -29"><span class='ocrx_word' id='word_1_221' title='bbox 497 2940 690 3007; x_wconf 89' lang='lat' dir='ltr'>areanum,</span> <span class='ocrx_word' id='word_1_222' title='bbox 712 2944 797 2991; x_wconf 90' lang='lat' dir='ltr'>eum</span> <span class='ocrx_word' id='word_1_223' title='bbox 825 2920 931 2992; x_wconf 88' lang='lat' dir='ltr'>etiam</span> <span class='ocrx_word' id='word_1_224' title='bbox 954 2920 1106 3019; x_wconf 84' lang='lat' dir='ltr'>provida</span> <span class='ocrx_word' id='word_1_225' title='bbox 1124 2920 1403 3019; x_wconf 90' lang='lat' dir='ltr'>dispensatione,</span> <span class='ocrx_word' id='word_1_226' title='bbox 1429 2919 1651 3018; x_wconf 82' lang='lat' dir='ltr'>septuaginta</span> <span class='ocrx_word' id='word_1_227' title='bbox 1670 2920 1891 3016; x_wconf 83' lang='lat' dir='ltr'>interpretes,</span> <span class='ocrx_word' id='word_1_228' title='bbox 1909 2919 1947 2990; x_wconf 90' lang='lat' dir='ltr'>in</span> <span class='ocrx_word' id='word_1_229' title='bbox 1968 2917 2088 3001; x_wconf 78' lang='lat' dir='ltr'>muln‘s</span> 
     </span>
     <span class='ocr_line' id='line_1_22' title="bbox 497 3037 2088 3139; baseline 0.001 -29"><span class='ocrx_word' id='word_1_230' title='bbox 497 3038 754 3136; x_wconf 90' lang='lat' dir='ltr'>scripturarum</span> <span class='ocrx_word' id='word_1_231' title='bbox 766 3039 856 3112; x_wconf 87' lang='lat' dir='ltr'>locis</span> <span class='ocrx_word' id='word_1_232' title='bbox 866 3064 954 3137; x_wconf 85' lang='lat' dir='ltr'>quas</span> <span class='ocrx_word' id='word_1_233' title='bbox 963 3038 1240 3134; x_wconf 73' lang='lat' dir='ltr'>nausiarebant,</span> <span class='ocrx_word' id='word_1_234' title='bbox 1259 3040 1432 3139; x_wconf 90' lang='lat' dir='ltr'>scriptum</span> <span class='ocrx_word' id='word_1_235' title='bbox 1447 3040 1514 3113; x_wconf 90' lang='lat' dir='ltr'>Dei</span> <span class='ocrx_word' id='word_1_236' title='bbox 1525 3037 1639 3112; x_wconf 87' lang='lat' dir='ltr'>lilium</span> <span class='ocrx_word' id='word_1_237' title='bbox 1650 3038 1879 3138; x_wconf 71' lang='lat' dir='ltr'>mpuientes,</span> <span class='ocrx_word' id='word_1_238' title='bbox 1896 3037 1970 3111; x_wconf 88' lang='lat' dir='ltr'>boc</span> <span class='ocrx_word' id='word_1_239' title='bbox 1984 3039 2088 3137; x_wconf 84' lang='lat' dir='ltr'>peni·</span> 
     </span>
     <span class='ocr_line' id='line_1_23' title="bbox 498 3155 2087 3254; baseline 0.001 -26"><span class='ocrx_word' id='word_1_240' title='bbox 498 3172 554 3229; x_wconf 89' lang='lat' dir='ltr'>tus</span> <span class='ocrx_word' id='word_1_241' title='bbox 570 3159 764 3254; x_wconf 87' lang='lat' dir='ltr'>praeterisse</span> <span class='ocrx_word' id='word_1_242' title='bbox 779 3182 822 3231; x_wconf 92' lang='lat' dir='ltr'>ac</span> <span class='ocrx_word' id='word_1_243' title='bbox 834 3159 1015 3232; x_wconf 84' lang='lat' dir='ltr'>reticuisse</span> <span class='ocrx_word' id='word_1_244' title='bbox 1032 3159 1214 3250; x_wconf 85' lang='lat' dir='ltr'>dicuntur,</span> <span class='ocrx_word' id='word_1_245' title='bbox 1228 3184 1274 3231; x_wconf 89' lang='lat' dir='ltr'>ne</span> <span class='ocrx_word' id='word_1_246' title='bbox 1289 3159 1495 3233; x_wconf 87' lang='lat' dir='ltr'>scandalum</span> <span class='ocrx_word' id='word_1_247' title='bbox 1511 3159 1645 3231; x_wconf 84' lang='lat' dir='ltr'>scilicet</span> <span class='ocrx_word' id='word_1_248' title='bbox 1662 3156 1867 3231; x_wconf 84' lang='lat' dir='ltr'>infidelibus</span> <span class='ocrx_word' id='word_1_249' title='bbox 1878 3155 2087 3230; x_wconf 85' lang='lat' dir='ltr'>auctoribus</span> 
     </span>
     <span class='ocr_line' id='line_1_24' title="bbox 498 3275 2088 3377; baseline 0 -28"><span class='ocrx_word' id='word_1_250' title='bbox 498 3278 609 3373; x_wconf 91' lang='lat' dir='ltr'>magis</span> <span class='ocrx_word' id='word_1_251' title='bbox 624 3292 895 3351; x_wconf 84' lang='lat' dir='ltr'>commoverent</span> <span class='ocrx_word' id='word_1_252' title='bbox 918 3302 1027 3377; x_wconf 88' lang='lat' dir='ltr'>quam</span> <span class='ocrx_word' id='word_1_253' title='bbox 1054 3278 1165 3352; x_wconf 87' lang='lat' dir='ltr'>fidem</span> <span class='ocrx_word' id='word_1_254' title='bbox 1188 3293 1398 3354; x_wconf 80' lang='lat' dir='ltr'>astruerent.</span> <span class='ocrx_word' id='word_1_255' title='bbox 1420 3278 1558 3351; x_wconf 85' lang='lat' dir='ltr'>Scimus</span> <span class='ocrx_word' id='word_1_256' title='bbox 1577 3278 1711 3376; x_wconf 87' lang='lat' dir='ltr'>quippe</span> <span class='ocrx_word' id='word_1_257' title='bbox 1734 3275 1984 3375; x_wconf 88' lang='lat' dir='ltr'>Philosopbos,</span> <span class='ocrx_word' id='word_1_258' title='bbox 2004 3299 2088 3349; x_wconf 84' lang='lat' dir='ltr'>cum</span> 
     </span>
     <span class='ocr_line' id='line_1_25' title="bbox 497 3394 2089 3496; baseline 0 -30"><span class='ocrx_word' id='word_1_259' title='bbox 497 3395 543 3467; x_wconf 88' lang='lat' dir='ltr'>de</span> <span class='ocrx_word' id='word_1_260' title='bbox 559 3395 628 3468; x_wconf 86' lang='lat' dir='ltr'>diis</span> <span class='ocrx_word' id='word_1_261' title='bbox 650 3421 742 3494; x_wconf 88' lang='lat' dir='ltr'>quos</span> <span class='ocrx_word' id='word_1_262' title='bbox 758 3397 1185 3496; x_wconf 81' lang='lat' dir='ltr'>populusvenerabatur,</span> <span class='ocrx_word' id='word_1_263' title='bbox 1212 3398 1354 3472; x_wconf 80' lang='lat' dir='ltr'>diversa</span> <span class='ocrx_word' id='word_1_264' title='bbox 1371 3422 1394 3470; x_wconf 88' lang='lat' dir='ltr'>a</span> <span class='ocrx_word' id='word_1_265' title='bbox 1413 3398 1539 3471; x_wconf 87' lang='lat' dir='ltr'>ceteris</span> <span class='ocrx_word' id='word_1_266' title='bbox 1552 3397 1742 3488; x_wconf 87' lang='lat' dir='ltr'>sentirent,</span> <span class='ocrx_word' id='word_1_267' title='bbox 1762 3409 1798 3467; x_wconf 90' lang='lat' dir='ltr'>et</span> <span class='ocrx_word' id='word_1_268' title='bbox 1815 3394 1899 3468; x_wconf 90' lang='lat' dir='ltr'>ideo</span> <span class='ocrx_word' id='word_1_269' title='bbox 1912 3419 1936 3468; x_wconf 89' lang='lat' dir='ltr'>a</span> <span class='ocrx_word' id='word_1_270' title='bbox 1950 3394 2089 3494; x_wconf 85' lang='lat' dir='ltr'>populo</span> 
     </span>
     <span class='ocr_line' id='line_1_26' title="bbox 498 3512 2086 3615; baseline 0.001 -30"><span class='ocrx_word' id='word_1_271' title='bbox 498 3515 535 3586; x_wconf 92' lang='lat' dir='ltr'>in</span> <span class='ocrx_word' id='word_1_272' title='bbox 551 3513 622 3586; x_wconf 85' lang='lat' dir='ltr'>fide</span> <span class='ocrx_word' id='word_1_273' title='bbox 638 3514 884 3608; x_wconf 86' lang='lat' dir='ltr'>dissentirent,</span> <span class='ocrx_word' id='word_1_274' title='bbox 903 3530 1003 3589; x_wconf 89' lang='lat' dir='ltr'>metu</span> <span class='ocrx_word' id='word_1_275' title='bbox 1018 3530 1139 3590; x_wconf 89' lang='lat' dir='ltr'>tamen</span> <span class='ocrx_word' id='word_1_276' title='bbox 1154 3517 1379 3615; x_wconf 88' lang='lat' dir='ltr'>compulsos,</span> <span class='ocrx_word' id='word_1_277' title='bbox 1392 3516 1600 3589; x_wconf 87' lang='lat' dir='ltr'>communia</span> <span class='ocrx_word' id='word_1_278' title='bbox 1616 3538 1699 3588; x_wconf 89' lang='lat' dir='ltr'>cum</span> <span class='ocrx_word' id='word_1_279' title='bbox 1716 3513 1784 3587; x_wconf 89' lang='lat' dir='ltr'>illis</span> <span class='ocrx_word' id='word_1_280' title='bbox 1797 3512 1930 3611; x_wconf 72' lang='lat' dir='ltr'>tmpla</span> <span class='ocrx_word' id='word_1_281' title='bbox 1946 3528 2086 3604; x_wconf 77' lang='lat' dir='ltr'>tenere,</span> 
     </span>
     <span class='ocr_line' id='line_1_27' title="bbox 497 3631 2089 3734; baseline -0.001 -31"><span class='ocrx_word' id='word_1_282' title='bbox 497 3645 534 3703; x_wconf 87' lang='lat' dir='ltr'>et</span> <span class='ocrx_word' id='word_1_283' title='bbox 550 3634 763 3705; x_wconf 87' lang='lat' dir='ltr'>caerimoniis</span> <span class='ocrx_word' id='word_1_284' title='bbox 785 3637 1120 3728; x_wconf 80' lang='lat' dir='ltr'>eorum-interesse,</span> <span class='ocrx_word' id='word_1_285' title='bbox 1138 3660 1181 3710; x_wconf 89' lang='lat' dir='ltr'>ac</span> <span class='ocrx_word' id='word_1_286' title='bbox 1196 3660 1235 3708; x_wconf 91' lang='lat' dir='ltr'>se</span> <span class='ocrx_word' id='word_1_287' title='bbox 1254 3636 1385 3734; x_wconf 87' lang='lat' dir='ltr'>pariter</span> <span class='ocrx_word' id='word_1_288' title='bbox 1402 3634 1610 3708; x_wconf 86' lang='lat' dir='ltr'>idololatras</span> <span class='ocrx_word' id='word_1_289' title='bbox 1631 3633 1827 3706; x_wconf 81' lang='lat' dir='ltr'>simulasse.</span> <span class='ocrx_word' id='word_1_290' title='bbox 1846 3631 1949 3703; x_wconf 91' lang='lat' dir='ltr'>Unde</span> <span class='ocrx_word' id='word_1_291' title='bbox 1970 3634 2089 3727; x_wconf 70' lang='lat' dir='ltr'>Augu·</span> 
     </span>
     <span class='ocr_line' id='line_1_28' title="bbox 498 3748 2090 3853; baseline -0.001 -31"><span class='ocrx_word' id='word_1_292' title='bbox 498 3752 610 3822; x_wconf 91' lang='lat' dir='ltr'>stinus</span> <span class='ocrx_word' id='word_1_293' title='bbox 625 3749 668 3821; x_wconf 83' lang='lat' dir='ltr'>de</span> <span class='ocrx_word' id='word_1_294' title='bbox 684 3775 764 3824; x_wconf 82' lang='lat' dir='ltr'>vera</span> <span class='ocrx_word' id='word_1_295' title='bbox 784 3752 977 3851; x_wconf 71' lang='lat' dir='ltr'>religione·</span> <span class='ocrx_word' id='word_1_296' title='bbox 996 3781 1006 3824; x_wconf 72' lang='grc' dir='ltr'><strong><em>ε</em></strong></span> <span class='ocrx_word' id='word_1_297' title='bbox 1027 3783 1045 3820; x_wconf 77' lang='lat' dir='ltr'>u</span> <span class='ocrx_word' id='word_1_298' title='bbox 1064 3753 1262 3853; x_wconf 82' lang='lat' dir='ltr'>Sapientes,</span> <span class='ocrx_word' id='word_1_299' title='bbox 1280 3753 1409 3851; x_wconf 87' lang='lat' dir='ltr'>inquit,</span> <span class='ocrx_word' id='word_1_300' title='bbox 1427 3777 1520 3850; x_wconf 88' lang='lat' dir='ltr'>quos</span> <span class='ocrx_word' id='word_1_301' title='bbox 1533 3752 1771 3852; x_wconf 88' lang='lat' dir='ltr'>philosophos</span> <span class='ocrx_word' id='word_1_302' title='bbox 1784 3763 1928 3841; x_wconf 82' lang='lat' dir='ltr'>vocant,</span> <span class='ocrx_word' id='word_1_303' title='bbox 1947 3748 2090 3822; x_wconf 89' lang='lat' dir='ltr'>scholas</span> 
     </span>
     <span class='ocr_line' id='line_1_29' title="bbox 498 3867 2090 3972; baseline 0.001 -32"><span class='ocrx_word' id='word_1_304' title='bbox 498 3867 680 3942; x_wconf 88' lang='lat' dir='ltr'>habebant</span> <span class='ocrx_word' id='word_1_305' title='bbox 693 3869 916 3963; x_wconf 82' lang='lat' dir='ltr'>dissidentes,</span> <span class='ocrx_word' id='word_1_306' title='bbox 934 3886 971 3943; x_wconf 88' lang='lat' dir='ltr'>et</span> <span class='ocrx_word' id='word_1_307' title='bbox 986 3872 1119 3972; x_wconf 89' lang='lat' dir='ltr'>templa</span> <span class='ocrx_word' id='word_1_308' title='bbox 1131 3874 1350 3965; x_wconf 90' lang='lat' dir='ltr'>communia,</span> <span class='ocrx_word' id='word_1_309' title='bbox 1369 3895 1444 3945; x_wconf 89' lang='lat' dir='ltr'>non</span> <span class='ocrx_word' id='word_1_310' title='bbox 1465 3873 1563 3945; x_wconf 90' lang='lat' dir='ltr'>enim</span> <span class='ocrx_word' id='word_1_311' title='bbox 1577 3872 1635 3944; x_wconf 87' lang='lat' dir='ltr'>vel</span> <span class='ocrx_word' id='word_1_312' title='bbox 1648 3871 1802 3972; x_wconf 83' lang='lat' dir='ltr'>populos</span> <span class='ocrx_word' id='word_1_313' title='bbox 1814 3869 1871 3941; x_wconf 79' lang='lat' dir='ltr'>rel</span> <span class='ocrx_word' id='word_1_314' title='bbox 1886 3867 2090 3941; x_wconf 85' lang='lat' dir='ltr'>sacerdotes</span> 
     </span>
     <span class='ocr_line' id='line_1_30' title="bbox 497 3985 2089 4089; baseline 0.001 -31"><span class='ocrx_word' id='word_1_315' title='bbox 497 3985 630 4060; x_wconf 88' lang='lat' dir='ltr'>latebat</span> <span class='ocrx_word' id='word_1_316' title='bbox 646 3987 693 4058; x_wconf 90' lang='lat' dir='ltr'>de</span> <span class='ocrx_word' id='word_1_317' title='bbox 709 3988 871 4085; x_wconf 89' lang='lat' dir='ltr'>ipsorum</span> <span class='ocrx_word' id='word_1_318' title='bbox 885 4001 1013 4063; x_wconf 88' lang='lat' dir='ltr'>natura</span> <span class='ocrx_word' id='word_1_319' title='bbox 1028 3990 1179 4063; x_wconf 92' lang='lat' dir='ltr'>deorum</span> <span class='ocrx_word' id='word_1_320' title='bbox 1196 4014 1305 4089; x_wconf 84' lang='lat' dir='ltr'>quam</span> <span class='ocrx_word' id='word_1_321' title='bbox 1322 3991 1462 4067; x_wconf 86' lang='lat' dir='ltr'>diversa</span> <span class='ocrx_word' id='word_1_322' title='bbox 1484 3991 1670 4063; x_wconf 88' lang='lat' dir='ltr'>sentirent.</span> <span class='ocrx_word' id='word_1_323' title='bbox 1699 3993 1836 4063; x_wconf 87' lang='lat' dir='ltr'>Omnes</span> <span class='ocrx_word' id='word_1_324' title='bbox 1860 4001 1981 4060; x_wconf 88' lang='lat' dir='ltr'>tamen</span> <span class='ocrx_word' id='word_1_325' title='bbox 2004 4011 2089 4060; x_wconf 86' lang='lat' dir='ltr'>oum</span> 
     </span>
     <span class='ocr_line' id='line_1_31' title="bbox 498 4105 2089 4196; baseline 0 -19"><span class='ocrx_word' id='word_1_326' title='bbox 498 4105 732 4179; x_wconf 78' lang='lat' dir='ltr'>sectatoribus</span> <span class='ocrx_word' id='word_1_327' title='bbox 762 4108 835 4179; x_wconf 90' lang='lat' dir='ltr'>suis</span> <span class='ocrx_word' id='word_1_328' title='bbox 865 4107 1006 4181; x_wconf 82' lang='lat' dir='ltr'>diversa</span> <span class='ocrx_word' id='word_1_329' title='bbox 1035 4122 1071 4181; x_wconf 89' lang='lat' dir='ltr'>et</span> <span class='ocrx_word' id='word_1_330' title='bbox 1101 4108 1251 4182; x_wconf 85' lang='lat' dir='ltr'>adversa</span> <span class='ocrx_word' id='word_1_331' title='bbox 1278 4108 1511 4182; x_wconf 86' lang='lat' dir='ltr'>sentientibus</span> <span class='ocrx_word' id='word_1_332' title='bbox 1539 4110 1587 4183; x_wconf 92' lang='lat' dir='ltr'>ad</span> <span class='ocrx_word' id='word_1_333' title='bbox 1618 4132 1719 4182; x_wconf 88' lang='lat' dir='ltr'>sacra</span> <span class='ocrx_word' id='word_1_334' title='bbox 1740 4105 2089 4196; x_wconf 83' lang='lat' dir='ltr'>eommrmia,.nullo</span> 
     </span>
     <span class='ocr_line' id='line_1_32' title="bbox 499 4223 2090 4325; baseline 0 -29"><span class='ocrx_word' id='word_1_335' title='bbox 499 4223 728 4323; x_wconf 75' lang='lat' dir='ltr'>prolabente,</span> <span class='ocrx_word' id='word_1_336' title='bbox 746 4225 950 4300; x_wconf 82' lang='lat' dir='ltr'>veniebant.</span> <span class='ocrx_word' id='word_1_337' title='bbox 982 4227 1053 4299; x_wconf 89' lang='lat' dir='ltr'>Sed</span> <span class='ocrx_word' id='word_1_338' title='bbox 1079 4241 1175 4300; x_wconf 89' lang='lat' dir='ltr'>certe</span> <span class='ocrx_word' id='word_1_339' title='bbox 1202 4225 1291 4300; x_wconf 92' lang='lat' dir='ltr'>illud</span> <span class='ocrx_word' id='word_1_340' title='bbox 1321 4229 1422 4322; x_wconf 88' lang='lat' dir='ltr'>satis,</span> <span class='ocrx_word' id='word_1_341' title='bbox 1447 4244 1622 4325; x_wconf 88' lang='lat' dir='ltr'>quantum</span> <span class='ocrx_word' id='word_1_342' title='bbox 1646 4227 1736 4300; x_wconf 87' lang='lat' dir='ltr'>mibi</span> <span class='ocrx_word' id='word_1_343' title='bbox 1757 4225 1917 4315; x_wconf 84' lang='lat' dir='ltr'>videtur,</span> <span class='ocrx_word' id='word_1_344' title='bbox 1941 4238 2090 4323; x_wconf 83' lang='lat' dir='ltr'>apparet</span> 
     </span>
     <span class='ocr_line' id='line_1_33' title="bbox 497 4343 2090 4445; baseline 0 -30"><span class='ocrx_word' id='word_1_345' title='bbox 497 4343 596 4417; x_wconf 90' lang='lat' dir='ltr'>aliud</span> <span class='ocrx_word' id='word_1_346' title='bbox 611 4369 674 4417; x_wconf 87' lang='lat' dir='ltr'>eos</span> <span class='ocrx_word' id='word_1_347' title='bbox 691 4345 728 4415; x_wconf 91' lang='lat' dir='ltr'>in</span> <span class='ocrx_word' id='word_1_348' title='bbox 745 4343 918 4443; x_wconf 86' lang='lat' dir='ltr'>religione</span> <span class='ocrx_word' id='word_1_349' title='bbox 934 4346 1129 4445; x_wconf 88' lang='lat' dir='ltr'>suscepisse</span> <span class='ocrx_word' id='word_1_350' title='bbox 1145 4370 1230 4418; x_wconf 89' lang='lat' dir='ltr'>cum</span> <span class='ocrx_word' id='word_1_351' title='bbox 1246 4346 1404 4445; x_wconf 89' lang='lat' dir='ltr'>populo,</span> <span class='ocrx_word' id='word_1_352' title='bbox 1433 4360 1469 4419; x_wconf 90' lang='lat' dir='ltr'>et</span> <span class='ocrx_word' id='word_1_353' title='bbox 1486 4348 1585 4421; x_wconf 90' lang='lat' dir='ltr'>aliud</span> <span class='ocrx_word' id='word_1_354' title='bbox 1601 4346 1747 4420; x_wconf 84' lang='lat' dir='ltr'>eosdem</span> <span class='ocrx_word' id='word_1_355' title='bbox 1768 4347 1847 4444; x_wconf 89' lang='lat' dir='ltr'>ipso</span> <span class='ocrx_word' id='word_1_356' title='bbox 1862 4344 2002 4444; x_wconf 88' lang='lat' dir='ltr'>populo</span> <span class='ocrx_word' id='word_1_357' title='bbox 2024 4366 2090 4416; x_wconf 90' lang='lat' dir='ltr'>au·</span> 
     </span>
     <span class='ocr_line' id='line_1_34' title="bbox 498 4459 2087 4562; baseline 0.001 -30"><span class='ocrx_word' id='word_1_358' title='bbox 498 4459 619 4534; x_wconf 74' lang='lat' dir='ltr'>cliente</span> <span class='ocrx_word' id='word_1_359' title='bbox 633 4462 832 4536; x_wconf 82' lang='lat' dir='ltr'>defendisse</span> <span class='ocrx_word' id='word_1_360' title='bbox 850 4464 1029 4562; x_wconf 85' lang='lat' dir='ltr'>privatim.</span> <span class='ocrx_word' id='word_1_361' title='bbox 1049 4466 1212 4539; x_wconf 81' lang='lat' dir='ltr'>Socrates</span> <span class='ocrx_word' id='word_1_362' title='bbox 1232 4466 1551 4540; x_wconf 84' lang='lat' dir='ltr'>tamenaudacior</span> <span class='ocrx_word' id='word_1_363' title='bbox 1573 4467 1699 4539; x_wconf 90' lang='lat' dir='ltr'>ceteris</span> <span class='ocrx_word' id='word_1_364' title='bbox 1727 4465 1833 4537; x_wconf 82' lang='lat' dir='ltr'>fuisse</span> <span class='ocrx_word' id='word_1_365' title='bbox 1854 4461 2087 4562; x_wconf 84' lang='lat' dir='ltr'>perhibetur,</span> 
     </span>
     <span class='ocr_line' id='line_1_35' title="bbox 494 4580 2091 4684; baseline -0.001 -32"><span class='ocrx_word' id='word_1_366' title='bbox 494 4580 651 4676; x_wconf 89' lang='lat' dir='ltr'>jurando</span> <span class='ocrx_word' id='word_1_367' title='bbox 666 4606 732 4682; x_wconf 93' lang='lat' dir='ltr'>per</span> <span class='ocrx_word' id='word_1_368' title='bbox 742 4606 869 4656; x_wconf 88' lang='lat' dir='ltr'>canem</span> <span class='ocrx_word' id='word_1_369' title='bbox 880 4583 1089 4681; x_wconf 87' lang='lat' dir='ltr'>quemlibet,</span> <span class='ocrx_word' id='word_1_370' title='bbox 1105 4599 1165 4656; x_wconf 90' lang='lat' dir='ltr'>aut</span> <span class='ocrx_word' id='word_1_371' title='bbox 1177 4584 1348 4683; x_wconf 87' lang='lat' dir='ltr'>lapidem,</span> <span class='ocrx_word' id='word_1_372' title='bbox 1360 4598 1397 4657; x_wconf 93' lang='lat' dir='ltr'>et</span> <span class='ocrx_word' id='word_1_373' title='bbox 1407 4585 1584 4684; x_wconf 92' lang='lat' dir='ltr'>quidquid</span> <span class='ocrx_word' id='word_1_374' title='bbox 1591 4585 1756 4682; x_wconf 86' lang='lat' dir='ltr'>juraturo</span> <span class='ocrx_word' id='word_1_375' title='bbox 1767 4583 1871 4680; x_wconf 78' lang='lat' dir='ltr'>quasi</span> <span class='ocrx_word' id='word_1_376' title='bbox 1882 4582 1929 4655; x_wconf 90' lang='lat' dir='ltr'>ad</span> <span class='ocrx_word' id='word_1_377' title='bbox 1939 4603 2091 4652; x_wconf 80' lang='lat' dir='ltr'>manum</span> 
     </span>
     <span class='ocr_line' id='line_1_36' title="bbox 499 4698 2092 4803; baseline 0.001 -36"><span class='ocrx_word' id='word_1_378' title='bbox 499 4699 725 4773; x_wconf 89' lang='lat' dir='ltr'>occurrisset.</span> <span class='ocrx_word' id='word_1_379' title='bbox 740 4699 857 4773; x_wconf 92' lang='lat' dir='ltr'>Credo</span> <span class='ocrx_word' id='word_1_380' title='bbox 871 4700 1088 4798; x_wconf 84' lang='lat' dir='ltr'>intelligebat</span> <span class='ocrx_word' id='word_1_381' title='bbox 1108 4702 1374 4800; x_wconf 82' lang='lat' dir='ltr'>qualiacunque</span> <span class='ocrx_word' id='word_1_382' title='bbox 1393 4727 1505 4803; x_wconf 90' lang='lat' dir='ltr'>opera</span> <span class='ocrx_word' id='word_1_383' title='bbox 1531 4718 1687 4796; x_wconf 84' lang='lat' dir='ltr'>naturae,</span> <span class='ocrx_word' id='word_1_384' title='bbox 1716 4725 1795 4799; x_wconf 85' lang='lat' dir='ltr'>quae</span> <span class='ocrx_word' id='word_1_385' title='bbox 1819 4698 2092 4773; x_wconf 90' lang='lat' dir='ltr'>administrante</span> 
     </span>
     <span class='ocr_line' id='line_1_37' title="bbox 500 4815 2093 4919; baseline -0.001 -31"><span class='ocrx_word' id='word_1_386' title='bbox 500 4815 624 4891; x_wconf 87' lang='lat' dir='ltr'>divina</span> <span class='ocrx_word' id='word_1_387' title='bbox 639 4818 865 4918; x_wconf 88' lang='lat' dir='ltr'>providentia</span> <span class='ocrx_word' id='word_1_388' title='bbox 879 4825 1123 4916; x_wconf 72' lang='lat' dir='ltr'>generentur⁸,</span> <span class='ocrx_word' id='word_1_389' title='bbox 1147 4823 1262 4894; x_wconf 90' lang='lat' dir='ltr'>multo</span> <span class='ocrx_word' id='word_1_390' title='bbox 1280 4845 1390 4919; x_wconf 89' lang='lat' dir='ltr'>quam</span> <span class='ocrx_word' id='word_1_391' title='bbox 1405 4822 1595 4896; x_wconf 88' lang='lat' dir='ltr'>hominurn</span> <span class='ocrx_word' id='word_1_392' title='bbox 1612 4820 1782 4912; x_wconf 90' lang='lat' dir='ltr'>meliora,</span> <span class='ocrx_word' id='word_1_393' title='bbox 1807 4834 1844 4892; x_wconf 91' lang='lat' dir='ltr'>et</span> <span class='ocrx_word' id='word_1_394' title='bbox 1858 4817 1941 4891; x_wconf 92' lang='lat' dir='ltr'>ideo</span> <span class='ocrx_word' id='word_1_395' title='bbox 1959 4816 2093 4891; x_wconf 82' lang='lat' dir='ltr'>divinis</span> 
     </span>
    </p>
   </div>
   <div class='ocr_carea' id='block_1_3' title="bbox 535 5078 1787 5148">
    <p class='ocr_par' dir='ltr' id='par_1_3' title="bbox 535 5078 1787 5148">
     <span class='ocr_line' id='line_1_38' title="bbox 535 5078 1787 5148; baseline -0.001 -20"><span class='ocrx_word' id='word_1_396' title='bbox 535 5081 540 5106; x_wconf 83' lang='lat'><strong>¹</strong></span> <span class='ocrx_word' id='word_1_397' title='bbox 554 5078 638 5142; x_wconf 68' lang='lat' dir='ltr'>ssent,</span> <span class='ocrx_word' id='word_1_398' title='bbox 650 5095 705 5145; x_wconf 81' lang='lat' dir='ltr'>cap.</span> <span class='ocrx_word' id='word_1_399' title='bbox 718 5093 738 5145; x_wconf 88' lang='lat' dir='ltr'>t,</span> <span class='ocrx_word' id='word_1_400' title='bbox 753 5096 776 5133; x_wconf 84' lang='lat' dir='ltr'>r.</span> <span class='ocrx_word' id='word_1_401' title='bbox 789 5084 971 5144; x_wconf 78' lang='lat' dir='ltr'>at.-²1ttu.‚</span> <span class='ocrx_word' id='word_1_402' title='bbox 988 5099 1010 5134; x_wconf 59' lang='lat' dir='ltr'>t⁴</span> <span class='ocrx_word' id='word_1_403' title='bbox 1022 5088 1061 5137; x_wconf 74' lang='lat' dir='ltr'>tt.</span> <span class='ocrx_word' id='word_1_404' title='bbox 1074 5111 1099 5121; x_wconf 91' lang='lat'>-</span> <span class='ocrx_word' id='word_1_405' title='bbox 1115 5085 1209 5148; x_wconf 84' lang='lat' dir='ltr'>³Opp.‚</span> <span class='ocrx_word' id='word_1_406' title='bbox 1226 5093 1243 5133; x_wconf 90' lang='lat' dir='ltr'>t.</span> <span class='ocrx_word' id='word_1_407' title='bbox 1262 5085 1283 5145; x_wconf 90' lang='lat' dir='ltr'>l,</span> <span class='ocrx_word' id='word_1_408' title='bbox 1296 5087 1343 5135; x_wconf 81' lang='lat' dir='ltr'>col.</span> <span class='ocrx_word' id='word_1_409' title='bbox 1356 5086 1409 5134; x_wconf 73' lang='lat' dir='ltr'>tlt.</span> <span class='ocrx_word' id='word_1_410' title='bbox 1426 5109 1456 5120; x_wconf 89' lang='lat'>-</span> <span class='ocrx_word' id='word_1_411' title='bbox 1471 5082 1554 5144; x_wconf 61' lang='lat' dir='ltr'>‘tege</span> <span class='ocrx_word' id='word_1_412' title='bbox 1567 5102 1574 5131; x_wconf 70' lang='grc' dir='ltr'><strong><em>ε</em></strong></span> <span class='ocrx_word' id='word_1_413' title='bbox 1587 5085 1759 5145; x_wconf 66' lang='lat' dir='ltr'>pignerentur.</span> <span class='ocrx_word' id='word_1_414' title='bbox 1777 5093 1787 5103; x_wconf 92' lang='lat'><strong>·</strong></span> 
     </span>
    </p>
   </div>
   <div class='ocr_carea' id='block_1_4' title="bbox 0 0 2298 6100">
    <p class='ocr_par' dir='ltr' id='par_1_4' title="bbox 0 0 2298 6100">
     <span class='ocr_line' id='line_1_39' title="bbox 0 0 2298 6100; baseline 0 0"><span class='ocrx_word' id='word_1_415' title='bbox 0 0 2298 6100; x_wconf 95' lang='lat' dir='ltr'> </span> 
     </span>
    </p>
   </div>
  </div>
 </body>
</html>
