<?xml version="1.0" encoding="UTF-8"?>
<!DOCTYPE html PUBLIC "-//W3C//DTD XHTML 1.0 Transitional//EN"
    "http://www.w3.org/TR/xhtml1/DTD/xhtml1-transitional.dtd">
<html xmlns="http://www.w3.org/1999/xhtml" xml:lang="en" lang="en">
 <head>
  <title>
</title>
<meta http-equiv="Content-Type" content="text/html;charset=utf-8" />
  <meta name='ocr-system' content='tesseract 3.04.00' />
  <meta name='ocr-capabilities' content='ocr_page ocr_carea ocr_par ocr_line ocrx_word'/>
</head>
<body>
  <div class='ocr_page' id='page_1' title='image "./petriablardiope00despgoog_0286.png"; bbox 0 0 4559 6100; ppageno 0'>
   <div class='ocr_carea' id='block_1_1' title="bbox 473 488 1465 568">
    <p class='ocr_par' dir='ltr' id='par_1_1' title="bbox 473 488 1465 568">
     <span class='ocr_line' id='line_1_1' title="bbox 473 488 1465 568; baseline -0.006 -2"><span class='ocrx_word' id='word_1_1' title='bbox 473 492 548 568; x_wconf 69' lang='lat'>264</span> <span class='ocrx_word' id='word_1_2' title='bbox 1075 488 1206 560; x_wconf 82' lang='lat' dir='ltr'>PETRI</span> <span class='ocrx_word' id='word_1_3' title='bbox 1231 488 1465 562; x_wconf 76' lang='lat' dir='ltr'>tssAEttttut</span> 
     </span>
    </p>
   </div>
   <div class='ocr_carea' id='block_1_2' title="bbox 410 634 2074 1093">
    <p class='ocr_par' dir='ltr' id='par_1_2' title="bbox 410 634 2074 952">
     <span class='ocr_line' id='line_1_2' title="bbox 410 634 2074 738; baseline 0.001 -27"><span class='ocrx_word' id='word_1_4' title='bbox 410 713 414 722; x_wconf 79' lang='grc'><em>,</em></span> <span class='ocrx_word' id='word_1_5' title='bbox 473 663 558 738; x_wconf 88' lang='lat' dir='ltr'>qua,</span> <span class='ocrx_word' id='word_1_6' title='bbox 579 661 654 710; x_wconf 93' lang='lat' dir='ltr'>non</span> <span class='ocrx_word' id='word_1_7' title='bbox 681 635 910 736; x_wconf 81' lang='lat' dir='ltr'>perfectionis</span> <span class='ocrx_word' id='word_1_8' title='bbox 933 635 1019 709; x_wconf 89' lang='lat' dir='ltr'>dare</span> <span class='ocrx_word' id='word_1_9' title='bbox 1048 635 1249 709; x_wconf 90' lang='lat' dir='ltr'>mandata:</span> <span class='ocrx_word' id='word_1_10' title='bbox 1277 649 1319 708; x_wconf 92' lang='lat' dir='ltr'>ut</span> <span class='ocrx_word' id='word_1_11' title='bbox 1341 636 1466 709; x_wconf 89' lang='lat' dir='ltr'>saltem</span> <span class='ocrx_word' id='word_1_12' title='bbox 1493 636 1530 707; x_wconf 93' lang='lat' dir='ltr'>in</span> <span class='ocrx_word' id='word_1_13' title='bbox 1554 634 1676 734; x_wconf 92' lang='lat' dir='ltr'>aliquo</span> <span class='ocrx_word' id='word_1_14' title='bbox 1701 637 1901 712; x_wconf 83' lang='lat' dir='ltr'>addisceret</span> <span class='ocrx_word' id='word_1_15' title='bbox 1925 637 2074 714; x_wconf 87' lang='lat' dir='ltr'>obedire</span> 
     </span>
     <span class='ocr_line' id='line_1_3' title="bbox 472 754 2073 857; baseline 0.001 -26"><span class='ocrx_word' id='word_1_16' title='bbox 472 759 537 857; x_wconf 92' lang='lat' dir='ltr'>qui</span> <span class='ocrx_word' id='word_1_17' title='bbox 550 757 686 831; x_wconf 88' lang='lat' dir='ltr'>nullam</span> <span class='ocrx_word' id='word_1_18' title='bbox 702 755 836 851; x_wconf 91' lang='lat' dir='ltr'>adhuc,</span> <span class='ocrx_word' id='word_1_19' title='bbox 854 768 917 829; x_wconf 90' lang='lat' dir='ltr'>aut</span> <span class='ocrx_word' id='word_1_20' title='bbox 933 780 1026 855; x_wconf 89' lang='lat' dir='ltr'>pene</span> <span class='ocrx_word' id='word_1_21' title='bbox 1051 756 1189 829; x_wconf 89' lang='lat' dir='ltr'>nullam</span> <span class='ocrx_word' id='word_1_22' title='bbox 1209 770 1376 854; x_wconf 86' lang='lat' dir='ltr'>expertus</span> <span class='ocrx_word' id='word_1_23' title='bbox 1396 755 1510 829; x_wconf 83' lang='lat' dir='ltr'>luerat</span> <span class='ocrx_word' id='word_1_24' title='bbox 1530 754 1786 853; x_wconf 81' lang='lat' dir='ltr'>obedientiam,</span> <span class='ocrx_word' id='word_1_25' title='bbox 1813 773 1854 831; x_wconf 93' lang='lat' dir='ltr'>ut</span> <span class='ocrx_word' id='word_1_26' title='bbox 1869 764 1980 834; x_wconf 85' lang='lat' dir='ltr'>Poeta</span> <span class='ocrx_word' id='word_1_27' title='bbox 1995 785 2073 833; x_wconf 88' lang='lat' dir='ltr'>mc·</span> 
     </span>
     <span class='ocr_line' id='line_1_4' title="bbox 474 878 626 952; baseline -0.02 0"><span class='ocrx_word' id='word_1_28' title='bbox 474 878 579 952; x_wconf 88' lang='lat' dir='ltr'>minit</span> <span class='ocrx_word' id='word_1_29' title='bbox 593 882 626 949; x_wconf 84' lang='lat'>¹:</span> 
     </span>
    </p>

    <p class='ocr_par' dir='ltr' id='par_1_3' title="bbox 743 1000 1582 1093">
     <span class='ocr_line' id='line_1_5' title="bbox 743 1000 1582 1093; baseline 0 -26"><span class='ocrx_word' id='word_1_30' title='bbox 743 1003 801 1068; x_wconf 86' lang='lat' dir='ltr'>Est</span> <span class='ocrx_word' id='word_1_31' title='bbox 816 1001 957 1093; x_wconf 88' lang='lat' dir='ltr'>quadam</span> <span class='ocrx_word' id='word_1_32' title='bbox 971 1001 1104 1093; x_wconf 88' lang='lat' dir='ltr'>prodire</span> <span class='ocrx_word' id='word_1_33' title='bbox 1119 1016 1233 1084; x_wconf 85' lang='lat' dir='ltr'>tenus,</span> <span class='ocrx_word' id='word_1_34' title='bbox 1250 1002 1277 1065; x_wconf 92' lang='lat' dir='ltr'>si</span> <span class='ocrx_word' id='word_1_35' title='bbox 1292 1024 1360 1067; x_wconf 92' lang='lat' dir='ltr'>non</span> <span class='ocrx_word' id='word_1_36' title='bbox 1376 1000 1471 1066; x_wconf 88' lang='lat' dir='ltr'>datur</span> <span class='ocrx_word' id='word_1_37' title='bbox 1485 1000 1582 1067; x_wconf 87' lang='lat' dir='ltr'>ultra.</span> 
     </span>
    </p>
   </div>
   <div class='ocr_carea' id='block_1_3' title="bbox 353 1218 2086 4670">
    <p class='ocr_par' dir='ltr' id='par_1_4' title="bbox 353 1218 2086 4670">
     <span class='ocr_line' id='line_1_6' title="bbox 476 1218 2074 1319; baseline -0.001 -25"><span class='ocrx_word' id='word_1_38' title='bbox 476 1225 548 1294; x_wconf 88' lang='lat' dir='ltr'>Nec</span> <span class='ocrx_word' id='word_1_39' title='bbox 561 1245 630 1293; x_wconf 93' lang='lat' dir='ltr'>nos</span> <span class='ocrx_word' id='word_1_40' title='bbox 646 1245 729 1294; x_wconf 90' lang='lat' dir='ltr'>cum</span> <span class='ocrx_word' id='word_1_41' title='bbox 741 1220 905 1319; x_wconf 88' lang='lat' dir='ltr'>jumenta</span> <span class='ocrx_word' id='word_1_42' title='bbox 918 1219 1122 1313; x_wconf 90' lang='lat' dir='ltr'>domamus,</span> <span class='ocrx_word' id='word_1_43' title='bbox 1139 1243 1269 1315; x_wconf 90' lang='lat' dir='ltr'>magna</span> <span class='ocrx_word' id='word_1_44' title='bbox 1294 1219 1346 1292; x_wconf 90' lang='lat' dir='ltr'>eis</span> <span class='ocrx_word' id='word_1_45' title='bbox 1373 1243 1486 1293; x_wconf 88' lang='lat' dir='ltr'>onera</span> <span class='ocrx_word' id='word_1_46' title='bbox 1511 1218 1671 1318; x_wconf 92' lang='lat' dir='ltr'>primum</span> <span class='ocrx_word' id='word_1_47' title='bbox 1692 1218 1927 1318; x_wconf 86' lang='lat' dir='ltr'>imponimus,</span> <span class='ocrx_word' id='word_1_48' title='bbox 1951 1219 2015 1292; x_wconf 86' lang='lat' dir='ltr'>sed</span> <span class='ocrx_word' id='word_1_49' title='bbox 2035 1220 2074 1293; x_wconf 88' lang='lat' dir='ltr'>in</span> 
     </span>
     <span class='ocr_line' id='line_1_7' title="bbox 353 1325 2075 1442; baseline -0.002 -29"><span class='ocrx_word' id='word_1_50' title='bbox 353 1325 365 1346; x_wconf 73' lang='lat'><em>‘</em></span> <span class='ocrx_word' id='word_1_51' title='bbox 474 1341 593 1442; x_wconf 91' lang='lat' dir='ltr'>parvis</span> <span class='ocrx_word' id='word_1_52' title='bbox 621 1365 748 1414; x_wconf 90' lang='lat' dir='ltr'>eorum</span> <span class='ocrx_word' id='word_1_53' title='bbox 771 1340 936 1439; x_wconf 91' lang='lat' dir='ltr'>primitus</span> <span class='ocrx_word' id='word_1_54' title='bbox 960 1339 1151 1412; x_wconf 82' lang='lat' dir='ltr'><strong>excitatam</strong></span> <span class='ocrx_word' id='word_1_55' title='bbox 1176 1339 1404 1412; x_wconf 80' lang='lat' dir='ltr'>insolentiam</span> <span class='ocrx_word' id='word_1_56' title='bbox 1433 1339 1480 1412; x_wconf 91' lang='lat' dir='ltr'>ad</span> <span class='ocrx_word' id='word_1_57' title='bbox 1510 1363 1641 1437; x_wconf 84' lang='lat' dir='ltr'>magna</span> <span class='ocrx_word' id='word_1_58' title='bbox 1666 1338 1879 1440; x_wconf 79' lang='lat' dir='ltr'>perferenda</span> <span class='ocrx_word' id='word_1_59' title='bbox 1900 1338 2075 1438; x_wconf 87' lang='lat' dir='ltr'>paulatim</span> 
     </span>
     <span class='ocr_line' id='line_1_8' title="bbox 476 1457 2076 1557; baseline -0.003 -23"><span class='ocrx_word' id='word_1_60' title='bbox 476 1460 726 1535; x_wconf 87' lang='lat' dir='ltr'>conducimus.</span> <span class='ocrx_word' id='word_1_61' title='bbox 745 1459 934 1533; x_wconf 88' lang='lat' dir='ltr'>Credimus</span> <span class='ocrx_word' id='word_1_62' title='bbox 949 1473 1067 1532; x_wconf 71' lang='lat' dir='ltr'>umen</span> <span class='ocrx_word' id='word_1_63' title='bbox 1085 1483 1148 1531; x_wconf 93' lang='lat' dir='ltr'>eos</span> <span class='ocrx_word' id='word_1_64' title='bbox 1165 1483 1293 1532; x_wconf 89' lang='lat' dir='ltr'>omnes</span> <span class='ocrx_word' id='word_1_65' title='bbox 1308 1459 1371 1557; x_wconf 92' lang='lat' dir='ltr'>qui</span> <span class='ocrx_word' id='word_1_66' title='bbox 1385 1457 1649 1557; x_wconf 78' lang='lat' dir='ltr'>imperfectioni</span> <span class='ocrx_word' id='word_1_67' title='bbox 1666 1458 1923 1532; x_wconf 87' lang='lat' dir='ltr'>mandatorum</span> <span class='ocrx_word' id='word_1_68' title='bbox 1951 1481 2076 1530; x_wconf 87' lang='lat' dir='ltr'>amore</span> 
     </span>
     <span class='ocr_line' id='line_1_9' title="bbox 474 1575 2075 1682; baseline -0.003 -29"><span class='ocrx_word' id='word_1_69' title='bbox 474 1582 542 1653; x_wconf 88' lang='lat' dir='ltr'>Dei</span> <span class='ocrx_word' id='word_1_70' title='bbox 566 1582 687 1682; x_wconf 91' lang='lat' dir='ltr'>potius</span> <span class='ocrx_word' id='word_1_71' title='bbox 710 1604 821 1679; x_wconf 88' lang='lat' dir='ltr'>quarn</span> <span class='ocrx_word' id='word_1_72' title='bbox 836 1581 966 1653; x_wconf 89' lang='lat' dir='ltr'>timore</span> <span class='ocrx_word' id='word_1_73' title='bbox 989 1575 1301 1678; x_wconf 84' lang='lat' dir='ltr'>obtemperabant,</span> <span class='ocrx_word' id='word_1_74' title='bbox 1321 1592 1405 1651; x_wconf 89' lang='lat' dir='ltr'>ante</span> <span class='ocrx_word' id='word_1_75' title='bbox 1421 1577 1518 1651; x_wconf 87' lang='lat' dir='ltr'>diem</span> <span class='ocrx_word' id='word_1_76' title='bbox 1536 1578 1593 1651; x_wconf 90' lang='lat' dir='ltr'>sui</span> <span class='ocrx_word' id='word_1_77' title='bbox 1607 1580 1734 1668; x_wconf 86' lang='lat' dir='ltr'>exitus,</span> <span class='ocrx_word' id='word_1_78' title='bbox 1758 1576 1859 1677; x_wconf 93' lang='lat' dir='ltr'>quod</span> <span class='ocrx_word' id='word_1_79' title='bbox 1881 1576 1928 1649; x_wconf 88' lang='lat' dir='ltr'>de</span> <span class='ocrx_word' id='word_1_80' title='bbox 1957 1577 2075 1677; x_wconf 84' lang='lat' dir='ltr'>perse·</span> 
     </span>
     <span class='ocr_line' id='line_1_10' title="bbox 475 1694 2076 1800; baseline -0.001 -27"><span class='ocrx_word' id='word_1_81' title='bbox 475 1701 596 1773; x_wconf 85' lang='lat' dir='ltr'>ctione</span> <span class='ocrx_word' id='word_1_82' title='bbox 612 1702 682 1773; x_wconf 91' lang='lat' dir='ltr'>eis¹</span> <span class='ocrx_word' id='word_1_83' title='bbox 694 1725 758 1800; x_wconf 86' lang='lat' dir='ltr'>per</span> <span class='ocrx_word' id='word_1_84' title='bbox 772 1700 1010 1798; x_wconf 83' lang='lat' dir='ltr'>ignorantiam</span> <span class='ocrx_word' id='word_1_85' title='bbox 1026 1699 1161 1793; x_wconf 88' lang='lat' dir='ltr'>deerat,</span> <span class='ocrx_word' id='word_1_86' title='bbox 1174 1698 1273 1798; x_wconf 94' lang='lat' dir='ltr'>quod</span> <span class='ocrx_word' id='word_1_87' title='bbox 1285 1698 1342 1771; x_wconf 90' lang='lat' dir='ltr'>lex</span> <span class='ocrx_word' id='word_1_88' title='bbox 1353 1711 1526 1793; x_wconf 85' lang='lat' dir='ltr'>tacuerat,</span> <span class='ocrx_word' id='word_1_89' title='bbox 1541 1698 1598 1771; x_wconf 90' lang='lat' dir='ltr'>vel</span> <span class='ocrx_word' id='word_1_90' title='bbox 1607 1723 1672 1798; x_wconf 90' lang='lat' dir='ltr'>per</span> <span class='ocrx_word' id='word_1_91' title='bbox 1685 1699 1908 1798; x_wconf 87' lang='lat' dir='ltr'>spiritualem</span> <span class='ocrx_word' id='word_1_92' title='bbox 1918 1694 2076 1795; x_wconf 80' lang='lat' dir='ltr'>aliquem</span> 
     </span>
     <span class='ocr_line' id='line_1_11' title="bbox 476 1815 2077 1919; baseline -0.001 -27"><span class='ocrx_word' id='word_1_93' title='bbox 476 1819 677 1911; x_wconf 90' lang='lat' dir='ltr'>doctorem,</span> <span class='ocrx_word' id='word_1_94' title='bbox 697 1820 752 1894; x_wconf 90' lang='lat' dir='ltr'>vel</span> <span class='ocrx_word' id='word_1_95' title='bbox 774 1844 840 1919; x_wconf 91' lang='lat' dir='ltr'>per</span> <span class='ocrx_word' id='word_1_96' title='bbox 862 1820 1042 1892; x_wconf 90' lang='lat' dir='ltr'>internam</span> <span class='ocrx_word' id='word_1_97' title='bbox 1067 1818 1198 1892; x_wconf 87' lang='lat' dir='ltr'>divinae</span> <span class='ocrx_word' id='word_1_98' title='bbox 1223 1818 1343 1916; x_wconf 87' lang='lat' dir='ltr'>gratiae</span> <span class='ocrx_word' id='word_1_99' title='bbox 1368 1818 1641 1918; x_wconf 90' lang='lat' dir='ltr'>inspirationem</span> <span class='ocrx_word' id='word_1_100' title='bbox 1667 1819 1738 1891; x_wconf 85' lang='lat' dir='ltr'>eis⁸</span> <span class='ocrx_word' id='word_1_101' title='bbox 1762 1816 1924 1890; x_wconf 83' lang='lat' dir='ltr'>revelari.</span> <span class='ocrx_word' id='word_1_102' title='bbox 1945 1815 2077 1890; x_wconf 86' lang='lat' dir='ltr'>Multos</span> 
     </span>
     <span class='ocr_line' id='line_1_12' title="bbox 476 1936 2077 2039; baseline -0.001 -28"><span class='ocrx_word' id='word_1_103' title='bbox 476 1940 611 2039; x_wconf 90' lang='lat' dir='ltr'>quippe</span> <span class='ocrx_word' id='word_1_104' title='bbox 628 1939 795 2011; x_wconf 90' lang='lat' dir='ltr'>homines</span> <span class='ocrx_word' id='word_1_105' title='bbox 815 1938 1029 2039; x_wconf 88' lang='lat' dir='ltr'>spirituales,</span> <span class='ocrx_word' id='word_1_106' title='bbox 1051 1953 1161 2037; x_wconf 90' lang='lat' dir='ltr'>atque</span> <span class='ocrx_word' id='word_1_107' title='bbox 1179 1939 1258 2037; x_wconf 87' lang='lat' dir='ltr'>jam</span> <span class='ocrx_word' id='word_1_108' title='bbox 1277 1962 1344 2037; x_wconf 91' lang='lat' dir='ltr'>per</span> <span class='ocrx_word' id='word_1_109' title='bbox 1366 1938 1640 2038; x_wconf 81' lang='lat' dir='ltr'>inspirationem</span> <span class='ocrx_word' id='word_1_110' title='bbox 1668 1936 1833 2011; x_wconf 87' lang='lat' dir='ltr'>doctrina</span> <span class='ocrx_word' id='word_1_111' title='bbox 1857 1938 2077 2034; x_wconf 75' lang='lat' dir='ltr'>Evangelicoe</span> 
     </span>
     <span class='ocr_line' id='line_1_13' title="bbox 476 2056 2078 2158; baseline -0.001 -27"><span class='ocrx_word' id='word_1_112' title='bbox 476 2058 740 2158; x_wconf 74' lang='lat' dir='ltr'>praedicationis</span> <span class='ocrx_word' id='word_1_113' title='bbox 751 2059 943 2132; x_wconf 90' lang='lat' dir='ltr'>instructos</span> <span class='ocrx_word' id='word_1_114' title='bbox 953 2061 1054 2158; x_wconf 88' lang='lat' dir='ltr'>prior</span> <span class='ocrx_word' id='word_1_115' title='bbox 1065 2058 1124 2131; x_wconf 86' lang='lat' dir='ltr'>ille</span> <span class='ocrx_word' id='word_1_116' title='bbox 1135 2058 1294 2158; x_wconf 88' lang='lat' dir='ltr'>populus</span> <span class='ocrx_word' id='word_1_117' title='bbox 1309 2056 1469 2152; x_wconf 79' lang='lat' dir='ltr'>ltabuit‘,</span> <span class='ocrx_word' id='word_1_118' title='bbox 1485 2058 1548 2156; x_wconf 89' lang='lat' dir='ltr'>qui</span> <span class='ocrx_word' id='word_1_119' title='bbox 1562 2058 1672 2131; x_wconf 90' lang='lat' dir='ltr'>etiam</span> <span class='ocrx_word' id='word_1_120' title='bbox 1688 2057 1918 2133; x_wconf 90' lang='lat' dir='ltr'>inimicorum</span> <span class='ocrx_word' id='word_1_121' title='bbox 1931 2081 2078 2155; x_wconf 90' lang='lat' dir='ltr'>quoque</span> 
     </span>
     <span class='ocr_line' id='line_1_14' title="bbox 477 2176 2078 2278; baseline -0.001 -27"><span class='ocrx_word' id='word_1_122' title='bbox 477 2176 721 2271; x_wconf 90' lang='lat' dir='ltr'>dilectionem,</span> <span class='ocrx_word' id='word_1_123' title='bbox 737 2203 813 2251; x_wconf 89' lang='lat' dir='ltr'>non</span> <span class='ocrx_word' id='word_1_124' title='bbox 828 2178 948 2251; x_wconf 93' lang='lat' dir='ltr'>solum</span> <span class='ocrx_word' id='word_1_125' title='bbox 966 2179 1122 2278; x_wconf 90' lang='lat' dir='ltr'>scriptis,</span> <span class='ocrx_word' id='word_1_126' title='bbox 1138 2201 1267 2251; x_wconf 90' lang='lat' dir='ltr'>verum</span> <span class='ocrx_word' id='word_1_127' title='bbox 1282 2178 1390 2252; x_wconf 87' lang='lat' dir='ltr'>etium</span> <span class='ocrx_word' id='word_1_128' title='bbox 1405 2177 1509 2252; x_wconf 82' lang='lat' dir='ltr'>lactis</span> <span class='ocrx_word' id='word_1_129' title='bbox 1523 2177 1721 2277; x_wconf 89' lang='lat' dir='ltr'>plurimum</span> <span class='ocrx_word' id='word_1_130' title='bbox 1738 2176 1954 2250; x_wconf 88' lang='lat' dir='ltr'>docuerunt.</span> <span class='ocrx_word' id='word_1_131' title='bbox 1972 2176 2078 2249; x_wconf 92' lang='lat' dir='ltr'>Unde</span> 
     </span>
     <span class='ocr_line' id='line_1_15' title="bbox 476 2296 2074 2397; baseline -0.002 -26"><span class='ocrx_word' id='word_1_132' title='bbox 476 2298 663 2372; x_wconf 89' lang='lat' dir='ltr'>Psalmista</span> <span class='ocrx_word' id='word_1_133' title='bbox 678 2302 709 2370; x_wconf 79' lang='lat'>⁸:</span> <span class='ocrx_word' id='word_1_134' title='bbox 727 2299 793 2370; x_wconf 87' lang='lat' dir='ltr'>«Si</span> <span class='ocrx_word' id='word_1_135' title='bbox 807 2297 963 2391; x_wconf 90' lang='lat' dir='ltr'>reddidi,</span> <span class='ocrx_word' id='word_1_136' title='bbox 980 2328 998 2366; x_wconf 77' lang='lat'>2&gt;</span> <span class='ocrx_word' id='word_1_137' title='bbox 1012 2298 1144 2397; x_wconf 89' lang='lat' dir='ltr'>inquit,</span> <span class='ocrx_word' id='word_1_138' title='bbox 1165 2296 1474 2372; x_wconf 81' lang='lat' dir='ltr'>«retribuentibus</span> <span class='ocrx_word' id='word_1_139' title='bbox 1490 2299 1580 2371; x_wconf 92' lang='lat' dir='ltr'>mihi</span> <span class='ocrx_word' id='word_1_140' title='bbox 1595 2297 1703 2392; x_wconf 70' lang='lat' dir='ltr'>mma,</span> <span class='ocrx_word' id='word_1_141' title='bbox 1721 2312 1824 2371; x_wconf 74' lang='lat' dir='ltr'>etc.»</span> <span class='ocrx_word' id='word_1_142' title='bbox 1843 2301 1887 2370; x_wconf 83' lang='lat' dir='ltr'>Et</span> <span class='ocrx_word' id='word_1_143' title='bbox 1899 2298 2028 2370; x_wconf 89' lang='lat' dir='ltr'>iterum</span> <span class='ocrx_word' id='word_1_144' title='bbox 2042 2299 2055 2336; x_wconf 77' lang='grc'><strong>’</strong></span> <span class='ocrx_word' id='word_1_145' title='bbox 2064 2320 2074 2368; x_wconf 89' lang='lat'>:</span> 
     </span>
     <span class='ocr_line' id='line_1_16' title="bbox 478 2405 2076 2518; baseline 0.003 -34"><span class='ocrx_word' id='word_1_146' title='bbox 478 2448 496 2484; x_wconf 74' lang='grc' dir='ltr'><strong>α</strong></span> <span class='ocrx_word' id='word_1_147' title='bbox 518 2422 611 2490; x_wconf 89' lang='lat' dir='ltr'>Cum</span> <span class='ocrx_word' id='word_1_148' title='bbox 633 2418 691 2492; x_wconf 90' lang='lat' dir='ltr'>his</span> <span class='ocrx_word' id='word_1_149' title='bbox 720 2418 784 2516; x_wconf 92' lang='lat' dir='ltr'>qui</span> <span class='ocrx_word' id='word_1_150' title='bbox 810 2418 967 2492; x_wconf 86' lang='lat' dir='ltr'>oderunt</span> <span class='ocrx_word' id='word_1_151' title='bbox 990 2405 1118 2518; x_wconf 81' lang='lat' dir='ltr'>pacem</span> <span class='ocrx_word' id='word_1_152' title='bbox 1144 2441 1244 2491; x_wconf 88' lang='lat' dir='ltr'>eram</span> <span class='ocrx_word' id='word_1_153' title='bbox 1266 2417 1448 2518; x_wconf 87' lang='lat' dir='ltr'>pacificus.</span> <span class='ocrx_word' id='word_1_154' title='bbox 1477 2449 1496 2487; x_wconf 84' lang='lat'><strong>»</strong></span> <span class='ocrx_word' id='word_1_155' title='bbox 1525 2419 1597 2507; x_wconf 94' lang='lat' dir='ltr'>Qui</span> <span class='ocrx_word' id='word_1_156' title='bbox 1619 2419 1729 2491; x_wconf 84' lang='lat' dir='ltr'>etiam</span> <span class='ocrx_word' id='word_1_157' title='bbox 1753 2418 1943 2491; x_wconf 92' lang='lat' dir='ltr'>inimicum</span> <span class='ocrx_word' id='word_1_158' title='bbox 1969 2441 2076 2489; x_wconf 92' lang='lat' dir='ltr'>suum</span> 
     </span>
     <span class='ocr_line' id='line_1_17' title="bbox 474 2536 2078 2629; baseline 0 -21"><span class='ocrx_word' id='word_1_159' title='bbox 474 2538 617 2611; x_wconf 87' lang='lat' dir='ltr'>Saulem</span> <span class='ocrx_word' id='word_1_160' title='bbox 629 2536 697 2610; x_wconf 88' lang='lat' dir='ltr'>sibi</span> <span class='ocrx_word' id='word_1_161' title='bbox 714 2561 735 2610; x_wconf 90' lang='lat' dir='ltr'>a</span> <span class='ocrx_word' id='word_1_162' title='bbox 753 2538 912 2610; x_wconf 92' lang='lat' dir='ltr'>Domino</span> <span class='ocrx_word' id='word_1_163' title='bbox 929 2538 968 2608; x_wconf 95' lang='lat' dir='ltr'>in</span> <span class='ocrx_word' id='word_1_164' title='bbox 981 2560 1110 2610; x_wconf 86' lang='lat' dir='ltr'>manns</span> <span class='ocrx_word' id='word_1_165' title='bbox 1122 2536 1297 2610; x_wconf 88' lang='lat' dir='ltr'>traditum</span> <span class='ocrx_word' id='word_1_166' title='bbox 1314 2562 1391 2611; x_wconf 93' lang='lat' dir='ltr'>non</span> <span class='ocrx_word' id='word_1_167' title='bbox 1408 2536 1526 2610; x_wconf 91' lang='lat' dir='ltr'>solum</span> <span class='ocrx_word' id='word_1_168' title='bbox 1540 2562 1615 2610; x_wconf 92' lang='lat' dir='ltr'>non</span> <span class='ocrx_word' id='word_1_169' title='bbox 1633 2536 1779 2629; x_wconf 90' lang='lat' dir='ltr'>occidit,</span> <span class='ocrx_word' id='word_1_170' title='bbox 1801 2536 1864 2610; x_wconf 92' lang='lat' dir='ltr'>sed</span> <span class='ocrx_word' id='word_1_171' title='bbox 1884 2538 1992 2609; x_wconf 90' lang='lat' dir='ltr'>etiam</span> <span class='ocrx_word' id='word_1_172' title='bbox 2015 2559 2078 2608; x_wconf 91' lang='lat' dir='ltr'>oc·</span> 
     </span>
     <span class='ocr_line' id='line_1_18' title="bbox 475 2653 2078 2755; baseline -0.001 -29"><span class='ocrx_word' id='word_1_173' title='bbox 475 2657 590 2727; x_wconf 91' lang='lat' dir='ltr'>cisum</span> <span class='ocrx_word' id='word_1_174' title='bbox 605 2656 759 2752; x_wconf 90' lang='lat' dir='ltr'>graviter</span> <span class='ocrx_word' id='word_1_175' title='bbox 772 2656 922 2754; x_wconf 91' lang='lat' dir='ltr'>planxit,</span> <span class='ocrx_word' id='word_1_176' title='bbox 937 2669 973 2727; x_wconf 85' lang='lat' dir='ltr'>et</span> <span class='ocrx_word' id='word_1_177' title='bbox 990 2680 1075 2728; x_wconf 90' lang='lat' dir='ltr'>enm</span> <span class='ocrx_word' id='word_1_178' title='bbox 1092 2656 1207 2752; x_wconf 90' lang='lat' dir='ltr'>quise</span> <span class='ocrx_word' id='word_1_179' title='bbox 1224 2656 1300 2753; x_wconf 90' lang='lat' dir='ltr'>ejus</span> <span class='ocrx_word' id='word_1_180' title='bbox 1311 2658 1510 2729; x_wconf 89' lang='lat' dir='ltr'>occisorem</span> <span class='ocrx_word' id='word_1_181' title='bbox 1531 2656 1712 2755; x_wconf 78' lang='lat' dir='ltr'>professus</span> <span class='ocrx_word' id='word_1_182' title='bbox 1740 2671 1794 2728; x_wconf 87' lang='lat' dir='ltr'>est</span> <span class='ocrx_word' id='word_1_183' title='bbox 1813 2668 1929 2727; x_wconf 88' lang='lat' dir='ltr'>morte</span> <span class='ocrx_word' id='word_1_184' title='bbox 1954 2653 2078 2725; x_wconf 87' lang='lat' dir='ltr'>statim</span> 
     </span>
     <span class='ocr_line' id='line_1_19' title="bbox 474 2773 2080 2871; baseline 0 -26"><span class='ocrx_word' id='word_1_185' title='bbox 474 2774 628 2871; x_wconf 88' lang='lat' dir='ltr'>punivit.</span> <span class='ocrx_word' id='word_1_186' title='bbox 648 2773 819 2846; x_wconf 87' lang='lat' dir='ltr'>Salomon</span> <span class='ocrx_word' id='word_1_187' title='bbox 836 2798 984 2871; x_wconf 88' lang='lat' dir='ltr'>quoque</span> <span class='ocrx_word' id='word_1_188' title='bbox 996 2773 1273 2849; x_wconf 86' lang='lat' dir='ltr'>beneficentiam</span> <span class='ocrx_word' id='word_1_189' title='bbox 1287 2776 1324 2847; x_wconf 93' lang='lat' dir='ltr'>in</span> <span class='ocrx_word' id='word_1_190' title='bbox 1344 2776 1509 2848; x_wconf 91' lang='lat' dir='ltr'>inimicos</span> <span class='ocrx_word' id='word_1_191' title='bbox 1519 2774 1779 2848; x_wconf 85' lang='lat' dir='ltr'>commendans</span> <span class='ocrx_word' id='word_1_192' title='bbox 1795 2775 1889 2847; x_wconf 79' lang='lat' dir='ltr'>ait⁷z</span> <span class='ocrx_word' id='word_1_193' title='bbox 1907 2802 1924 2841; x_wconf 80' lang='lat' dir='ltr'>v</span> <span class='ocrx_word' id='word_1_194' title='bbox 1944 2773 1981 2843; x_wconf 90' lang='lat' dir='ltr'>Si</span> <span class='ocrx_word' id='word_1_195' title='bbox 1997 2796 2080 2845; x_wconf 87' lang='lat' dir='ltr'>esu·</span> 
     </span>
     <span class='ocr_line' id='line_1_20' title="bbox 475 2892 2080 2998; baseline 0.002 -34"><span class='ocrx_word' id='word_1_196' title='bbox 475 2892 575 2964; x_wconf 88' lang='lat' dir='ltr'>rierit</span> <span class='ocrx_word' id='word_1_197' title='bbox 588 2892 755 2966; x_wconf 91' lang='lat' dir='ltr'>inimicus</span> <span class='ocrx_word' id='word_1_198' title='bbox 768 2907 865 2987; x_wconf 88' lang='lat' dir='ltr'>tuus,</span> <span class='ocrx_word' id='word_1_199' title='bbox 881 2892 963 2966; x_wconf 90' lang='lat' dir='ltr'>ciba</span> <span class='ocrx_word' id='word_1_200' title='bbox 978 2893 1094 2991; x_wconf 92' lang='lat' dir='ltr'>illum,</span> <span class='ocrx_word' id='word_1_201' title='bbox 1114 2910 1183 2968; x_wconf 88' lang='lat' dir='ltr'>etc.</span> <span class='ocrx_word' id='word_1_202' title='bbox 1200 2927 1218 2964; x_wconf 70' lang='lat'>1&gt;</span> <span class='ocrx_word' id='word_1_203' title='bbox 1235 2900 1355 2994; x_wconf 89' lang='lat' dir='ltr'>Longe</span> <span class='ocrx_word' id='word_1_204' title='bbox 1372 2911 1492 2969; x_wconf 86' lang='lat' dir='ltr'>tamen</span> <span class='ocrx_word' id='word_1_205' title='bbox 1507 2896 1758 2998; x_wconf 78' lang='lat' dir='ltr'>aperientione</span> <span class='ocrx_word' id='word_1_206' title='bbox 1775 2894 1986 2992; x_wconf 85' lang='lat' dir='ltr'>Evangelica</span> <span class='ocrx_word' id='word_1_207' title='bbox 2002 2906 2080 2967; x_wconf 83' lang='lat' dir='ltr'>tum</span> 
     </span>
     <span class='ocr_line' id='line_1_21' title="bbox 475 3010 2079 3117; baseline 0.001 -33"><span class='ocrx_word' id='word_1_208' title='bbox 475 3010 563 3110; x_wconf 89' lang='lat' dir='ltr'>legis</span> <span class='ocrx_word' id='word_1_209' title='bbox 578 3036 687 3111; x_wconf 91' lang='lat' dir='ltr'>quam</span> <span class='ocrx_word' id='word_1_210' title='bbox 712 3011 975 3111; x_wconf 87' lang='lat' dir='ltr'>Prophetarum</span> <span class='ocrx_word' id='word_1_211' title='bbox 997 3013 1092 3089; x_wconf 88' lang='lat' dir='ltr'>dicta</span> <span class='ocrx_word' id='word_1_212' title='bbox 1110 3014 1289 3116; x_wconf 87' lang='lat' dir='ltr'>disjuncta</span> <span class='ocrx_word' id='word_1_213' title='bbox 1316 3030 1412 3090; x_wconf 89' lang='lat' dir='ltr'>sunt.</span> <span class='ocrx_word' id='word_1_214' title='bbox 1441 3015 1496 3089; x_wconf 78' lang='lat' dir='ltr'>td</span> <span class='ocrx_word' id='word_1_215' title='bbox 1518 3039 1630 3117; x_wconf 85' lang='lat' dir='ltr'>quam</span> <span class='ocrx_word' id='word_1_216' title='bbox 1648 3015 1797 3116; x_wconf 91' lang='lat' dir='ltr'>quidem</span> <span class='ocrx_word' id='word_1_217' title='bbox 1821 3013 2079 3115; x_wconf 86' lang='lat' dir='ltr'>perlectionem</span> 
     </span>
     <span class='ocr_line' id='line_1_22' title="bbox 476 3130 2081 3232; baseline 0.001 -29"><span class='ocrx_word' id='word_1_218' title='bbox 476 3130 670 3231; x_wconf 88' lang='lat' dir='ltr'>discipulos</span> <span class='ocrx_word' id='word_1_219' title='bbox 685 3131 880 3206; x_wconf 88' lang='lat' dir='ltr'>adhortans</span> <span class='ocrx_word' id='word_1_220' title='bbox 895 3135 1034 3208; x_wconf 91' lang='lat' dir='ltr'>Veritas</span> <span class='ocrx_word' id='word_1_221' title='bbox 1047 3135 1232 3209; x_wconf 85' lang='lat' dir='ltr'>dicebat⁸:</span> <span class='ocrx_word' id='word_1_222' title='bbox 1255 3138 1499 3212; x_wconf 82' lang='lat' dir='ltr'>«Mandatum</span> <span class='ocrx_word' id='word_1_223' title='bbox 1513 3161 1651 3210; x_wconf 90' lang='lat' dir='ltr'>novum</span> <span class='ocrx_word' id='word_1_224' title='bbox 1668 3136 1718 3210; x_wconf 94' lang='lat' dir='ltr'>do</span> <span class='ocrx_word' id='word_1_225' title='bbox 1735 3136 1850 3231; x_wconf 89' lang='lat' dir='ltr'>vobis,</span> <span class='ocrx_word' id='word_1_226' title='bbox 1872 3150 1914 3207; x_wconf 87' lang='lat' dir='ltr'>nt</span> <span class='ocrx_word' id='word_1_227' title='bbox 1927 3133 2081 3232; x_wconf 85' lang='lat' dir='ltr'>diligatis</span> 
     </span>
     <span class='ocr_line' id='line_1_23' title="bbox 475 3249 2080 3351; baseline 0.001 -28"><span class='ocrx_word' id='word_1_228' title='bbox 475 3249 641 3325; x_wconf 88' lang='lat' dir='ltr'>inimicos</span> <span class='ocrx_word' id='word_1_229' title='bbox 666 3265 819 3346; x_wconf 88' lang='lat' dir='ltr'>vestros,</span> <span class='ocrx_word' id='word_1_230' title='bbox 838 3254 930 3326; x_wconf 91' lang='lat' dir='ltr'>sicut</span> <span class='ocrx_word' id='word_1_231' title='bbox 951 3253 1060 3328; x_wconf 82' lang='lat' dir='ltr'>dilexi</span> <span class='ocrx_word' id='word_1_232' title='bbox 1076 3281 1156 3330; x_wconf 89' lang='lat' dir='ltr'>vos.</span> <span class='ocrx_word' id='word_1_233' title='bbox 1185 3285 1205 3326; x_wconf 75' lang='lat' dir='ltr'>a</span> <span class='ocrx_word' id='word_1_234' title='bbox 1233 3262 1316 3330; x_wconf 81' lang='lat' dir='ltr'>llaec</span> <span class='ocrx_word' id='word_1_235' title='bbox 1332 3273 1385 3330; x_wconf 86' lang='lat' dir='ltr'>est</span> <span class='ocrx_word' id='word_1_236' title='bbox 1399 3256 1459 3330; x_wconf 92' lang='lat' dir='ltr'>illa</span> <span class='ocrx_word' id='word_1_237' title='bbox 1475 3281 1559 3331; x_wconf 87' lang='lat' dir='ltr'>vera</span> <span class='ocrx_word' id='word_1_238' title='bbox 1574 3271 1611 3329; x_wconf 88' lang='lat' dir='ltr'>et</span> <span class='ocrx_word' id='word_1_239' title='bbox 1626 3257 1766 3330; x_wconf 87' lang='lat' dir='ltr'>sincera</span> <span class='ocrx_word' id='word_1_240' title='bbox 1787 3255 1948 3347; x_wconf 89' lang='lat' dir='ltr'>dilectio,</span> <span class='ocrx_word' id='word_1_241' title='bbox 1969 3276 2080 3351; x_wconf 88' lang='lat' dir='ltr'>quam</span> 
     </span>
     <span class='ocr_line' id='line_1_24' title="bbox 477 3370 2081 3476; baseline 0.002 -35"><span class='ocrx_word' id='word_1_242' title='bbox 477 3370 668 3471; x_wconf 73' lang='lat' dir='ltr'>Apostolus</span> <span class='ocrx_word' id='word_1_243' title='bbox 695 3371 901 3446; x_wconf 89' lang='lat' dir='ltr'>describens</span> <span class='ocrx_word' id='word_1_244' title='bbox 925 3375 996 3448; x_wconf 77' lang='lat' dir='ltr'>ait&#39;</span> <span class='ocrx_word' id='word_1_245' title='bbox 1016 3403 1025 3447; x_wconf 92' lang='lat'>:</span> <span class='ocrx_word' id='word_1_246' title='bbox 1049 3405 1067 3446; x_wconf 80' lang='grc' dir='ltr'>α</span> <span class='ocrx_word' id='word_1_247' title='bbox 1084 3381 1166 3450; x_wconf 88' lang='lat' dir='ltr'>Non</span> <span class='ocrx_word' id='word_1_248' title='bbox 1183 3377 1309 3476; x_wconf 86' lang='lat' dir='ltr'>quaerit</span> <span class='ocrx_word' id='word_1_249' title='bbox 1324 3402 1404 3476; x_wconf 85' lang='lat' dir='ltr'>quae</span> <span class='ocrx_word' id='word_1_250' title='bbox 1429 3401 1495 3450; x_wconf 86' lang='lat' dir='ltr'>sua</span> <span class='ocrx_word' id='word_1_251' title='bbox 1520 3391 1618 3469; x_wconf 90' lang='lat' dir='ltr'>sunt,</span> <span class='ocrx_word' id='word_1_252' title='bbox 1641 3379 1765 3451; x_wconf 87' lang='lat' dir='ltr'>omnia</span> <span class='ocrx_word' id='word_1_253' title='bbox 1791 3374 1929 3469; x_wconf 77' lang='lat' dir='ltr'>suffert,</span> <span class='ocrx_word' id='word_1_254' title='bbox 1957 3373 2081 3445; x_wconf 88' lang='lat' dir='ltr'>omnia</span> 
     </span>
     <span class='ocr_line' id='line_1_25' title="bbox 475 3490 2081 3596; baseline 0 -32"><span class='ocrx_word' id='word_1_255' title='bbox 475 3490 603 3585; x_wconf 90' lang='lat' dir='ltr'>credit,</span> <span class='ocrx_word' id='word_1_256' title='bbox 621 3492 744 3565; x_wconf 90' lang='lat' dir='ltr'>omnia</span> <span class='ocrx_word' id='word_1_257' title='bbox 760 3507 892 3591; x_wconf 89' lang='lat' dir='ltr'>sperat,</span> <span class='ocrx_word' id='word_1_258' title='bbox 911 3496 1036 3569; x_wconf 92' lang='lat' dir='ltr'>omnia</span> <span class='ocrx_word' id='word_1_259' title='bbox 1047 3497 1220 3592; x_wconf 89' lang='lat' dir='ltr'>sustinet;</span> <span class='ocrx_word' id='word_1_260' title='bbox 1235 3528 1253 3565; x_wconf 71' lang='lat' dir='ltr'>s</span> <span class='ocrx_word' id='word_1_261' title='bbox 1270 3513 1311 3571; x_wconf 91' lang='lat' dir='ltr'>ut</span> <span class='ocrx_word' id='word_1_262' title='bbox 1322 3499 1430 3571; x_wconf 90' lang='lat' dir='ltr'>etiam</span> <span class='ocrx_word' id='word_1_263' title='bbox 1443 3521 1511 3596; x_wconf 91' lang='lat' dir='ltr'>pro</span> <span class='ocrx_word' id='word_1_264' title='bbox 1528 3496 1698 3571; x_wconf 79' lang='lat' dir='ltr'>iratribus</span> <span class='ocrx_word' id='word_1_265' title='bbox 1713 3497 1873 3570; x_wconf 90' lang='lat' dir='ltr'>animam</span> <span class='ocrx_word' id='word_1_266' title='bbox 1889 3506 2014 3595; x_wconf 84' lang='lat' dir='ltr'>parata</span> <span class='ocrx_word' id='word_1_267' title='bbox 2034 3492 2081 3564; x_wconf 92' lang='lat' dir='ltr'>sit</span> 
     </span>
     <span class='ocr_line' id='line_1_26' title="bbox 475 3611 2081 3717; baseline 0.001 -35"><span class='ocrx_word' id='word_1_268' title='bbox 475 3635 625 3709; x_wconf 89' lang='lat' dir='ltr'>ponere,</span> <span class='ocrx_word' id='word_1_269' title='bbox 643 3635 711 3684; x_wconf 91' lang='lat' dir='ltr'>nec</span> <span class='ocrx_word' id='word_1_270' title='bbox 724 3635 789 3684; x_wconf 92' lang='lat' dir='ltr'>sua</span> <span class='ocrx_word' id='word_1_271' title='bbox 802 3625 943 3685; x_wconf 90' lang='lat' dir='ltr'>tantum</span> <span class='ocrx_word' id='word_1_272' title='bbox 964 3613 1047 3709; x_wconf 90' lang='lat' dir='ltr'>illis,</span> <span class='ocrx_word' id='word_1_273' title='bbox 1065 3616 1130 3689; x_wconf 93' lang='lat' dir='ltr'>sed</span> <span class='ocrx_word' id='word_1_274' title='bbox 1147 3617 1301 3715; x_wconf 82' lang='lat' dir='ltr'>seipsam</span> <span class='ocrx_word' id='word_1_275' title='bbox 1322 3616 1548 3717; x_wconf 88' lang='lat' dir='ltr'>impendere.</span> <span class='ocrx_word' id='word_1_276' title='bbox 1578 3620 1628 3690; x_wconf 72' lang='lat' dir='ltr'>lc</span> <span class='ocrx_word' id='word_1_277' title='bbox 1652 3617 1681 3689; x_wconf 90' lang='lat' dir='ltr'>si</span> <span class='ocrx_word' id='word_1_278' title='bbox 1707 3615 1895 3714; x_wconf 82' lang='lat' dir='ltr'>diligenter</span> <span class='ocrx_word' id='word_1_279' title='bbox 1914 3611 2081 3686; x_wconf 82' lang='lat' dir='ltr'>attenda-</span> 
     </span>
     <span class='ocr_line' id='line_1_27' title="bbox 475 3728 2082 3837; baseline 0.004 -38"><span class='ocrx_word' id='word_1_280' title='bbox 475 3752 557 3799; x_wconf 92' lang='lat' dir='ltr'>mus</span> <span class='ocrx_word' id='word_1_281' title='bbox 570 3728 671 3824; x_wconf 92' lang='lat' dir='ltr'>quod</span> <span class='ocrx_word' id='word_1_282' title='bbox 687 3729 736 3800; x_wconf 88' lang='lat' dir='ltr'>ait</span> <span class='ocrx_word' id='word_1_283' title='bbox 747 3730 899 3820; x_wconf 87' lang='lat' dir='ltr'>Veritas,</span> <span class='ocrx_word' id='word_1_284' title='bbox 920 3757 939 3799; x_wconf 79' lang='grc' dir='ltr'>α</span> <span class='ocrx_word' id='word_1_285' title='bbox 952 3732 1045 3803; x_wconf 91' lang='lat' dir='ltr'>sicut</span> <span class='ocrx_word' id='word_1_286' title='bbox 1061 3732 1171 3806; x_wconf 82' lang='lat' dir='ltr'>dilexi</span> <span class='ocrx_word' id='word_1_287' title='bbox 1185 3759 1265 3828; x_wconf 89' lang='lat' dir='ltr'>vos,</span> <span class='ocrx_word' id='word_1_288' title='bbox 1279 3765 1298 3803; x_wconf 74' lang='lat' dir='ltr'>s</span> <span class='ocrx_word' id='word_1_289' title='bbox 1317 3751 1355 3809; x_wconf 88' lang='lat' dir='ltr'>et</span> <span class='ocrx_word' id='word_1_290' title='bbox 1367 3735 1575 3837; x_wconf 72' lang='lat' dir='ltr'>Apostolus,</span> <span class='ocrx_word' id='word_1_291' title='bbox 1594 3764 1612 3806; x_wconf 85' lang='lat' dir='ltr'>v</span> <span class='ocrx_word' id='word_1_292' title='bbox 1624 3737 1752 3810; x_wconf 86' lang='lat' dir='ltr'>caritas</span> <span class='ocrx_word' id='word_1_293' title='bbox 1761 3758 1837 3807; x_wconf 92' lang='lat' dir='ltr'>non</span> <span class='ocrx_word' id='word_1_294' title='bbox 1859 3732 1983 3832; x_wconf 85' lang='lat' dir='ltr'>quaerit</span> <span class='ocrx_word' id='word_1_295' title='bbox 1998 3753 2082 3829; x_wconf 81' lang='lat' dir='ltr'>quae</span> 
     </span>
     <span class='ocr_line' id='line_1_28' title="bbox 475 3848 2081 3956; baseline 0.003 -38"><span class='ocrx_word' id='word_1_296' title='bbox 475 3870 540 3918; x_wconf 88' lang='lat' dir='ltr'>sua</span> <span class='ocrx_word' id='word_1_297' title='bbox 560 3860 657 3940; x_wconf 91' lang='lat' dir='ltr'>sunt,</span> <span class='ocrx_word' id='word_1_298' title='bbox 674 3877 692 3914; x_wconf 71' lang='lat' dir='ltr'>a</span> <span class='ocrx_word' id='word_1_299' title='bbox 719 3872 843 3921; x_wconf 89' lang='lat' dir='ltr'>revera</span> <span class='ocrx_word' id='word_1_300' title='bbox 868 3848 1094 3925; x_wconf 87' lang='lat' dir='ltr'>inveniemus</span> <span class='ocrx_word' id='word_1_301' title='bbox 1122 3855 1378 3953; x_wconf 88' lang='lat' dir='ltr'>Evangelicum</span> <span class='ocrx_word' id='word_1_302' title='bbox 1403 3856 1449 3930; x_wconf 90' lang='lat' dir='ltr'>de</span> <span class='ocrx_word' id='word_1_303' title='bbox 1472 3856 1664 3931; x_wconf 89' lang='lat' dir='ltr'>dilectione</span> <span class='ocrx_word' id='word_1_304' title='bbox 1689 3854 1844 3956; x_wconf 81' lang='lat' dir='ltr'>proximi</span> <span class='ocrx_word' id='word_1_305' title='bbox 1867 3849 2081 3927; x_wconf 84' lang='lat' dir='ltr'>mandatnm</span> 
     </span>
     <span class='ocr_line' id='line_1_29' title="bbox 474 3963 2081 4067; baseline 0.004 -30"><span class='ocrx_word' id='word_1_306' title='bbox 474 3963 653 4063; x_wconf 87' lang='lat' dir='ltr'>singulare</span> <span class='ocrx_word' id='word_1_307' title='bbox 670 3988 713 4038; x_wconf 90' lang='lat' dir='ltr'>ac</span> <span class='ocrx_word' id='word_1_308' title='bbox 729 3991 880 4040; x_wconf 90' lang='lat' dir='ltr'>novum.</span> <span class='ocrx_word' id='word_1_309' title='bbox 898 3971 985 4040; x_wconf 88' lang='lat' dir='ltr'>Tam</span> <span class='ocrx_word' id='word_1_310' title='bbox 1002 3970 1142 4045; x_wconf 90' lang='lat' dir='ltr'>sincera</span> <span class='ocrx_word' id='word_1_311' title='bbox 1158 3973 1256 4046; x_wconf 89' lang='lat' dir='ltr'>enim</span> <span class='ocrx_word' id='word_1_312' title='bbox 1273 3975 1369 4049; x_wconf 87' lang='lat' dir='ltr'>circa</span> <span class='ocrx_word' id='word_1_313' title='bbox 1385 4001 1455 4050; x_wconf 93' lang='lat' dir='ltr'>nos</span> <span class='ocrx_word' id='word_1_314' title='bbox 1473 3975 1605 4049; x_wconf 84' lang='lat' dir='ltr'>Christi</span> <span class='ocrx_word' id='word_1_315' title='bbox 1624 3974 1769 4048; x_wconf 90' lang='lat' dir='ltr'>dilectio</span> <span class='ocrx_word' id='word_1_316' title='bbox 1782 3973 1927 4067; x_wconf 88' lang='lat' dir='ltr'>exstitit,</span> <span class='ocrx_word' id='word_1_317' title='bbox 1946 3985 2081 4046; x_wconf 92' lang='lat' dir='ltr'>utnon</span> 
     </span>
     <span class='ocr_line' id='line_1_30' title="bbox 475 4083 2081 4194; baseline 0.004 -39"><span class='ocrx_word' id='word_1_318' title='bbox 475 4083 595 4157; x_wconf 91' lang='lat' dir='ltr'>solum</span> <span class='ocrx_word' id='word_1_319' title='bbox 612 4108 680 4183; x_wconf 93' lang='lat' dir='ltr'>pro</span> <span class='ocrx_word' id='word_1_320' title='bbox 706 4084 813 4158; x_wconf 93' lang='lat' dir='ltr'>nobis</span> <span class='ocrx_word' id='word_1_321' title='bbox 832 4102 1048 4182; x_wconf 90' lang='lat' dir='ltr'>moreretur,</span> <span class='ocrx_word' id='word_1_322' title='bbox 1076 4116 1203 4163; x_wconf 89' lang='lat' dir='ltr'>verum</span> <span class='ocrx_word' id='word_1_323' title='bbox 1225 4094 1335 4167; x_wconf 85' lang='lat' dir='ltr'>etiam</span> <span class='ocrx_word' id='word_1_324' title='bbox 1358 4096 1397 4167; x_wconf 92' lang='lat' dir='ltr'>in</span> <span class='ocrx_word' id='word_1_325' title='bbox 1425 4095 1607 4189; x_wconf 91' lang='lat' dir='ltr'>omnibus,</span> <span class='ocrx_word' id='word_1_326' title='bbox 1634 4119 1714 4194; x_wconf 87' lang='lat' dir='ltr'>quae</span> <span class='ocrx_word' id='word_1_327' title='bbox 1735 4117 1804 4193; x_wconf 89' lang='lat' dir='ltr'>pro</span> <span class='ocrx_word' id='word_1_328' title='bbox 1826 4091 1933 4164; x_wconf 91' lang='lat' dir='ltr'>nobis</span> <span class='ocrx_word' id='word_1_329' title='bbox 1951 4090 2081 4189; x_wconf 86' lang='lat' dir='ltr'>egerit,</span> 
     </span>
     <span class='ocr_line' id='line_1_31' title="bbox 475 4202 2080 4311; baseline 0.003 -35"><span class='ocrx_word' id='word_1_330' title='bbox 475 4202 617 4277; x_wconf 91' lang='lat' dir='ltr'>nullum</span> <span class='ocrx_word' id='word_1_331' title='bbox 634 4229 740 4278; x_wconf 91' lang='lat' dir='ltr'>suum</span> <span class='ocrx_word' id='word_1_332' title='bbox 758 4203 995 4278; x_wconf 90' lang='lat' dir='ltr'>commodum</span> <span class='ocrx_word' id='word_1_333' title='bbox 1015 4208 1072 4282; x_wconf 86' lang='lat' dir='ltr'>vel</span> <span class='ocrx_word' id='word_1_334' title='bbox 1092 4214 1291 4311; x_wconf 82' lang='lat' dir='ltr'>temporale</span> <span class='ocrx_word' id='word_1_335' title='bbox 1310 4214 1367 4288; x_wconf 91' lang='lat' dir='ltr'>vel</span> <span class='ocrx_word' id='word_1_336' title='bbox 1391 4229 1578 4311; x_wconf 78' lang='lat' dir='ltr'>aeternum,</span> <span class='ocrx_word' id='word_1_337' title='bbox 1604 4214 1669 4289; x_wconf 85' lang='lat' dir='ltr'>sed</span> <span class='ocrx_word' id='word_1_338' title='bbox 1692 4226 1857 4287; x_wconf 89' lang='lat' dir='ltr'>nostrum</span> <span class='ocrx_word' id='word_1_339' title='bbox 1878 4224 2080 4309; x_wconf 75' lang='lat' dir='ltr'>quaerere13</span> 
     </span>
     <span class='ocr_line' id='line_1_32' title="bbox 476 4324 2085 4427; baseline 0.002 -32"><span class='ocrx_word' id='word_1_340' title='bbox 476 4347 545 4397; x_wconf 89' lang='lat' dir='ltr'>nec</span> <span class='ocrx_word' id='word_1_341' title='bbox 561 4324 635 4399; x_wconf 90' lang='lat' dir='ltr'>ulla</span> <span class='ocrx_word' id='word_1_342' title='bbox 650 4325 804 4424; x_wconf 87' lang='lat' dir='ltr'>propriae</span> <span class='ocrx_word' id='word_1_343' title='bbox 819 4328 1120 4403; x_wconf 84' lang='lat' dir='ltr'>remunerationis</span> <span class='ocrx_word' id='word_1_344' title='bbox 1136 4331 1351 4427; x_wconf 85' lang='lat' dir='ltr'>intentione,</span> <span class='ocrx_word' id='word_1_345' title='bbox 1369 4334 1433 4408; x_wconf 91' lang='lat' dir='ltr'>sed</span> <span class='ocrx_word' id='word_1_346' title='bbox 1456 4348 1575 4408; x_wconf 92' lang='lat' dir='ltr'>totum</span> <span class='ocrx_word' id='word_1_347' title='bbox 1600 4348 1732 4407; x_wconf 81' lang='lat' dir='ltr'>nostrae</span> <span class='ocrx_word' id='word_1_348' title='bbox 1755 4330 1878 4404; x_wconf 88' lang='lat' dir='ltr'>salutis</span> <span class='ocrx_word' id='word_1_349' title='bbox 1900 4328 2085 4402; x_wconf 84' lang='lat' dir='ltr'>desiderio</span> 
     </span>
     <span class='ocr_line' id='line_1_33' title="bbox 477 4443 2086 4553; baseline 0.004 -38"><span class='ocrx_word' id='word_1_350' title='bbox 477 4443 561 4543; x_wconf 89' lang='lat' dir='ltr'>egit.</span> <span class='ocrx_word' id='word_1_351' title='bbox 575 4447 711 4517; x_wconf 85' lang='lat' dir='ltr'>Revera</span> <span class='ocrx_word' id='word_1_352' title='bbox 725 4444 801 4517; x_wconf 88' lang='lat' dir='ltr'>haec</span> <span class='ocrx_word' id='word_1_353' title='bbox 813 4469 897 4519; x_wconf 91' lang='lat' dir='ltr'>vera</span> <span class='ocrx_word' id='word_1_354' title='bbox 919 4459 957 4517; x_wconf 87' lang='lat' dir='ltr'>et</span> <span class='ocrx_word' id='word_1_355' title='bbox 977 4448 1116 4523; x_wconf 86' lang='lat' dir='ltr'>sincera</span> <span class='ocrx_word' id='word_1_356' title='bbox 1144 4448 1303 4546; x_wconf 87' lang='lat' dir='ltr'>dilectio,</span> <span class='ocrx_word' id='word_1_357' title='bbox 1329 4478 1439 4552; x_wconf 86' lang='lat' dir='ltr'>quam</span> <span class='ocrx_word' id='word_1_358' title='bbox 1463 4453 1652 4553; x_wconf 83' lang='lat' dir='ltr'>diligenter</span> <span class='ocrx_word' id='word_1_359' title='bbox 1673 4450 1863 4527; x_wconf 90' lang='lat' dir='ltr'>attendens</span> <span class='ocrx_word' id='word_1_360' title='bbox 1888 4447 2086 4549; x_wconf 79' lang='lat' dir='ltr'>Apostolus</span> 
     </span>
     <span class='ocr_line' id='line_1_34' title="bbox 478 4563 2086 4670; baseline 0.004 -35"><span class='ocrx_word' id='word_1_361' title='bbox 478 4577 551 4635; x_wconf 90' lang='lat' dir='ltr'>tam</span> <span class='ocrx_word' id='word_1_362' title='bbox 570 4564 704 4663; x_wconf 89' lang='lat' dir='ltr'>scripto</span> <span class='ocrx_word' id='word_1_363' title='bbox 726 4563 833 4636; x_wconf 93' lang='lat' dir='ltr'>nobis</span> <span class='ocrx_word' id='word_1_364' title='bbox 848 4570 1148 4668; x_wconf 79' lang='lat' dir='ltr'>quamcxemplo</span> <span class='ocrx_word' id='word_1_365' title='bbox 1169 4573 1445 4666; x_wconf 89' lang='lat' dir='ltr'>commendans,</span> <span class='ocrx_word' id='word_1_366' title='bbox 1464 4575 1513 4647; x_wconf 88' lang='lat' dir='ltr'>ait</span> <span class='ocrx_word' id='word_1_367' title='bbox 1524 4578 1565 4646; x_wconf 83' lang='lat'>¹⁰:</span> <span class='ocrx_word' id='word_1_368' title='bbox 1585 4605 1603 4641; x_wconf 70' lang='grc' dir='ltr'><em>α</em></span> <span class='ocrx_word' id='word_1_369' title='bbox 1624 4574 1726 4648; x_wconf 86' lang='lat' dir='ltr'>Sicut</span> <span class='ocrx_word' id='word_1_370' title='bbox 1739 4586 1777 4646; x_wconf 89' lang='lat' dir='ltr'>et</span> <span class='ocrx_word' id='word_1_371' title='bbox 1791 4595 1858 4668; x_wconf 84' lang='lat' dir='ltr'>ego</span> <span class='ocrx_word' id='word_1_372' title='bbox 1875 4595 1940 4670; x_wconf 91' lang='lat' dir='ltr'>per</span> <span class='ocrx_word' id='word_1_373' title='bbox 1956 4568 2086 4642; x_wconf 86' lang='lat' dir='ltr'>omnia</span> 
     </span>
    </p>
   </div>
   <div class='ocr_carea' id='block_1_4' title="bbox 478 4865 2087 5175">
    <p class='ocr_par' dir='ltr' id='par_1_5' title="bbox 478 4865 2087 5175">
     <span class='ocr_line' id='line_1_35' title="bbox 497 4865 2087 4954; baseline 0.016 -38"><span class='ocrx_word' id='word_1_374' title='bbox 497 4869 517 4954; x_wconf 35' lang='lat'>,¹</span> <span class='ocrx_word' id='word_1_375' title='bbox 529 4865 627 4928; x_wconf 80' lang='lat' dir='ltr'>liunt,</span> <span class='ocrx_word' id='word_1_376' title='bbox 644 4867 730 4930; x_wconf 74' lang='lat' dir='ltr'>spur.</span> <span class='ocrx_word' id='word_1_377' title='bbox 747 4867 775 4932; x_wconf 84' lang='lat' dir='ltr'>l,</span> <span class='ocrx_word' id='word_1_378' title='bbox 790 4880 809 4931; x_wconf 87' lang='lat' dir='ltr'>t,</span> <span class='ocrx_word' id='word_1_379' title='bbox 828 4880 850 4920; x_wconf 80' lang='lat' dir='ltr'>r.</span> <span class='ocrx_word' id='word_1_380' title='bbox 870 4870 910 4921; x_wconf 77' lang='lat' dir='ltr'>tt.</span> <span class='ocrx_word' id='word_1_381' title='bbox 927 4895 958 4908; x_wconf 89' lang='lat'><em>-</em></span> <span class='ocrx_word' id='word_1_382' title='bbox 973 4870 1138 4926; x_wconf 76' lang='lat' dir='ltr'>&#39;Anboestns</span> <span class='ocrx_word' id='word_1_383' title='bbox 1152 4876 1187 4927; x_wconf 73' lang='lat' dir='ltr'>Ei</span> <span class='ocrx_word' id='word_1_384' title='bbox 1204 4889 1251 4941; x_wconf 80' lang='lat' dir='ltr'>pro</span> <span class='ocrx_word' id='word_1_385' title='bbox 1304 4878 1414 4943; x_wconf 64' lang='lat' dir='ltr'>vtum,</span> <span class='ocrx_word' id='word_1_386' title='bbox 1426 4892 1481 4943; x_wconf 78' lang='lat' dir='ltr'>exp.</span> <span class='ocrx_word' id='word_1_387' title='bbox 1498 4892 1560 4944; x_wconf 82' lang='lat' dir='ltr'>xxv,</span> <span class='ocrx_word' id='word_1_388' title='bbox 1570 4892 1596 4929; x_wconf 81' lang='lat' dir='ltr'>v.</span> <span class='ocrx_word' id='word_1_389' title='bbox 1610 4881 1650 4932; x_wconf 73' lang='lat' dir='ltr'>tt.</span> <span class='ocrx_word' id='word_1_390' title='bbox 1661 4877 1804 4941; x_wconf 80' lang='lat' dir='ltr'>-⁸Jotu·‚</span> <span class='ocrx_word' id='word_1_391' title='bbox 1815 4890 1871 4941; x_wconf 68' lang='grc' dir='ltr'>αν·</span> <span class='ocrx_word' id='word_1_392' title='bbox 1882 4888 1938 4938; x_wconf 69' lang='lat'>¹1¹¹»</span> <span class='ocrx_word' id='word_1_393' title='bbox 1953 4888 1978 4925; x_wconf 75' lang='lat'>&#39;-</span> <span class='ocrx_word' id='word_1_394' title='bbox 1995 4874 2036 4927; x_wconf 70' lang='lat'>34·</span> <span class='ocrx_word' id='word_1_395' title='bbox 2049 4898 2087 4915; x_wconf 88' lang='lat'>··</span> 
     </span>
     <span class='ocr_line' id='line_1_36' title="bbox 479 4944 2086 5028; baseline 0.019 -36"><span class='ocrx_word' id='word_1_396' title='bbox 479 4944 668 4995; x_wconf 78' lang='lat' dir='ltr'>eu.—⁸tltttb.</span> <span class='ocrx_word' id='word_1_397' title='bbox 688 4946 721 4996; x_wconf 71' lang='lat' dir='ltr'>di</span> <span class='ocrx_word' id='word_1_398' title='bbox 738 4959 786 5012; x_wconf 83' lang='lat' dir='ltr'>pro</span> <span class='ocrx_word' id='word_1_399' title='bbox 803 4946 993 5001; x_wconf 67' lang='lat' dir='ltr'>etc-⁴1:10</span> <span class='ocrx_word' id='word_1_400' title='bbox 1008 4951 1250 5013; x_wconf 68' lang='lat' dir='ltr'>testtttnnoeun:</span> <span class='ocrx_word' id='word_1_401' title='bbox 1304 4958 1334 5010; x_wconf 75' lang='lat' dir='ltr'>’l</span> <span class='ocrx_word' id='word_1_402' title='bbox 1351 4961 1554 5028; x_wconf 49' lang='lat' dir='ltr'>conatum.</span> <span class='ocrx_word' id='word_1_403' title='bbox 1571 4974 1627 5026; x_wconf 81' lang='lat' dir='ltr'>xm,</span> <span class='ocrx_word' id='word_1_404' title='bbox 1643 4974 1669 5013; x_wconf 80' lang='lat' dir='ltr'>t.</span> <span class='ocrx_word' id='word_1_405' title='bbox 1687 4959 1813 5014; x_wconf 60' lang='grc' dir='ltr'><strong><em>’ἐι-Η</em></strong></span> <span class='ocrx_word' id='word_1_406' title='bbox 1833 4958 1961 5021; x_wconf 59' lang='grc' dir='ltr'>ΟΜ»</span> <span class='ocrx_word' id='word_1_407' title='bbox 1978 4968 2035 5020; x_wconf 75' lang='lat' dir='ltr'>up·</span> <span class='ocrx_word' id='word_1_408' title='bbox 2054 4969 2086 5022; x_wconf 76' lang='lat'>¹2</span> 
     </span>
     <span class='ocr_line' id='line_1_37' title="bbox 478 5022 1387 5096; baseline 0.019 -23"><span class='ocrx_word' id='word_1_409' title='bbox 478 5023 561 5073; x_wconf 78' lang='lat' dir='ltr'>Prior</span> <span class='ocrx_word' id='word_1_410' title='bbox 572 5022 618 5074; x_wconf 75' lang='lat' dir='ltr'>ute</span> <span class='ocrx_word' id='word_1_411' title='bbox 627 5023 752 5089; x_wconf 75' lang='lat' dir='ltr'>populus,</span> <span class='ocrx_word' id='word_1_412' title='bbox 768 5027 814 5092; x_wconf 75' lang='lat' dir='ltr'>qut</span> <span class='ocrx_word' id='word_1_413' title='bbox 830 5028 908 5079; x_wconf 80' lang='lat' dir='ltr'>ettam</span> <span class='ocrx_word' id='word_1_414' title='bbox 924 5027 1015 5081; x_wconf 72' lang='lat' dir='ltr'>babuit</span> <span class='ocrx_word' id='word_1_415' title='bbox 1029 5031 1196 5085; x_wconf 65' lang='lat' dir='ltr'>{statuorum</span> <span class='ocrx_word' id='word_1_416' title='bbox 1209 5035 1250 5085; x_wconf 82' lang='lat' dir='ltr'>di·</span> <span class='ocrx_word' id='word_1_417' title='bbox 1303 5053 1328 5091; x_wconf 80' lang='lat' dir='ltr'>v.</span> <span class='ocrx_word' id='word_1_418' title='bbox 1347 5045 1387 5096; x_wconf 71' lang='lat' dir='ltr'>aa.</span> 
     </span>
     <span class='ocr_line' id='line_1_38' title="bbox 479 5099 1251 5175; baseline 0.019 -22"><span class='ocrx_word' id='word_1_419' title='bbox 479 5099 656 5156; x_wconf 55' lang='lat' dir='ltr'>hedonem</span> <span class='ocrx_word' id='word_1_420' title='bbox 665 5104 778 5158; x_wconf 66' lang='lat' dir='ltr'>’Proles</span> <span class='ocrx_word' id='word_1_421' title='bbox 788 5120 833 5171; x_wconf 81' lang='lat' dir='ltr'>vu,</span> <span class='ocrx_word' id='word_1_422' title='bbox 842 5122 865 5161; x_wconf 85' lang='lat' dir='ltr'>r.</span> <span class='ocrx_word' id='word_1_423' title='bbox 874 5110 898 5161; x_wconf 75' lang='lat' dir='ltr'>t.</span> <span class='ocrx_word' id='word_1_424' title='bbox 910 5134 940 5148; x_wconf 92' lang='lat'>-</span> <span class='ocrx_word' id='word_1_425' title='bbox 949 5109 1063 5163; x_wconf 58' lang='lat' dir='ltr'>‘Ptolo</span> <span class='ocrx_word' id='word_1_426' title='bbox 1074 5124 1143 5175; x_wconf 76' lang='lat' dir='ltr'>cxxx,</span> <span class='ocrx_word' id='word_1_427' title='bbox 1153 5128 1178 5166; x_wconf 81' lang='lat' dir='ltr'>v.</span> <span class='ocrx_word' id='word_1_428' title='bbox 1187 5119 1211 5167; x_wconf 86' lang='lat' dir='ltr'>t.</span> <span class='ocrx_word' id='word_1_429' title='bbox 1219 5142 1251 5156; x_wconf 89' lang='lat'>-</span> 
     </span>
    </p>
   </div>
   <div class='ocr_carea' id='block_1_5' title="bbox 0 0 2294 6100">
    <p class='ocr_par' dir='ltr' id='par_1_6' title="bbox 0 0 2294 6100">
     <span class='ocr_line' id='line_1_39' title="bbox 0 0 2294 6100; baseline 0 0"><span class='ocrx_word' id='word_1_430' title='bbox 0 0 2294 6100; x_wconf 95' lang='lat' dir='ltr'> </span> 
     </span>
    </p>
   </div>
  </div>
 </body>
</html>
