4559 6100
778 556 1035 630 Tflssotoelt
1060 558 1336 633 cflssts‘rtlut.
1788 566 1860 638 509

259 708 348 783 illud
372 734 457 782 cum
475 724 637 810 tempore
662 735 670 778 ε
691 722 727 780 et
741 706 938 780 dictionem
962 732 1038 779 non
1056 732 1133 779 esse
1150 709 1368 796 orationem,
1388 732 1473 779 cum
1490 723 1610 807 partes
1634 710 1805 787 dictionis
1821 717 1859 788 iu

259 852 301 901 ea
313 829 553 926 significativae
563 853 638 901 uon
653 828 738 922 siut,
751 829 842 900 sicut
854 842 940 899 sunt
952 828 1138 900 orationis.
1152 828 1223 901 Sed
1240 852 1307 900 nec
1323 827 1472 900 fortasse
1488 852 1661 926 personas
1668 832 1862 907 Gramma-

259 948 413 1040 ticorum
441 974 507 1047 per
534 948 826 1047 praedicationem
858 947 1031 1047 conjungi
1060 949 1254 1041 convenit,
1282 961 1323 1018 ut
1338 946 1505 1019 videlicet
1534 972 1606 1019 una
1634 974 1789 1047 persona
1817 956 1860 1027 sit

259 1068 384 1159 altera,
409 1070 493 1141 licet
513 1069 610 1140 idem
635 1069 679 1140 sit
703 1093 775 1141 una
799 1067 901 1164 quod
922 1067 1053 1162 altera,
1080 1083 1119 1138 ut
1144 1090 1254 1166 supra
1279 1068 1521 1139 meminimus.
1553 1071 1645 1140 Cum
1669 1071 1767 1142 enim
1792 1075 1863 1147 sint

260 1187 407 1261 diversae
419 1204 490 1261 tres
506 1214 669 1288 personae
684 1188 884 1261 secundum
897 1189 1173 1281 Grammaticos,
1192 1188 1309 1285 prima
1322 1187 1500 1278 videlicet,
1519 1187 1678 1261 secunda
1690 1205 1725 1262 et
1737 1194 1859 1288 tertia3

259 1332 333 1380 non
346 1324 399 1381 est
407 1310 556 1383 fortasse
565 1336 637 1383 una
647 1335 802 1410 persona
812 1309 881 1384 alia
891 1335 1057 1409 persona,
1069 1334 1154 1382 cum
1167 1310 1244 1408 ipsa
1254 1309 1393 1382 diversa
1402 1309 1611 1408 personaab
1623 1310 1704 1384 alia.
1718 1315 1862 1414 Quippe

260 1454 341 1501 cum
361 1429 565 1528 aliquorum
581 1430 768 1502 diversitas
789 1445 930 1502 tautum
951 1431 987 1501 in
1010 1431 1229 1529 proprietate
1252 1429 1415 1528 ipsorum
1432 1445 1494 1502 aut
1517 1432 1554 1501 in
1572 1430 1774 1507 differentia
1792 1449 1863 1510 sta·

259 1564 364 1621 tuum
374 1551 554 1640 consistit,
574 1550 697 1622 nonin
716 1574 870 1622 numero
888 1550 990 1622 velin
1009 1552 1181 1637 essentia,
1201 1563 1297 1622 recte
1315 1549 1483 1622 identitas
1500 1575 1628 1622 eorum
1646 1553 1683 1622 in
1700 1551 1862 1654 hoeipso

260 1683 481 1742 monstratur
504 1695 570 1769 per
596 1668 888 1768 praedicationem
914 1670 1078 1769 ipsorum
1104 1669 1344 1759 adinvicem,
1373 1684 1413 1741 ut
1431 1669 1597 1742 videlicet
1625 1695 1709 1743 cum
1732 1672 1863 1747 dicitur

259 1787 335 1860 haec
351 1813 506 1887 persona
522 1814 600 1862 esse
622 1789 695 1879 illa,
720 1815 800 1888 quae
817 1791 1038 1889 proprietate
1062 1804 1203 1861 tantum
1219 1788 1276 1862 vel
1293 1788 1522 1883 diffinitione,
1543 1790 1616 1862 hoc
1635 1806 1687 1864 est
1704 1806 1862 1867 statuum

259 1906 464 1981 diversitate
488 1908 672 2006 disjunctae
697 1923 799 2001 sunt,
827 1909 1045 2008 intelligatur
1068 1909 1145 1982 haec
1168 1909 1294 1981 eadem
1321 1933 1397 1981 esse
1420 1934 1505 1981 cum
1529 1909 1588 1983 illa
1605 1911 1642 1983 in
1658 1911 1732 1984 hoc
1756 1914 1858 2011 ipso,

258 2025 331 2099 hoc
347 2043 400 2099 est
415 2030 635 2127 proprietate
651 2027 708 2100 vel
729 2028 958 2124 diffinitione,
975 2028 1075 2128 quod
1093 2029 1245 2101 omnino
1265 2027 1393 2100 salsum
1413 2042 1467 2100 est
1485 2041 1559 2101 tam
1574 2029 1612 2101 in
1627 2029 1684 2102 his
1699 2036 1862 2129 personis

258 2172 369 2245 quam
391 2149 428 2220 in
452 2148 595 2221 divinis.
615 2153 788 2221 Praeterea
812 2148 926 2222 multa
947 2163 1045 2240 sunt,
1072 2164 1240 2248 utsupra
1261 2149 1511 2241 meminimus,
1532 2174 1686 2223 numero
1709 2152 1858 2248 eadem,

259 2292 418 2364 quorum
442 2283 562 2340 tamen
588 2269 739 2340 nomina
764 2293 829 2368 per
851 2268 1145 2368 predicationem
1168 2267 1347 2365 disjuncta
1376 2283 1478 2360 sunt,
1503 2268 1604 2367 quod
1632 2273 1785 2344 maxime
1808 2275 1862 2347 vis

258 2387 422 2482 quaedam
439 2388 622 2460 relationis
638 2387 736 2479 lacit,
755 2414 834 2486 quae
851 2391 888 2459 in
910 2388 978 2462 illis
997 2387 1208 2461 nominibus
1224 2390 1443 2482 continetur,
1462 2413 1547 2461 cum
1560 2389 1726 2463 videlicet
1742 2395 1861 2467 omnis

258 2505 386 2577 relatio
410 2507 505 2579 inter
528 2508 697 2606 opposita
720 2508 905 2581 consistat.
930 2508 1030 2580 ldem
1055 2509 1192 2607 quippe
1215 2522 1269 2581 est
1291 2533 1446 2580 numero
1471 2508 1620 2582 materia
1644 2513 1799 2585 Socratis
1826 2529 1862 2587 et

259 2625 446 2717 Socrates,
466 2641 501 2698 et
516 2628 617 2725 prius
633 2628 789 2700 Socratis
805 2643 842 2700 et
858 2629 1022 2700 Socrates
1037 2656 1046 2718 ;
1064 2643 1100 2700 et
1114 2642 1332 2728 perpetuum
1349 2629 1503 2699 Socratis
1520 2642 1557 2700 et
1572 2631 1750 2721 Socrates,
1776 2657 1862 2705 cum

257 2743 423 2818 videlicet
444 2746 517 2819 hoc
535 2772 668 2846 corpus
692 2749 768 2820 sive
790 2747 864 2819 hoc
884 2745 1017 2820 animal
1041 2747 1140 2819 idem
1165 2748 1210 2819 sit
1225 2746 1326 2846 quod
1348 2749 1533 2840 Socrates,
1552 2773 1621 2820 nec
1645 2762 1767 2822 tamen
1790 2752 1863 2825 dici

259 2866 442 2959 convenit,
469 2880 510 2938 ut
532 2869 696 2939 Socrates
717 2867 761 2939 sit
784 2867 934 2939 materia
956 2868 1125 2959 Socratis,
1152 2867 1316 2965 quamvis
1334 2867 1379 2939 sit
1400 2866 1498 2939 idem
1521 2866 1621 2965 quod
1640 2882 1694 2940 est
1714 2873 1862 2945 materia

206 3020 210 3029 ·
259 2985 414 3059 Socratis
421 3014 431 3078 3
452 3001 515 3060 aut
531 3001 572 3060 ut
592 2987 637 3061 sit
653 2988 756 3088 prior
777 2989 943 3082 Socrate,
963 2986 1035 3060 hoc
1058 3002 1112 3060 est
1128 2988 1270 3087 seipso;
1290 3002 1352 3061 aut
1376 3001 1416 3060 ut
1431 2987 1477 3060 sit
1491 3002 1699 3087 perpetuus,
1718 2990 1802 3065 licet
1819 2993 1863 3065 sit

257 3103 330 3176 hoc
356 3107 456 3204 quod
479 3122 533 3180 est
555 3124 786 3208 perpetuum,
812 3123 939 3207 utpote
966 3108 1040 3180 hoc
1065 3133 1213 3206 corpus.
1241 3110 1300 3180 Sic
1326 3132 1394 3180 nec
1422 3113 1563 3180 Patrem
1589 3112 1761 3182 convenit
1789 3111 1861 3185 dici

259 3225 387 3297 Filium
421 3253 540 3319 suum,
575 3242 637 3300 aut
667 3227 796 3300 Filium
829 3252 906 3300 esse
938 3231 1079 3300 Patrem
1112 3253 1238 3321 suum,
1275 3228 1348 3300 hoc
1387 3240 1440 3299 est
1479 3226 1632 3300 alterum
1666 3253 1709 3301 ex
1743 3232 1862 3330 seipso

260 3367 337 3416 esse
353 3346 534 3443 gignendo
550 3347 730 3445 seipsum,
749 3347 839 3419 sicut
856 3370 925 3418 nec
941 3349 1106 3420 Socrates
1122 3344 1254 3420 dicitur
1273 3370 1317 3418 ex
1334 3346 1451 3444 seipso
1470 3370 1559 3437 esse,
1578 3360 1619 3419 ut
1636 3348 1682 3419 sit
1696 3347 1863 3422 videlicet

259 3465 410 3537 materia
432 3466 488 3537 sui
509 3464 565 3536 vel
582 3466 790 3539 materiatus
806 3491 849 3538 ex
871 3490 923 3558 se,
948 3465 1030 3539 licet
1054 3465 1151 3538 idem
1177 3466 1222 3538 sit
1246 3468 1407 3538 Socrates
1428 3489 1512 3538 cum
1528 3468 1678 3539 materia
1699 3468 1768 3561 sui,
1790 3468 1863 3541 hoc

259 3582 426 3656 videlicet
451 3608 619 3684 corpore,
639 3583 697 3657 rel
717 3610 801 3658 cum
817 3587 1004 3660 materiato
1025 3587 1095 3677 sui,
1113 3585 1281 3661 videlicet
1299 3588 1446 3658 Socrate
1463 3585 1561 3675 albo,
1586 3586 1678 3659 sicut
1693 3582 1791 3660 idem
1808 3605 1862 3662 est

261 3705 365 3774 Pater
386 3703 488 3801 quod
506 3719 562 3777 est
582 3705 702 3795 Filius,
719 3704 919 3777 secundum
936 3704 1142 3778 substantie
1157 3705 1402 3794 identitatem,
1424 3728 1499 3776 non
1518 3728 1679 3804 personae
1696 3709 1862 3805 proprie-

259 3833 382 3896 tatem.
411 3824 483 3896 Sed
508 3825 604 3897 dicet
630 3824 719 3896 mihi
747 3823 874 3922 aliquis
894 3826 1047 3898 :Dicam
1074 3830 1177 3898 Pater
1203 3840 1240 3896 et
1255 3824 1376 3918 Filius,
1404 3838 1440 3895 et
1464 3847 1551 3895 sane
1577 3823 1785 3922 intelligam,
1811 3828 1862 3899 ita

259 3942 406 4035 scilicet,
428 3942 527 4041 quod
544 3943 670 4017 eadem
689 3945 844 4017 essentia
860 3969 941 4041 quae
956 3959 1011 4017 est
1026 3949 1133 4017 Pater
1151 3959 1204 4017 est
1216 3958 1252 4017 et
1266 3943 1389 4016 Filius.
1410 3946 1501 4015 Nam
1519 3955 1555 4014 et
1572 3942 1653 4040 ipso
1671 3958 1862 4019 attestante

261 4064 460 4159 Augustino
481 4064 519 4134 iu
536 4061 630 4135 libro
651 4062 695 4135 de
707 4062 855 4136 Duabus
873 4061 1109 4156 Animabus¹,
1139 4095 1156 4130 a.
1171 4063 1216 4135 de
1235 4062 1351 4135 verbis
1365 4086 1451 4135 cum
1468 4087 1526 4134 res
1540 4075 1694 4156 constet,
1714 4079 1862 4137 conuo—

259 4184 375 4255 versia
399 4182 563 4256 iacienda
592 4209 668 4256 non
696 4197 760 4257 est.
778 4215 797 4251 a
825 4184 926 4258 Idem
954 4186 991 4256 in
1011 4189 1057 4256 lV
1082 4188 1199 4282 Super
1221 4186 1435 4256 Genesim':
1468 4212 1486 4248 α
1502 4185 1601 4253 Dum
1629 4182 1859 4281 intelligatur,

259 4302 388 4400 inquit,
414 4303 514 4401 quod
535 4302 806 4400 intelligendum
823 4317 890 4397 est,
917 4328 992 4375 non
1016 4328 1236 4402 magnopere
1260 4300 1461 4376 curandum
1479 4300 1651 4399 estquod
1664 4316 1855 4375 vocetur.»

260 4426 304 4494 Et
325 4439 408 4522 post
429 4449 571 4523 pauca:
595 4428 703 4496 «Hoc
725 4439 791 4513 est,
811 4423 941 4522 inquit,
960 4423 1060 4522 quod
1081 4424 1170 4517 dixi,
1195 4423 1285 4497 dum
1300 4448 1356 4496 res
1368 4421 1593 4508 conceditur,
1618 4446 1693 4494 uon
1717 4447 1794 4495 esse
1815 4423 1863 4496 de

259 4542 444 4616 vocabulis
466 4542 723 4617 laborandum.
742 4574 759 4610 n
775 4544 826 4615 Ad
848 4543 948 4642 quod
966 4542 1183 4643 respondeo,
1210 4541 1311 4641 quod
1326 4541 1445 4641 placet
1459 4539 1550 4613 mihi
1568 4540 1646 4614 sola
1663 4542 1862 4640 intelligen-

260 4661 330 4753 tia,
354 4662 418 4735 sed
439 4663 586 4761 requiro
601 4662 713 4735 rerba
735 4687 813 4737 esse
833 4662 1010 4736 catholica
1027 4689 1036 4733 ε
1055 4662 1138 4760 quia
1161 4685 1235 4734 non
1253 4662 1331 4734 sine
1346 4683 1455 4732 causa
1472 4658 1665 4758 Apostolus
1688 4662 1862 4733 novitates

260 4782 457 4855 verborum
475 4807 543 4855 nos
567 4783 679 4855 vitare
695 4781 884 4872 admonet,
908 4796 988 4854 tum
1009 4781 1093 4854 ideo
1116 4807 1164 4854 ne
1180 4792 1423 4854 contemtores
1445 4780 1660 4851 Sanctorum
1674 4776 1862 4851 videamur

262 4916 297 4973 et
321 4902 473 5000 Spiritus
495 4903 609 4975 sancti
630 4901 695 4998 qui
712 4900 873 4999 loquitur
893 4900 1000 4973 ineis
1020 4928 1029 4974 :
1048 4915 1127 4973 tum
1146 4900 1252 4973 etiam
1277 4900 1405 4998 magis,
1424 4922 1472 4972 ne
1492 4899 1522 4970 si
1539 4913 1577 4971 tu
1595 4899 1632 4972 in
1654 4895 1771 4969 verbis
1791 4896 1862 4969 tuis

296 5173 419 5240 'Ome
433 5172 625 5239 llll-'Gap
639 5182 732 5228 nstv.
746 5175 824 5240 opp,
839 5180 859 5225 t.
873 5173 915 5226 tu.
