4559 6100
337 532 340 536 ‡
464 500 536 575 set
796 462 802 474 '
1068 497 1198 571 rnrut
1224 492 1460 571 maantam

462 653 577 746 tisque
588 647 852 721 solemnitatem
863 647 951 744 ejus,
963 660 1100 746 septem
1113 646 1241 721 diehm
1249 673 1317 747 per
1326 672 1482 737 annum3
1494 675 1512 717 a
1526 646 1646 720 statim
1658 643 1821 741 adjunxit
1834 641 2063 739 «legitimum

462 769 721 867 sempiternum
742 768 810 841 erit
833 768 871 839 in
892 768 1183 865 generationibus
1199 767 1353 841 vestrim.
1370 796 1389 836 a
1405 766 1479 855 Qui
1497 767 1606 841 etiam
1625 763 1905 839 celebrationem
1923 762 2065 837 sabbati

461 889 615 986 septimo
640 886 700 959 die
723 886 884 985 quodam
902 886 983 959 loco
1000 887 1191 959 instituens
1210 888 1313 959 ait¹r
1335 891 1482 959 Pactum
1498 900 1551 959 est
1568 884 1826 984 sempiternum
1842 884 1936 955 inter
1953 900 2063 957 meet

462 1006 555 1079 filios
571 1006 677 1080 lsrael
691 1008 906 1103 signumque
920 1022 1148 1105 perpetuum.
1174 1037 1192 1073 s
1215 1006 1285 1080 Sed
1304 1020 1340 1079 et
1359 1031 1444 1079 cum
1460 1008 1511 1079 ait
1529 1006 1707 1079 Dominus
1727 1003 1774 1079 de
1793 1001 1939 1076 hebraeo
1955 1027 2063 1076 servo

460 1128 523 1224 qui
543 1151 618 1198 non
639 1126 714 1200 vult
737 1124 859 1221 egredi
885 1124 993 1216 liber,
1018 1126 1119 1223 quod
1147 1128 1213 1199 erit
1236 1150 1360 1199 servus
1385 1128 1422 1198 in
1446 1124 1637 1216 amulum,
1666 1138 1810 1222 tempus
1823 1136 1964 1197 tantum
1980 1123 2062 1195 vitae

460 1248 536 1340 ejus
561 1244 852 1344 comprehendit.
881 1250 961 1317 Non
993 1247 1090 1318 enim
1121 1245 1256 1319 hebraei
1281 1246 1374 1319 servi
1400 1244 1601 1318 secundum
1624 1243 1739 1342 legem
1765 1242 2059 1321 transmittuntur

459 1365 506 1438 ad
524 1379 709 1463 posteros,
729 1366 820 1436 sicut
838 1365 889 1437 illi
905 1365 968 1462 qui
990 1364 1036 1436 de
1053 1365 1263 1439 nationibus
1279 1367 1453 1464 assumpti
1467 1378 1564 1438 sunt.
1588 1363 1711 1437 Unde‘
1731 1390 1740 1434 :
1765 1365 1927 1437 «Servus
1944 1377 1979 1435 et
1995 1386 2062 1437 an-

458 1485 539 1557 cilla
556 1485 628 1557 sint
644 1483 747 1556 vobis
763 1484 809 1556 de
826 1484 1032 1557 nationibus
1048 1510 1128 1582 quae
1150 1486 1187 1558 in
1205 1487 1355 1559 circuitu
1375 1499 1494 1560 vestro
1510 1498 1607 1576 sunt,
1623 1498 1659 1557 et
1679 1483 1725 1559 de
1745 1481 1894 1559 advenis
1914 1483 1977 1578 qui
1996 1507 2061 1580 pe-

458 1606 688 1700 regrinantur
702 1603 800 1702 apud
823 1629 902 1699 vos,
920 1606 979 1678 vel
996 1607 1058 1703 qui
1074 1630 1118 1678 ex
1133 1605 1191 1678 bis
1210 1606 1286 1678 nati
1304 1606 1435 1679 fuerint
1460 1605 1499 1679 in
1523 1619 1620 1679 terra
1640 1616 1775 1694 vestra,
1793 1601 1862 1674 bos
1880 1599 2062 1675 habebitis

458 1723 613 1795 famulos
624 1738 659 1796 et
675 1722 995 1821 haereditariojure
1010 1725 1256 1797 transmittetis
1271 1724 1318 1797 nd
1331 1721 1786 1824 posterosacpossidebitis
1804 1721 1840 1797 in
1858 1735 2056 1809 aeternum3

458 1846 581 1914 tratres
605 1856 725 1915 autem
754 1857 893 1915 vestros
916 1842 1008 1916 filios
1037 1843 1143 1916 lsrael
1176 1868 1223 1916 ne
1246 1844 1458 1943 opprimatis
1483 1867 1548 1942 per
1574 1843 1786 1940 potentiam.
1802 1870 1821 1910 a
1850 1839 2063 1915 sufficiebat

456 1964 590 2059 quippe
613 1962 770 2033 Domino
793 1962 831 2034 in
849 1963 1139 2035 remuneratione
1160 1962 1312 2035 carnalis
1328 1963 1466 2062 populi,
1485 1961 1642 2057 quinon
1661 1961 1730 2033 nisi
1744 1976 1886 2035 terrena
1902 1958 2057 2050 sciebat,

455 2103 536 2149 eam
562 2078 608 2149 ad
630 2092 772 2176 tempus
793 2079 872 2150 vitae
889 2093 1029 2149 tantum
1050 2080 1233 2178 praeseutis
1259 2078 1549 2153 accommodare.
1569 2078 1679 2165 Quod
1696 2101 1781 2153 vem
1797 2074 2059 2174 perfectionem

455 2200 540 2293 legis
564 2198 825 2271 commendans
847 2198 1047 2286 asseruisti,
1072 2223 1115 2272 ea
1142 2214 1383 2297 tantumque
1400 2200 1541 2296 Moyses
1556 2198 1746 2297 praecepit,
1765 2220 1842 2271 esse
1867 2195 2056 2285 facienda,

456 2319 568 2390 miror
592 2317 692 2415 quod
710 2317 844 2390 oblitus
860 2319 925 2409 sis,
944 2333 981 2395 te
996 2318 1145 2415 quidem
1162 2320 1327 2418 superius
1349 2319 1558 2409 astruxisse,
1576 2316 1804 2393 laudabiliter
1826 2316 1939 2389 multa
1961 2340 2059 2415 prae-

456 2441 568 2537 ceptis
592 2465 635 2512 ex
659 2441 770 2537 gratia
793 2438 999 2537 superaddi.
1020 2439 1129 2527 Quod
1150 2439 1322 2514 omnibus
1338 2465 1415 2513 mse
1428 2440 1656 2513 verissimum
1672 2451 1782 2537 patet.
1802 2436 1906 2511 Unde
1929 2451 1965 2509 et
1988 2461 2056 2509 vos

455 2558 647 2631 nonnullas
670 2562 803 2657 primas
821 2558 1031 2631 traditiones
1053 2574 1137 2657 post
1163 2559 1280 2656 legem
1304 2560 1507 2658 aocepistis,
1531 2583 1621 2656 quas
1646 2556 1850 2631 utilissimas
1873 2554 2053 2652 judioatis,

455 2679 564 2749 veluti
589 2702 673 2751 cum
689 2676 854 2776 exemplo
872 2676 1030 2749 Danielis
1046 2677 1149 2750 eibos
1166 2680 1282 2775 regios
1299 2694 1336 2750 et
1354 2680 1481 2750 dnum
1504 2678 1717 2777 respuentis,
1736 2700 1783 2750 ne
1800 2676 1838 2749 in
1854 2676 1906 2751 eis
1921 2675 2055 2748 sedicet

455 2797 775 2887 contaminaretur,
791 2820 1046 2893 vosquoquea
1061 2811 1186 2868 nostro
1198 2796 1382 2869 abstinetis
1393 2799 1493 2869 rino.
1509 2798 1580 2870 Sed
1595 2811 1631 2870 et
1644 2796 1859 2888 Recbabitae,
1875 2810 2055 2897 ptmcepto

454 2913 621 2987 Jonadab
642 2917 753 3014 patris
776 2917 853 3007 sui,
871 2917 957 2986 vino
981 2916 1017 2986 in
1037 2930 1251 3014 perpetuum
1272 2915 1489 2988 abstinentes
1506 2930 1580 2989 tam
1598 2930 1773 3015 praecepta
1788 2916 1923 3013 Moysis
1942 2937 2053 3010 qnam

455 3060 582 3106 omnes
602 3048 747 3134 patrum
764 3050 964 3109 vestrorum
982 3035 1193 3108 traditiones
1218 3036 1435 3135 supergressi
1450 3050 1548 3111 sunt.
1571 3035 1626 3111 Ad
1642 3061 1735 3135 quos
1752 3035 1862 3114 etiam
1886 3034 2057 3109 Jeremias

454 3182 473 3226 a
491 3157 650 3230 Domino
667 3157 810 3248 missus,
829 3170 870 3228 ut
884 3157 1009 3228 vinum
1025 3155 1206 3246 biberent,
1231 3181 1307 3229 non
1324 3171 1379 3229 est
1393 3156 1440 3229 ab
1456 3158 1508 3230 eis
1531 3156 1732 3231 exauditus.
1755 3154 1857 3228 Unde
1874 3155 2056 3228 intantum

454 3298 542 3347 voce
559 3276 706 3347 Domini
722 3300 851 3348 eorum
865 3272 1072 3347 obedientia
1087 3275 1378 3366 commendatur,
1397 3292 1436 3350 ut
1452 3278 1504 3350 eis
1520 3277 1747 3376 promitteret
1762 3275 1906 3348 dicens·
1925 3303 1935 3345 ι
1956 3304 1974 3341 s
1987 3279 2056 3346 Pro

453 3419 511 3485 eo,
532 3395 632 3493 quod
652 3394 823 3469 obedistis
838 3408 1017 3494 praecepto
1034 3393 1198 3467 ionadab
1215 3397 1326 3494 patris
1343 3397 1452 3468 vestri
1471 3410 1508 3468 et
1523 3397 1727 3470 custodistis
1743 3397 1868 3469 omnia
1883 3394 2056 3470 mandata

453 3516 547 3609 ejus,
568 3540 643 3587 non
668 3514 810 3587 deliciet
827 3515 882 3586 vir
902 3514 948 3585 de
969 3514 1077 3610 stirpe
1100 3513 1278 3607 ionadab,
1298 3514 1361 3586 lilii
1384 3514 1549 3607 Recbab,
1574 3530 1672 3588 stans
1695 3517 1733 3587 in
1754 3530 1954 3613 conspectu
1969 3538 2054 3587 men

453 3635 589 3706 cunctis
615 3633 788 3708 diebus.»
808 3631 990 3731 Numquid
1015 3647 1052 3705 et
1074 3656 1135 3704 rex
1162 3632 1357 3706 Ezechias·
1375 3635 1637 3731 confringendo
1659 3648 1861 3733 serpentem
1886 3658 2050 3724 aeneum,

453 3751 539 3848 legis
561 3768 800 3851 transgressor
824 3752 975 3843 exstitit,
994 3751 1161 3824 videlicet
1180 3751 1407 3826 landabiliter
1429 3753 1611 3828 destrumo
1636 3754 1713 3826 sine
1733 3768 1927 3853 precepto,
1952 3754 2052 3849 quod

453 3870 584 3941 utiliter
603 3871 734 3943 lactum
750 3873 865 3944 fuerat
880 3896 924 3943 ex
940 3870 1142 3969 praecepto?
1166 3872 1282 3944 David
1304 3874 1413 3945 etiam
1435 3897 1520 3945 enm
1536 3872 1692 3972 psalmos
1713 3873 1762 3946 ad
1781 3871 1960 3946 bonorem
1983 3872 2047 3946 Dei

453 3990 679 4087 composuit,
695 3991 751 4062 vel
775 4014 895 4063 arcam
914 3991 1058 4061 Domini
1083 3991 1291 4065 solemniter
1315 3993 1352 4064 in
1377 3992 1574 4065 Jerusalem
1597 3990 1767 4080 adduxit,
1794 3990 1852 4064 vel
1876 3991 2045 4064 Salomon

456 4108 631 4207 templum
655 4109 803 4180 Domini
827 4111 1026 4183 construxit
1055 4124 1164 4207 atque
1186 4110 1377 4202 dedicavit,
1404 4113 1443 4186 id
1465 4113 1629 4210 prolecto
1651 4126 1819 4210 egertmt,
1846 4110 1946 4209 quod
1982 4134 2049 4183 ne·

453 4253 634 4326 quaquam
673 4232 813 4325 Moyses
845 4246 1074 4328 preceperat.
1108 4234 1245 4302 Omnes
1279 4255 1426 4329 quoque
1459 4232 1658 4330 prophetiae
1694 4231 1833 4330 absque
1866 4245 2049 4331 pmcepto

453 4350 584 4447 Moysis
607 4350 817 4449 conscriptae
832 4365 918 4426 sunt
933 4363 969 4423 et
987 4350 1073 4447 legis
1091 4349 1159 4422 sibi
1176 4349 1335 4442 tradite,
1350 4366 1387 4423 et
1404 4352 1595 4426 innumera
1613 4365 1697 4452 post
1713 4355 1862 4450 Moysen
1877 4352 2049 4430 assuetis

452 4468 615 4567 patribus
639 4470 698 4542 vel
723 4495 765 4542 ex
791 4485 970 4570 praecepto
999 4471 1147 4542 Domini
1169 4472 1225 4543 vel
1251 4495 1318 4571 pro
1343 4472 1530 4545 manifesta
1554 4473 1706 4547 utilitate
1734 4487 1819 4547 sunt
1843 4487 1943 4565 acta,
1968 4498 2049 4571 quae

452 4612 639 4687 nunquam
659 4590 697 4660 in
719 4591 904 4688 preceptis
926 4592 1058 4692 Moysis
1080 4591 1323 4663 continentur.
1350 4595 1431 4664 Non
1457 4593 1555 4666 enim
1578 4594 1616 4665 in
1639 4592 1695 4667 bis
1719 4618 1798 4691 quae
1823 4593 2048 4668 manifestam

453 4709 588 4782 habent
609 4710 797 4783 utilitatem
820 4724 997 4809 praecepta
1014 4712 1160 4784 Domini
1181 4726 1265 4784 sunt
1286 4712 1539 4811 exspectanda,
1559 4737 1628 4786 nec
1644 4728 1833 4812 peecatum
1857 4727 1912 4787 est
1934 4712 2050 4788 facere

483 5023 488 5049 ¹
501 5020 588 5082 testa,
601 5034 654 5082 cap.
668 5032 741 5083 xtut,
759 5034 783 5070 r.
797 5023 828 5072 39
839 5029 864 5070 et
875 5033 929 5083 sqq.
942 5045 970 5056 -
982 5022 991 5051 ⁸
1002 5021 1092 5082 Erod„
1114 5036 1169 5085 cap.
1183 5036 1256 5084 xm,
1270 5038 1294 5074 v.
1305 5026 1342 5077 tt.
1366 5050 1398 5064 -
1416 5023 1519 5086 Uim„
1533 5037 1587 5087 cap.
1600 5037 1652 5087 rxt,
1665 5039 1689 5073 r.
1700 5027 1724 5075 6.
1745 5050 1774 5062 -
1791 5023 1901 5088 timia,
1916 5039 1971 5089 cap.
1982 5039 2044 5088 nr,

451 5112 473 5146 r.
487 5100 529 5150 tt.
540 5102 586 5134 -⁵
600 5098 699 5162 terem,
715 5112 768 5162 cap.
779 5113 859 5150 xxxv.
874 5126 902 5138 -
913 5101 922 5132 ⁸
932 5100 994 5164 Περ.
1003 5098 1038 5164 ll,
1052 5114 1107 5165 cap.
1119 5115 1191 5167 xrm,
1205 5116 1229 5152 r.
1241 5107 1264 5155 5.
