4559 6100
447 491 516 561 aut
1051 494 1181 565 PETRI
1207 491 1443 567 ABAELARDI

446 637 518 711 dici
535 645 740 717 Deumesse
752 645 977 738 Trinitatem,
995 667 1106 741 quam
1123 647 1240 715 Deum
1257 666 1335 715 esse
1351 644 1487 717 trinum
1498 647 1521 732 ¹,
1540 642 1741 741 quodlicet
1757 643 1895 717 sincera
1909 656 1947 717 et
1963 668 2051 719 sana

445 759 681 859 intelligentia
707 790 784 840 esse
805 766 932 866 possit,
960 765 991 838 si
1015 764 1178 838 dicamm
1200 767 1318 839 Deum
1345 765 1494 860 trinum,
1513 780 1692 864 quantum
1707 764 1875 838 videlicet
1896 763 1942 838 ad
1968 791 2052 865 pro·

444 880 613 979 prietates
637 910 895 985 personarum
928 908 1003 960 nun
1031 900 1154 960 umen
1182 884 1274 956 ratio
1302 883 1449 958 videtur
1475 910 1542 959 our
1565 886 1680 983 magis
1706 884 1869 958 dicamus
1890 886 2047 980 uinum,

444 1026 556 1099 quam
583 1004 818 1080 substantiam
841 1007 987 1079 trinam.
1019 1004 1134 1078 lilulto
1160 1006 1269 1079 etiam
1294 1006 1414 1085 nunus
1438 1006 1657 1105 tripartitum
1681 1003 1753 1077 dici
1769 1009 1888 1089 Deum
1910 1028 2049 1106 appro-

444 1118 587 1217 bamus,
619 1124 702 1199 licet
725 1129 762 1200 in
788 1152 894 1200 sensu
921 1129 1074 1200 Sanctus
1098 1125 1158 1200 ille
1183 1126 1247 1224 qui
1267 1125 1341 1198 hoc
1365 1125 1454 1199 dixit
1481 1150 1557 1199 non
1582 1123 1817 1218 oberraverit,
1841 1126 2048 1201 Trinitatem

442 1240 580 1316 scilicet
603 1270 843 1344 personarum
865 1245 1081 1344 intelligens.

493 1363 587 1437 lllud
610 1390 698 1439 vero
710 1367 845 1439 multis
861 1366 980 1439 modis
1001 1363 1186 1459 refellitur,
1204 1363 1409 1464 quodcum
1430 1390 1656 1465 unaquaeque
1672 1366 1782 1439 trium
1807 1390 2044 1465 personarum

443 1483 489 1555 sit
508 1487 606 1558 Deus
622 1487 697 1560 sive
712 1487 926 1578 substantia,
946 1510 1065 1587 neque
1087 1509 1159 1559 una
1183 1508 1340 1585 persona
1356 1486 1402 1558 sit
1420 1485 1509 1576 alia,
1527 1512 1604 1560 non
1622 1500 1742 1560 tamen
1759 1484 1843 1559 ideo
1861 1485 1981 1586 plures
1996 1486 2046 1560 dii

442 1619 529 1677 sunt
554 1609 628 1680 sive
652 1609 872 1684 substantiae.
901 1614 982 1681 Non
1010 1608 1108 1681 enim
1134 1630 1281 1679 necesse
1308 1620 1383 1698 est,
1411 1621 1451 1680 ut
1477 1633 1562 1681 cum
1590 1607 1637 1680 de
1664 1606 1844 1706 aliquibus
1869 1606 2047 1704 sigillatim

442 1725 584 1800 dicatur
600 1733 736 1802 nomen
762 1729 952 1827 singularis
975 1729 1138 1819 numeri,
1158 1725 1297 1826 plurale
1317 1726 1364 1800 de
1383 1726 1519 1801 eisdem
1542 1727 1650 1802 simul
1673 1727 1826 1800 dicatur.
1852 1731 2047 1801 Nemeum
2116 1747 2124 1760 ·

442 1845 542 1919 Plato
560 1847 705 1921 alterius
718 1848 893 1939 hominis,
911 1848 1057 1921 alterius
1070 1850 1237 1920 Socrates
1253 1846 1362 1920 irater
1375 1848 1432 1939 sit,
1450 1861 1486 1920 et
1500 1872 1566 1947 per
1581 1846 1653 1921 hoc
1666 1846 1886 1921 concedatur
1898 1861 1935 1921 et
1951 1847 2049 1921 Plato

441 1989 518 2038 esse
532 1966 654 2061 frater,
673 1983 710 2041 et
725 1972 891 2043 Socrates
907 1994 985 2042 esse
999 1967 1129 2060 irater;
1149 1992 1226 2041 non
1242 1967 1326 2040 ideo
1344 1967 1493 2042 iorusse
1506 1967 1660 2040 concedi
1675 1967 1844 2040 convenit
1862 1968 2049 2042 Platonem

440 2099 475 2157 et
484 2088 669 2161 Socratem
685 2113 763 2162 esse
778 2090 903 2163 iratres
919 2119 928 2163 ε
947 2089 1048 2188 quod
1065 2112 1297 2186 nequaquam
1307 2087 1380 2160 dici
1396 2086 1502 2182 solet,
1519 2087 1589 2159 nisi
1603 2087 1651 2160 ad
1668 2086 1934 2161 ostendendum
1945 2089 2049 2188 quod

439 2205 512 2279 sint
528 2208 683 2282 invicem
700 2210 840 2285 fratres.
859 2209 930 2284 Sed
947 2223 983 2282 et
998 2234 1083 2282 cum
1101 2222 1176 2282 tam
1192 2207 1269 2280 haec
1285 2206 1417 2281 albedo
1435 2232 1546 2306 quam
1560 2206 1619 2280 illa
1637 2207 1740 2281 color
1756 2208 1813 2301 sit,
1832 2232 1908 2280 non
1926 2223 2047 2283 tamen

438 2343 632 2427 propterea
649 2331 812 2405 diversos
828 2355 905 2404 esse
919 2330 1061 2404 colores
1076 2328 1245 2417 dicimus,
1265 2352 1349 2401 cum
1366 2352 1442 2400 non
1459 2329 1533 2401 sint
1543 2329 1684 2401 colores
1695 2327 1814 2427 specie
1826 2327 2043 2403 differentes.

437 2447 590 2522 Duobus
626 2476 773 2550 quoque
812 2449 1025 2524 hominibus
1056 2446 1300 2522 assistentibus
1332 2447 1444 2541 mihi,
1482 2472 1567 2520 cum
1604 2446 1753 2546 profero
1790 2447 1887 2521 hanc
1920 2474 2046 2523 vocem

440 2597 458 2633 a
472 2566 629 2663 homo,»
656 2596 722 2669 per
745 2596 856 2669 quarn
880 2584 1032 2667 uterque
1051 2568 1262 2666 intelligitur
1281 2566 1415 2640 animal
1436 2568 1611 2641 rationale
1633 2567 1798 2659 mortale,
1816 2567 1955 2641 diversa
1970 2572 2047 2668 qui-

437 2684 523 2758 dem
539 2691 757 2763 estessentia
773 2689 883 2787 hujus
906 2688 1124 2781 intellectus,
1143 2702 1179 2759 et
1199 2689 1357 2760 essentia
1373 2685 1487 2781 illius,
1508 2712 1620 2786 quare
1636 2710 1858 2786 unaquaque
1873 2702 1927 2761 est
1942 2689 2045 2762 intel·

436 2804 564 2899 lectus,
583 2833 653 2881 nec
669 2824 790 2882 tamen
807 2808 892 2881 ideo
912 2809 1047 2881 multos
1068 2806 1271 2879 intellectus
1294 2806 1464 2902 dicimus,
1482 2833 1566 2880 cum
1584 2806 1662 2880 haec
1677 2808 1819 2882 diversa
1839 2809 2047 2909 concipiant

436 2949 505 2998 nec
527 2925 670 3001 diverso
692 2928 821 3001 modo.
840 2930 987 3001 Etcum
1008 2925 1123 2999 multa
1149 2926 1300 2999 nomina
1323 2926 1380 3000 vel
1400 2927 1522 3000 multae
1544 2926 1800 3001 affirmationes
1821 2928 1983 3003 incidant
2006 2932 2044 3005 in

438 3071 548 3121 unam
564 3073 705 3143 vocem,
726 3048 846 3123 omnis
861 3063 986 3122 autem
1004 3045 1198 3121 affirmatio
1215 3061 1252 3120 et
1265 3072 1374 3120 omne
1389 3072 1524 3121 nomen
1538 3047 1584 3122 sit
1600 3074 1670 3121 vox
1687 3050 1761 3121 sive
1776 3052 1949 3143 essentia3
1969 3076 2044 3124 non

436 3179 556 3240 umen
583 3168 667 3243 ideo
692 3170 824 3242 multas
850 3193 957 3242 voces
980 3168 1151 3259 dicimus,
1181 3168 1257 3241 sive
1282 3168 1414 3242 multas
1432 3170 1614 3242 essentias.
1643 3167 1773 3241 Sedet
1797 3193 1884 3242 cum
1906 3170 2045 3246 dolium

434 3288 537 3387 quod
563 3290 601 3362 in
627 3290 741 3364 domo
765 3305 819 3364 est
841 3290 888 3362 sit
913 3289 1064 3388 quidam
1086 3288 1209 3381 locus,
1230 3304 1267 3361 et
1292 3291 1370 3387 ipsa
1388 3312 1512 3361 rursus
1536 3287 1669 3362 domus
1690 3289 1736 3362 sit
1755 3290 1904 3386 quidam
1928 3292 2042 3387 locus,

436 3433 504 3482 nec
516 3411 564 3483 sit
578 3410 644 3483 iste
658 3410 760 3485 locus
778 3410 852 3501 ille,
869 3434 945 3482 non
958 3423 1081 3484 tamen
1102 3410 1244 3483 diversa
1258 3409 1340 3482 loca
1356 3407 1511 3481 dicimus
1523 3407 1662 3481 dolium
1677 3409 1793 3509 ipsum
1810 3424 1848 3482 et
1860 3410 2013 3487 domum
2032 3443 2041 3486 :

342 3581 346 3586 -
436 3528 597 3629 alioquin
613 3530 870 3629 vinum,quod
885 3531 922 3603 in
941 3529 1043 3603 dolio
1058 3544 1127 3620 est,
1146 3530 1185 3601 in
1200 3529 1350 3603 diversis
1367 3544 1460 3622 esset
1475 3528 1586 3621 locis3
1606 3554 1690 3602 cum
1706 3528 1864 3626 nullum,
1881 3546 2045 3634 utsupra

437 3653 683 3743 meminimus,
709 3676 843 3750 corpus
869 3652 907 3724 in
926 3651 1075 3724 diversis
1098 3649 1189 3723 locis
1213 3673 1291 3722 esse
1314 3662 1469 3723 constet.
1496 3648 1567 3723 Sed
1589 3664 1730 3724 etcum
1747 3675 1973 3753 unaquaeque
1987 3680 2043 3727 res

438 3775 599 3868 tempus⁸
614 3772 804 3870 proprium
820 3768 966 3861 habeat,
986 3768 1059 3842 hoc
1074 3784 1127 3841 est
1143 3783 1475 3867 quantamcumque
1491 3793 1632 3844 moram
1648 3772 1842 3845 existentiae
1857 3798 1949 3869 suae,
1967 3800 2043 3849 non

359 3877 371 3894 ’
439 3904 559 3962 tamen
588 3890 729 3963 diversa
751 3905 916 3989 tempora
943 3889 1160 3987 accipimus,
1190 3888 1260 3960 nisi
1291 3913 1356 3988 per
1385 3889 1663 3962 successionem.
1697 3896 1868 3967 Preterea
1897 3895 1935 3968 in
1967 3921 2041 3968 uno

327 4067 333 4078 ,
437 4008 588 4083 bomine
611 4011 733 4083 multer
757 4022 843 4110 sunt
863 4023 984 4107 partes
1006 4009 1054 4080 ita
1077 4006 1124 4081 ab
1147 4008 1302 4081 invicem
1320 4007 1481 4102 diverse,
1506 4008 1639 4086 uthaec
1662 4035 1738 4083 non
1761 4013 1807 4084 sit
1829 4012 1909 4106 illa3
1928 4014 1985 4088 vel
2001 4015 2040 4089 iu

437 4153 513 4202 uno
528 4129 641 4228 ligno,
656 4128 714 4204 vel
729 4130 768 4202 in
786 4153 858 4202 una
876 4127 1081 4225 margarita,
1102 4152 1196 4224 quae,
1215 4128 1344 4201 ceteris
1361 4127 1524 4227 partibus
1538 4128 1703 4202 abscissis
1719 4129 1777 4203 vel
1791 4133 1952 4227 remotis,
1972 4135 2042 4208 bo·

438 4251 554 4324 taines
580 4248 636 4323 vel
664 4248 761 4347 ligna
787 4273 851 4321 seu
877 4248 1077 4345 margarite
1102 4247 1286 4322 dicuntur.
1310 4251 1475 4337 Quarum
1500 4248 1610 4322 etiam
1635 4250 1792 4350 partium
1818 4279 2042 4354 unaqueque

438 4385 522 4444 aute
537 4369 793 4444 abscissionem
810 4368 926 4441 homo
942 4382 1033 4461 erat,
1051 4369 1126 4442 sive
1151 4369 1304 4467 lignum,
1326 4393 1391 4442 seu
1409 4370 1622 4465 margarita3
1642 4393 1719 4443 non
1741 4373 1840 4448 enim
1860 4380 2041 4476 separatio

436 4505 561 4564 nosua
577 4489 777 4589 quidquam
792 4491 831 4562 in
848 4489 1049 4564 substantia
1065 4488 1206 4566 confert
1220 4488 1256 4563 ei
1271 4486 1373 4588 quod
1393 4505 1557 4563 remanet
1571 4491 1629 4564 rel
1644 4491 1746 4591 quod
1768 4510 1950 4570 remotim
1965 4513 2039 4593 est,

437 4609 538 4710 quod
554 4611 653 4711 prius
669 4635 745 4683 non
761 4608 912 4684 haberet
935 4638 945 4683 z
965 4612 1052 4709 quia
1071 4609 1226 4684 abscissa
1242 4632 1371 4702 manu,
1391 4607 1430 4682 id
1445 4607 1548 4706 quod
1567 4623 1654 4686 tunc
1668 4610 1785 4686 homo
1801 4633 1990 4715 pernmnet
2005 4633 2042 4693 et

466 4881 474 4912 ¹
486 4878 557 4930 lianc
567 4874 900 4929 iocumttctuuotaritssdm.
910 4873 1152 4928 anama-asten
1162 4875 1210 4925 ittit
1263 4877 1327 4924 tote·
1341 4871 1374 4922 tt
1384 4870 1538 4925 Gotatcltaici
1553 4876 1699 4944 ntupum
1714 4880 1858 4942 approbasti
1870 4881 1979 4936 mut.
1990 4887 2043 4937 ω.

435 4963 555 5012 ”nuntia
575 4959 698 5011 lltncmari
721 4958 847 5011 {ienensis
864 4959 1041 5022 archiepiscop!
1061 4961 1104 5021 qut
1123 4965 1210 5007 conus
1264 4967 1333 5005 rem
1348 4967 1403 5017 qua
1420 4956 1533 5016 quoudts
1549 4966 1648 5008 nsonat
1664 4960 1689 5008 in
1706 4962 1805 5022 templis
1821 4969 1844 5012 tc
1857 4963 1936 5015 Tunc
1952 4964 2041 5018 Deitas

435 5039 621 5091 Gotstchaicum
643 5042 811 5092 collectionem
835 5052 866 5089 cx
890 5037 934 5089 SS.
959 5037 1094 5100 Scripturis
1118 5047 1145 5087 ct
1165 5037 1211 5088 Or-
1263 5047 1378 5097 amque,
1394 5034 1552 5098 maumas.»
1565 5036 1672 5089 -¹Sic.
1688 5038 1751 5091 Cod.
1768 5039 1826 5091 Tur.
1848 5040 2042 5098 luctuosius

436 5123 600 5174 tiodcxorum
617 5123 691 5177 dictis
706 5123 804 5186 scripsit
821 5120 852 5172 dc
869 5134 923 5172 usu
946 5125 969 5172 ct
989 5132 1040 5171 nott
1058 5119 1129 5170 tritta
1149 5117 1211 5170 Dei·
1264 5119 1367 5170 tatttttm
1380 5120 1445 5179 post.
