4559 6100
423 440 495 512 612
1022 437 1151 509 PETRl
1176 437 1411 511 ABAELARDI

472 587 611 676 Quibus
629 586 833 684 respondeo
855 611 863 654 :
884 583 982 681 quod
1004 585 1034 655 si
1055 609 1234 683 ponamus
1250 587 1331 685 plus
1349 585 1437 658 illud
1456 600 1572 659 totum
1588 586 1705 660 valere
1724 612 1832 685 quam
1850 588 2009 685 singula3

423 707 587 803 uunquid
611 706 694 777 ideo
715 705 842 801 majori
866 705 1155 776 remuneratione
1179 705 1328 802 dignum
1353 706 1515 801 cogimur
1540 706 1759 781 concedere?
1777 711 1857 779 Non
1875 708 2010 803 utique.

422 828 532 899 Multa
559 828 693 924 quippe
717 839 800 896 sunt
824 839 895 896 tam
911 824 1069 895 animata
1094 848 1204 920 quam
1225 826 1432 918 inanimata,
1459 851 1614 922 quorum
1634 826 1825 899 multitudo
1848 827 1895 898 ad
1911 827 2013 925 plura

425 947 518 1018 utilis
535 962 598 1035 est,
619 969 728 1041 quam
745 942 1033 1041 unumquodque
1049 943 1086 1013 iu
1103 967 1146 1015 ea
1162 942 1390 1016 multitudine
1408 945 1724 1045 comprehensum,
1747 946 1877 1044 quibus
1894 962 2012 1020 tamen

424 1065 594 1136 omnibus
623 1062 720 1135 nulla
749 1086 895 1161 prorsus
923 1063 1165 1134 remuneratio
1190 1060 1354 1134 debetur.
1386 1068 1479 1137 Ecce
1508 1066 1603 1136 enim
1632 1064 1700 1136 bos
1726 1063 1811 1137 bovi
1836 1065 1892 1137 vel
1918 1090 2012 1162 equo

423 1185 624 1281 adjunctus,
653 1185 726 1255 sive
747 1182 883 1279 lignum
908 1182 1006 1277 ligno
1022 1180 1078 1252 vel
1096 1181 1204 1269 ferro,
1232 1206 1290 1253 res
1315 1183 1463 1279 quidem
1484 1182 1589 1255 bonae
1606 1196 1701 1269 sunt,
1728 1197 1764 1254 et
1784 1183 1865 1282 plus
1887 1209 2013 1257 eorum

424 1304 616 1375 multitudo
633 1326 743 1399 quam
762 1302 900 1396 singula
913 1301 1019 1391 valet,
1035 1325 1119 1372 cum
1137 1316 1255 1373 tamen
1275 1300 1530 1374 nihilomnino
1547 1302 1844 1374 remunerationis
1860 1302 2012 1401 amplius

423 1423 566 1495 habeat.

474 1547 619 1633 Revera,
640 1541 792 1637 inquies,
813 1540 861 1611 ita
877 1553 952 1629 est;
975 1539 1058 1633 quia
1076 1561 1151 1608 non
1170 1552 1254 1609 sunt
1268 1539 1352 1610 talia
1368 1564 1445 1635 quae
1462 1540 1590 1610 mereri
1607 1539 1757 1637 possint,
1775 1564 1858 1611 cum
1876 1541 2012 1613 ratione

423 1676 579 1733 careant.
603 1658 673 1730 Sed
695 1656 860 1753 nunquid
884 1681 976 1753 opus
993 1671 1156 1728 nostrum
1177 1657 1355 1729 rationem
1372 1656 1494 1743 habet,
1517 1672 1555 1727 ut
1572 1658 1699 1730 mereri
1715 1658 1855 1755 possit?
1872 1662 2011 1756 Nequa-

423 1806 554 1877 quam,
573 1779 734 1874 inquies3
757 1775 822 1847 sed
837 1790 957 1845 tamen
982 1776 1110 1846 mereri
1126 1800 1219 1873 opus
1242 1774 1393 1868 dicitur,
1412 1776 1497 1871 quia
1513 1799 1581 1847 nos
1596 1777 1725 1847 mereri
1740 1776 1836 1864 lacit,
1856 1776 1926 1848 lroc
1941 1791 2011 1863 est,

424 1898 552 1995 dignos
568 1896 876 1985 remuneratione,
896 1892 952 1965 vel
970 1894 1094 1965 saltem
1113 1894 1261 1989 majore.
1286 1893 1358 1965 Sed
1374 1894 1446 1966 hoc
1466 1893 1627 1991 profecto
1650 1919 1760 1991 supra
1783 1896 2009 1990 negavimus,

423 2034 457 2088 et
481 2041 546 2087 cur
564 2015 769 2113 negandum
785 2013 831 2084 sit
855 2024 953 2083 extra
977 2034 1019 2082 ea
1040 2036 1118 2109 quae
1134 2012 1308 2103 diximus,
1326 2012 1461 2109 accipe.
1481 2014 1572 2083 Sunt
1586 2011 1661 2083 duo
1678 2013 1714 2083 in
1732 2012 1863 2084 eodem
1879 2039 2011 2111 propo·

423 2137 491 2207 sito
516 2132 716 2205 aedificandi
740 2131 871 2203 domos
895 2153 1115 2228 pauperum,
1144 2129 1234 2201 alter
1258 2128 1460 2201 devotionis
1484 2154 1554 2200 suae
1581 2128 1748 2201 allectum
1769 2130 1907 2228 implet,
1927 2131 2014 2203 alter

423 2279 509 2325 vero
534 2252 688 2351 pecunia
713 2273 822 2347 quam
846 2262 1124 2347 praeparaverat,
1148 2247 1217 2319 sibi
1232 2246 1411 2319 violenter
1432 2246 1569 2337 ablata,
1589 2249 1689 2345 quod
1710 2250 1899 2346 proposuit
1924 2275 2012 2322 oon·

420 2396 602 2444 summare
625 2394 700 2443 non
726 2368 953 2466 permittitur,
973 2366 1072 2438 nulla
1087 2367 1142 2437 sui
1159 2367 1266 2465 culpa
1281 2366 1559 2457 interveniente,
1577 2365 1641 2437 sed
1656 2365 1732 2437 sola
1746 2390 1829 2439 eum
1846 2366 2013 2442 violentia

423 2490 675 2587 praepediente.
696 2484 867 2582 Nunquid
885 2485 961 2579 ejus
978 2484 1145 2555 meritum
1164 2484 1201 2555 id
1218 2483 1319 2581 quod
1333 2485 1487 2556 exterius
1501 2499 1554 2556 est
1568 2498 1703 2573 actum,
1721 2485 1884 2557 minuere
1897 2489 2013 2584 potuit

425 2608 527 2706 apud
541 2612 670 2693 Deum,
686 2620 749 2678 aut
761 2602 896 2675 malitia
910 2602 1054 2674 alterius
1069 2626 1154 2672 eum
1169 2602 1288 2672 minus
1301 2601 1556 2700 acceptabilem
1570 2606 1647 2673 Deo
1662 2601 1778 2674 lacere
1788 2605 1919 2700 potuit,
1937 2607 2010 2701 qui,

428 2739 760 2822 quantumcumque
784 2723 921 2820 potuit,
949 2745 1017 2819 pro
1042 2724 1120 2791 Deo
1148 2718 1253 2791 lecit?
1275 2720 1442 2815 Alioquin
1466 2720 1677 2816 magnitudo
1701 2723 1860 2820 pecuniae
1883 2748 2013 2795 unum·

425 2867 604 2940 quemque
631 2839 881 2912 melioremne
914 2838 1114 2936 digniorem
1143 2838 1257 2909 lacere
1281 2854 1422 2936 posset,
1455 2839 1486 2909 si
1513 2838 1677 2911 videlicet
1694 2839 1741 2910 ad
1766 2842 1934 2913 meritum
1959 2842 2014 2913 vel

425 2975 657 3057 augmentum
680 2960 796 3031 meriti
815 2956 990 3058 prolicere
1014 2958 1092 3056 ipsa
1114 2971 1254 3055 posset,
1278 2971 1314 3028 et
1333 2981 1406 3054 quo
1425 2955 1572 3029 ditiores
1593 2956 1759 3029 homines
1785 2974 1920 3053 esseut,
1943 2985 2014 3032 me·

426 3081 532 3153 liores
554 3079 631 3152 fieri
645 3092 805 3178 possent,
825 3102 909 3149 cum
933 3077 1000 3176 ipsi
1017 3101 1060 3149 ex
1078 3077 1184 3173 copia
1202 3075 1407 3147 divitiarum
1424 3074 1609 3148 devotioni
1632 3100 1703 3148 suae
1720 3077 1800 3175 plus
1815 3094 1962 3175 possent
1978 3081 2013 3150 in

426 3199 597 3299 operibus
619 3198 765 3271 addere.
784 3196 893 3284 Quod
919 3194 1066 3293 quidem
1082 3194 1297 3285 existimare,
1324 3208 1363 3264 ut
1389 3216 1478 3292 opes
1502 3192 1634 3265 scilicet
1655 3193 1702 3265 ad
1722 3219 1844 3268 veram
1864 3194 2014 3269 beatitu-

427 3321 570 3411 dinem,
601 3316 657 3388 vel
682 3317 730 3390 ad
754 3317 882 3388 animae
908 3314 1117 3411 dignitatem
1143 3313 1338 3409 quicquam
1358 3310 1499 3383 valeant
1527 3310 1704 3402 conferre,
1733 3313 1791 3385 rel
1813 3314 1860 3385 de
1885 3316 2015 3387 meritis

427 3462 625 3538 pauperum
649 3436 844 3533 quicquam
865 3432 1023 3520 auferre,
1044 3455 1185 3504 summa
1205 3446 1258 3501 est
1274 3429 1423 3502 insania.
1453 3430 1489 3501 Si
1511 3444 1630 3501 autem
1651 3431 1809 3502 animam
1831 3433 2016 3506 meliorem

427 3558 568 3629 efficere
584 3581 657 3628 non
673 3569 790 3653 potest
807 3552 982 3652 possessio
1000 3573 1135 3641 rerum,
1154 3549 1277 3644 utique
1294 3571 1457 3620 neceam
1478 3550 1556 3621 Deo
1570 3548 1746 3622 cariorem
1759 3550 1873 3622 facere
1888 3566 2014 3648 potest,

426 3702 493 3749 nec
509 3702 588 3748 eam
605 3677 640 3747 in
659 3671 880 3746 beatitudine
895 3670 1012 3743 meriti
1028 3669 1223 3767 quicquam
1239 3666 1417 3739 obtinere.

1053 3999 1233 4088 CAPUT
1265 3995 1389 4088 vtlt.

890 4226 933 4280 De
962 4221 1194 4281 remuneratione
1221 4241 1343 4301 operum
1369 4223 1555 4282 exteriorum.

480 4418 552 4483 Nec
573 4428 691 4484 tamen
714 4434 885 4507 negamus
903 4411 940 4480 in
964 4409 1033 4481 hac
1047 4410 1119 4481 vita
1136 4408 1244 4480 bonis
1265 4410 1340 4481 istis
1356 4410 1527 4508 operibus
1541 4409 1597 4482 vel
1615 4410 1718 4482 malis
1731 4411 1868 4507 aliquid
1886 4410 2015 4498 tribui,

432 4548 468 4604 nt
491 4558 532 4604 ex
549 4532 714 4630 praesenti
734 4528 967 4604 retributione
983 4532 1019 4600 in
1037 4529 1184 4628 praemio
1199 4529 1256 4600 vel
1273 4554 1380 4627 poena
1395 4529 1549 4628 amplius
1563 4528 1610 4601 ad
1624 4527 1724 4601 bona
1739 4530 1943 4617 incitemur,
1962 4527 2018 4599 vel

431 4680 450 4725 a
476 4653 576 4726 malis
601 4650 840 4739 retrahamur;
863 4664 900 4721 et
922 4649 968 4722 de
993 4648 1070 4721 aliis
1091 4646 1151 4721 alii
1174 4650 1337 4746 exempla
1360 4663 1502 4722 sumant
1523 4649 1562 4719 in
1587 4646 1758 4719 iaciendis
1780 4670 1860 4743 quae
1884 4670 2018 4718 conve·

432 4773 549 4864 niunt,
570 4773 625 4845 vel
642 4768 809 4842 cavendis
823 4792 903 4863 quae
919 4793 995 4840 non
1012 4767 1246 4841 conveniunt.
