4559 6100
446 541 519 615 too
1055 536 1176 609 PETRI
1201 536 1431 615 ABAELARDI

447 715 527 790 quae
553 688 708 782 videtur,
733 711 809 760 uon
834 702 888 760 est
908 711 1015 787 spes:
1039 687 1140 785 quod
1165 687 1262 760 enim
1278 685 1376 761 videt
1399 686 1491 785 quis,
1517 688 1704 786 quomodo
1717 690 1885 789 sperati»
1902 695 1953 763 Ex
1969 715 2046 789 quo

445 809 623 910 liquidum
646 823 712 900 est,
734 807 821 882 tales
837 808 1001 881 omnium
1024 806 1217 881 hominum
1233 808 1453 881 miserrimos
1469 832 1560 899 esse,
1579 808 1643 906 qui
1663 823 1737 882 tam
1753 808 1825 883 fide
1846 834 1958 908 quam
1981 837 2046 911 spe

449 931 620 1021 destituti,
644 954 803 1004 neccum
815 928 1041 1030 philosophis
1057 928 1363 1002 immortalitatem
1379 930 1507 1011 animae
1524 928 1685 1019 credent,
1706 956 1773 1004 nec
1794 934 1913 1005 Deum
1928 956 2050 1005 remu·

448 1067 653 1125 neratorem
676 1050 861 1124 bonorum
883 1048 1143 1150 expectabunt,
1167 1050 1234 1121 toti
1258 1074 1429 1122 sensuum
1455 1050 1709 1149 experimentis
1733 1050 1862 1141 dediti,
1876 1052 1968 1124 sicut
1984 1077 2048 1152 pe-

449 1197 549 1265 cora,
573 1187 715 1246 etcum
740 1170 933 1271 pecoribus
958 1195 1059 1243 suam
1086 1184 1264 1269 ponentes
1289 1184 1438 1262 sortem,
1464 1195 1647 1269 quaecum
1673 1196 1780 1245 carue
1805 1173 1948 1272 penitus
1966 1171 2053 1245 deli·

449 1294 563 1381 ciunt,
584 1308 692 1391 atque
710 1291 771 1364 hic
786 1293 938 1364 omnino
956 1291 1173 1363 moriuntur.
1196 1289 1248 1362 td
1264 1289 1341 1363 haec
1358 1291 1494 1391 quippe
1512 1291 1718 1391 recipienda
1734 1307 1771 1364 et
1786 1291 1967 1364 credenda
1981 1316 2052 1367 uec

449 1438 619 1486 sensuum
646 1413 912 1513 experimentis,
937 1436 1004 1484 nec
1023 1411 1192 1485 humanis
1208 1412 1288 1509 cogi
1310 1411 1511 1484 rationibus
1535 1425 1719 1511 poterunt,
1732 1486 1733 1491 ,
1747 1411 1811 1485 sed
1833 1412 1907 1485 sola
1926 1428 2050 1486 aucto·

448 1535 552 1607 ritate
574 1547 659 1605 sunt
679 1532 920 1606 conducendi.
941 1532 1050 1620 Quod
1076 1533 1106 1605 si
1133 1558 1177 1604 ex
1200 1532 1410 1605 auctoritate
1434 1531 1492 1605 his
1517 1534 1761 1631 acquiescunt,
1782 1533 1911 1631 quibus
1929 1548 2049 1607 tamen

449 1648 589 1722 ratione
611 1648 773 1722 satisfieri
795 1674 870 1721 non
888 1662 1019 1749 potest,
1039 1673 1104 1721 cur
1126 1647 1172 1721 de
1190 1652 1268 1720 Deo
1285 1648 1351 1720 ista
1370 1647 1566 1748 reprobant
1582 1674 1661 1746 quae
1678 1663 1731 1721 tot
1745 1649 1957 1723 testimoniis
1974 1663 2052 1722 tan·

353 1823 356 1828 -
449 1782 571 1841 torum
593 1767 832 1868 comprobata
851 1784 935 1842 suut
959 1767 1199 1868 sapientium?
1225 1768 1364 1840 Scimus
1382 1794 1509 1841 omnes
1530 1768 1643 1840 iubis
1667 1793 1746 1867 quae
1766 1770 1909 1847 ratione¹
1922 1768 2051 1842 discuti

449 1905 618 1988 possunt,
648 1915 726 1962 non
748 1913 824 1963 esse
850 1890 1091 1962 necessarium
1115 1890 1335 1962 auctoritatis
1358 1888 1549 1987 judicium.
1574 1888 1615 1960 ld
1640 1913 1786 1988 quoque
1816 1914 1885 1988 pro
1911 1889 2050 1963 ratione

449 2010 534 2082 satis
558 2035 634 2082 csse
658 2009 780 2103 debet,
806 2010 925 2108 utqui
942 2024 1071 2085 cuncta
1094 2011 1203 2106 longe
1227 2010 1461 2101 transcendit,
1488 2034 1553 2109 per
1581 2010 1704 2082 omnia
1725 2008 1893 2082 humanae
1915 2008 2051 2083 discus·

449 2129 560 2203 sionis
583 2144 690 2229 atque
706 2130 943 2229 intelligentiae
962 2132 1054 2203 vires
1079 2129 1242 2224 excedat,
1269 2144 1305 2203 et
1321 2130 1421 2228 quod
1440 2131 1522 2229 capi
1539 2155 1615 2202 non
1634 2144 1752 2230 potest
1766 2128 1863 2224 loco,
1888 2131 2052 2203 humano

449 2273 525 2320 non
550 2250 880 2351 comprehendatur
907 2250 1042 2324 animo.
1071 2255 1160 2338 Quae
1186 2251 1293 2323 etiam
1321 2251 1437 2348 major
1463 2248 1661 2345 indignatio
1690 2247 1858 2322 fidelibus
1883 2249 2050 2327 habenda

449 2384 554 2461 esset,
580 2395 689 2468 quam
717 2396 800 2444 eum
825 2396 863 2444 se
888 2370 1023 2444 habere
1050 2373 1167 2444 Deum
1196 2370 1371 2470 profiteri,
1403 2394 1511 2466 quem
1535 2368 1736 2442 ratiuncula
1757 2368 1919 2444 hinnaua
1939 2373 2052 2469 possit

450 2492 773 2589 comprehendere,
800 2507 862 2566 aut
884 2491 1091 2567 mortalium
1113 2490 1236 2590 lingua
1262 2490 1463 2565 disserere?
1485 2495 1563 2563 Hoc
1588 2505 1711 2564 autem
1735 2514 1803 2562 nec
1827 2491 1925 2590 ipsos
1941 2490 2052 2565 ‚latuit

449 2609 705 2711 philosophos,
733 2638 891 2711 quorum
914 2614 1091 2685 maximus
1113 2612 1151 2684 in
1181 2615 1311 2683 Timeo
1334 2636 1401 2684 suo
1426 2612 1476 2684 ait
1504 2638 1553 2681 :u
1578 2609 1754 2709 Opilicem
1780 2610 2053 2708 genitoremque

450 2731 690 2804 universitatis
714 2745 789 2804 tam
812 2732 975 2804 invenire
1000 2730 1147 2805 dillicile
1171 2746 1237 2824 est,
1258 2755 1369 2829 quam
1392 2732 1583 2802 inventum
1598 2729 1818 2831 impossibile
1840 2744 1893 2803 est
1913 2731 2051 2830 profari

449 2847 570 2945 digne.
587 2880 605 2917 >³
622 2851 693 2937 Qui
709 2852 817 2923 etiam
833 2876 917 2923 cum
933 2855 1050 2949 Noym
1073 2876 1115 2924 ex
1134 2856 1214 2924 Deo
1239 2867 1362 2923 natam
1387 2875 1463 2923 esse
1489 2866 1682 2945 assereret,
1709 2850 1749 2923 id
1772 2851 1947 2950 explicare
1973 2876 2050 2924 non

450 2969 670 3067 praesumsit,
701 2970 1071 3071 quodinexplicabili
1100 2969 1214 3043 modo
1239 2995 1316 3042 esse
1343 2972 1513 3066 cognovit
1539 2985 1647 3071 atque
1674 2972 1856 3072 professus
1882 2986 1958 3065 est,
1988 2971 2051 3043 sed

449 3103 590 3162 tautum
612 3090 659 3164 de
682 3089 853 3166 ineffabili
876 3090 937 3163 illa
956 3092 1189 3189 generatione
1211 3091 1315 3185 dixit,
1341 3106 1518 3190 quantum
1544 3093 1711 3165 voluntas
1732 3091 1855 3166 divina
1875 3093 2047 3192 permisit.

450 3211 522 3300 Qui
544 3209 666 3303 etiam,
693 3225 782 3284 teste
805 3210 1003 3303 Macrobio,
1026 3211 1113 3310 quid
1136 3212 1182 3284 sit
1198 3216 1296 3284 Deus
1316 3211 1437 3286 dicere
1453 3237 1529 3285 non
1553 3227 1606 3285 est
1628 3238 1735 3286 ausus
1752 3239 1761 3283 :
1779 3213 1852 3285 boc
1870 3211 1987 3284 solum
2004 3211 2053 3284 de

449 3353 494 3404 eo
514 3331 643 3422 sciens,
667 3330 768 3430 quod
784 3333 865 3405 sciri
882 3331 997 3431 qualis
1013 3333 1058 3405 sit
1073 3331 1119 3404 ab
1136 3332 1347 3405 hominibus
1368 3357 1443 3406 nou
1461 3333 1574 3432 possit
1593 3361 1603 3404 ε
1622 3333 1685 3431 qui
1702 3357 1769 3405 nec
1785 3330 1832 3404 ab
1849 3332 1935 3429 ipsis
1950 3333 2051 3430 spiri·

344 3529 349 3536 ,
449 3450 545 3524 tibus
567 3451 770 3525 coelestibus
793 3452 922 3549 majori
943 3453 1115 3551 sapientia
1138 3452 1296 3552 praeditis
1316 3451 1422 3552 plene
1443 3453 1685 3549 cognoscitur.
1710 3451 1812 3525 Unde
1834 3452 2052 3550 Augustinus

450 3570 543 3646 libro
563 3575 807 3664 Quaestionum
828 3575 951 3644 veteris
969 3590 1006 3645 et
1024 3598 1120 3644 novoe
1136 3571 1257 3672 Legis:
1283 3603 1301 3641 a
1321 3571 1534 3665 Cherubim,
1554 3574 1684 3671 iuquit,
1712 3587 1748 3646 et
1763 3572 1952 3672 Seraphim
1974 3596 2050 3644 non

451 3691 769 3790 comprehendunt
795 3693 941 3790 penitus
965 3691 1053 3789 quid
1076 3695 1173 3762 Deus
1197 3693 1265 3780 sit,
1294 3694 1381 3790 quia
1398 3717 1509 3765 nemo
1524 3694 1626 3766 novit
1639 3698 1781 3766 Patrem
1799 3694 1868 3765 nisi
1891 3692 2048 3765 Filius.»

451 3815 599 3882 Hermes
626 3835 774 3908 quoque
800 3834 883 3882 cum
913 3808 959 3884 de
983 3809 1071 3881 Filio
1097 3810 1166 3883 Dei
1190 3835 1299 3910 supra
1314 3812 1521 3909 loqueretur
1541 3813 1730 3910 adjunxit:
1753 3814 1893 3909 «Cujus
1914 3835 2050 3884 nornen

451 3956 527 4004 uon
545 3943 664 4028 potest
682 3929 845 4002 humano
870 3955 934 4004 ore
951 3931 1101 4004 narrari.
1118 3962 1136 3998 »
1155 3931 1248 4003 Hinc
1271 3947 1324 4005 est
1340 3935 1437 4005 enim
1452 3933 1553 4031 quod
1570 3935 1697 4006 merito
1713 3937 1831 4005 Deum
1847 3929 2051 4032 appellabat

450 4051 629 4148 ignotum,
648 4051 753 4147 quasi
776 4051 839 4149 qui
867 4075 889 4123 a
912 4051 1035 4149 paucis
1058 4052 1114 4125 vel
1138 4052 1288 4124 summis
1311 4052 1532 4153 sapientibus
1558 4053 1814 4151 intelligeretur
1838 4065 1901 4127 aut
1924 4049 2050 4124 crede·

450 4184 562 4262 retur,
579 4170 698 4242 necin
717 4194 953 4243 communem
970 4171 1068 4268 vulgi
1089 4171 1229 4244 veniret
1249 4173 1461 4271 opinionem
1481 4201 1489 4244 :
1509 4174 1566 4245 eui
1591 4197 1659 4246 nec
1682 4171 1926 4262 simulacrum,
1947 4172 2055 4268 juxta

450 4288 692 4379 Macrobium,
713 4291 791 4363 ausi
805 4306 889 4363 sunt
905 4292 1122 4365 constituere
1142 4319 1150 4363 ε
1169 4316 1278 4390 quem
1300 4291 1544 4389 etiam,juata
1560 4292 1815 4392 philosophos,
1836 4292 1904 4365 soli
1922 4289 2050 4363 muudi

450 4408 561 4481 corde
582 4422 619 4482 et
640 4410 782 4508 purgati
811 4411 922 4484 animi
945 4413 1152 4510 conspicere
1176 4426 1353 4511 possunt:
1373 4411 1420 4485 de
1445 4438 1520 4509 quo
1537 4427 1573 4486 et
1590 4416 1754 4486 Lucanus
1770 4414 1863 4486 ait¹=
1887 4411 2049 4483 «Incerti

449 4527 571 4604 ludaea
595 4532 677 4622 Dei,
692 4562 709 4597 »
735 4530 809 4603 hoc
835 4545 889 4604 est
914 4531 1117 4605 absconditi
1137 4545 1246 4629 atque
1263 4531 1402 4628 ignoti:
1429 4532 1531 4629 cujus
1556 4531 1704 4630 quidem
1728 4532 1841 4628 ignoti
1865 4532 1933 4603 Dei
1948 4553 2050 4602 aram

450 4672 604 4747 magnus
629 4650 869 4750 philosophus
890 4652 1084 4749 Dionysius
1109 4651 1322 4754 Areopagita
1345 4650 1458 4724 Paulo
1481 4651 1763 4752 apostoloapud
1777 4651 1960 4748 egregiam
1975 4664 2049 4721 stu·

450 4766 518 4840 diis
540 4771 722 4844 civitatem
747 4771 901 4846 Athenas
926 4771 1054 4868 legitur
1078 4771 1303 4844 ostendisse’.
1331 4775 1414 4844 Haec
1435 4770 1597 4870 quidem,
1622 4772 1662 4844 ni
1685 4769 1801 4861 tattor,
1828 4770 1889 4844 illa
1911 4784 1966 4843 cst
1988 4791 2050 4841 ara

449 4889 716 4984 misericordiae,
746 4893 805 4964 cui
829 4916 851 4965 a
874 4890 1096 4991 supplicibus
1123 4916 1198 4964 non
1224 4891 1494 4985 immolabatur,
1524 4892 1592 4964 nisi
1622 4890 1712 4963 illud
1740 4890 2048 4964 Brachmanorum

483 5158 634 5226 ¹t’tarsat,
645 5162 689 5214 ltb.
702 5160 734 5227 ll,
747 5175 770 5214 t.
783 5164 838 5216 593.
853 5189 884 5200 -
895 5164 967 5215 ’Act
979 5164 1078 5227 apost,
1089 5175 1143 5226 cap.
1155 5174 1216 5224 xm,
1226 5175 1250 5212 v.
1263 5163 1302 5213 2³.
