4559 6100
461 488 533 565 660
1063 490 1190 564 PETRI
1216 487 1453 566 temnunt

461 657 611 739 tumque
626 637 827 712 dilectionis
844 641 964 712 sinum
976 642 1033 713 lex
1047 642 1126 740 ipsa
1142 641 1249 731 laxat,
1267 654 1310 713 ut
1324 665 1392 717 nec
1406 641 1492 742 ipsis
1506 641 1658 714 inimicis
1671 641 1728 715 vel
1744 640 1926 737 injuriosis
1937 641 2059 715 desint

458 761 569 858 ipsius
590 757 792 833 beneficia.
821 765 874 833 De
899 761 1034 859 quibus
1066 786 1166 833 nunc
1189 761 1310 859 aliqua
1337 761 1610 861 proferamus¹3
1640 791 1658 828 α
1672 762 1709 833 Si
1734 762 1934 835 occurreris
1968 761 2058 838 bovi

457 881 592 952 inimici
613 881 665 951 tui
688 893 751 952 aut
771 880 872 952 asino
895 881 1046 973 erranti,
1066 880 1178 954 reduc
1198 882 1245 954 ei.
1267 881 1305 952 si
1324 881 1456 955 videris
1476 881 1616 954 asinum
1631 881 1786 954 odientis
1802 896 1838 953 te
1848 882 1967 978 jacere
1984 883 2057 957 sub

458 1002 582 1089 on'ere,
601 1024 677 1072 non
700 999 946 1097 pertransibis,
969 999 1032 1072 scd
1051 999 1255 1073 sublevabis
1270 1025 1355 1073 cum
1377 1026 1435 1073 eo.
1457 1000 1646 1099 Peregrino
1666 1002 1837 1073 molestus
1861 1024 1937 1073 non
1961 1003 2052 1091 eris,

457 1137 494 1193 et
509 1121 576 1218 ipsi
599 1120 776 1220 peregrini
796 1119 908 1192 frustis
925 1122 961 1192 in
987 1136 1081 1193 terra
1097 1122 1253 1220 AEgypti.
1278 1125 1359 1194 Non
1375 1146 1514 1220 quaeras
1535 1120 1711 1196 ultionem
1732 1142 1800 1194 nec
1823 1123 2056 1195 memoreris

456 1242 595 1339 injuriae
615 1240 748 1311 civium
764 1242 941 1311 tuorum’.
961 1241 997 1311 Si
1014 1239 1229 1314 habitaverit
1252 1240 1390 1315 advena
1410 1241 1447 1313 in
1470 1257 1564 1315 terra
1579 1255 1697 1314 vestra
1712 1253 1750 1314 et
1770 1255 1932 1313 moratus
1948 1240 2056 1314 luerit

458 1363 550 1433 inter
566 1385 646 1448 vos,
659 1383 705 1430 ne
717 1357 921 1457 exprobetis
938 1360 984 1445 ei,
1000 1359 1062 1433 sed
1079 1361 1124 1432 sit
1141 1361 1309 1434 intervos
1324 1362 1426 1459 quasi
1438 1360 1619 1460 indigena,
1632 1374 1669 1433 et
1685 1359 1836 1456 diligetis
1851 1382 1937 1432 eum
1951 1362 2056 1458 quasi

458 1495 596 1553 vosmet
611 1482 723 1578 ipsos,
751 1479 864 1551 luistis
888 1479 985 1551 enim
1008 1494 1045 1552 et
1061 1504 1127 1552 vos
1149 1480 1298 1553 advenae
1318 1482 1356 1553 in
1378 1496 1475 1554 terra
1490 1480 1645 1580 AEgypti.
1666 1484 1742 1578 Ego
1759 1480 1936 1552 Dominus
1956 1484 2055 1553 Deus

456 1616 618 1672 vester.»
643 1604 685 1671 Et
706 1597 834 1671 alibi⁸2
857 1628 875 1666 u
890 1603 970 1671 Non
995 1598 1148 1671 deerunt
1170 1624 1346 1699 pauperes
1369 1601 1406 1672 in
1432 1616 1526 1673 terra
1550 1600 1782 1675 habitationis
1803 1612 1945 1690 vcstrae3
1968 1600 2052 1673 ideo

454 1720 622 1817 praecipio
640 1718 705 1790 tibi
721 1731 762 1790 ut
777 1719 914 1816 aperias
929 1742 1077 1789 manum
1095 1717 1193 1790 fratri
1211 1733 1277 1790 tuo
1296 1734 1333 1792 et
1347 1744 1462 1816 egeno
1475 1734 1511 1792 et
1525 1721 1675 1819 pauperi
1689 1721 1752 1817 qui
1768 1733 1889 1792 tecum
1904 1743 2052 1792 versan-

455 1856 513 1911 tur
533 1840 571 1911 in
590 1855 694 1911 terra.
717 1868 734 1904 r
753 1842 804 1909 Ex
818 1837 875 1909 his
889 1837 1092 1937 perpende,
1110 1836 1276 1930 obsecro,
1294 1853 1471 1936 quantum
1484 1838 1652 1912 extendat
1665 1838 1721 1911 lex
1734 1852 1809 1910 tam
1824 1837 1872 1911 ad
1885 1837 2052 1912 homines

452 1982 562 2056 quam
588 1957 635 2030 ad
660 1961 778 2029 Deum
803 1956 1004 2029 dilectionis
1028 1956 1217 2043 allectum,
1243 1971 1284 2029 ut
1310 1972 1408 2030 tuam
1432 1959 1540 2031 etiam
1571 1959 1688 2054 legem
1712 1980 1823 2056 qrram
1850 1956 2052 2031 naturalem

452 2076 610 2176 appellas
625 2079 662 2151 in
678 2090 799 2150 nostra
814 2076 983 2149 concludi
997 2100 1208 2174 cognoscas,
1229 2092 1271 2149 ut
1283 2078 1314 2150 si
1329 2078 1398 2150 alia
1412 2102 1559 2177 quoque
1576 2091 1755 2151 cessarent
1766 2090 1957 2175 praecepta,
1973 2076 2051 2151 brec

451 2223 530 2295 quae
554 2197 719 2296 perlectae
746 2194 949 2268 dilectionis
974 2211 1056 2269 sunt
1077 2195 1184 2268 nobis
1205 2197 1313 2269 etiam
1336 2198 1428 2270 sieut
1453 2213 1489 2272 et
1506 2196 1608 2270 vobis
1627 2197 1673 2270 ad
1697 2196 1931 2269 salvationem
1949 2196 2051 2268 suffi-

451 2331 584 2390 cerent.
603 2317 743 2405 Quibus
766 2331 802 2388 et
822 2318 961 2415 priores
979 2331 1098 2415 patres
1122 2331 1267 2389 nostros
1288 2317 1429 2405 salvari,
1451 2341 1526 2390 non
1547 2316 1742 2413 denegatis,
1765 2330 1805 2387 ut
1818 2330 1919 2388 tauto
1938 2318 2051 2411 magis

394 2490 396 2503 .
450 2437 555 2511 nobis
580 2436 750 2509 securitas
782 2436 1020 2533 relinquatur,
1048 2450 1183 2534 quanto
1214 2436 1444 2536 superaddita
1470 2449 1588 2511 cetera
1608 2436 1695 2533 legis
1721 2451 1900 2536 praecepta
1924 2436 2051 2508 arctio

448 2581 526 2629 rem
558 2556 663 2629 nobis
694 2558 806 2627 vitam
838 2556 1078 2627 instituerunt.
1111 2558 1199 2644 Quae
1225 2557 1373 2654 quidem
1399 2555 1537 2628 additio
1564 2581 1640 2629 non
1669 2571 1744 2627 tam
1768 2553 1814 2627 ad
1841 2571 2047 2628 sanctorum

449 2700 592 2746 morum
616 2672 825 2768 religionem
844 2698 951 2770 quam
974 2673 1117 2745 adeam
1135 2675 1246 2746 tutius
1263 2674 1498 2747 muniendam
1519 2674 1608 2747 mihi
1623 2676 1802 2773 pertinere
1818 2673 1973 2745 videtur.
1991 2674 2049 2748 Ad

449 2817 597 2864 omnem
622 2795 758 2892 quippe
784 2794 894 2864 animi
922 2794 1091 2865 virtutem
1117 2817 1201 2865 vera
1229 2795 1296 2865 Dei
1323 2809 1358 2866 et
1383 2792 1577 2867 hominum
1603 2793 1748 2867 dilectio
1773 2791 1916 2865 sufficit.
1948 2797 1991 2864 Et
2017 2797 2047 2865 si

449 2912 567 2985 desint
585 2935 710 3010 opera,
723 2927 843 2985 tamen
859 2911 957 2984 bona
969 2937 1012 2984 ao
1025 2912 1180 3011 perlecta
1191 2912 1370 3006 voluntas,
1386 2914 1514 2985 merito
1530 2937 1762 3012 nequaquam
1776 2913 1962 2985 minuitur.
1973 2914 2045 2985 Sed

449 3034 539 3107 sicut
565 3033 646 3107 loco
672 3058 740 3105 nos
763 3035 940 3106 Dominus
967 3031 1014 3106 ab
1039 3030 1245 3105 infidelibus
1270 3057 1434 3132 separare
1460 3033 1594 3126 voluit,
1625 3059 1672 3106 ne
1698 3059 1764 3134 per
1788 3033 1885 3134 ipsos
1913 3031 2046 3106 scilicet

448 3175 778 3254 corrumperemur,
802 3154 851 3226 ita
867 3167 903 3225 et
921 3176 1074 3252 operum
1095 3151 1243 3242 ritibus,
1266 3167 1306 3224 ut
1322 3152 1414 3246 disi,
1437 3152 1644 3226 laciendum
1662 3155 1739 3227 ess'e
1763 3154 1937 3226 decrevit.
1955 3157 2046 3226 Cum

447 3297 532 3372 ergo
559 3272 760 3346 dilectionis
783 3273 953 3370 perfectio
977 3272 1023 3344 ad
1043 3270 1309 3345 beatitudinem
1324 3296 1447 3345 veram
1463 3273 1744 3371 promerendam
1760 3271 1935 3361 sufficiat,
1959 3298 2047 3373 pro·

447 3395 541 3466 fecto
564 3393 726 3469 arctioris
750 3392 832 3463 vitae
859 3390 1088 3490 superaddita
1112 3407 1289 3491 praecepta
1314 3391 1372 3463 vel
1395 3393 1431 3464 in
1445 3392 1529 3465 'bac
1556 3394 1628 3465 vita
1648 3390 1797 3478 saltem,
1826 3392 1964 3490 aliquid
1990 3395 2045 3465 in·

446 3538 553 3612 super
570 3512 733 3586 obtinere
749 3510 970 3604 debuerunt,
988 3526 1027 3583 ut
1044 3513 1176 3584 terreni
1193 3533 1340 3611 quoquc
1356 3510 1523 3584 beneficii
1539 3512 1668 3585 solatio
1684 3512 1877 3586 alacriores
1891 3526 1927 3585 et
1943 3536 2045 3586 secu·

444 3636 556 3705 riores
576 3634 614 3705 in
637 3637 755 3704 Deum
777 3630 1012 3724 efficeremur,
1039 3647 1076 3705 et
1095 3657 1180 3703 eum
1198 3646 1413 3729 augerentur
1435 3656 1519 3729 erga
1541 3658 1610 3705 nos
1632 3633 1710 3731 ejus
1730 3632 1848 3725 dona,
1868 3649 2045 3706 cresceret

444 3758 481 3826 in
503 3780 587 3826 eum
608 3753 754 3825 devotio
779 3768 922 3843 nostra,
941 3767 977 3824 et
1001 3751 1203 3825 infidelium
1229 3751 1386 3850 populus
1408 3768 1576 3825 externus
1597 3754 1660 3851 qui
1678 3753 1756 3825 lraec
1770 3752 1926 3846 videret,
1948 3778 2043 3826 com·

445 3873 564 3946 modis
586 3874 715 3944 nostris
732 3872 779 3945 ad
795 3873 934 3944 cultum
954 3874 1021 3944 Dei
1038 3872 1174 3945 facilius
1195 3874 1419 3945 invitaretur.
1434 3872 1545 3964 Quod
1566 3897 1651 3945 vero
1667 3874 1848 3945 Dominus
1864 3874 1902 3944 in
1920 3896 2041 3944 remu·

446 3994 630 4066 naratione
642 3993 729 4089 legis
746 3993 872 4092 saepius
888 3992 944 4064 vel
960 3993 1119 4091 apertius
1134 4006 1279 4065 terrena
1291 3991 1467 4066 beneficia
1482 4017 1593 4089 quam
1607 4008 1739 4064 aeterna
1754 4014 2040 4065 commemorare

445 4113 599 4203 videtur,
630 4111 785 4183 maxime
814 4126 962 4210 propter
990 4114 1172 4185 carnalem
1205 4110 1326 4185 adhuc
1355 4112 1598 4209 rebellemque
1626 4112 1824 4211 populum,
1858 4133 1968 4208 quem
1993 4110 2041 4184 de

445 4232 630 4333 opulentia
646 4231 789 4329 AEgypti
815 4255 1015 4329 superque
1036 4233 1168 4329 jugiter
1193 4232 1460 4325 murmurabat,
1485 4231 1531 4305 ad
1554 4233 1787 4331 asperrimam
1811 4228 2041 4304 solitudinem

443 4349 633 4444 educebat,
650 4350 782 4422 factum
794 4373 869 4422 esse
880 4352 1067 4449 intelliges.
1084 4351 1388 4451 superfluumque
1401 4351 1439 4425 id
1450 4352 1489 4424 in
1502 4353 1742 4452 promissione
1754 4373 2040 4424 commemorare

443 4470 645 4558 videbatur,
659 4470 707 4543 de
719 4485 851 4545 aeterna
861 4472 994 4546 scilicet
1006 4469 1241 4564 beatitudine,
1259 4494 1371 4569 quam
1384 4473 1491 4546 etiam
1506 4474 1587 4545 siue
1595 4471 1683 4569 legis
1696 4471 1892 4545 traditione
1904 4470 2042 4570 priores

444 4605 526 4666 ante
552 4587 739 4663 constabat
762 4590 912 4691 adeptos
929 4617 1017 4665 esse.
1037 4591 1177 4664 Deinde
1194 4606 1328 4688 quanta
1352 4591 1439 4689 legis
1458 4593 1505 4664 sit
1526 4592 1698 4691 perfectio
1716 4590 1790 4663 boc
1812 4615 1888 4663 uno
1914 4589 2041 4687 collige

442 4711 531 4805 fine,
558 4709 605 4783 de
630 4711 757 4809 quoin
780 4711 982 4784 novissimis
999 4714 1139 4810 Moyses
1163 4710 1221 4782 bis
1247 4710 1369 4783 scribit
1389 4711 1555 4784 verbis‘:
1579 4741 1597 4777 α
1618 4714 1662 4782 Et
1676 4735 1787 4803 nunc,
1814 4710 1938 4803 lsrael,
1956 4708 2039 4782 audi

442 4845 619 4931 praecepta
643 4845 679 4905 et
699 4829 849 4926 judicia,
874 4854 952 4928 quae
977 4853 1043 4926 ego
1069 4829 1221 4903 doceam
1243 4845 1299 4922 te,
1326 4846 1395 4903 etc.
1422 4835 1502 4903 Non
1525 4830 1664 4904 addetis
1691 4829 1738 4904 ad
1761 4827 1914 4901 verbum
1937 4827 2038 4926 quod

474 5107 1527 5172 *nsos.‚apruna.t.-²teee.,cap.nx,v.ae.-³1>0uur.‚uerus.
1546 5106 1723 5171 tr.-⁴ttte.,
1738 5121 1795 5171 oep.
1816 5120 1854 5171 rr,
1868 5109 1989 5159 utett.
