4559 6100
573 561 579 568 ·
691 537 734 608 lN
759 535 1004 608 EPISTOLAM
1028 533 1089 606 ΑΙ)
1113 532 1337 608 ROMANOS.
1738 529 1810 602 345

226 700 263 772 id
287 716 341 773 est
360 716 400 774 ut
416 726 480 800 per
500 726 558 774 me
572 707 797 800 contingeret
816 703 916 800 quod
936 702 1118 801 perillum
1141 700 1394 799 prophetatum
1413 714 1465 771 est
1485 731 1503 768 α
1518 699 1563 772 de
1579 724 1647 792 eo,
1667 728 1685 768 n
1706 701 1744 773 id
1759 715 1813 773 est

225 821 380 912 Christo,
397 851 414 888 α
428 821 626 895 videbunt»
638 820 1138 918 scilicetintelligendo.Quod
1147 820 1264 891 statim
1274 842 1457 917 exponens
1469 819 1533 891 ait:
1551 821 1809 917 «Elqui,etc.»

229 942 407 1037 «Propter
422 940 535 1037 quod,
552 970 568 1009 u
588 943 672 1037 quia
686 941 849 1013 videlicet
862 941 907 1013 ad
923 954 976 1012 tot
992 941 1134 1038 penitus
1142 939 1285 1035 ignaros
1294 936 1524 1010 intendebam
1534 938 1808 1011 convertendos.

230 1087 248 1122 α
262 1057 501 1155 impediebar.
515 1087 533 1128 u
554 1065 601 1132 Ut
616 1060 754 1159 pseudo
779 1060 1024 1158 apostolorum
1047 1072 1252 1130 commenta
1268 1055 1434 1129 excludat
1449 1054 1646 1129 dicentium
1660 1081 1743 1129 eum
1767 1055 1813 1128 ad

203 1257 205 1260 ¹
230 1175 313 1247 tales
327 1177 382 1249 rel
391 1192 512 1249 tantos
525 1180 694 1252 accedere
709 1178 934 1269 nonaudere,
946 1177 998 1248 eis
1009 1177 1164 1249 maxime
1176 1173 1419 1274 pvaeseutibus,
1432 1176 1488 1246 vel
1504 1189 1545 1247 ut
1560 1199 1597 1247 se
1612 1174 1815 1246 rationabili

229 1319 334 1366 causa
358 1312 515 1386 excuset,
542 1326 561 1365 u
582 1298 804 1396 plurimum»
821 1297 920 1385 dicit,
943 1295 981 1368 id
994 1311 1046 1368 cst
1064 1296 1229 1385 maxime,
1246 1295 1331 1384 quia
1344 1308 1380 1366 et
1393 1293 1469 1365 aliae
1482 1293 1662 1365 nonnulle
1679 1308 1814 1380 potue-

229 1428 333 1485 eumt
347 1414 454 1511 hujus
465 1416 711 1514 impedimenti
723 1442 800 1489 esse
810 1441 936 1489 causae.
965 1445 982 1485 v
997 1421 1145 1505 Locum,
1164 1442 1182 1483 »
1201 1397 1334 1488 scilicet
1347 1413 1564 1510 predicandi
1584 1412 1649 1485 vel
1671 1437 1815 1486 causam

221 1535 396 1608 morandi
413 1539 580 1611 omuibus
597 1539 688 1611 bene
704 1538 937 1611 confirmatis.
955 1541 1127 1634 Origenes
1148 1564 1155 1608 :
1178 1568 1195 1604 <t
1213 1536 1359 1608 Videtur
1376 1535 1447 1607 hoc
1468 1538 1505 1606 in
1527 1535 1661 1608 Achaia
1677 1537 1815 1634 positus

230 1653 349 1727 dicere
364 1657 460 1755 apud
479 1659 738 1731 Corinthum.»
757 1690 774 1724 «
787 1663 826 1729 ln
842 1659 1093 1757 Hispaniam.»
1114 1662 1154 1729 In
1174 1659 1323 1729 tramitu
1348 1681 1385 1727 se
1403 1681 1465 1727 eos
1487 1654 1607 1727 videre
1625 1656 1813 1753 promittit,

231 1775 330 1869 quasi
346 1776 499 1848 innuens
516 1777 611 1875 apud
629 1802 690 1850 cos
707 1780 770 1875 qui
784 1779 859 1874 jam
877 1778 1041 1850 conversi
1058 1792 1160 1848 erant
1177 1801 1250 1848 non
1270 1776 1333 1849 diu
1350 1774 1417 1846 sibi
1433 1773 1702 1846 immorandum
1724 1798 1815 1864 esse,

229 1892 318 1963 sicut
335 1908 369 1964 et
381 1895 417 1965 iu
432 1895 579 1967 exordio
593 1895 758 1994 Epistolae
770 1921 833 1969 eos
844 1898 881 1967 in
896 1896 1074 1993 aliquibus
1085 1894 1353 1967 confirmandos
1365 1893 1455 1965 dixit
1467 1893 1587 1990 potius
1602 1916 1710 1989 quam
1729 1917 1817 1964 oon·

231 2011 442 2101 vertend0s3
460 2013 677 2087 dccetetiam
691 2039 911 2112 quemquam
922 2014 1061 2086 bonum
1073 2016 1189 2085 virum
1203 2015 1321 2085 minus
1335 2014 1543 2111 promittere
1559 2036 1668 2109 quam
1688 2013 1816 2098 facere,
1926 2026 1938 2032 ·

231 2143 267 2200 et
277 2113 364 2201 boui
374 2130 532 2204 doctoris
542 2148 643 2206 tanto
653 2136 786 2230 gratior
798 2157 900 2206 mora
910 2132 963 2222 frt,
980 2148 1016 2205 et
1025 2133 1179 2231 amplius
1187 2132 1421 2219 desideratur,
1434 2148 1572 2229 quanto
1585 2131 1732 2202 brevior
1741 2155 1819 2229 spe·

236 2262 344 2320 ratur.
364 2253 536 2322 Praevenit
561 2253 609 2323 ita
629 2254 721 2344 illos,
744 2267 783 2324 ut
803 2254 838 2323 in
862 2253 1019 2326 adventu
1037 2277 1103 2323 suo
1120 2277 1158 2324 se
1175 2265 1393 2350 praeparent,
1418 2265 1455 2321 et
1475 2250 1520 2321 de
1542 2248 1672 2346 quibus
1695 2251 1821 2320 instrui

231 2366 341 2439 velint
359 2369 587 2465 praevideant.
605 2401 622 2439 u
631 2375 757 2468 Spero.
769 2399 787 2439 »
808 2372 863 2442 Nil
876 2371 1040 2442 videlicet
1048 2395 1090 2442 ex
1101 2372 1238 2467 meipso
1251 2370 1297 2441 de
1316 2394 1374 2440 me
1384 2392 1616 2467 presumens,
1630 2367 1693 2440 sed
1705 2382 1820 2439 totum

235 2488 312 2557 Deo
325 2489 564 2561 committens.
587 2494 661 2560 «Et
676 2513 696 2562 a
711 2489 828 2561 vobis.
845 2519 862 2558 u
881 2489 965 2561 Vult
981 2491 1078 2561 enim
1096 2513 1159 2561 eos
1178 2488 1327 2560 comites
1343 2489 1478 2560 itineris
1502 2487 1557 2558 sui
1578 2511 1666 2579 esse,
1688 2501 1766 2558 tum
1782 2502 1822 2558 ut

232 2607 441 2680 auctoritate
459 2612 703 2681 Romanorum
718 2624 849 2682 caeterae
862 2624 985 2705 gentes
1001 2609 1137 2681 facilius
1153 2608 1318 2705 subjectae
1336 2621 1603 2699 convertantur,
1624 2621 1701 2678 tum
1714 2608 1823 2678 etiam

233 2737 272 2793 ut
292 2722 470 2798 adversus
495 2727 818 2827 pseudoapostolos
845 2742 881 2800 et
915 2727 1093 2823 quoslibet
1116 2729 1149 2799 ei
1175 2725 1404 2798 detrahentes
1429 2724 1719 2823 predicationem
1748 2727 1823 2822 ejus

233 2866 340 2938 quam
362 2846 428 2942 ipsi
450 2846 627 2918 audierint
644 2848 786 2920 valeant
809 2848 980 2935 attestari,
1000 2862 1036 2919 et
1051 2848 1102 2920 eis
1118 2847 1181 2918 diu
1202 2871 1325 2918 secum
1348 2848 1384 2917 in
1405 2845 1658 2944 praedicatione
1673 2846 1823 2917 circum·

233 2961 412 3056 euntibus,
437 2965 487 3035 sic
504 2965 626 3038 saltem
645 2983 893 3066 recompenset
909 2967 1008 3066 quod
1025 2968 1061 3038 in
1083 2967 1234 3038 transitu
1250 2990 1311 3038 eos
1327 2964 1467 3037 viderit.
1484 2970 1577 3037 Bene
1590 2964 1678 3036 dicit
1693 2963 1824 3036 deduci

232 3105 269 3151 se
289 3081 335 3153 ab
359 3081 438 3173 illis,
459 3087 560 3179 quasi
577 3099 694 3158 tutum
717 3112 756 3159 se
780 3086 974 3159 ostendeus
991 3111 1056 3184 per
1078 3085 1300 3158 conductum
1317 3109 1444 3156 corum
1465 3085 1529 3181 qui
1553 3085 1687 3155 caeteris
1711 3085 1825 3181 impe·

226 3212 324 3269 rant.
344 3203 386 3270 ln
403 3224 477 3297 quo
494 3216 530 3273 et
546 3227 609 3275 eos
625 3204 671 3276 de
687 3230 790 3278 mora
811 3232 875 3278 sua
895 3206 992 3304 apud
1017 3205 1095 3276 illos
1110 3205 1331 3295 consolatur,
1350 3204 1450 3300 quasi
1468 3205 1505 3273 in
1528 3227 1655 3274 eorum
1676 3200 1825 3274 arbitrio

233 3316 327 3387 hanc
341 3320 574 3391 constituens.
589 3351 607 3388 e
621 3324 658 3393 Si
674 3323 791 3395 vobis.
806 3355 823 3389 n
843 3329 996 3420 Haymo.
1013 3353 1030 3387 (t
1044 3322 1128 3393 Frui
1142 3334 1194 3391 est
1207 3318 1344 3418 aliquid
1353 3344 1436 3391 cum
1450 3319 1686 3391 delectatione
1702 3320 1820 3415 possi-

233 3435 363 3528 sidere,
381 3437 436 3509 vel
453 3438 619 3537 amplecti
634 3432 674 3513 et
683 3442 842 3515 videre.»
858 3448 899 3513 Et
914 3440 1059 3514 attende
1075 3439 1174 3538 quod
1189 3464 1272 3510 cum
1286 3439 1433 3537 proprie
1445 3438 1511 3509 Dei
1525 3438 1595 3508 frui
1612 3438 1668 3527 sit,
1681 3451 1722 3509 ut
1739 3443 1824 3509 Bea-

232 3569 291 3624 tus
304 3556 468 3626 meminit
486 3560 715 3654 Augustinus,
735 3559 885 3632 hicnon
903 3560 990 3631 dicit
1005 3559 1073 3646 frui
1085 3559 1304 3656 simpliciter,
1323 3556 1385 3628 sed
1404 3554 1472 3627 frui
1489 3579 1530 3626 ex
1548 3570 1662 3652 parte,
1682 3557 1774 3627 sicut
1790 3571 1826 3629 et

232 3672 281 3744 ad
306 3673 550 3747 Philumenem
575 3702 659 3751 cum
683 3679 830 3769 diceret,
858 3709 876 3747 u
890 3680 987 3750 fruar
1004 3694 1059 3768 te,
1074 3709 1092 3744 n
1111 3677 1271 3774 adjunxit
1289 3676 1408 3749 statim
1431 3705 1449 3742 α
1461 3676 1497 3745 in
1525 3675 1728 3747 Domino.»
1748 3680 1826 3749 Deo

235 3793 528 3890 quippeomnino
538 3796 703 3886 fruimur,
716 3797 804 3871 dnm
816 3798 918 3869 illum
931 3813 1078 3898 propter
1089 3822 1127 3869 se
1140 3810 1282 3868 tantum
1292 3796 1457 3867 obtinere
1466 3795 1645 3891 cupimus,
1659 3795 1825 3892 proximo

237 3934 321 3981 vero
335 3911 485 3983 fruimur
503 3930 675 4012 exparte,
695 3914 784 3987 dum
802 3917 853 3987 sic
874 3941 958 3988 eum
978 3915 1339 4015 propterutilitatem
1364 3914 1474 4012 ipsius
1488 3936 1553 4010 per
1569 3936 1730 3984 amorem
1752 3938 1828 3986 am·

237 4028 437 4125 plectimur,
458 4048 497 4104 ut
511 4048 630 4106 tamen
647 4033 754 4130 hujus
778 4035 955 4106 fruitionis
975 4034 1099 4122 linem,
1120 4035 1158 4106 id
1176 4048 1229 4106 est
1245 4032 1389 4105 fmalem
1406 4047 1442 4105 et
1461 4056 1666 4129 supremam
1683 4057 1827 4106 causam

236 4148 273 4217 in
287 4152 365 4220 Deo
381 4175 570 4248 ponamus.
590 4155 721 4225 Partim
735 4155 870 4253 quippe
883 4156 1068 4253 proximus
1083 4154 1120 4224 in
1139 4176 1247 4225 causa
1264 4166 1329 4241 est,
1348 4151 1412 4224 sed
1428 4174 1534 4223 causa
1551 4154 1646 4223 Deus
1661 4177 1829 4251 suprema

236 4280 299 4338 est.
331 4272 384 4339 Ex
406 4285 507 4366 parte
531 4272 652 4369 itaque
678 4274 829 4346 fruimur
860 4275 1047 4373 proximo,
1076 4272 1140 4343 sed
1166 4296 1208 4343 ex
1235 4286 1314 4344 tote
1338 4272 1489 4343 fruimur
1513 4274 1611 4363 Deo,
1641 4276 1727 4369 quia
1751 4273 1827 4370 ipse

237 4386 412 4458 fruitionis
428 4414 500 4460 suae
518 4404 591 4462 tota
606 4404 659 4462 est
672 4415 792 4481 causa,
812 4392 1000 4491 proximus
1017 4415 1103 4462 vero
1120 4414 1195 4461 non
1213 4404 1290 4462 tota
1306 4415 1378 4462 suae
1394 4389 1583 4479 fruitionis,
1604 4402 1643 4460 ut
1659 4389 1826 4482 diximus,

237 4527 344 4576 causa
366 4520 436 4595 est,
464 4533 548 4580 cum
569 4510 614 4580 sit
639 4512 804 4609 superior
827 4516 942 4604 Deus,
967 4535 1051 4583 cum
1072 4509 1239 4581 videlicet
1260 4508 1306 4579 de
1328 4508 1493 4605 proximo
1514 4530 1660 4604 quoque
1682 4524 1831 4609 propter

238 4623 353 4693 Deum
369 4625 580 4721 cogitemus.
600 4632 692 4701 Nota
707 4629 807 4724 quod
829 4628 917 4702 dicit
932 4628 1142 4726 «proficisci
1157 4650 1319 4725 coepero,
1339 4653 1358 4693 n
1378 4627 1462 4722 quia
1479 4649 1563 4697 cum
1583 4625 1630 4697 ad
1649 4629 1829 4702 Romanos

241 4754 387 4835 propter
404 4740 502 4838 ipsos
519 4743 651 4835 veniat,
673 4768 748 4814 non
762 4742 830 4814 sibi
840 4745 992 4842 imputat
1002 4741 1182 4842 proficisci
1201 4740 1248 4812 ad
1257 4741 1480 4838 Hispaniam,
1495 4740 1563 4813 nisi
1582 4766 1665 4813 cum
1681 4742 1828 4841 abipsis

241 4859 583 4956 recesserit,quando
600 4861 764 4933 videlicet
778 4876 925 4961 propter
942 4863 1122 4960 Hispanos
1138 4872 1254 4931 totum
1271 4860 1395 4954 egerit.
1413 4864 1458 4930 Et
1470 4858 1615 4931 attende
1628 4860 1728 4956 quod
1742 4886 1826 4934 cum

239 4976 336 5069 dicit,
357 5010 375 5049 u
391 4982 420 5052 si
431 4981 535 5054 vobis
551 4984 723 5082 primum,
738 5013 756 5052 n
775 4986 907 5057 iterum
920 5009 1048 5057 eorum
1068 4982 1356 5055 benevolentiam
1381 4996 1520 5079 captat,
1547 4982 1649 5077 quasi
1666 5006 1835 5062 necessa·¹

242 5096 331 5168 rium
358 5100 426 5173 sibi
449 5101 604 5197 judicet,
626 5126 694 5174 nec
711 5128 749 5201 se
767 5104 868 5176 aliter
884 5103 931 5176 de
948 5102 1113 5201 Hispanis
1130 5089 1249 5174 'lacere
1270 5124 1395 5197 posse,
1415 5099 1483 5170 nisi
1506 5099 1605 5196 prius
1622 5123 1685 5173 eos
1697 5102 1826 5177 visitet.

357 5244 382 5282 11
1673 5228 1712 5286 lule
