4559 6100
460 551 531 621 saa
675 640 684 649 „
1060 550 1187 623 rarat
1214 550 1451 625 tumeant

461 703 547 798 quia
572 700 682 772 timor
706 724 851 799 poenam
878 700 1000 790 hahet,
1030 725 1140 798 quam
1159 700 1316 799 perlecta
1331 701 1486 774 charitas
1508 700 1604 773 ioras
1619 701 1740 789 mittit,
1751 714 1803 775 ,et
1825 720 2060 796 quacumque

461 822 591 891 timore
615 832 783 916 aguntur,
815 821 895 919 plus
929 844 1040 920 opere
1063 819 1248 908 laborant,
1275 842 1386 919 quam
1414 844 1506 918 quos
1534 820 1690 893 charitas
1712 834 1934 918 spontaneos
1962 819 2058 892 iacit.
2131 868 2144 879 .

463 940 567 1012 Unde
590 939 796 1012 laborantes
818 954 854 1012 et
875 955 1044 1013 oneratos
1059 940 1104 1012 ad
1122 964 1233 1013 suave
1245 942 1373 1038 jugum
1389 955 1425 1012 et
1441 964 1535 1013 onus
1549 940 1629 1013 leve
1651 939 1870 1012 sumendum
1884 940 2061 1011 Dominus

464 1060 685 1152 exhortatur,
706 1074 745 1130 ut
759 1058 924 1132 videlicet
940 1059 986 1132 de
1002 1061 1171 1132 servitute
1183 1061 1283 1158 legis,
1304 1084 1378 1159 qua
1397 1059 1667 1160 premebantur,
1685 1059 1733 1133 ad
1749 1058 1950 1132 libertatem
1967 1073 2062 1130 tran·

465 1193 567 1252 soant
583 1177 781 1273 Evangelil3
801 1193 837 1252 et
853 1180 951 1278 quia
969 1181 1097 1252 timore
1112 1182 1339 1280 inceperant,
1361 1180 1535 1252 charitate
1554 1191 1866 1271 consummantur,
1885 1198 1966 1276 qua
1985 1180 2061 1250 sine

466 1298 673 1372 difficultate
689 1300 810 1371 omnia
827 1299 964 1391 suffert,
985 1301 1108 1372 omnia
1124 1302 1277 1375 sustinet
1296 1328 1304 1371 :
1323 1300 1411 1373 nihil
1428 1300 1563 1399 qnippe
1577 1300 1711 1371 amanti
1730 1298 1888 1392 difficile,
1908 1300 2062 1371 maxime

466 1446 550 1493 cum
575 1444 651 1492 non
667 1420 819 1491 carnalis
834 1420 898 1492 sed
916 1420 1107 1519 spiritualis
1132 1443 1237 1494 amor
1257 1421 1323 1493 Dei
1339 1435 1441 1493 tanto
1457 1432 1511 1492 est
1525 1420 1655 1492 fortior
1670 1434 1806 1517 quanto
1824 1420 1956 1492 verior.
1974 1420 2063 1506 Quis

466 1543 572 1613 etiam
594 1540 729 1612 nesciat
748 1538 929 1612 difficilius
952 1540 1056 1612 nobis
1075 1541 1258 1639 provideri
1278 1540 1434 1640 apulice
1451 1562 1562 1638 quam
1585 1541 1632 1613 ab
1656 1539 1779 1630 hoste3
1799 1539 1855 1612 rel
1880 1539 1927 1611 ab
1948 1539 2063 1611 olien-

467 1661 588 1732 diculo
613 1658 714 1758 parvi
731 1659 858 1758 lapidis
876 1682 987 1757 quam
1008 1660 1155 1757 magnii
1175 1660 1245 1733 Sed
1263 1661 1440 1758 numquid
1457 1659 1542 1731 ideo
1565 1659 1603 1731 id
1625 1682 1752 1732 cavere
1768 1659 1869 1757 quod
1886 1658 2064 1731 difficilius

466 1796 520 1852 est
546 1781 672 1852 melius
697 1794 759 1851 aut
779 1778 957 1852 salubrius
975 1779 1202 1877 judicamus?
1220 1784 1299 1852 Non
1325 1780 1463 1877 utique.
1482 1779 1629 1867 Quare?
1646 1780 1740 1868 Quia
1762 1778 1862 1876 quod
1886 1777 2064 1850 difficilius

467 1915 521 1972 est
528 1923 656 1973 cavere
665 1900 785 1971 minus
800 1915 919 1998 potest
928 1925 1072 1973 nocere.
1088 1904 1254 1998 sicergo,
1266 1899 1331 1972 etsi
1345 1920 1523 1997 ponamus
1538 1894 1719 1971 difficilius
1737 1923 1758 1970 a
1777 1898 1976 1971 venialibus
1983 1922 2063 1997 pec·

467 2023 554 2093 catis
570 2043 680 2116 quam
694 2044 716 2090 a
731 2019 975 2093 criminalibus
989 2020 1193 2119 providere,
1213 2016 1294 2118 plus
1314 2034 1436 2092 tamen
1450 2019 1527 2090 haec
1542 2019 1642 2091 vitari
1660 2042 1771 2116 quam
1781 2018 1859 2091 illa¹
1874 2040 1956 2115 quae
1970 2019 2066 2117 peri·

469 2140 648 2212 culosiora
665 2154 763 2224 sunt,
785 2142 967 2232 convenit,
987 2155 1119 2239 etque
1136 2140 1310 2236 majorem
1328 2152 1510 2210 merentur
1529 2158 1690 2237 poenam,
1709 2153 1745 2209 et
1763 2136 1897 2235 quibus
1912 2135 2067 2236 amplius

469 2260 605 2332 oliendi
621 2258 801 2332 credimus
820 2264 952 2353 Deum,
977 2275 1013 2332 et
1036 2261 1149 2356 magis
1173 2261 1206 2331 ei
1229 2280 1272 2331 ea
1288 2258 1489 2356 displicere.
1513 2262 1597 2346 Quo
1619 2259 1716 2329 enim
1737 2258 1891 2355 amplius
1915 2257 1982 2354 ipsi
2003 2281 2068 2355 per

467 2400 630 2448 amorem
655 2376 881 2467 inhaeremus,
907 2400 952 2449 eo
972 2375 1158 2449 sollicitius
1178 2398 1305 2448 cavere
1326 2374 1501 2447 dehemus
1521 2372 1654 2470 quibus
1676 2374 1789 2468 magis
1806 2368 2013 2462 offenditur,
2032 2388 2068 2444 et

469 2520 548 2591 quse
571 2498 646 2595 ipse
669 2496 781 2591 magis
805 2495 998 2594 improbat.
1018 2497 1090 2585 Qui
1115 2496 1214 2567 enim
1237 2518 1322 2567 vere
1348 2495 1504 2592 aliquem
1529 2488 1664 2587 diligit,
1690 2514 1766 2564 non
1793 2507 1867 2564 tam
1894 2492 2067 2564 ἀαωυιιιιι

470 2640 591 2704 suum,
612 2639 724 2713 quam
746 2614 923 2687 offensam
937 2616 1063 2702 amici,
1083 2613 1137 2686 vel
1160 2630 1410 2713 contemptum
1433 2634 1559 2685 cavere
1579 2612 1725 2710 samgit3
1743 2613 1843 2710 juxta
1864 2611 1954 2685 illud
1976 2618 2067 2711 Apo

470 2735 573 2807 stoli·
593 2762 601 2805 :
626 2764 643 2803 u
663 2734 825 2807 Charitas
843 2759 916 2807 non
934 2736 1154 2833 quaeritque
1169 2758 1233 2807 sua
1249 2752 1354 2825 sunt3
1375 2766 1392 2801 n
1409 2749 1447 2806 et
1468 2735 1659 2804 rursum¹2
1680 2736 1827 2805 «Nemo
1845 2733 1947 2831 qnod
1963 2756 2068 2805 suum

471 2870 525 2926 est
540 2868 688 2950 querat,
702 2853 767 2925 sed
780 2853 880 2951 quod
898 2854 1056 2926 alterius.
1078 2882 1097 2922 u
1124 2855 1163 2925 si
1180 2878 1266 2950 ergo
1284 2877 1359 2925 non
1378 2868 1451 2925 tam
1474 2874 1543 2952 pro
1558 2868 1684 2925 nostro
1703 2853 1854 2942 damno,
1872 2878 1982 2950 quam
2001 2878 2068 2952 pro

473 2975 536 3046 Dei
563 2972 700 3046 offensa
717 2972 893 3046 dehemus
913 2992 1039 3046 cavere
1060 2988 1225 3073 peecata,
1247 2972 1411 3075 proiecto
1428 2972 1511 3073 plus
1527 2994 1571 3045 ea
1585 2972 1861 3062 emendarunt,
1881 2972 2068 3072 inquibus

472 3097 583 3194 magis
610 3094 818 3168 offenditur.
854 3094 963 3185 Quod
986 3096 1015 3167 si
1036 3095 1133 3168 illam
1160 3118 1306 3193 quoque
1326 3096 1505 3194 poeticam
1525 3092 1756 3167 attendamus
1779 3093 1996 3167 sententiam
2022 3094 2067 3166 de

474 3237 618 3289 morum
644 3214 779 3288 scilicet
797 3215 983 3287 honestate
1002 3241 1011 3285 ι

783 3420 930 3485 Oderunt
951 3442 1083 3511 peccare
1105 3421 1185 3485 boni
1209 3421 1335 3485 virtutis
1366 3420 1508 3497 amore⁴‚

473 3643 574 3700 tanto
600 3624 727 3721 majori
751 3624 838 3697 odio
864 3619 1029 3722 qualibet
1054 3636 1139 3696 sunt
1159 3622 1328 3697 habenda
1344 3639 1481 3722 quanto
1500 3623 1661 3723 turpiora
1685 3625 1723 3696 in
1744 3649 1782 3696 se
1804 3637 2010 3716 censentur,
2038 3640 2071 3695 et

473 3748 519 3819 ab
535 3747 723 3817 honestate
739 3744 880 3815 virtutis
895 3742 1050 3842 amplius
1064 3742 1252 3832 recedunt,
1270 3759 1305 3815 et
1320 3744 1528 3815 naturaliter
1541 3744 1722 3842 quoslibet
1737 3745 1850 3840 magis
1866 3742 2067 3815 offendunt.

522 3866 707 3961 Denique,
737 3876 777 3934 ut
799 3864 937 3960 singula
962 3863 1030 3935 sibi
1055 3863 1277 3936 conferendo
1300 3864 1503 3961 diligentius
1527 3879 1674 3964 peccata
1694 3863 1951 3961 dijudicemus,
1970 3887 2071 3934 com·

476 4009 641 4083 paremus
668 3980 818 4055 venialia
845 3983 1106 4071 criminalibus,
1136 3999 1177 4055 ut
1205 3998 1292 4082 pote
1319 3984 1538 4083 superfluam
1563 3985 1823 4057 comestionem
1853 3982 2009 4083 perjurio
2037 3998 2073 4053 et

475 4104 672 4191 adulteri03
701 4116 736 4173 et
761 4126 962 4198 quaeramus
989 4104 1026 4174 in
1052 4104 1333 4199 transgressione
1363 4103 1465 4200 cujus
1493 4104 1604 4199 magis
1629 4119 1811 4202 peccetur,
1840 4102 1897 4174 vel
1921 4101 2074 4200 amplius

476 4229 572 4294 Deus
600 4236 851 4294 contemnatur
876 4237 984 4320 atque
1007 4222 1226 4294 offendatur.
1250 4224 1391 4309 Nescio,
1422 4222 1580 4295 fortassis
1605 4221 1859 4321 respondebis3
1887 4246 1972 4292 cum
1998 4245 2072 4291 non

477 4342 565 4415 nulli
582 4342 883 4441 philosophorum
900 4346 1022 4415 omnia
1041 4357 1188 4442 peccata
1206 4343 1307 4441 paria
1326 4356 1555 4416 censuerunt.
1573 4346 1612 4413 At
1628 4343 1657 4413 si
1673 4342 1768 4414 banc
1785 4341 2071 4440 philosophiam,

477 4466 550 4535 imo
571 4463 792 4535 manifestam
809 4461 994 4536 stultitiam
1011 4465 1111 4560 sequi
1128 4462 1229 4549 velis,
1251 4486 1351 4558 aeque
1365 4453 1507 4533 bonum
1526 4487 1546 4534 a
1564 4461 1808 4535 criminalibus
1823 4471 1858 4534 et
1874 4459 2074 4533 venialibus

477 4581 654 4656 abstinere
683 4585 859 4683 peccatis3
888 4586 973 4682 quia
998 4608 1098 4680 aeque
1128 4583 1264 4654 malum
1288 4597 1344 4654 est
1367 4582 1443 4654 hacc
1467 4599 1504 4655 et
1529 4584 1586 4655 illa
1609 4583 1835 4655 committere
1864 4610 1873 4653 :
1902 4606 1968 4652 cnr
1991 4605 2073 4677 ergo

477 4703 653 4777 abstinere
676 4729 698 4777 a
722 4704 920 4777 venialibus
942 4703 1107 4802 preferre
1130 4703 1210 4800 quis
1235 4703 1364 4774 audeat
1389 4702 1611 4776 abstinentia
1635 4702 1896 4775 criminalium?
1912 4701 2022 4808 Quod
2047 4702 2074 4771 si

477 4826 557 4919 quis
581 4825 673 4897 iorte
699 4826 868 4922 requirat,
897 4823 995 4896 unde
1021 4821 1199 4896 conficere
1224 4825 1417 4921 possimus,
1437 4828 1514 4922 Deo
1540 4825 1651 4921 magis
1674 4821 1862 4921 displicere
1884 4837 2076 4917 transgres-

512 5101 516 5125 ¹
530 5094 615 5144 Partus
626 5095 672 5142 hoe
683 5095 765 5146 citari
774 5108 852 5157 quom
864 5108 921 5157 qua
932 5092 1131 5158 periculosiora,
1149 5097 1221 5156 mue,
1232 5103 1259 5144 ut
1272 5096 1421 5158 conjicimus.
1432 5121 1461 5131 -
1474 5097 1483 5126 ²
1494 5094 1609 5145 Corinth.
1623 5093 1647 5155 l,
1661 5107 1715 5156 rap.
1729 5095 1785 5153 ritu
1797 5108 1820 5145 r.
1831 5096 1854 5144 t.
1867 5118 1898 5130 -
1909 5094 1919 5123 ³
1929 5091 2043 5142 corinth.
2053 5091 2076 5152 1,

478 5181 530 5229 cap.
547 5179 572 5226 r,
587 5181 608 5215 v.
621 5169 661 5217 ti.
675 5193 705 5203 -
717 5168 724 5197 ⁴
737 5165 837 5224 Horat,
853 5167 946 5230 Epist,
960 5167 1042 5228 mu,
1053 5181 1075 5214 r.
1088 5169 1128 5218 52.
1889 5187 1895 5196 ·
