4559 6100
422 474 496 551 314
725 463 728 468 ’
1026 472 1155 547 rarat
1180 469 1419 548 laetam

421 627 520 716 lusis,
533 621 1053 723 quarespecialiterhpostolus
1061 650 1142 698 sum
1151 624 1373 698 demiratus:
1395 653 1416 694 u
1427 627 1508 698 Non
1518 624 1600 723 plus
1608 647 1734 723 sapere
1742 649 1854 722 quam
1862 642 2019 727 oportet,

418 749 624 850 sedsapere
647 747 825 847 usquead
851 749 1093 825 sobrietatem.
1110 782 1127 817 a
1148 750 1211 822 llle
1228 751 1320 849 sapit
1340 749 1533 848 plusquam
1552 763 1715 848 oportet,
1736 751 1801 848 qui
1826 752 1922 825 mala
1944 754 2021 854 ipsa

418 895 494 944 non
512 871 631 943 solum
648 870 776 942 notitia
792 870 941 942 rationis
953 895 976 943 a
989 869 1096 943 bonis
1113 869 1297 963 discernit,
1309 869 1412 966 juxta
1431 869 1522 941 illud
1538 868 1762 968 philosophi,
1782 869 1867 943 mali
1883 873 2018 973 quippe

418 991 650 1087 notitiajusto
664 989 787 1062 deesse
801 1014 876 1062 non
891 1005 1021 1088 potest,
1032 1014 1158 1062 verum
1171 990 1279 1062 etiam
1294 990 1515 1088 experientia
1529 987 1670 1078 didicit,
1690 989 1892 1063 secrrndum
1908 1016 2018 1090 quam

416 1107 553 1207 lignum
575 1111 729 1182 scientiae
754 1107 844 1183 boni
871 1125 905 1182 et
934 1111 1020 1182 mali
1043 1110 1181 1182 dictum
1200 1124 1266 1182 est.
1292 1113 1335 1180 Et
1355 1108 1414 1180 bic
1436 1107 1587 1204 quidem
1611 1121 1664 1179 est
1684 1132 1810 1180 sensus
1832 1111 1963 1202 seculi,
1979 1110 2017 1184 id

416 1243 469 1301 est
494 1232 708 1304 secularium
729 1245 764 1303 et
788 1229 985 1302 camalium
1002 1228 1215 1318 hominum,
1238 1243 1280 1300 ut
1299 1227 1521 1327 experientia
1541 1228 1786 1326 voluptatum,
1808 1231 1909 1325 quasi
1926 1254 2016 1327 qua·

415 1348 501 1423 dam
518 1353 656 1452 saporis
672 1351 864 1423 dulcedine
879 1351 1002 1440 illecti,
1025 1348 1120 1423 mala
1135 1350 1213 1448 ipsa
1227 1363 1461 1445 cognoscant.
1481 1351 1522 1418 ln
1542 1371 1615 1446 qua
1634 1349 1782 1445 quidem
1799 1350 2016 1447 experientia

414 1470 542 1544 sobriae
557 1486 592 1545 et
606 1472 765 1543 honestae
782 1472 861 1543 vitae
876 1471 1050 1543 terminos
1065 1468 1258 1563 excedunt,
1281 1470 1370 1541 dum
1386 1467 1633 1566 voluptatibus
1651 1467 1724 1540 suis
1741 1470 1892 1568 turpiter
1904 1470 2016 1541 inscr-

414 1591 530 1663 riunt.
551 1621 570 1661 «
585 1596 629 1663 lit
649 1593 856 1689 uuicuique,
871 1620 889 1659 a
913 1590 1047 1663 scilicet
1069 1604 1236 1662 nostrum
1252 1589 1326 1661 boc
1346 1591 1466 1688 ipsum
1489 1587 1588 1674 dieo,
1606 1587 1646 1659 id
1667 1601 1733 1677 est,
1757 1612 1833 1660 non
1859 1587 1940 1686 plus
1958 1612 2015 1662 sa-

414 1734 518 1808 pere,
541 1726 609 1784 etc.
632 1740 651 1780 a
663 1712 762 1783 Sicut
777 1715 874 1782 Deus
891 1709 1011 1782 divisit
1031 1734 1239 1782 mensuram
1263 1708 1400 1800 lidei,s
1420 1708 1457 1781 id
1475 1720 1528 1781 est
1547 1720 1658 1806 prout
1675 1707 1789 1780 credit
1809 1707 2013 1781 faciendum

410 1851 504 1919 esse,
527 1831 577 1902 ita
598 1830 671 1902 hoc
693 1829 852 1930 impleat.
882 1862 899 1896 α
921 1831 1020 1901 Sicut
1042 1830 1154 1902 enim.
1184 1833 1235 1903 Ac
1259 1830 1289 1900 si
1310 1827 1438 1925 aliquis
1455 1842 1633 1926 quaereret
1653 1855 1663 1899 ε
1685 1831 1791 1899 Estne
1815 1829 1852 1898 in
1879 1827 2012 1901 discre-

414 1950 512 2022 tione
535 1949 626 2022 boni
647 1964 683 2021 et
704 1951 789 2022 mali
812 1948 953 2021 diversa
977 1949 1190 2021 existimatio
1217 1946 1449 2021 infidelibus?
1467 1946 1675 2047 Respondet
1701 1946 1890 2045 Apostolus
1912 1949 2012 2045 quod

412 2082 481 2156 est,
508 2069 574 2143 sed
589 2084 625 2141 et
640 2069 770 2141 dirinae
788 2071 908 2166 gratiae
929 2068 1029 2140 dona
1045 2068 1082 2139 in
1100 2068 1152 2140 eis
1171 2082 1255 2140 suut
1277 2066 1439 2160 diversa,
1462 2081 1498 2140 et
1513 2067 1587 2138 hoc
1606 2081 1661 2138 est
1676 2065 1779 2164 quod
1793 2069 2012 2164 competenti

411 2188 645 2262 similitudine
673 2190 914 2283 demonstrat,
940 2189 1091 2261 dicens:
1119 2189 1218 2260 Sicut
1238 2188 1390 2260 enimet
1408 2213 1485 2260 non
1510 2186 1680 2260 eumdem
1701 2201 1825 2260 actum
1848 2186 2010 2261 membra

409 2308 559 2401 babent,
574 2310 612 2383 id
629 2323 768 2383 estnon
786 2311 883 2383 idem
902 2308 1074 2403 officium,
1087 2310 1138 2381 ita
1150 2310 1254 2381 multi
1269 2333 1351 2403 nos,
1363 2307 1562 2382 secundum
1573 2332 1809 2407 personamm
1825 2307 2010 2381 diversita-

409 2443 495 2523 tem,
510 2432 548 2503 in
561 2456 637 2503 uno
649 2456 802 2531 corpore
816 2429 947 2504 Christi
961 2445 995 2502 et
1011 2430 1048 2501 in
1064 2428 1201 2501 eisdem
1215 2430 1445 2501 sacramentis
1459 2429 1551 2501 uniti
1569 2452 1708 2500 sumus.
1726 2457 1745 2497 u
1756 2428 1853 2500 Alter
1867 2427 2010 2501 alterius

408 2550 589 2643 membra,
602 2580 620 2619 a
638 2551 677 2622 id
688 2565 741 2622 est
750 2551 957 2649 supplentes
973 2549 1134 2621 officium
1148 2574 1256 2630 suum
1272 2573 1341 2648 pro
1359 2548 1492 2641 altero,
1511 2561 1548 2620 et
1559 2548 1593 2621 ei
1604 2547 1894 2621 administrantes
1909 2548 2009 2646 quod

407 2669 472 2741 iste
487 2669 637 2768 implere
653 2695 729 2741 non
747 2683 877 2767 potest.
894 2671 994 2740 Tune
1008 2669 1106 2741 enim
1120 2667 1248 2740 oculus
1261 2669 1364 2766 quasi
1379 2667 1586 2741 membrum
1601 2691 1731 2742 manus
1746 2666 1908 2756 efficitur,
1922 2692 2006 2740 cum

406 2789 524 2859 visum
549 2787 816 2881 subministrat,
843 2802 883 2859 ut
905 2788 964 2859 illa
988 2788 1129 2885 operari
1153 2802 1263 2885 queat
1290 2814 1299 2859 :
1327 2802 1364 2860 et
1388 2787 1550 2861 similiter
1574 2789 1820 2887 unusquisque
1846 2784 2005 2862 fidelium

406 2905 547 2979 donum
564 2909 683 3005 gratiae
699 2907 800 3005 quod
819 2906 930 2979 babet
945 2909 983 2979 in
1000 2906 1155 2979 alterum
1172 2907 1372 2980 ministrare
1387 2906 1516 2997 debet,
1538 2923 1579 2980 ut
1596 2909 1751 2983 maxime
1768 2906 1836 2979 sibi
1852 2907 2007 2981 invicem

404 3027 551 3100 caritate
567 3028 782 3125 colligantur
800 3026 945 3120 fideles,
970 3052 1055 3099 cum
1078 3026 1146 3100 sibi
1161 3027 1317 3101 vicissim
1333 3027 1566 3114 subveniunt,
1591 3042 1628 3103 et
1650 3029 1897 3127 uuusquisque
1919 3027 2005 3103 alte·

403 3170 485 3219 rum
514 3173 592 3222 esse
620 3150 858 3248 recognoscit.
888 3150 966 3221 Dixi
981 3176 991 3220 z
1009 3147 1147 3245 Singuli
1170 3146 1261 3221 alter
1286 3149 1432 3222 alterius
1459 3149 1642 3242 membra,
1667 3149 1733 3223 sed
1763 3150 1892 3223 merito
1921 3150 2006 3247 quia

406 3265 639 3343 «habentes»
657 3269 757 3343 dona
772 3270 913 3342 diversa
936 3271 1055 3367 gratiae
1069 3271 1136 3343 Dei
1158 3268 1227 3341 illis
1255 3269 1404 3342 collatae.
1438 3272 1526 3357 Quae
1550 3269 1673 3341 statim
1694 3270 1793 3341 dona
1810 3268 2005 3342 subdividit

402 3384 539 3481 dicens,
560 3421 578 3457 α
591 3391 666 3463 sire
680 3390 923 3491 prophetiam,
935 3420 954 3457 a
974 3390 1108 3463 scilicet
1121 3388 1310 3479 babentes,
1330 3389 1368 3461 id
1383 3401 1437 3461 est
1452 3390 1603 3486 gratiam
1617 3388 1890 3489 interpretandi,
1904 3390 1941 3462 id
1951 3407 2003 3465 est

403 3510 608 3606 exponendi
618 3509 874 3605 rerbadivina,
888 3509 984 3582 unde
997 3509 1093 3583 etad
1108 3509 1325 3581 Corintlrios¹
1339 3509 1445 3581 dicit:
1466 3538 1484 3577 a
1495 3514 1586 3581 Nam
1594 3511 1655 3606 qui
1666 3508 1871 3608 prophetat,
1883 3507 2004 3582 homi·

401 3626 508 3701 nibus
518 3630 680 3728 loquitur
692 3631 738 3702 ad
748 3631 1035 3704 aedificationem.
1048 3660 1065 3695 a
1082 3630 1315 3702 «Secundum
1329 3631 1507 3705 rationem
1521 3628 1619 3703 fidei.
1634 3661 1652 3698 a
1666 3627 1884 3729 Prophetam
1892 3628 2001 3703 habet

401 3746 521 3841 quiin
545 3773 610 3821 sua
635 3747 888 3847 predicatione
911 3748 1112 3823 seeundum
1133 3748 1206 3820 hoc
1230 3749 1332 3847 quod
1353 3749 1467 3824 credit
1493 3749 1719 3824 auditoribus
1739 3773 1817 3822 esse
1839 3772 2001 3823 neeessa-

399 3863 508 3958 rium,
526 3866 638 3940 verba
653 3892 719 3941 sua
734 3869 957 3962 moderatur,
968 3884 1005 3942 et
1020 3867 1109 3965 quid
1127 3866 1184 3938 his
1200 3868 1274 3941 sire
1290 3868 1358 3942 illis
1372 3895 1442 3969 pro
1457 3872 1653 3970 capacitate
1669 3894 1800 3943 eorum
1815 3867 2000 3967 predicari

399 3998 563 4082 oporteat
576 3986 758 4078 discernit,
777 4003 817 4061 ut
838 3989 950 4062 modo
974 3989 1030 4062 lac
1051 3987 1230 4087 parvulis,
1253 3988 1366 4062 modo
1392 3990 1549 4063 solidum
1569 3989 1693 4063 cibum
1716 3988 1914 4085 majoribus
1936 3992 2000 4063 mi·

399 4103 536 4196 nistret,
555 4107 648 4178 sicut
664 4121 700 4178 et
715 4108 791 4206 ipse
806 4107 937 4182 Paulus
957 4109 1005 4181 ad
1021 4107 1170 4181 eosdem
1183 4109 1390 4183 Corinthios
1405 4111 1566 4184 scribens
1580 4110 1730 4210 proprio
1750 4108 1860 4181 docet
1877 4133 1999 4183 exem·

397 4222 472 4317 plo.
491 4227 611 4312 Quam
639 4225 789 4324 quidem
805 4226 1056 4327 Apostolorum
1080 4227 1334 4301 discretionem
1357 4231 1541 4303 Psalmista
1561 4228 1781 4329 praevidebat
1802 4252 1886 4301 cum
1902 4228 1999 4301 dioe-

397 4344 484 4411 ret':
508 4342 621 4415 «Dies
635 4343 707 4416 diei
728 4360 865 4418 eructat
882 4346 1046 4436 verbum,
1071 4361 1108 4419 et
1124 4371 1196 4419 nox
1221 4349 1320 4421 nocti
1336 4347 1471 4422 indicat
1486 4350 1686 4422 scientiam.
1701 4376 1720 4414 a
1739 4347 1823 4421 Tale
1842 4360 1894 4419 est
1908 4370 1997 4443 ergo

395 4462 595 4534 secuudum
612 4465 788 4536 rationem
814 4464 898 4538 lidei
916 4492 1001 4558 suae,
1019 4490 1061 4539 ac
1077 4468 1107 4539 si
1122 4468 1315 4561 diceretur,
1341 4469 1542 4542 secundum
1557 4468 1810 4542 discretionem
1830 4491 1941 4565 quam
1958 4492 1996 4539 se

395 4578 509 4652 credit
531 4579 683 4672 habere,
716 4582 778 4656 ubi
809 4584 901 4657 forte
923 4587 953 4657 si
979 4589 1173 4680 erraverit,
1202 4587 1330 4660 caritas
1353 4588 1429 4685 ejus
1452 4588 1693 4687 ignorantiam
1727 4610 1810 4659 eam
1833 4601 1992 4660 excusat.

398 4700 499 4772 «Sive
508 4702 743 4775 ministerium
756 4705 793 4777 in
809 4706 1085 4780 ministrando.»
1096 4712 1164 4780 Per
1172 4707 1249 4781 bac
1264 4709 1384 4782 omnia
1398 4706 1687 4782 subaudiendum
1697 4721 1751 4779 est
1760 4735 1779 4777 r
1789 4707 1994 4780 secundum

394 4819 570 4894 rationem
583 4821 680 4910 fidei,
692 4853 710 4891 u
722 4838 764 4896 ut
777 4822 943 4900 videlicet
958 4830 1080 4900 omnia
1096 4828 1249 4902 discrete
1266 4828 1448 4924 faciamus,
1460 4825 1661 4902 secundum
1674 4826 1775 4923 quod
1785 4826 1993 4901 faciendum

424 5097 430 5122 ¹
441 5090 577 5145 tcorinth.
590 5106 645 5158 cap.
659 5107 717 5158 nr,
730 5107 755 5146 r.
769 5099 792 5146 t.
808 5097 852 5132 —2
863 5094 960 5146 Psclm.
973 5108 1041 5158 xrrn,
1053 5109 1077 5150 r.
1089 5100 1111 5148 t.
