4559 6100
667 519 924 596 TRACTATUS
945 521 1003 596 aa
1027 518 1371 597 tartarearum.
1747 523 1821 598 735

193 694 321 766 tum,
340 671 427 748 solis
443 672 596 765 seilicet,
624 687 665 746 ut
685 672 856 765 diximus,
887 672 1062 746 discretis.
1093 677 1246 747 Tantum
1271 672 1392 770 itaque
1420 674 1515 747 inter
1543 671 1819 749 rationalitatem

194 812 242 872 et
264 796 453 872 rationem
473 795 616 876 differre
637 794 807 890 arbitror,
833 809 1009 892 quantum
1029 795 1123 870 inter
1145 779 1348 894 potentiam
1371 793 1541 867 currendi
1563 810 1600 868 et
1620 796 1819 894 potentiam

194 918 322 992 facilc
348 915 536 1007 cauendi,
565 941 609 988 ex
635 940 708 1015 qua
736 940 901 990 cursores
928 915 1132 989 Aristoteles
1157 913 1313 1015 appellat
1340 913 1541 987 secundnm
1570 915 1819 990 membrorum‘

197 1036 431 1112 flexibiliuur
447 1035 699 1136 aptitudinem.
719 1037 947 1134 Quicumque
960 1037 1068 1131 igitur
1084 1035 1229 1134 spiritus
1245 1058 1290 1106 ea
1305 1046 1434 1107 natura
1449 1035 1599 1134 propria
1614 1033 1818 1109 discernere

197 1171 352 1257 potest,
377 1157 650 1234 rationalitatem
676 1156 809 1250 habet3
838 1159 1016 1231 rationem
1034 1181 1123 1232 aero
1144 1155 1203 1228 ille
1225 1155 1324 1228 solus
1349 1155 1412 1252 qui
1433 1153 1506 1227 boc
1529 1154 1631 1228 facila
1654 1180 1819 1230 exercere

199 1276 337 1370 valet,
360 1278 460 1352 nulla
478 1278 588 1352 aetatis
614 1277 857 1351 imbecillitate
873 1289 1074 1350 remoratus
1096 1289 1159 1349 aut
1176 1275 1463 1349 inconcinnitate
1482 1275 1743 1374 complexionis
1765 1277 1820 1348 sui

199 1396 397 1494 corporis,
416 1422 461 1472 er
477 1422 552 1496 qua
568 1397 879 1497 perturbationem
896 1398 1052 1496 aliquam
1069 1395 1203 1487 trabat,
1218 1409 1259 1468 ut
1273 1397 1422 1469 insanus
1437 1408 1501 1469 aut
1517 1394 1646 1467 stultus
1661 1395 1737 1467 fiat.

677 1719 784 1813 Quod
797 1718 891 1792 r'dcm
905 1723 955 1792 sit
968 1721 1112 1790 unimus
1124 1742 1234 1818 quam
1251 1720 1358 1790 ratio.

265 1937 371 2011 ldem
393 1951 513 2011 autem
535 1939 626 2012 ratio
644 1939 745 2039 quod
766 1939 908 2014 animus
925 1938 1032 2013 uobis
1048 1939 1190 2013 videtur
1206 1964 1295 2012 esse.
1318 1942 1417 2011 Patet
1433 1939 1555 2037 itaque
1577 1963 1620 2012 ex
1643 1963 1819 2039 suprapo-

202 2057 296 2130 sitis
311 2058 532 2131 intellectum
556 2072 631 2131 tam
647 2085 669 2132 a
683 2084 790 2132 sensu
807 2085 917 2158 quam
939 2061 1119 2132 aratione
1134 2058 1317 2131 diversum
1337 2083 1427 2153 esse,
1455 2074 1491 2131 et
1510 2083 1593 2131 eum
1619 2061 1820 2133 necessario

202 2202 254 2250 ex
289 2180 430 2252 ratione
445 2178 663 2252 descendere
680 2193 854 2277 tanquam
873 2194 1089 2282 perpetuum
1106 2180 1254 2253 rationis
1274 2178 1456 2252 eflectum.
1478 2179 1582 2252 Unde
1599 2179 1820 2278 ubicumque

205 2299 311 2371 ratio
328 2324 402 2371 non
417 2299 522 2391 inest,
542 2298 627 2371 inde
645 2299 866 2374 intellectum
880 2299 1002 2375 abesse
1019 2325 1165 2373 necesse
1182 2316 1255 2395 est,
1275 2301 1338 2399 qui
1355 2324 1508 2400 semper,
1531 2316 1572 2373 ut
1589 2298 1757 2390 diximus,
1777 2326 1820 2372 er

207 2418 360 2490 ratione
382 2418 502 2517 aliqua
525 2433 588 2491 aut
612 2433 799 2514 naturam,
824 2435 951 2520 utpote
973 2420 1133 2493 hominis
1153 2419 1211 2492 vel
1234 2421 1337 2518 equi,
1363 2435 1425 2493 aut
1448 2421 1703 2520 proprietatem
1729 2419 1821 2492 deli·

209 2534 343 2631 berat,
369 2553 494 2638 utpote
521 2538 682 2612 colorem
706 2539 863 2638 aliquem
881 2539 937 2612 rel
963 2539 1117 2612 formam
1134 2539 1305 2638 subjecti,
1330 2540 1386 2612 vel
1403 2565 1463 2612 eas
1485 2540 1619 2612 scilicet
1638 2540 1676 2612 in
1698 2539 1821 2638 seipsis
1891 2595 1894 2604 .

211 2657 457 2758 speculando,
478 2658 532 2732 vel
549 2655 807 2757 conjungendo
823 2659 870 2732 ad
888 2660 1057 2751 invicem,
1076 2661 1151 2732 sive
1167 2659 1421 2757 distinguendo
1438 2658 1484 2733 ab
1502 2661 1669 2734 invicem.

615 2954 837 3053 Differentiae
855 2955 1125 3054 imaginationis
1137 2951 1189 3024 ad
1197 2952 1427 3025 intellectum.

272 3174 327 3249 Ab
350 3177 605 3273 imaginatione
628 3203 778 3277 qnoque
803 3180 942 3254 clarum
967 3196 1022 3255 est
1049 3179 1270 3254 intellectum
1292 3180 1466 3277 disjungi,
1497 3204 1581 3252 cum
1608 3181 1820 3277 imaginatio

220 3320 390 3395 quoque,
417 3298 511 3373 siem
532 3313 569 3371 et
599 3322 741 3394 sensus,
769 3298 860 3373 nibil
894 3323 937 3373 ex
972 3302 1112 3373 ratione
1135 3299 1329 3391 deliberet,
1352 3298 1418 3372 sed
1442 3300 1480 3370 in
1506 3298 1564 3372 his
1587 3298 1695 3372 rebus
1727 3322 1816 3396 quas

221 3417 401 3495 sendraas
433 3417 524 3493 nibil
554 3417 652 3493 alind
677 3419 887 3515 imaginatio
914 3419 960 3492 sit
990 3442 1101 3517 quam
1131 3420 1298 3518 quaedam
1330 3443 1457 3493 seusus
1478 3418 1698 3512 recordatio,
1734 3442 1818 3489 cum

221 3535 391 3615 videlieet
407 3560 572 3635 requam
585 3537 828 3621 seuddrarnus
841 3537 1003 3633 absente,
1020 3550 1068 3613 eo
1083 3537 1206 3613 adbuc
1221 3537 1335 3612 modo
1349 3563 1429 3611 sese
1444 3539 1598 3632 animus,
1621 3563 1686 3637 per
1699 3561 1823 3635 quarn·

224 3654 310 3737 dem
332 3656 496 3756 quodam
521 3657 634 3735 modo
658 3657 949 3733 recordationem
975 3682 1102 3732 sensus
1132 3659 1301 3731 allectum
1325 3659 1471 3752 retinet,
1498 3682 1572 3757 quo
1599 3658 1711 3731 modo
1738 3672 1821 3730 ante

224 3789 314 3867 erat,
337 3800 422 3851 cum
450 3770 610 3869 sentiret,
637 3777 728 3853 nibil
746 3801 847 3853 ,nunc
869 3801 1017 3876 quoque
1041 3802 1108 3876 per
1129 3778 1423 3875 imaginationem
1450 3803 1495 3851 ex
1521 3779 1661 3851 ratione
1686 3775 1822 3850 delibe-

223 3917 326 3985 rans,
348 3896 442 3969 sicut
462 3921 530 3971 nec
549 3911 657 3971 antea
679 3921 745 3997 per
764 3921 910 3971 seusium
925 3895 1094 3970 iaciebat.
1119 3896 1208 3970 ldeo
1224 3912 1346 3971 autem
1362 3923 1431 3996 per
1452 3899 1745 3996 imaginationem
1760 3896 1823 3969 ad·

221 4013 346 4110 junxi,
369 4016 455 4113 quia
472 4016 620 4115 quando
638 4017 745 4091 simul
768 4018 975 4115 imaginatio
997 4030 1035 4091 et
1053 4017 1255 4091 intdleotus
1277 4017 1394 4091 eidem
1411 4019 1536 4090 insunt
1557 4018 1706 4104 animae,
1733 4015 1824 4087 sicut
1938 4054 1943 4063 ·

224 4132 431 4233 frequenter
442 4161 567 4213 sensus
582 4152 619 4212 et
636 4137 849 4231 intellectus,
868 4162 944 4210 non
960 4161 1156 4236 possumus
1173 4162 1305 4234 negare
1318 4139 1409 4236 quin
1427 4136 1639 4214 deliberatio
1655 4134 1820 4233 quaedam

226 4252 323 4346 insit,
344 4255 408 4331 sed
423 4280 489 4355 per
512 4256 753 4351 intellectum,
777 4280 853 4329 uon
870 4281 935 4356 per
951 4257 1261 4354 imaginationem.
1286 4262 1349 4331 Em
1364 4258 1490 4354 itaque
1507 4256 1712 4352 imaginatio
1736 4278 1822 4326 oon·

225 4369 305 4449 suat
320 4373 450 4453 anima
467 4378 667 4483 peroepu‘o,
685 4377 764 4450 sine
779 4400 888 4451 seusu
911 4376 988 4476 ejus
1008 4376 1143 4450 scilicet
1160 4377 1213 4449 rei
1234 4400 1345 4474 quam
1367 4375 1614 4472 imaginariam
1634 4372 1822 4445 confusam

226 4489 392 4586 dicimus,
406 4517 497 4569 ,eum
513 4493 603 4569 nibil
618 4495 697 4593 ipsa
711 4519 755 4570 ex
771 4497 911 4571 radone
929 4495 1105 4570 deliberet
1118 4496 1213 4569 sicut
1232 4519 1300 4567 uec
1316 4518 1454 4571 sensus.
1473 4496 1573 4591 Saepe
1592 4494 1728 4593 quippe
1744 4517 1823 4565 sen·

226 4610 403 4691 amusan
425 4630 505 4711 quaa
527 4636 759 4713 nequaquam
779 4613 1018 4712 intelligentes
1040 4615 1280 4705 attendimus,
1306 4627 1342 4686 et
1365 4638 1448 4686 curu
1474 4613 1521 4687 ad
1541 4614 1822 4710 exteriora-qua
1882 4714 1885 4719 ἱ

227 4746 423 4809 occurrunt
438 4733 707 4811 nircumbmtur
723 4757 865 4824 sensum
881 4735 1023 4808 animm
1037 4750 1159 4811 tamen
1177 4759 1242 4834 per
1254 4733 1474 4807 intellectum
1488 4733 1537 4806 ad
1553 4732 1623 4807 alia
1640 4729 1817 4828 dirigitur.

226 4851 339 4927 Verbi
356 4852 470 4949 gratia
482 4880 493 4925 r
507 4870 598 4931 aeram
613 4852 763 4950 alicujus
771 4853 824 4929 rai
837 4853 961 4928 studio
976 4854 1034 4928 vel
1051 4854 1286 4928 meditatione
1302 4853 1467 4952 occupati
1481 4867 1659 4946 tenemru,
1675 4852 1820 4925 adeam

226 4970 465 5069 intelligentiae
484 4988 615 5047 nostrae
630 4975 727 5047 visus
744 4973 921 5070 dirigitur,
943 4999 1020 5048 non
1038 4974 1163 5050 adeas
1185 4998 1274 5074 quas
1297 4987 1487 5074 presentes
1509 4973 1564 5045 vel
1588 4972 1747 5046 videmus
1764 4973 1818 5045 vel

228 5089 350 5188 aliquo
377 5092 489 5167 modo
519 5094 707 5170 sentimus.
746 5094 912 5194 Alioquin
938 5095 997 5169 vix
1022 5118 1186 5193 uuquam
1209 5108 1304 5171 terra
1331 5093 1389 5167 vel
1412 5091 1544 5175 coebrm
1577 5117 1656 5191 quae
1681 5092 1821 5171 assidue
