4559 6100
741 545 998 620 tuuouoott
1025 547 1301 622 cnutst'tlttl.

856 1109 1067 1229 LIBER
1117 1101 1193 1229 114

278 1466 406 1564 Operis
428 1476 528 1562 parte
550 1462 726 1561 superiori
747 1462 950 1535 testimonia
973 1460 1138 1560 quaedam
1162 1477 1235 1534 tam
1255 1460 1510 1561 prophetarum
1533 1485 1640 1558 quam
1660 1460 1819 1560 philoso-

231 1580 387 1680 phorum
412 1580 633 1679 collegimus,
660 1582 792 1680 quihus
815 1596 946 1655 sanctae
968 1582 1148 1655 Trinitatis
1175 1581 1285 1655 fidem
1309 1596 1560 1654 astrueremus.
1583 1579 1651 1652 Ubi
1674 1579 1821 1678 quidem

229 1700 320 1776 dum
339 1702 641 1804 philosophorum
661 1703 861 1776 infidelium
882 1703 1095 1778 assertiones
1115 1703 1207 1776 sicut
1224 1717 1260 1786 et
1280 1717 1488 1775 sauctorum
1508 1716 1650 1802 patrum
1666 1702 1768 1800 quasi
1784 1702 1820 1773 in

229 1824 478 1896 auctoritatem
494 1823 722 1922 induximus,
742 1824 939 1896 multorum
957 1821 1240 1896 detractionibus
1254 1821 1502 1920 corrodendos
1523 1835 1644 1921 patere
1668 1845 1822 1919 praesen·

229 1943 354 2035 simus,
375 1957 482 2042 atque
502 1968 525 2016 a
544 1943 747 2016 nonnullis¹
763 1942 870 2016 nohis
893 1942 931 2015 id
949 1942 1269 2043 improperandum
1293 1942 1391 2041 quod
1417 1941 1525 2014 beato
1558 1942 1779 2039 Hieronymo
1801 1968 1822 2014 a
1916 1923 1919 1938 ⁴

231 2062 352 2135 multis
373 2062 461 2134 olim
483 2061 634 2160 legimus
659 2062 855 2161 objectum,
884 2086 969 2133 cum
991 2086 1067 2134 non
1087 2062 1204 2135 solum
1230 2060 1288 2134 ille
1307 2060 1549 2151 ethnicorum,
1574 2060 1823 2142 verumetiam

229 2178 478 2254 haereticorum
513 2177 717 2253 testimonia
750 2181 823 2253 suis
849 2181 1021 2253 insereret
1050 2182 1211 2280 scriptis„
1236 2183 1338 2256 Unde
1367 2196 1404 2252 et
1430 2179 1599 2252 adversus
1627 2179 1822 2252 calumnias

230 2299 351 2396 magni
370 2297 522 2371 oratoris
539 2298 636 2371 urbis
652 2301 773 2371 Romae
789 2298 979 2400 epistolam
994 2299 1169 2390 scribens,
1186 2300 1234 2371 ita
1250 2322 1397 2371 exorsus
1414 2299 1482 2370 ait*
1499 2324 1507 2367 :
1532 2330 1549 2364 «
1566 2298 1674 2385 Quod
1697 2298 1823 2395 quaeris

231 2442 297 2489 cur
329 2418 365 2489 in
392 2418 573 2517 opusculis
599 2419 730 2491 nostris
763 2417 983 2492 scholarium
1008 2417 1205 2491 litterarum
1231 2416 1413 2490 interdum
1439 2440 1616 2517 ponamus
1641 2416 1821 2517 exempla,

230 2548 267 2606 et
289 2533 485 2609 candorem
511 2535 675 2608 Ecclesiae
700 2537 927 2610 ethnicorum
953 2537 1122 2610 sordibus
1147 2536 1350 2637 polluamus
1380 2563 1388 2606 ε
1418 2561 1604 2635 nunquam
1630 2536 1702 2608 hoc
1727 2560 1825 2633 quae·

232 2679 341 2744 reres,
370 2655 401 2727 si
425 2657 618 2755 scripturas
641 2680 760 2729 sacras
782 2645 930 2754 legeres,
958 2658 987 2729 si
1010 2658 1222 2756 interpretes
1244 2681 1370 2730 earum
1394 2655 1588 2730 evolveres.
1615 2657 1703 2744 Quis
1728 2657 1824 2729 enim

232 2775 368 2847 neseiat
383 2774 598 2874 etinMoyse
615 2798 657 2849 ac
667 2774 927 2875 Prophetarum
938 2774 1182 2849 voluminibus
1198 2774 1363 2875 quaedam
1379 2790 1558 2875 assumpta
1573 2775 1619 2848 de
1628 2774 1824 2848 Gentilium

231 2893 346 2985 libris,
366 2910 402 2967 et
417 2894 648 2968 Salomonem
662 2893 887 2996 philosophis
901 2896 983 2993 Tyri
999 2910 1036 2968 et
1053 2897 1284 2996 proposuisse
1299 2895 1476 2968 nonnulla
1492 2910 1528 2968 et
1542 2895 1661 2995 aliqua
1677 2921 1825 2995 respon·

231 3009 360 3087 disse?
391 3011 494 3086 Unde
525 3014 560 3085 in
597 3014 745 3089 exordio
772 3012 1045 3088 Proverbnrum
1072 3030 1282 3089 commonet
1311 3029 1350 3088 ut
1378 3015 1616 3114 intelligamus
1644 3039 1830 3111 sermones

231 3132 445 3230 prudentiae,
474 3134 714 3232 versutiasque
736 3133 947 3224 verborum,
976 3134 1178 3235 parabolas,
1206 3149 1243 3208 et
1261 3134 1456 3207 obscurum
1479 3160 1703 3225 sermonem,
1732 3135 1826 3206 dicta

229 3251 449 3351 sapientium
473 3267 510 3324 et
533 3253 733 3348 oenigrnata,
761 3279 840 3352 quae
862 3256 1008 3355 proprie
1039 3254 1309 3327 dialecticorum
1335 3268 1371 3325 et
1398 3252 1699 3354 philosophorum
1726 3268 1823 3325 sunt.

228 3373 293 3444 Sic
319 3388 356 3445 et
380 3371 511 3444 Paulus
536 3373 718 3472 apostolus
744 3374 963 3474 Epimenidis
996 3390 1110 3475 poetae
1140 3373 1275 3447 abusus
1307 3375 1481 3448 versiculo
1514 3390 1566 3447 est
1596 3372 1755 3446 scribens
1780 3374 1826 3445 ad

227 3491 404 3563 Titum⁸z
427 3494 646 3565 «Cretenses
671 3518 813 3595 semper
839 3493 1044 3589 mendaces,
1069 3493 1172 3567 malae
1195 3493 1329 3585 bestie,
1359 3509 1499 3568 ventres
1525 3494 1665 3592 pigri.»
1693 3497 1731 3564 ln
1759 3492 1826 3566 alia

227 3634 383 3710 quoque
399 3609 549 3710 epistola
568 3612 760 3686 Menandri
784 3614 887 3713 ponit
908 3615 1136 3688 senarium⁸s
1161 3617 1437 3713 «Corrumpunt
1455 3639 1572 3687 mores
1596 3612 1715 3687 bonos
1739 3638 1826 3686 cou-

227 3727 473 3803 fahulationes
498 3730 642 3804 malm.»
670 3736 714 3805 Et
740 3733 839 3833 apud
869 3733 1102 3807 Athenienses
1129 3735 1168 3808 in
1192 3736 1312 3807 Martis
1344 3732 1442 3806 curia
1469 3733 1654 3834 disputans
1682 3740 1826 3805 Aratum

226 3864 364 3921 testem
380 3853 526 3922 vocat⁸:
542 3879 560 3917 r
577 3851 690 3950 Ipsius
703 3854 802 3925 enim
818 3870 853 3927 et
866 3879 978 3952 genus
991 3876 1127 3926 sumus.
1143 3885 1161 3920 u
1181 3858 1310 3927 Parum
1327 3854 1399 3926 hoc
1415 3868 1480 3946 est,
1498 3853 1629 3926 ductor
1644 3853 1828 3925 christiani

225 3968 412 4041 exercitus
440 3982 477 4040 et
504 3983 627 4042 orator
652 3970 805 4044 invictus
830 3964 898 4073 pro
928 3973 1068 4045 Christo
1096 3997 1241 4045 eausam
1267 3997 1397 4071 agens,
1427 3973 1532 4044 etiarn
1559 3972 1829 4072 inscriptionem

227 4087 439 4181 fortuitam,
469 4102 545 4161 arte
571 4090 715 4190 torquet
738 4090 774 4164 in
805 4107 1056 4192 argumentum
1084 4090 1183 4189 fidei.
1209 4091 1390 4165 Didicerat
1415 4092 1512 4164 enim
1537 4116 1559 4164 a
1584 4116 1670 4163 vero
1695 4091 1830 4195 Davidy‘

224 4221 450 4303 extorquere
470 4207 515 4281 de
533 4209 700 4283 manibus
718 4209 877 4285 hostium
898 4210 1070 4313 gladium,
1084 4227 1134 4303 ,et
1153 4211 1265 4284 Goliae
1287 4211 1531 4312 superbissimi
1553 4226 1662 4312 caput
1682 4212 1829 4311 proprio

223 4349 413 4398 mucrone
427 4340 606 4401 truncare.
625 4334 772 4429 legerat
787 4332 824 4404 in
840 4333 1135 4405 Deuteronomio⁷
1152 4331 1310 4404 mulieris
1326 4332 1473 4432 captivae
1490 4331 1691 4419 radendum
1706 4343 1827 4430 caput,

224 4444 440 4544 supercilia,
463 4471 589 4520 omnes
605 4448 710 4547 pilos,
737 4465 772 4524 et
794 4476 931 4549 ungnes
952 4451 1115 4552 eorporis
1130 4448 1383 4549 amputandos,
1404 4465 1440 4523 et
1462 4450 1512 4524 sio
1528 4476 1608 4524 eam
1624 4449 1829 4522 habendam

221 4563 423 4661 conjugio.
442 4565 539 4653 Quid
553 4591 639 4664 ergo
657 4570 686 4641 si
700 4583 733 4642 et
751 4594 818 4665 ego
831 4571 1041 4671 sapientiam
1055 4571 1259 4643 saecularem
1277 4583 1425 4668 propter
1440 4571 1573 4670 eloquii
1594 4586 1826 4655 venustatem,

220 4696 264 4753 et
283 4682 539 4758 membrorum
556 4686 874 4785 pulchritudinem,
884 4689 931 4764 de
947 4688 1077 4781 ancilla
1096 4703 1204 4787 atque
1218 4672 1359 4789 captiva
1368 4690 1563 4783 lsraelitam
1573 4690 1689 4767 lacere
1698 4688 1830 4787 cupio?

220 4802 264 4872 Si
288 4802 398 4900 quod
414 4802 451 4876 io
474 4829 517 4877 ea
535 4822 717 4880 mortuum
736 4823 788 4881 est
804 4808 1030 4898 idololatriae,
1054 4807 1262 4919 voluptatis,
1280 4809 1423 4903 erroris,
1442 4808 1646 4898 libidinum,
1674 4807 1727 4881 vel
1743 4831 1833 4906 prae·

258 5091 269 5118 ¹
277 5085 313 5138 ln
330 5087 405 5139 edttts
414 5094 473 5139 onte
484 5090 513 5140 io
522 5088 576 5142 etto
586 5105 633 5155 pro
644 5106 661 5143 n
671 5091 809 5145 amnonis.
826 5120 855 5131 -
865 5093 962 5159 ’aptae
972 5097 1012 5158 88,
1067 5096 1076 5129 ⁴
1087 5095 1202 5148 Corinth.
1219 5094 1240 5159 l,
1254 5110 1309 5160 ορ.
1325 5109 1368 5159 xv,
1380 5109 1403 5146 v.
1416 5098 1456 5148 tt.
1470 5120 1500 5133 -
1510 5096 1520 5128 ⁸
1529 5097 1583 5147 Act.
1595 5095 1693 5158 Apost,
1704 5106 1760 5159 cap.
1772 5108 1835 5158 xvu,

215 5169 312 5234 opp„
336 5177 359 5220 t.
379 5169 422 5233 lv,
439 5185 464 5235 p.
479 5183 507 5232 u,
525 5172 571 5223 col.
586 5175 639 5226 tut.
656 5199 685 5211 -
696 5176 705 5205 ¹
715 5174 774 5235 ru„
792 5188 846 5240 cap.
858 5187 876 5235 t,
888 5189 911 5227 v.
926 5181 962 5229 tt.
984 5203 1012 5214 -
1067 5191 1090 5228 v.
1102 5179 1186 5243 28„—
1197 5179 1207 5209 ⁸
1217 5177 1278 5240 tter.
1290 5176 1317 5240 l,
1328 5190 1384 5242 up.
1397 5188 1456 5229 xm.
1470 5175 1780 5239 ...meschuman-11¹·

364 5280 389 5318 n
1255 5324 1257 5327 ,
1679 5268 1714 5326 tt
