4559 6100
481 495 554 570 678
1084 489 1214 564 ruant
1241 487 1476 565 ABAELARDl

481 657 601 717 autem
626 644 748 734 lesus,
775 664 861 713 cum
885 664 1024 713 norum
1049 639 1206 714 traderet
1220 634 1503 730 testamentum,
1531 639 1672 739 inipso
1697 637 1816 711 statim
1837 637 1986 711 exordio
2009 637 2078 711 tale

481 763 654 836 doctrinae
678 787 751 834 suae
771 760 1048 837 fundamentum
1072 760 1280 853 collocavit,
1301 759 1400 858 quod
1426 773 1463 832 et
1479 757 1526 832 ad
1548 772 1799 857 contemptum
1825 758 1952 832 mnudi
1977 759 2079 832 etad

481 882 590 980 hujus
603 881 835 956 beatitudinis
850 879 1069 954 desiderium
1082 881 1216 979 pariter
1229 880 1405 967 incitaret,
1420 879 1584 953 dicens¹z
1602 879 1725 952 «Beati
1742 902 1917 977 pauperes
1935 877 2075 977 spiritu,

482 1003 657 1099 quoniam
683 1003 845 1102 ipsorum
870 1015 924 1074 est
942 1026 1094 1100 regnum
1115 1001 1334 1091 coelorum,u
1352 1013 1487 1099 etpost
1510 998 1628 1096 aliqua
1648 1024 1656 1069 ε
1678 1028 1696 1065 α
1710 1000 1806 1072 Beati
1830 999 1893 1097 qui
1913 1022 2077 1097 persecu·

485 1123 622 1196 tionem
640 1124 827 1222 patiuntur
843 1135 994 1219 propter
1003 1121 1190 1219 justitiam,
1203 1119 1379 1220 quoniam
1392 1120 1554 1218 ipsorum
1572 1133 1627 1192 est
1640 1143 1790 1218 regnum
1806 1117 1994 1191 coelorum.
2005 1148 2023 1183 s
2036 1121 2078 1188 Et

483 1243 513 1315 si
531 1242 721 1340 diligenter
737 1241 967 1315 attendamus
983 1241 1031 1315 ad
1047 1241 1136 1334 haec,
1156 1241 1321 1313 universa
1334 1240 1411 1336 ejus
1429 1254 1605 1338 praecepta
1622 1238 1680 1312 vel
1695 1238 1962 1312 exhortationes
1978 1237 2080 1311 adhi-

483 1361 628 1454 bentur,
649 1375 689 1434 ut
707 1387 770 1462 spe
784 1360 877 1434 illius
892 1385 1055 1460 supernae
1071 1374 1106 1433 et
1123 1375 1264 1433 aeternae
1276 1359 1357 1432 vitae
1373 1359 1495 1431 omnia
1511 1372 1790 1432 contemnantur
1804 1382 1989 1457 prospera,
2007 1358 2080 1432 sive

483 1482 686 1555 tolerentur
702 1482 864 1555 adversa.
886 1480 996 1570 Quod
1016 1503 1246 1579 nequaquam
1263 1477 1420 1552 arbitror
1438 1492 1575 1552 vestros
1591 1477 1746 1576 attigisse
1769 1477 1936 1551 doctores
1951 1492 2014 1550 aut
2035 1476 2081 1549 ad

482 1601 583 1674 hunc
607 1600 717 1674 finem
739 1601 829 1674 boni
846 1614 982 1673 vestros
1004 1601 1146 1673 animos
1167 1624 1269 1698 aeque
1287 1598 1467 1672 invitasse.
1487 1598 1596 1685 Quod
1616 1596 1749 1670 sitales
1771 1611 1897 1688 erant,
1917 1598 2078 1695 emigra,

485 1723 650 1795 universa
672 1721 797 1794 ethice
812 1734 936 1793 vestrae
956 1743 1170 1819 percurrens
1192 1719 1370 1813 instituta,
1390 1732 1452 1791 aut
1474 1718 1505 1790 si
1524 1718 1702 1816 assignare
1722 1741 1798 1790 non
1823 1718 1952 1816 possis,
1980 1731 2081 1792 tanto

487 1841 694 1914 doctrinam
717 1840 846 1914 Christi
866 1838 1114 1939 perfectiorem
1132 1853 1241 1938 atque
1257 1837 1444 1915 meliorem
1459 1862 1536 1911 esse
1554 1837 1714 1929 fatearis,
1735 1849 1872 1934 quanto
1892 1860 1961 1909 nos
1975 1861 2084 1911 causa

484 1960 541 2033 vel
559 1985 623 2059 spe
645 1959 788 2033 meliori
803 1958 851 2031 ad
868 1960 1016 2032 virtutes
1040 1958 1266 2052 adhortatur,
1290 1982 1374 2032 cum
1395 1982 1462 2030 vos
1480 1957 1600 2058 potius
1614 1956 1764 2029 virtutes
1779 1955 1837 2029 vel
1853 1979 1977 2029 earum
1989 1982 2081 2030 con-

486 2080 592 2154 traria
611 2095 760 2180 propter
777 2103 816 2152 se
832 2081 912 2179 ipsa
937 2078 1067 2176 magis,
1090 2103 1200 2177 quam
1222 2092 1373 2179 propter
1389 2076 1487 2151 aliud
1506 2076 1626 2176 appeti
1644 2075 1698 2148 vel
1717 2076 1819 2148 vitari
1842 2074 1975 2150 debere
1997 2102 2083 2151 cen·

484 2200 602 2273 seatis.
615 2200 720 2272 Unde
734 2214 769 2273 et
787 2198 847 2271 illa
860 2197 1029 2289 honesta,
1047 2199 1103 2271 rel
1121 2196 1313 2270 inhonesta
1326 2197 1450 2270 vocari
1464 2195 1540 2268 haec
1554 2194 1687 2269 debere
1701 2196 1863 2269 censetis.
1883 2200 2082 2271 Honestum

484 2321 619 2421 quippe
636 2319 767 2410 dicitis,
786 2318 887 2416 quod
904 2342 970 2417 per
985 2342 1023 2391 se
1040 2319 1159 2416 ipsum
1176 2317 1294 2417 placet
1309 2331 1347 2390 et
1361 2330 1511 2417 propter
1526 2341 1564 2389 se
1581 2316 1713 2416 ipsum,
1732 2340 1807 2388 uon
1825 2331 1971 2416 propter
1984 2317 2082 2392 aliud

485 2438 819 2539 est‘appetendum,
837 2440 930 2512 sicut
944 2462 964 2510 e
980 2438 1162 2511 contrario
1183 2437 1430 2525 inhonestum,
1450 2434 1552 2534 qnod
1572 2460 1615 2508 ex
1632 2435 1779 2535 propria
1794 2437 2016 2535 turpitudine
2030 2454 2084 2513 est

485 2558 709 2656 fugiendum.
729 2561 818 2647 Quae
841 2558 937 2630 enim
959 2572 1107 2656 propter
1127 2556 1225 2630 aliud
1241 2556 1298 2629 vel
1318 2555 1524 2656 appetenda
1538 2568 1624 2629 sunt
1639 2553 1696 2627 vel
1714 2555 1876 2650 vitanda,
1897 2580 1944 2630 ea
1963 2559 2084 2658 potius

488 2679 587 2750 utilia
602 2677 658 2750 vel
671 2678 812 2750 inutilia
829 2678 1057 2776 nuncupatis.

536 2800 677 2868 Panos.
696 2797 755 2868 Sic
771 2796 934 2895 prolecto
951 2796 1083 2869 nostris
1099 2797 1217 2869 visum
1234 2795 1446 2896 majoribus,
1466 2797 1558 2870 sicut
1569 2798 1611 2870 in
1629 2797 1790 2872 secundo
1802 2798 1997 2872 Rhetorice
2010 2824 2083 2873 sure

486 2918 535 2990 Μ.
561 2916 696 2990 Tullius
713 2915 856 3015 plenius
874 2918 1089 3013 exsequitur.
1109 2917 1182 3014 Sed
1197 2916 1362 3015 prolecto
1378 2941 1463 2989 cum
1476 2916 1608 2990 dicitur
1624 2945 1633 2989 ε
1652 2919 1773 2992 Virtus
1788 2934 1939 3020 propter
1952 2943 1990 2992 se
2006 2944 2083 2992 non

486 3047 637 3136 propter
653 3033 752 3108 aliud
768 3034 988 3136 expetenda,
1008 3061 1084 3108 non
1105 3036 1257 3110 omnino
1280 3061 1416 3111 merces
1440 3037 1652 3111 meritorum
1668 3036 1884 3133 excluditur,
1902 3038 1966 3113 sed
1979 3054 2086 3114 terre·

488 3180 620 3229 norum
657 3156 810 3229 intentio
838 3155 1118 3229 commodorum
1146 3171 1365 3231 removetur.
1399 3156 1566 3254 Alioquin
1595 3160 1769 3233 virtutum
1798 3158 1931 3253 finem,
1970 3160 2008 3234 id
2034 3175 2086 3234 est

487 3300 632 3349 causam
656 3274 801 3349 finalem
821 3300 897 3348 non
914 3274 1006 3349 bene
1022 3277 1323 3350 constitueremus
1339 3276 1619 3367 beatitudinem,
1639 3279 1730 3352 sicru
1750 3281 1788 3352 in
1805 3281 1967 3354 secundo
1989 3284 2087 3381 Topi-

487 3420 610 3467 cornm
636 3421 787 3469 suorum
815 3395 985 3469 Boethius
1011 3409 1128 3470 vester
1152 3397 1386 3471 lhemistium
1406 3412 1550 3473 secutus
1573 3415 1847 3478 commemorat.
1876 3399 1930 3473 lbi
1954 3402 2086 3501 quippe
2181 3406 2191 3448 '-

487 3541 572 3589 cum
589 3516 636 3590 de
652 3515 735 3590 loco
751 3539 774 3591 a
790 3514 882 3590 fine⁸
895 3516 1086 3614 subjiceret
1103 3518 1309 3617 exemplum
1329 3545 1338 3589 ε
1357 3519 1423 3591 «si
1439 3517 1636 3612 beatum,»
1655 3521 1802 3618 inquit⁸,
1824 3546 1931 3595 «esse
1947 3521 2087 3595 bonum

487 3651 561 3728 est,
581 3650 618 3709 et
637 3637 773 3733 justitia
790 3635 889 3712 bona
912 3646 977 3709 est.
993 3668 1011 3705 »
1034 3638 1100 3716 tlte
1122 3637 1233 3729 enim,
1253 3637 1314 3725 ait,
1335 3635 1417 3711 finis
1432 3651 1485 3710 est
1496 3638 1659 3735 justitiae,
1676 3654 1716 3712 ut
1735 3640 1766 3713 si
1788 3642 1868 3738 quis
1889 3640 2088 3714 seeundum

485 3757 659 3853 justitiam
673 3757 783 3849 vivat,
802 3756 851 3830 ad
865 3756 1125 3831 beatitudinem
1142 3757 1373 3857 perducatur.
1395 3761 1487 3830 Ecce
1513 3758 1573 3831 bic
1593 3774 1716 3858 aperte
1740 3776 1916 3834 monstrat
1939 3761 2089 3836 beatitu-

464 3887 469 3898 ‘
488 3871 613 3945 dinem
626 3874 664 3945 in
678 3874 916 3950 retributione
925 3874 1029 3972 justae
1041 3877 1121 3949 vite
1135 3876 1290 3977 positam
1305 3901 1395 3969 esse,
1412 3891 1448 3951 et
1464 3876 1570 3951 nobis
1583 3879 1822 3953 intentionem
1834 3880 1929 3979 juste
1942 3881 2086 3954 vivendi

489 4015 588 4080 esse,
616 3992 725 4100 ”bad
750 3991 838 4067 illud
864 3997 1128 4093 perveniamus.
1154 4001 1285 4088 Quam,
1305 4011 1345 4069 ut
1363 3996 1532 4090 arbitror,
1551 3997 1811 4073 beatitudinem
1827 4001 2000 4100 Epicurus
2024 4024 2089 4074 νο-

490 4111 678 4211 luptatem,
707 4110 868 4184 Christus
892 4127 1010 4187 vester
1034 4138 1186 4211 regnum
1211 4116 1386 4189 coelorum
1411 4116 1588 4191 nominat.
1613 4120 1711 4208 Quid
1735 4135 1856 4195 autem
1880 4118 1986 4192 refert
2010 4145 2088 4220 quo

492 4231 639 4304 nomine
654 4233 824 4304 vocetur?
837 4228 1039 4306 dummodo
1056 4257 1113 4307 res
1130 4234 1257 4308 eadem
1272 4250 1493 4334 permaneat,
1511 4261 1580 4311 nec
1592 4239 1638 4311 sit
1651 4239 1838 4313 beatitudo
1854 4238 2009 4332 diversa,
2021 4263 2088 4315 nec

487 4351 583 4448 juste
597 4349 744 4424 vivendi
764 4349 992 4450 philosophis
1016 4377 1126 4452 qnam
1152 4353 1354 4428 christianis
1379 4356 1532 4429 intentio
1556 4373 1786 4460 praeponatur
1809 4358 1899 4451 alia;
1923 4366 1967 4432 ut
1991 4362 2089 4434 enim

490 4496 576 4564 vos,
602 4472 693 4544 sicut
712 4485 749 4544 et
768 4496 855 4564 nos,
875 4471 937 4546 hic
957 4475 1077 4548 vivere
1095 4475 1455 4576 justedisponimuS,
1474 4492 1515 4552 ut
1531 4478 1604 4551 illic
1620 4478 1880 4576 glorificemur,
1903 4494 1940 4553 et
1963 4496 2089 4555 contra

491 4591 577 4664 vitia
601 4615 825 4690 pugnamus,
854 4605 893 4664 nt
919 4594 1056 4668 meritis
1080 4596 1256 4669 virtutum
1282 4595 1354 4670 illic
1382 4621 1614 4693 coronemur,
1638 4623 1822 4674 summum
1843 4599 1933 4687 illud
1957 4601 2090 4676 scilicet

491 4709 631 4785 bonum
646 4734 716 4809 pro
732 4710 901 4784 mercede
918 4711 1051 4812 adepti.

541 4834 745 4906 Camsrrsm
771 4825 889 4904 Immo
912 4833 1020 4934 longe
1042 4850 1221 4934 quantum
1249 4837 1412 4937 percipio
1434 4853 1558 4912 nostra
1581 4838 1621 4912 in
1647 4836 1720 4913 hoc
1742 4855 1779 4914 et
1793 4855 1913 4914 vestra
1939 4842 2090 4918 intentio

527 5102 640 5172 turra,
651 5121 707 5172 cap.
718 5120 743 5159 v.
758 5112 803 5148 -¹
813 5109 957 5168 numana
971 5114 1125 5180 tantamne,
1137 5128 1192 5181 qun
1202 5128 1278 5182 prava
1288 5124 1355 5170 certa
1364 5118 1437 5170 lsctlo
1447 5125 1494 5169 est.
1507 5118 1555 5157 —⁸
1564 5118 1601 5171 Dc
1611 5118 1697 5184 dille.
1710 5119 1783 5186 l‘op,
1795 5119 1870 5185 Opp,
1881 5132 1908 5183 p.
1920 5120 1975 5173 86&
