4559 6100
532 112 635 177 stanit
665 109 804 177 auditor.
829 111 920 178 Alius
947 113 1056 179 cubito
1081 113 1240 197 innititur,
1261 130 1300 180 ut
1324 115 1380 181 det
1402 112 1504 181 acuis
1527 113 1592 180 suis
1614 135 1776 180 wmnam.
1803 110 1895 179 ahta
1914 132 2009 202 super
2033 110 2137 178 molle

530 231 664 297 cervical
682 231 910 299 dormitionem
923 233 1084 325 palpebris
1099 235 1163 300 suis
1179 233 1321 301 molitor.
1342 235 1433 301 Alius
1447 257 1543 326 super
1556 256 1662 326 genua
1677 249 1775 324 caput
1788 231 1946 298 reclinans
1961 231 2133 300 dormitat.

530 339 612 403 Cum
632 340 740 429 itaque
762 340 864 407 lector
878 342 913 406 in
931 343 1016 408 Petri
1033 342 1107 407 satis
1130 340 1261 431 aliquod
1281 342 1434 432 reperiret
1453 343 1631 432 spinetum,
1649 341 1753 409 surdis
1775 338 1976 407 exclamabat
1998 339 2135 404 auribus

529 458 719 547 pontificum
736 485 744 526 :
761 461 946 527 Damnatis?
967 464 1058 528 Tunc
1078 461 1210 553 quidam
1227 464 1279 528 vix
1302 462 1345 528 ad
1365 478 1542 528 extremam
1561 461 1715 553 syllabam
1738 460 1967 552 expergefacti,
1992 483 2131 526 somno-

527 576 615 644 lenta
630 602 722 661 voce,
740 583 843 672 capite
858 581 1012 673 pendulo,
1029 586 1243 663 Damnamus,
1261 582 1402 649 aiebant.
1419 582 1484 648 Alii
1498 605 1576 649 vern
1593 581 1816 648 damnantium
1832 580 1970 647 tumultu
1985 581 2128 661 excitati,

530 697 708 788 decapitata
718 702 821 790 prima
830 702 963 792 syllaba,
975 727 1089 769 namus
1099 704 1262 793 inquiunt.
1272 703 1357 769 Vere
1377 702 1473 785 natis,
1493 700 1551 767 sed
1570 702 1692 767 natatio
1710 716 1816 767 vestra
1825 697 1986 790 procella,
2004 700 2130 765 natatio

527 833 631 884 vestra
654 819 816 886 immersio
833 839 896 888 est.
915 823 966 890 Sic
981 822 1098 890 milites
1115 823 1310 889 dormientes
1333 823 1552 889 testimonium
1573 822 1755 912 perhibent,
1778 819 1873 910 quia¹
1907 851 1920 877 ι
1936 820 2030 885 nobis
2046 819 2128 885 dor-

526 938 699 1004 mientibus
713 958 869 1008 venerunt
883 943 1041 1034 Apostoli,
1059 959 1093 1010 et
1109 941 1252 1009 tulerunt
1267 965 1394 1032 corpus.
1413 970 1427 1004 ι
1448 942 1513 1026 Qui
1527 941 1713 1034 vigilaverat
1733 942 1769 1006 in
1784 941 1855 1032 lege
1871 940 2004 1005 Domini
2020 937 2072 1006 die
2088 961 2129 1004 ac

528 1073 638 1140 nocte,
658 1082 745 1124 nunc
761 1059 962 1127 damnatura
979 1061 1199 1129 sacerdotibus
1215 1062 1342 1127 Bacchi.
1365 1061 1417 1127 Sic
1439 1060 1606 1128 morbidus
1626 1058 1789 1128 medicum
1805 1075 1909 1126 curat.
1926 1057 1978 1123 Sic
1994 1056 2127 1122 damw

527 1178 698 1268 naufragus
717 1179 751 1242 in
773 1177 880 1246 littore
896 1182 1115 1247 constitutum.
1133 1181 1186 1247 Sic
1208 1182 1312 1272 arguit
1330 1181 1550 1248 innocentiam
1571 1181 1627 1271 qui
1649 1178 1694 1273 ad
1717 1179 1964 1247 mendacior
1988 1201 2127 1268 aspen·

525 1292 662 1362 dendus.
681 1297 769 1382 Quid
785 1300 918 1390 agimus,
938 1300 1146 1385 animaiQuo
1163 1324 1221 1367 nos
1234 1300 1407 1367 vertimus?
1420 1299 1619 1367 Exciderunt
1633 1323 1676 1366 ne
1692 1299 1753 1366 tibi
1767 1315 1928 1392 praecepta
1943 1299 2124 1379 rhetorum,

525 1432 558 1482 et
579 1434 734 1509 occupata
749 1418 856 1503 luctu,
877 1419 1053 1512 praepedita
1072 1420 1272 1512 singultibus,
1296 1419 1426 1486 dicendi
1448 1418 1598 1486 ordinem
1612 1443 1680 1486 non
1699 1419 1807 1486 tenes?
1829 1420 1967 1485 Putasne
1990 1419 2124 1483 veniens

523 1537 622 1604 Filius
648 1540 789 1605 hominis
810 1542 952 1607 inveniet
976 1539 1073 1609 fidem
1100 1564 1197 1632 super
1218 1541 1357 1607 terram?
1378 1541 1499 1632 Vulpes
1524 1541 1635 1608 forms
1659 1537 1800 1623 habent,
1825 1556 1859 1606 et
1880 1539 2025 1606 volucres
2053 1538 2124 1604 caeli

522 1657 619 1724 nidos
641 1681 649 1724 :
668 1659 780 1725 Petrus
797 1678 905 1727 autem
925 1685 993 1726 non
1016 1662 1116 1729 habet
1138 1661 1196 1728 ubi
1216 1677 1313 1752 caput
1331 1684 1426 1727 suum
1448 1660 1596 1727 reclinet.
1615 1661 1666 1727 Sic
1684 1661 1831 1747 judicant
1854 1661 1889 1725 in
1910 1659 1983 1724 loco
2010 1656 2129 1744 judicis

521 1776 669 1844 sedentes
689 1781 755 1865 rei,
771 1782 806 1846 in
820 1781 895 1848 loco
910 1781 1043 1848 vindicis
1058 1782 1251 1849 innocentiae
1266 1798 1444 1848 vexatores.
1463 1780 1565 1846 Simul
1582 1797 1657 1847 sunt
1674 1781 1785 1847 omnia
1803 1779 1922 1845 talibus
1939 1776 2120 1866 judicibus,

522 1892 638 1960 talibus
653 1895 813 1962 actoribus
830 1896 1018 1987 depravata²
1040 1921 1048 1964 ι
1149 1870 1152 1879 .

842 2141 897 2201 Hic
910 2155 990 2201 satur
1003 2142 1109 2221 exiguo
1124 2143 1235 2202 mavult
1249 2154 1414 2222 turgescere
1427 2161 1542 2218 mnino,

839 2235 894 2294 Hic
907 2235 1085 2313 exporrectis
1098 2237 1239 2315 ampullat
1254 2235 1345 2296 verba
1359 2235 1483 2296 labellis.

837 2327 893 2387 Hic
905 2327 1034 2405 loquitur
1048 2328 1147 2405 nimis,
1163 2330 1212 2388 ille
1226 2341 1321 2389 tacet:
1339 2329 1387 2388 hic
1400 2326 1543 2402 ambulat,
1559 2326 1607 2387 bic
1621 2340 1687 2388 stat.

836 2420 920 2481 Alter
934 2434 1012 2481 arnat
1024 2422 1121 2496 fletus,
1135 2426 1209 2483 alter
1221 2423 1349 2503 crispare
1364 2423 1549 2483 cachinnum.

836 2519 1023 2601 Diversisque
1037 2521 1131 2583 modis
1142 2542 1196 2603 par
1210 2535 1254 2584 est
1266 2523 1385 2583 vesania
1398 2522 1521 2582 cunctis.

514 2756 602 2842 Quid
617 2757 652 2822 hi
668 2756 747 2823 tales
761 2760 899 2850 egerint,
917 2759 996 2849 quid
1012 2758 1211 2828 decreverint
1223 2761 1414 2852 jurisperiti,
1432 2758 1623 2852 Evangelica
1648 2759 1744 2825 lectio
1761 2755 1959 2823 consolatur.
1981 2787 1996 2814 a
2012 2755 2117 2822 Colle-

512 2895 643 2970 gerunt,
660 2878 797 2970 inquit¹,
822 2881 992 2949 Pontifices
1008 2899 1040 2949 et
1060 2872 1212 2948 Pharisaei
1230 2881 1426 2965 Concilium,
1446 2898 1480 2948 et
1496 2881 1646 2948 dixerunt
1664 2902 1673 2946 t
1691 2876 1780 2963 Quid
1799 2875 1954 2944 iacimus?
1974 2877 2050 2967 quia
2064 2877 2116 2942 hic

433 3088 436 3098 1
510 2999 611 3066 homo
635 2999 736 3084 multa
759 3000 842 3065 mira
863 3001 952 3068 dicit.
977 3001 1011 3069 Si
1031 3002 1221 3069 dimittimus
1241 3024 1316 3069 eum
1335 3002 1399 3084 sic,
1421 3024 1531 3069 omnes
1552 2999 1739 3068 credentia
1763 3021 1850 3066 eum.
1865 3029 1879 3056 »
1899 2998 1992 3064 Unus
2010 3014 2116 3064 autem

511 3142 550 3185 ex
570 3121 645 3210 ipsis
660 3122 792 3187 nomine
810 3119 990 3188 Bernardus
1007 3122 1120 3203 abbas,
1138 3146 1213 3190 curn
1235 3139 1316 3189 esset
1330 3121 1477 3213 pontifex
1500 3121 1628 3188 concilii
1644 3120 1740 3203 illius,
1757 3120 1963 3211 prophetavit
1978 3117 2112 3185 dicens:

514 3257 529 3282 «
548 3227 687 3315 Expedit
701 3228 795 3293 nobis
810 3245 847 3293 ut
862 3252 945 3295 unus
960 3223 1191 3296 exterminetur
1204 3232 1305 3297 homo
1320 3252 1339 3294 a
1355 3230 1490 3321 populo,
1509 3245 1541 3295 et
1558 3252 1624 3295 non
1641 3244 1709 3294 tota
1726 3250 1804 3319 gens
1819 3242 1944 3317 pereat.
1959 3257 1974 3285 »
1993 3226 2045 3291 ab
2061 3224 2113 3289 illo

512 3366 588 3435 ergo
605 3342 658 3409 die
674 3345 894 3435 cogitaverunt
904 3344 1122 3417 condemnare
1139 3373 1225 3432 eum,
1244 3350 1387 3416 dicentes
1404 3347 1485 3414 illud
1501 3345 1699 3414 Salomonis*
1722 3369 1731 3413 t
1754 3378 1768 3405 α
1783 3344 1969 3412 Tendamus
1987 3344 2113 3411 insidias

507 3468 633 3551 justo,»
651 3463 890 3555 supplantemus
917 3470 947 3536 ei
971 3471 1108 3562 gratiam
1133 3470 1306 3537 labiorum.
1334 3455 1539 3535 inveniamus
1562 3466 1704 3534 radicem
1725 3465 1817 3532 verbi
1842 3482 1956 3531 corana
1980 3468 2109 3552 jmtttm.

509 3582 536 3649 F
537 3585 676 3650 acientes
699 3584 835 3670 fecistis,
854 3603 886 3653 et
905 3586 1029 3680 linguas
1048 3590 1193 3679 vipereas
1221 3591 1254 3654 in
1279 3588 1488 3656 Abaelardnm
1508 3588 1709 3679 evaginastis.
1733 3585 1882 3652 Subversi
1904 3585 2109 3660 subvertistis,

510 3718 543 3769 et
566 3704 679 3770 unum
703 3704 926 3790 absorbuistis,
956 3709 1038 3773 sicut
1063 3709 1119 3797 qui
1149 3707 1285 3774 devorat
1310 3708 1530 3799 pauperemin
1558 3704 1762 3773 abscondito.
1792 3706 1881 3770 Inter
1906 3706 1978 3771 haec
2004 3704 2111 3769 Pecus

510 3823 655 3906 orabau,
679 3854 693 3881 α
705 3825 855 3907 Domine,
874 3826 977 3893 libera
993 3828 1134 3893 animam
1145 3850 1252 3894 meam
1266 3851 1285 3893 a
1299 3827 1392 3894 labiis
1410 3829 1539 3918 iniquis,
1558 3843 1590 3894 et
1606 3851 1626 3894 a
1641 3826 1751 3918 lingua
1772 3822 1896 3890 dolosa.
1918 3855 1931 3882 υ
1947 3822 2110 3891 Interdum

509 3938 589 4007 illud
610 3940 785 4006 Psalmistaa
813 3945 925 4013 sedulo
952 3946 1158 4014 ruminabat·
1187 3971 1196 4014 t
1220 3946 1535 4014 «Circumdederunt
1555 3969 1609 4014 me
1629 3945 1719 4013 vituli
1742 3942 1854 4026 multi,
1876 3944 1960 4008 tauri
1981 3944 2110 4034 pingues

509 4057 705 4127 obsederunt
731 4083 796 4126 me.
815 4062 1021 4152 Aperuerunt
1045 4091 1141 4155 super
1163 4091 1217 4135 me
1237 4092 1274 4135 os
1299 4091 1406 4135 suum.
1421 4100 1435 4127 υ
1457 4068 1542 4134 Vere
1566 4068 1719 4159 pingues,
1746 4084 1882 4151 quotum
1906 4061 1990 4128 oolla
2013 4061 2110 4127 thoris

509 4179 631 4272 adipeis
651 4180 823 4247 incrassata
844 4181 1000 4270 liquidam
1019 4182 1181 4250 sudabant
1210 4186 1369 4251 arvinam
1399 4184 1469 4251 Nec
1492 4185 1622 4252 mirum.
1648 4182 1864 4248 Visitaverant
1884 4182 1971 4248 enim
1992 4180 2108 4248 dome-

538 4511 651 4577 ¹llatth.,
661 4525 715 4574 cap.
728 4524 819 4576 xrvru,
829 4525 853 4564 r.
865 4514 904 4565 tt.
916 4515 967 4550 ,a
980 4512 1086 4578 Persius,
1104 4516 1171 4578 Sat,
1191 4514 1220 4580 V,
1233 4529 1258 4570 r.
1275 4519 1313 4571 ts.
1329 4519 1381 4556 -⁸
1395 4515 1477 4581 ioan,
1496 4530 1552 4582 cap.
1570 4530 1610 4583 xt,
1621 4531 1645 4571 r.
1661 4520 1702 4571 at.
1717 4543 1748 4556 -
1762 4519 1869 4582 ‘Proin
1882 4530 1935 4580 cap.
1950 4528 1971 4580 t,
1986 4529 2010 4568 r.
2028 4517 2063 4566 tt.
2077 4539 2106 4550 -

506 4588 622 4642 ‘Proin
636 4601 706 4653 cxix,
719 4593 776 4651 at,
790 4590 815 4641 l.
828 4590 877 4628 -·
887 4588 985 4642 Proin.
998 4602 1057 4655 ιιι,
1068 4605 1092 4644 r.
1107 4594 1137 4645 tt
1148 4599 1174 4644 et
1186 4594 1224 4646 lla
