4559 6100
469 491 542 592 aso
1071 483 1200 555 resur
1226 482 1462 556 tumtum

470 639 555 737 quia
571 652 717 736 possent
730 634 782 708 illi
796 634 914 707 dicere
931 658 969 706 se
983 634 1148 730 ignorare
1161 630 1310 730 quando
1325 646 1487 730 peccato,
1497 630 1643 728 quaudo
1656 636 1734 705 Deo
1745 631 1920 721 viverent,
1936 653 2069 729 praere·

470 761 577 834 niens
594 773 701 855 atque
725 755 891 829 auserem
906 753 1003 826 hanc
1026 754 1310 842 excusationem,
1329 752 1416 824 dicit
1435 766 1476 822 ut
1500 752 1624 824 saltem
1639 777 1708 850 pro
1724 752 1985 825 existimatione
2006 774 2071 824 sua

471 894 508 952 et
518 878 714 977 capacitate
727 899 800 948 suae
817 873 1059 970 intelligentiae
1076 872 1116 945 id
1129 871 1279 971 implere
1292 870 1472 944 studeant.
1493 875 1538 942 Et
1552 871 1625 944 boc
1637 885 1691 943 est
1703 870 1803 968 quod
1817 872 1887 945 ait:
1910 902 1929 939 α
1945 871 2072 944 Existi·

471 1013 580 1091 mate,
594 1011 682 1089 etc,
699 1023 716 1064 u
729 993 803 1067 hoc
820 1007 873 1067 est
888 994 938 1065 ita
949 992 1074 1066 saltem
1089 992 1231 1083 vivatis,
1244 1005 1285 1063 ut
1294 1016 1358 1063 vos
1368 1016 1442 1063 non
1457 990 1696 1089 reprehendat
1710 1004 1827 1066 vestra
1837 991 2070 1084 conscientia,

472 1119 537 1192 sed
552 1116 732 1190 muudtun
745 1114 793 1189 ad
808 1115 956 1213 plenum
974 1113 1128 1212 qualiter
1145 1110 1343 1184 vivendum
1355 1112 1401 1184 sit
1416 1112 1639 1207 cognoscatis
1659 1139 1669 1182 ι
1689 1113 1774 1210 quia
1798 1126 1834 1186 et
1854 1112 1884 1186 si
1903 1114 2006 1186 aliter
2020 1135 2074 1184 sa·

472 1240 569 1339 pitis,
596 1251 637 1310 ut
659 1238 735 1335 ipse
753 1234 840 1309 alibi
859 1233 1050 1334 Apostolus
1067 1233 1129 1324 ait,
1159 1232 1199 1304 id
1225 1257 1371 1330 quoque
1398 1236 1496 1304 Deus
1523 1230 1626 1303 vobis
1649 1230 1831 1324 revelavit,
1858 1230 2075 1329 corrigendo

472 1358 606 1432 scilicet
623 1372 746 1430 vestras
764 1355 1000 1454 simplicitatis
1015 1355 1136 1426 minus
1151 1352 1297 1426 doctam
1311 1352 1626 1426 existimationem.
1644 1382 1662 1418 s
1674 1355 1714 1422 lu
1732 1350 1873 1423 Christo
1885 1356 2016 1442 lesu,»
2035 1350 2076 1422 id

472 1492 538 1570 est,
556 1502 622 1577 per
639 1477 788 1573 gratiam
806 1474 911 1548 vobis
930 1474 967 1545 in
984 1474 1128 1548 Christo
1151 1472 1332 1567 collatam,
1351 1498 1436 1546 cum
1457 1495 1532 1571 quo
1562 1469 1664 1544 vobis
1684 1469 1815 1544 collata
1833 1485 1917 1544 mut
1935 1472 2073 1562 ornnia,

473 1622 549 1671 non
566 1622 632 1697 per
649 1596 775 1668 merita
786 1608 916 1667 vestra.

525 1722 638 1791 «Non
655 1742 754 1815 ergo.
769 1748 785 1783 n
800 1714 852 1788 td
871 1715 1057 1814 superiora
1071 1714 1132 1788 illa
1149 1715 1338 1787 revertitur
1358 1713 1423 1787 ubi
1444 1711 1583 1785 dictum
1598 1715 1694 1785 est¹z
1717 1741 1735 1781 r
1752 1710 1850 1800 Quid
1872 1735 1958 1809 ergo
1982 1710 2077 1784 dioe-

472 1839 580 1912 mus?
602 1837 895 1937 permanebimus
909 1836 946 1907 in
960 1850 1109 1938 peccato
1128 1848 1168 1908 ut
1185 1836 1296 1932 gratia
1311 1832 1498 1910 abundet?
1511 1864 1529 1900 u
1544 1838 1590 1905 Et
1604 1832 1727 1906 multis
1750 1831 1950 1906 rationibus
1963 1832 2077 1904 inter·

472 1958 599 2058 positis
613 1957 798 2031 concludit
810 1981 886 2030 non
899 1980 977 2029 esse
995 1954 1285 2056 permanendum
1302 1957 1340 2027 in
1359 1968 1522 2055 peccato,
1537 1953 1575 2026 id
1590 1968 1658 2047 est,
1677 1978 1753 2026 non
1772 1967 1940 2054 oportere
1956 1949 2077 2050 aliqua

472 2079 519 2151 de
536 2103 643 2152 causa
659 2091 850 2178 peccatum
863 2099 1014 2173 regnare
1030 2078 1068 2148 in
1087 2075 1208 2148 nobis.
1228 2074 1476 2148 continuatio.
1496 2072 1802 2171 Quandoquidem
1817 2076 1870 2145 sic
1881 2071 2078 2146 vivendum

471 2211 577 2269 estut
591 2197 797 2270 existimetis
815 2220 881 2268 ros
898 2210 1063 2268 mortuos
1075 2219 1151 2268 esse
1169 2210 1331 2294 peccato.
1351 2200 1447 2291 Ergo
1464 2223 1482 2260 α
1494 2217 1569 2265 non
1577 2207 1701 2289 regnet
1710 2193 1945 2291 peccatumin
1959 2206 2078 2265 vestro

471 2318 617 2389 mortali
632 2340 801 2416 corpore,
817 2342 834 2383 u
852 2314 927 2387 hoc
941 2328 1009 2404 est,
1023 2339 1098 2387 non
1117 2327 1319 2413 perseveret
1338 2315 1376 2386 in
1398 2312 1585 2411 fragilitate
1599 2327 1724 2386 vestrae
1744 2312 1975 2386 carnalitatis.
1998 2316 2077 2385 Non

471 2434 572 2531 dicit,
588 2465 608 2507 u
623 2463 699 2510 non
716 2438 774 2529 sit,
788 2466 805 2502 s
820 2434 885 2509 sed
897 2465 915 2502 r
927 2459 1002 2508 nou
1017 2448 1184 2531 regnet,»
1198 2434 1237 2506 id
1254 2449 1308 2508 est
1325 2459 1399 2507 non
1417 2432 1643 2506 dominando
1659 2447 1876 2533 perseveret.
1891 2431 2001 2521 Quod
2016 2454 2080 2505 au·

472 2569 547 2629 tem
564 2582 640 2630 non
657 2558 754 2630 dicat
771 2586 790 2627 u
808 2557 955 2646 nonsit,
971 2584 988 2625 u
1008 2556 1166 2629 insinuat
1181 2553 1306 2628 dicens
1322 2581 1332 2626 ε
1354 2559 1426 2626 «ln
1442 2569 1562 2628 vestro
1575 2554 1721 2627 mortali
1736 2577 1903 2653 corpore,
1922 2581 1940 2622 κ
1958 2552 1998 2625 id
2011 2567 2076 2645 est,

472 2674 510 2747 in
534 2675 648 2772 fragili
674 2676 778 2749 etad
802 2675 1029 2774 peccandum
1053 2699 1171 2774 prona
1189 2673 1359 2747 humanae
1382 2689 1518 2747 naturae
1535 2673 1746 2748 substantia.
1770 2672 1920 2746 Difficile
1944 2672 2080 2771 quippe

473 2808 540 2885 est,
558 2797 672 2867 immo
686 2794 959 2894 quodammodo
973 2794 1196 2893 impossibile
1212 2807 1252 2865 ut
1268 2793 1488 2892 quandoque
1501 2810 1625 2868 nostra
1639 2795 1715 2867 baec
1727 2793 1923 2866 mortalitas
1937 2790 1986 2866 ad
1999 2816 2081 2891 peo-

473 2926 595 2985 catum
616 2938 690 2987 non
706 2913 920 3006 inclinatum
938 2913 1002 2987 sed
1017 2939 1102 2987 cum
1119 2913 1323 2987 humanum
1341 2937 1511 3014 peccare,
1531 2915 1754 2989 diabolicum
1768 2928 1841 3006 est,
1858 2937 1935 2985 non
1950 2911 2081 2985 hirma-

473 3058 583 3128 num,
608 3058 847 3134 perseverare.
875 3033 1072 3124 Quomodo
1096 3048 1220 3108 autem
1242 3047 1368 3131 regnet
1392 3035 1431 3108 in
1454 3034 1561 3110 nobis
1583 3051 1795 3136 peccatum,
1820 3050 1857 3108 et
1876 3032 2082 3108 dominium

379 3228 383 3235 .
475 3153 654 3249 obtineat,
680 3153 896 3228 determinat
917 3153 1164 3253 subjungens:
1188 3185 1207 3222 α
1226 3159 1273 3226 Ut
1293 3155 1469 3230 obediatis
1493 3157 1797 3256 concupiscentiis
1817 3156 1905 3254 ejus.
1928 3185 1946 3222 s
1970 3155 2083 3243 Quasi

476 3276 679 3367 transitum,
696 3300 772 3348 non
794 3298 947 3373 regnum
963 3276 1001 3347 in
1018 3274 1124 3348 nobis
1139 3274 1252 3348 habet
1267 3291 1473 3375 peccatum,
1492 3275 1641 3375 quando
1658 3277 1760 3375 quod
1776 3276 1933 3374 suggerit
1947 3298 2081 3351 concu-

475 3395 648 3497 piscentia
663 3396 755 3469 ratio
771 3394 940 3470 refrenat.
962 3399 1063 3470 Tunc
1081 3421 1169 3469 vero
1186 3397 1289 3495 quasi
1306 3422 1461 3495 regnans
1478 3411 1514 3470 et
1534 3396 1727 3471 dominans
1742 3397 1907 3472 stabilem
1923 3396 1961 3469 in
1977 3392 2082 3467 nobis

477 3518 704 3591 mansionem
724 3516 826 3608 iacit,
854 3514 1002 3615 quando
1028 3515 1164 3588 malum
1188 3515 1290 3616 quod
1316 3531 1437 3591 mente
1462 3517 1707 3617 concipimus,
1732 3542 1844 3618 opere
1869 3514 2079 3615 implemus,

477 3637 535 3709 vel
559 3636 660 3734 quod
686 3636 789 3736 pejus
817 3650 890 3729 est,
917 3637 954 3708 iu
977 3635 1278 3708 consuetudinem
1300 3636 1487 3730 ducimus,
1512 3636 1676 3710 nolentes
1696 3638 1735 3710 id
1757 3661 1822 3736 per
1837 3634 2083 3736 poeniteutiam

479 3755 685 3829 emendare.
710 3761 772 3828 Fst
794 3756 914 3853 itaque
930 3753 1079 3827 obedire
1096 3755 1397 3853 concupiscentiae
1413 3771 1601 3855 peccatum
1618 3757 1668 3831 ita
1683 3756 1732 3830 ad
1749 3755 1918 3830 allectum
1934 3752 2082 3848 ducere,

479 3876 571 3950 sicut
603 3899 712 3976 prava
746 3874 1037 3972 concupiscentia
1065 3899 1145 3972 quae
1175 3874 1311 3973 peccati
1340 3889 1392 3948 est
1420 3876 1623 3976 persuadet.
1656 3907 1676 3948 u
1700 3876 1772 3951 Sed
1801 3900 1933 3975 neque.
1958 3904 1977 3942 s
2001 3878 2083 3947 Non

480 3995 600 4069 solum
630 4020 707 4105 non
738 3994 913 4067 obediatis
947 3993 1050 4066 malae
1084 3993 1408 4093 concupiscentiae,
1437 4021 1564 4069 verum
1591 4012 1627 4070 et
1659 3998 1775 4098 ipsam
1810 3998 1859 4070 itu
1889 3995 2086 4095 praevenire

481 4131 600 4189 vestra
623 4113 850 4214 providentia
865 4111 1027 4204 studeat,
1049 4127 1090 4185 ut
1104 4138 1191 4186 cum
1206 4114 1360 4187 voluerit
1377 4114 1558 4189 dominari
1574 4142 1650 4190 non
1666 4118 1791 4216 possit.
1811 4114 1921 4205 Quod
1937 4112 2086 4213 quidem

482 4235 634 4326 facietis,
656 4236 687 4307 si
710 4258 785 4306 non
810 4231 1064 4325 exhibueritis,
1090 4262 1108 4300 α
1132 4231 1294 4305 membra
1320 4249 1437 4309 vestra
1464 4259 1566 4310 arma
1591 4238 1789 4336 iniquitatis
1812 4249 1974 4336 peccam
1998 4264 2017 4301 ι
2047 4233 2087 4307 id

482 4474 798 4572 concupiscentiae,
826 4472 874 4546 ad
903 4486 1093 4570 peccatum
1119 4497 1230 4571 opere
1260 4474 1531 4575 complendum.
1560 4480 1661 4549 Tunc
1690 4489 1810 4549 autem
1843 4496 2088 4574 praeparamus

483 4594 649 4668 membra
669 4607 792 4666 nostra
815 4592 860 4665 ad
880 4591 1013 4665 malam
1029 4595 1362 4692 concupiscentiam
1380 4619 1458 4692 quae
1478 4596 1526 4669 ad
1548 4610 1669 4669 actum
1689 4595 1912 4696 perducitur,
1938 4591 2088 4692 quando

482 4716 597 4788 nimio
613 4712 697 4785 cibo
710 4711 767 4786 rel
784 4712 886 4810 potui
903 4710 1145 4809 indulgemus,
1163 4712 1263 4785 unde
1289 4714 1450 4789 lascivire
1476 4716 1578 4789 facile
1597 4740 1683 4789 caro
1705 4715 1830 4816 possit,
1856 4712 1912 4786 vel
1938 4711 2089 4811 quando

482 4836 736 4936 componimus
753 4858 820 4906 nos
836 4846 943 4932 atque
959 4831 1193 4925 adornamus,
1212 4846 1253 4906 ut
1268 4835 1478 4911 mulieribus
1494 4836 1636 4936 placere
1649 4837 1846 4929 valeamus,
1867 4833 1925 4908 rel
1936 4830 2090 4933 quando

513 5114 727 5180 'Rom-,erm
742 5127 768 5168 r.
782 5114 805 5166 t.
