4559 6100
899 597 1129 669 utitoous.
1738 600 1802 672 ost

230 769 304 816 uon
334 747 406 843 agit
429 770 630 846 perperam,
654 762 722 819 eto.
745 775 762 814 u
788 750 841 818 De
857 764 928 844 qua
944 748 1051 820 etiam
1068 773 1152 819 cum
1170 748 1263 820 inter
1276 761 1392 821 cetera
1406 746 1558 831 dicatur,
1577 746 1676 843 quod
1691 749 1812 820 omnia

227 864 350 937 suffert
364 866 419 938 vel
439 867 561 937 omnia
577 866 738 957 sustinet,
758 867 880 963 utique
895 880 932 938 et
948 880 1117 954 mortem;
1137 881 1179 937 ut
1196 882 1316 939 autem
1332 866 1492 938 Christus
1507 866 1670 938 meminit
1681 871 1703 955 ¹,
1714 896 1731 935 o
1741 891 1813 943 ma·

224 983 340 1076 jerem
362 985 430 1056 hae
453 985 681 1057 dilectionem
704 1009 813 1058 nemo
836 984 961 1075 habet,
987 1001 1026 1057 ut
1051 986 1205 1056 animam
1231 1010 1332 1058 suam
1356 987 1436 1081 quis
1462 997 1573 1082 ponat
1597 1011 1664 1083 pro
1690 988 1812 1059 amicis

229 1105 301 1175 suis
312 1133 352 1195 3»
372 1130 446 1175 non
465 1129 550 1200 crgo
567 1105 657 1176 alius
678 1105 746 1177 alio
768 1106 879 1203 magis
895 1107 932 1177 in
947 1106 1092 1177 caritate
1108 1102 1288 1196 abundat,
1307 1130 1391 1175 curn
1406 1104 1482 1176 haeo
1499 1103 1620 1175 omnia
1636 1105 1761 1177 caritas
1776 1106 1813 1177 in

228 1247 266 1294 se
277 1225 460 1296 contineat
476 1237 512 1295 et
527 1248 647 1295 secum
665 1223 799 1296 allerat.
816 1223 924 1313 Quod
940 1225 970 1295 si
984 1224 1019 1294 in
1034 1223 1179 1296 caritate
1194 1247 1302 1294 nemo
1316 1223 1425 1295 alium
1442 1222 1672 1309 transcendit,
1691 1226 1816 1320 utique

229 1365 296 1413 nec
316 1343 354 1413 in
378 1340 568 1414 virtutibus
590 1356 652 1416 aut
668 1344 820 1432 meritis,
850 1367 932 1414 oum
950 1366 1110 1433 omnem,
1132 1356 1173 1412 ut
1194 1342 1300 1434 diois,
1320 1342 1447 1413 caritas
1471 1341 1730 1440 complectatur
1746 1345 1817 1415 vir.

229 1473 353 1533 tutem.
1795 1466 1800 1475 '

278 1584 480 1654 Cnmsrran.
502 1587 647 1669 Revera,
666 1585 694 1653 si
718 1584 862 1681 proprie
881 1583 993 1654 virtus
1009 1582 1237 1678 intelligatur,
1257 1606 1336 1679 quae
1351 1581 1516 1653 videlicet
1534 1581 1699 1653 meritum
1716 1583 1816 1681 apud

230 1704 348 1772 Deum
370 1699 525 1794 obtinet,
551 1703 626 1774 sola
648 1703 776 1773 caritas
801 1702 913 1773 virtus
939 1701 1153 1800 appellanda
1175 1716 1241 1773 est.
1270 1706 1359 1789 Quas
1380 1699 1525 1797 quidem
1551 1724 1619 1797 pro
1643 1725 1688 1771 eo
1717 1701 1819 1798 quod

227 1826 364 1916 justum
390 1819 496 1892 efficit
523 1820 579 1893 rel
605 1820 733 1892 sortem
753 1845 814 1892 scu
834 1835 1113 1919 temperantem,
1134 1821 1271 1917 justitia
1295 1834 1389 1892 recte
1412 1818 1543 1890 dicitur
1566 1818 1622 1890 vel
1646 1820 1817 1892 fortitudo

229 1937 304 2009 sive
329 1939 575 2036 temperantia.
613 1937 683 2010 Sed
715 1940 807 2010 sicut
833 1963 958 2012 omnes
987 1940 1049 2036 qui
1074 1938 1209 2012 habent
1232 1939 1437 2025 caritatem,
1468 1962 1541 2009 non
1567 1939 1750 2034 equaliter
1777 1964 1820 2014 ea

231 2057 390 2128 succensi
412 2071 507 2143 sunt,
535 2082 602 2130 nee
627 2081 754 2128 omnes
769 2056 964 2155 prudentes
982 2058 1166 2155 aequaliter
1185 2056 1405 2153 intelligunt,
1430 2056 1476 2126 ita
1498 2079 1566 2128 nec
1586 2081 1711 2129 omnes
1732 2054 1818 2154 justi

232 2174 412 2270 equaliter
432 2176 518 2270 justi
546 2190 647 2262 sunt,
666 2190 728 2247 aut
752 2200 879 2247 omnes
903 2176 1084 2272 aequaliter
1109 2177 1217 2249 fortes
1244 2173 1299 2246 vel
1323 2188 1574 2271 temperantes.
1598 2179 1642 2245 Et
1658 2180 1820 2272 quamvis

232 2293 431 2366 secundum
450 2295 607 2391 priorem
626 2293 905 2384 distinctionem,
925 2317 1052 2367 omnes
1079 2296 1227 2366 virtutes
1250 2291 1427 2390 aliquibus
1450 2294 1564 2364 inesse
1582 2295 1823 2368 concedamus

232 2437 315 2484 cum
333 2410 496 2483 videlicet
511 2412 754 2508 unusquisque
767 2411 911 2484 illorum
923 2413 967 2483 sit
989 2413 1104 2508 justus
1125 2426 1160 2482 et
1177 2411 1277 2482 sortis
1293 2424 1329 2482 et
1344 2426 1561 2509 temperans,
1576 2435 1651 2483 non
1670 2414 1819 2486 omnino

234 2545 352 2602 tamen
371 2532 407 2600 in
425 2530 612 2602 virtutibus
629 2544 691 2601 aut
708 2531 841 2601 meritis
857 2555 919 2602 eos
936 2555 1013 2603 esse
1030 2554 1134 2629 pares
1150 2530 1362 2620 annuimus,
1381 2529 1589 2601 eumalium
1608 2529 1679 2601 alio
1691 2531 1823 2626 justio-

234 2672 311 2720 rem
327 2648 382 2719 vel
406 2648 590 2720 fortiorem
611 2672 672 2719 seu
698 2647 951 2720 modestiorem
975 2672 1051 2720 esse
1067 2649 1264 2745 contingat.
1283 2648 1455 2741 Quamvis
1471 2649 1570 2720 enim
1587 2648 1625 2719 io
1646 2648 1823 2746 praediotis

234 2764 418 2865 speciebus
442 2766 634 2857 virtutum,
658 2766 815 2861 singulos
842 2767 1036 2838 convenire
1060 2790 1258 2864 ponamus,
1288 2790 1415 2861 magna
1443 2780 1563 2837 tamen
1589 2782 1642 2837 est
1666 2769 1702 2838 in
1728 2769 1824 2840 indi-

235 2884 350 2957 viduis
368 2886 565 2982 specierum
581 2883 793 2975 differentia,
813 2909 897 2956 cum
913 2884 1020 2981 hujus
1036 2884 1152 2980 major
1173 2907 1282 2981 quam
1299 2884 1392 2956 illius
1417 2885 1461 2955 sit
1482 2885 1616 2981 justitia
1638 2885 1695 2958 vel
1721 2885 1824 2958 lorti·

236 3003 324 3077 tudo
341 3029 403 3076 seu
421 3004 674 3103 temperantia3
703 3002 767 3077 sed
789 3028 872 3076 cum
887 3004 1015 3076 caritas
1031 3003 1155 3075 omnia
1171 3028 1250 3102 quae
1266 3002 1398 3094 dixisti,
1415 3003 1589 3091 oonlerat,
1611 3028 1684 3076 non
1703 3019 1821 3080 tamen

236 3122 384 3219 singulis
415 3121 545 3220 quibus
570 3123 682 3211 inest,
710 3122 831 3195 omnia
856 3123 1015 3217 largitur.
1058 3124 1157 3192 Siout
1184 3124 1281 3194 enim
1309 3145 1330 3193 a
1358 3135 1486 3192 natura
1516 3122 1637 3193 omnio
1663 3127 1826 3221 corporis

197 3217 206 3226 ’
236 3240 429 3313 commoda
446 3237 663 3331 tribuuntur,
682 3239 745 3311 sed
763 3264 837 3310 non
855 3240 977 3312 omnia
996 3240 1177 3330 omnibus,
1197 3241 1248 3311 sio
1265 3254 1300 3311 et
1319 3239 1355 3310 in
1373 3238 1481 3310 bonis
1495 3241 1625 3311 animae
1638 3264 1702 3311 seu
1720 3244 1830 3315 virtu·

236 3359 331 3431 tibus
353 3359 546 3453 contingit,
566 3373 605 3429 ut
625 3381 701 3428 non
724 3381 850 3428 omnes
870 3357 1039 3429 omnibus
1056 3356 1242 3454 aequaliter
1265 3355 1435 3428 ditentur.
1466 3356 1570 3428 Unde
1596 3358 1679 3429 volo
1704 3374 1742 3429 nt
1765 3360 1826 3432 ad·

237 3477 378 3564 tendas,
397 3501 506 3574 quarn
528 3477 573 3548 sit
589 3475 649 3547 illa
667 3476 757 3547 ratio
775 3474 936 3568 infirma,
956 3476 1067 3547 immo
1090 3475 1299 3546 vilissimum
1314 3474 1514 3572 sophisma,
1540 3476 1640 3571 quod
1657 3475 1826 3562 videlieet

237 3621 278 3668 ex
303 3595 456 3669 aliorum
484 3595 655 3694 opinione
681 3595 717 3665 in
745 3593 926 3692 paradoxa
952 3592 1140 3692 praedictus
1163 3593 1302 3665 inducit
1325 3592 1582 3693 philosophus,
1611 3610 1652 3666 ut
1676 3596 1827 3669 virtutes

237 3717 328 3788 sicut
349 3730 384 3787 et
407 3716 491 3788 vitia
513 3738 616 3812 pares
633 3715 669 3784 io
687 3712 855 3785 omnibus
871 3737 947 3787 esse
970 3714 1160 3785 convineat
1170 3765 1179 3798 ,
1200 3737 1283 3784 oum
1299 3710 1464 3785 videlicet
1481 3711 1608 3785 dixerit
1623 3712 1723 3785 bono
1742 3718 1821 3787 viro

238 3833 421 3906 meliorem
444 3857 517 3904 oon
540 3856 636 3921 esse,
655 3855 722 3904 nec
744 3845 963 3929 temperante
982 3832 1317 3929 temperantiorem,
1337 3856 1404 3903 neo
1427 3832 1509 3902 lorti
1532 3831 1729 3921 fortiorem,
1756 3853 1824 3907 neo

238 3953 388 4050 sapienti
408 3950 672 4050 sapientiorem.
697 3951 771 4022 Etsi
785 3951 880 4022 enim
897 3949 996 4022 bono
1011 3951 1088 4022 viro
1107 3973 1183 4020 non
1200 3950 1246 4021 sit
1262 3948 1389 4044 aliquis
1406 3948 1547 4039 melior,
1567 3965 1685 4023 tamen
1704 3951 1826 4050 aliquo

237 4071 338 4143 bono
365 4072 442 4141 viro
464 4068 591 4140 melior
619 4081 684 4141 est.
709 4067 805 4157 Quid
830 4083 883 4140 est
905 4069 1001 4140 enim
1027 4067 1125 4141 aliud
1149 4068 1268 4141 dicere
1290 4068 1336 4138 de
1358 4068 1479 4164 aliquo
1505 4068 1605 4166 quod
1628 4071 1674 4141 sit
1696 4071 1825 4143 melior

241 4191 352 4281 bono,
371 4190 439 4261 nisi
457 4188 557 4285 quod
574 4189 618 4260 sit
642 4187 768 4260 melior
784 4212 893 4285 quam
909 4186 1027 4261 bonus
1042 4189 1109 4279 vir,
1129 4187 1335 4285 quicunque
1355 4186 1412 4259 ille
1437 4187 1504 4259 sit?
1529 4192 1609 4260 Nou
1626 4190 1723 4261 enim
1740 4215 1824 4263 cum

239 4313 356 4380 Deum
377 4308 525 4380 homine
549 4307 700 4380 dicimus
726 4307 929 4396 meliorem,
959 4307 1060 4381 aliter
1080 4305 1327 4401 intelligimus,
1352 4305 1419 4377 nisi
1443 4305 1543 4403 quod
1565 4331 1690 4379 omnes
1709 4325 1826 4381 nans-

239 4421 368 4494 cendat
392 4421 567 4492 homines.
596 4422 653 4493 Sic
678 4422 784 4493 etiam
800 4446 892 4498 ,oum
918 4434 1038 4494 tamen
1066 4421 1222 4515 aliquem
1246 4418 1383 4492 bonum
1407 4418 1559 4492 dicimus
1583 4420 1699 4493 virum
1723 4418 1825 4493 bono

241 4540 318 4611 viro
335 4538 534 4627 meliorem,
558 4538 683 4628 idest,
706 4564 815 4635 quam
833 4540 951 4612 bonus
965 4541 1020 4611 vir
1038 4540 1098 4625 sit,
1120 4539 1177 4612 vel
1194 4562 1301 4634 quam
1319 4537 1364 4608 sit
1384 4536 1509 4633 aliquis
1526 4535 1727 4630 virbonus,
1747 4563 1822 4611 non

241 4658 342 4730 aliter
354 4656 601 4753 accipiendum
619 4653 772 4745 videtur,
792 4656 858 4727 nisi
872 4656 1082 4752 generaliter
1097 4652 1267 4730 omuibus
1282 4653 1389 4727 bonis
1405 4655 1489 4727 viris
1506 4653 1565 4728 ille
1580 4671 1820 4755 praeponatur.

240 4774 349 4861 Quod
365 4775 514 4844 omnino
532 4773 656 4845 salsum
674 4786 740 4861 est,
760 4797 842 4844 cum
862 4774 937 4869 ipse
958 4775 1064 4845 etiam
1081 4774 1126 4846 sit
1142 4773 1269 4870 aliquis
1285 4771 1467 4847 bonorum
1482 4774 1655 4846 virorum.
1671 4776 1709 4844 Si
1725 4775 1822 4845 enim

241 4891 369 4965 melior
390 4892 434 4962 sit
450 4915 561 4987 quam
581 4889 713 4991 bonus,
732 4889 788 4962 vel
805 4914 912 4988 quam
935 4891 979 4962 sit
1002 4891 1129 4987 aliquis
1145 4891 1263 4984 bonus
1283 4892 1350 4983 vir,
1370 4916 1594 4990 consequens
1610 4890 1763 4982 videtur,
1782 4906 1822 4981 ut

297 5159 380 5224 toan,
391 5176 445 5226 cap.
457 5177 502 5226 xv,
515 5178 538 5214 r.
554 5168 589 5228 ttt.

361 5272 385 5310 ιι
1666 5255 1706 5312 86
