4559 6100
747 557 1000 631 THEOhOGlA
1027 560 1300 636 CHRlSl'lANh.
1531 580 1532 583 ’
1745 560 1811 631 lrbl

231 743 305 792 nun
331 714 450 790 rerba.
469 713 565 803 Quid
588 712 685 785 onim
705 707 852 808 prodest
874 704 984 779 clavis
1000 733 1120 802 aurea,
1149 710 1179 781 si
1195 709 1333 809 aperire
1349 708 1450 806 quod
1465 707 1632 781 volumus
1653 732 1727 781 non
1754 730 1819 809 po·¹

231 836 321 911 test?
341 850 405 909 aut
426 834 515 932 quid
534 832 636 905 obest
660 831 788 927 lignea,
809 827 838 899 si
863 824 935 898 hoc
956 842 1086 926 potest,
1104 828 1253 926 quando
1277 828 1368 901 nihil
1390 827 1594 926 quaerimus,
1614 829 1682 900 nisi
1697 843 1819 927 patere

231 955 331 1051 quod
347 956 507 1028 clausum
525 952 605 1025 est?
625 979 642 1016 s

281 1083 323 1147 st
338 1076 429 1147 sicut
444 1093 631 1145 erroneam
653 1071 865 1170 penitusque
883 1069 1162 1149 irrationabilem
1178 1092 1256 1142 esse
1271 1068 1395 1141 talium
1414 1066 1728 1166 reprehensionem
1744 1092 1819 1142 non

230 1193 464 1292 ambigimus3
492 1193 540 1266 ita
566 1206 754 1266 eteorum
783 1192 1002 1295 impietatem
1028 1190 1221 1262 maximam
1248 1186 1473 1288 profitemur,
1501 1188 1563 1285 qui
1591 1184 1729 1259 donum
1755 1189 1822 1260 Dei

232 1315 428 1388 maximum
455 1314 556 1412 quod
584 1339 627 1386 ex
654 1314 846 1390 collatione
873 1315 1028 1390 scientiae
1052 1323 1304 1410 susceperunt,
1334 1308 1565 1407 improbitate
1592 1331 1656 1380 sua
1684 1308 1822 1407 culpari

232 1433 367 1508 faciunt
388 1449 496 1532 atque
520 1434 700 1526 vilescere,
731 1449 767 1508 et
786 1438 1001 1510 immeritam
1025 1449 1133 1532 atque
1158 1433 1387 1506 innocentem
1411 1444 1525 1502 artem
1550 1430 1588 1501 in
1609 1453 1681 1501 suae
1707 1426 1822 1528 culpa»

230 1552 377 1627 trahunt
406 1553 739 1652 participationem,
766 1556 868 1653 quod
895 1554 1080 1655 quondam
1109 1566 1147 1625 et
1179 1551 1225 1624 de
1247 1549 1427 1622 rhetorica
1461 1549 1652 1645 contigisse
1679 1549 1715 1619 in
1745 1549 1820 1648 ipsa

231 1672 351 1744 statim
375 1671 510 1744 Tullius
526 1672 714 1744 Rhetorica
733 1674 908 1764 meminit,
928 1689 964 1747 et
984 1697 1053 1745 nos
1075 1670 1239 1770 quotidie
1255 1668 1367 1742 modo
1383 1667 1430 1740 de
1445 1667 1630 1741 dialectiea
1651 1664 1727 1738 fieri
1746 1691 1820 1739 non

231 1790 449 1886 ignoramus.
473 1791 616 1889 Quippe
643 1792 734 1863 sicut
759 1792 855 1866 illam
880 1793 1139 1866 malitiosorum
1170 1803 1357 1864 oratorum
1383 1788 1528 1861 solertia
1554 1785 1725 1859 omnibus
1750 1784 1822 1858 lere

231 1906 337 1980 honis
359 1909 568 1981 hominibus
589 1908 753 1983 odiosam
780 1911 929 2006 lecerat,
958 1925 1104 2011 propter
1120 1907 1352 1982 incommoda
1378 1907 1510 1981 scilicet
1530 1903 1730 1978 civitatibus
1754 1928 1821 2003 per

231 2049 313 2099 eam
336 2026 541 2125 frequenter
565 2028 683 2122 illata3
711 2030 817 2104 itaet
840 2031 916 2129 jam
945 2032 1019 2104 sere
1043 2027 1214 2102 omnibus
1229 2027 1400 2125 religiosis
1415 2023 1723 2124 contemptibilem
1740 2024 1821 2097 red-

232 2145 323 2219 didit
343 2145 564 2220 dialecticam
589 2146 853 2246 impudentium
873 2149 1090 2222 scholarium
1112 2148 1189 2245 ejus
1205 2147 1277 2220 vita
1296 2160 1332 2218 et
1348 2144 1548 2241 garrulitas,
1574 2158 1734 2219 sanctam
1757 2145 1822 2218 Dei

232 2264 425 2351 civitatem,
451 2289 530 2362 quae
553 2279 606 2338 est
630 2266 800 2360 Ecclesia,
832 2267 1027 2367 plurimum
1054 2265 1370 2352 conturbantium
1400 2263 1462 2360 qui
1489 2262 1577 2335 dum
1606 2261 1821 2334 intolerabili

231 2380 446 2455 verbositate
467 2383 617 2480 gloriam
641 2384 710 2458 sibi
734 2410 943 2485 comparare
967 2387 1144 2475 nituntur,
1169 2408 1245 2456 non
1264 2383 1349 2455 sinit
1365 2383 1516 2455 miserus
1538 2379 1823 2454 animadvertere

233 2500 420 2597 singularis
446 2524 572 2574 eorum
594 2503 774 2601 superbia,
799 2506 836 2576 in
857 2517 1027 2602 quantam
1047 2527 1170 2575 secum
1187 2501 1421 2600 ignominiam
1444 2502 1559 2600 ipsam
1580 2498 1626 2572 de
1647 2522 1719 2596 qua
1739 2499 1823 2598 glo·

233 2620 371 2693 riantur
394 2633 507 2692 artem
531 2621 710 2717 dejiciant.
732 2623 911 2697 Adversus
932 2622 1192 2722 impudentiam
1217 2645 1375 2721 quorum
1393 2634 1431 2692 et
1449 2619 1583 2691 Tullius
1602 2621 1637 2691 iu
1661 2619 1821 2691 secundo

234 2736 425 2810 Rhetorice
449 2738 496 2812 ad
521 2740 741 2812 Herennium
765 2739 926 2815 insectus
946 2743 1014 2835 ait,
1039 2741 1086 2814 de
1109 2762 1216 2813 causa
1236 2740 1370 2812 scilicet
1389 2737 1548 2836 ambigui
1568 2738 1690 2837 scripti
1713 2737 1822 2833 disse·

233 2879 316 2927 reus
339 2855 412 2929 hoc
436 2857 566 2930 modo¹
594 2885 602 2928 ε
630 2860 754 2931 «Sunt
778 2860 841 2957 qui
866 2858 1082 2934 arbitrentur
1106 2859 1154 2933 ad
1177 2858 1273 2932 banc
1294 2881 1440 2931 causam
1464 2856 1689 2930 tractandam
1717 2855 1824 2929 rebe-

234 2987 372 3046 menter
383 2977 564 3075 pertinere
576 2978 819 3074 cognitionem
834 2977 1184 3079 amphibologiarum
1197 3001 1277 3052 earu
1291 3000 1371 3076 quae
1387 2999 1407 3050 a
1423 2974 1616 3050 dialecticis
1629 2976 1822 3077 profertur.

234 3096 307 3166 Nos
328 3118 417 3166 vero
439 3094 656 3169 arbitramur
671 3121 746 3170 non
765 3098 877 3171 modo
895 3097 996 3171 nullo
1013 3099 1223 3195 adjumento
1244 3121 1334 3186 esse,
1357 3095 1421 3168 sed
1437 3098 1558 3193 potius
1579 3097 1735 3168 maximo
1757 3098 1824 3168 im·

234 3211 454 3311 pedimento.
474 3216 611 3286 Omnes
634 3216 731 3287 enim
748 3217 798 3288 illi
815 3216 1102 3314 amphibologias
1118 3230 1344 3314 aucupantur
1365 3237 1424 3285 eas
1439 3214 1546 3286 etiam
1563 3238 1643 3311 quae
1662 3227 1762 3312 parte
1782 3239 1824 3287 ex

235 3332 345 3404 altera
366 3332 579 3403 sententiam
602 3333 738 3405 nullam
753 3348 906 3431 possunt
921 3333 1160 3431 interpretari.
1182 3338 1305 3429 ltaque
1321 3346 1358 3404 et
1372 3331 1479 3403 alieni
1495 3331 1671 3403 sermonis
1685 3331 1825 3403 molesti

235 3447 536 3547 interpellatores,
563 3462 600 3522 et
624 3450 746 3549 scripti
772 3464 850 3522 tum
876 3450 1014 3542 odiosi,
1043 3466 1119 3523 tum
1145 3450 1290 3524 obscuri
1315 3451 1527 3548 interpretes
1553 3462 1654 3539 sunt;
1678 3463 1713 3520 et
1736 3447 1825 3523 dum

234 3581 338 3640 caute
361 3581 398 3640 et
416 3567 584 3666 expedite
606 3570 707 3667 loqui
730 3570 878 3660 volunt,
899 3571 1126 3644 infantissimi
1152 3571 1392 3670 reperiuntur.
1419 3573 1469 3642 lta
1494 3567 1582 3640 dum
1607 3581 1770 3640 metuunt
1787 3570 1824 3641 in

234 3684 391 3759 dicendo
419 3710 466 3759 ne
490 3687 579 3784 quid
603 3688 812 3785 ambiguum
836 3688 970 3777 dicant,
998 3712 1133 3761 nomen
1159 3713 1265 3761 suum
1291 3690 1532 3787 pronunciare
1559 3711 1633 3759 non
1660 3701 1821 3787 possunt.

237 3808 370 3877 Verum
392 3804 524 3878 horum
547 3808 701 3904 pueriles
719 3807 909 3904 opiniones
924 3808 1129 3881 rectissimis
1141 3806 1362 3899 rationibus,
1380 3831 1464 3879 oum
1478 3806 1589 3896 voles,
1609 3805 1822 3878 refellemus.

236 3926 277 3996 lo
310 3923 496 4022 praesentia
525 3922 595 3996 boc
624 3925 839 4000 interdicere
875 3949 950 3998 noo
984 3925 1140 4000 alienum
1164 3926 1249 4019 luit,
1277 3939 1318 3997 ut
1342 3925 1449 4021 hujus
1470 3922 1841 4022 intantiae‘garrulam'

237 4040 461 4141 disciplinam
483 4056 840 4117 contemneremus.»
859 4044 930 4118 Sed
946 4069 1014 4118 neo
1034 4047 1110 4145 ipse
1135 4044 1313 4117 maximus
1334 4067 1462 4117 eorum
1484 4057 1682 4142 praeceptor
1698 4043 1828 4115 Aristo·

237 4161 324 4234 teles
350 4160 560 4259 sophisticas
581 4163 742 4262 ipsorum
760 4165 1049 4264 importunitates
1069 4164 1211 4237 reticuit
1230 4163 1355 4236 dicens
1373 4163 1411 4234 in
1435 4163 1555 4261 primo
1578 4165 1667 4234 Peri
1687 4161 1827 4238 lrerrrre-

238 4282 347 4351 ntes:
370 4284 446 4351 «Et
458 4303 712 4380 quecumque,
736 4284 873 4380 inquit,
896 4298 1013 4358 cetera
1038 4284 1164 4356 talium
1187 4282 1468 4355 determinamus
1488 4296 1616 4355 contra
1636 4304 1827 4378 argumen-

236 4410 357 4471 torum
373 4398 584 4498 sophisticas
603 4402 937 4500 importunitates.»
961 4402 1025 4473 llis
1048 4415 1084 4475 et
1107 4400 1167 4473 illa
1181 4401 1414 4478 saluberrima
1431 4415 1505 4472 tam
1530 4399 1684 4498 apostoli
1709 4399 1825 4489 Pauli,

237 4539 347 4612 quam
369 4521 409 4590 B.
427 4515 603 4591 Ambrosii
624 4519 829 4592 adhortatio
847 4535 1025 4593 consonat
1046 4518 1140 4592 libro
1156 4522 1187 4590 ll
1203 4519 1248 4591 de
1265 4518 1353 4591 rrae
1374 4517 1426 4589 ad
1440 4521 1656 4591 Graecianum
1671 4521 1828 4616 impera·

239 4649 396 4707 retorem
415 4636 466 4708 sio
488 4639 721 4712 continens':
744 4641 952 4739 «Scriptum
973 4641 1059 4733 est⁸,
1079 4642 1236 4715 «Cavete
1259 4663 1307 4711 ne
1330 4640 1411 4736 quis
1436 4662 1499 4711 ros
1522 4636 1748 4737 depraedetur
1764 4662 1830 4736 per

241 4752 543 4853 «philosophiam
571 4772 609 4830 et
635 4759 781 4835 inanem
804 4759 1065 4847 seductionem,
1092 4756 1294 4831 secundum
1322 4757 1551 4832 traditionem
1577 4757 1766 4828 hominum
1794 4769 1830 4826 et

242 4902 259 4941 κ
279 4869 480 4947 secundum
495 4873 672 4949 elementa
684 4875 792 4975 hujus
808 4876 948 4965 mundi,
959 4891 995 4949 et
1010 4900 1085 4949 non
1101 4875 1301 4949 secundum
1315 4876 1510 4949 Christum.
1529 4909 1546 4943 a
1557 4878 1712 4946 Omnem
1729 4879 1827 4947 enim

273 5151 346 5216 'Cep
360 5166 395 5205 u.
411 5154 805 5217 -ttntrutunurtamtu
817 5155 842 5220 l,
856 5169 910 5219 cap.
923 5168 988 5210 r.-
1004 5154 1187 5218 ’cruram
1199 5166 1266 5219 n,r.
1278 5158 1303 5210 8.
