4559 6100
1348 0 1429 38 ι.

507 122 662 212 losophiae
682 143 807 211 semper
825 120 968 204 licuisse,
990 136 1027 185 ut
1042 118 1122 185 alter
1139 118 1274 182 alterum
1286 116 1378 203 justis
1402 115 1621 181 occasionibus
1642 118 1872 208 reprehendat.
1899 121 2035 187 Colotes
2065 122 2124 187 lo·

505 243 666 331 quacitate
684 241 835 307 notabilis
845 239 931 306 rodit
951 238 1132 320 Platonem,
1149 238 1327 328 principem
1342 234 1570 326 philosophiae,
1593 260 1668 303 cum
1689 237 1797 304 divina
1819 263 1949 306 versans
1974 241 2122 309 fabellas

506 361 726 429 immiscuerit.
745 362 786 425 Et
808 377 894 427 certe
916 359 1045 425 Colotes
1062 357 1105 423 ad
1126 357 1296 423 Platonem
1316 378 1388 421 mus
1413 372 1462 421 est
1480 355 1524 421 ad
1540 355 1757 447 elephantem.
1780 360 1919 425 Lucilius
1940 362 2116 445 Ennium,

505 482 661 546 Horatius
678 482 835 547 Lucilium
858 480 985 545 lacerat.
1003 479 1158 543 Omittam
1172 476 1277 541 fumos
1292 475 1484 558 Gentilium,
1502 493 1535 543 et
1550 477 1806 543 membranulam
1828 481 1911 546 hanc
1931 479 2119 548 luminibus

508 600 658 667 Ecclesiae
677 600 866 667 venustabo.
888 599 1085 690 Augustinus
1101 613 1134 662 et
1149 597 1379 684 Hieronymus,
1397 596 1563 687 presbyter
1582 612 1615 662 et
1645 598 1829 689 episcopus,
1852 600 1977 666 alterno
2001 619 2114 667 rostro

504 744 548 787 se·
568 740 715 813 carpunt.
733 722 759 787 F
761 720 918 812 uigentius
948 743 1058 812 regem
1078 715 1254 808 quemdam
1275 715 1392 781 Africae
1415 734 1508 781 notat
1522 717 1725 801 haereticum,
1751 704 1819 785 non
1840 722 1958 786 verinis
1982 724 2114 813 regiam

506 858 710 932 potestatem,
725 841 804 907 dum
821 840 923 931 diligit
937 840 1115 905 veritatem.
1139 836 1282 901 Julianus
1303 836 1518 926 Augustinum
1537 837 1626 902 laedit
1648 837 1811 905 audacter.
1833 840 1886 905 Ab
1906 841 2112 923 infectione,

503 962 629 1051 inquit,
645 962 773 1027 haeresis
796 960 935 1025 nulla-te
951 958 1103 1051 purgabit
1124 956 1226 1023 herba
1247 956 1389 1023 fullonis.
1416 956 1509 1022 Solus
1532 955 1721 1022 Ambrosius
1743 959 1784 1023 ab
1805 961 1896 1024 omni
1918 963 2113 1051 suspicionis

503 1081 638 1147 'infamia
663 1082 744 1146 liber
772 1097 830 1163 est,
858 1103 955 1169 quem
982 1079 1110 1169 egregio
1135 1075 1299 1167 praeconio
1322 1078 1489 1142 coronavit
1513 1076 1659 1166 Pelagius
1685 1079 1831 1165 quamvis
1856 1080 2044 1161 haereticus,
2065 1083 2112 1146 ita

503 1201 644 1267 dicens:
673 1202 861 1266 Ambrosius
893 1200 1068 1265 latinorum
1089 1199 1281 1287 scriptorum
1303 1196 1390 1262 velut
1409 1196 1541 1286 quidam
1558 1178 1616 1261 llos
1635 1196 1761 1263 enituit.
1784 1200 1882 1287 Cujus
1901 1202 2113 1289 purissimum

503 1322 540 1386 in
564 1323 726 1412 scripturis
756 1343 884 1385 sensum
908 1344 969 1386 nec
996 1308 1093 1412 etiam
1115 1318 1262 1382 inimicus
1285 1315 1383 1382 audet
1408 1315 1654 1407 reprehendere.
1683 1318 1717 1382 Si
1738 1317 1836 1410 igitur
1860 1321 1974 1386 Abbas
2000 1323 2112 1413 aliqua

430 1518 433 1525 Ι
503 1439 626 1507 silenda
638 1443 814 1531 descripsit,
832 1441 910 1530 quid
926 1426 1070 1530 peccavit
1085 1440 1119 1503 in
1135 1444 1191 1503 ore
1208 1460 1282 1502 mco
1297 1438 1425 1518 veritas,
1439 1437 1465 1502 si
1480 1436 1670 1527 extirpanda
1681 1439 1829 1503 notavit?
1841 1440 1910 1507 Nec
1925 1443 2015 1506 enim
2032 1460 2110 1509 ante

501 1560 619 1626 faciem
641 1561 740 1653 gladii
763 1561 861 1626 debet
878 1576 1016 1624 tremere
1033 1558 1173 1644 justitia,
1190 1579 1251 1621 nec
1271 1573 1346 1622 aute
1361 1573 1527 1647 potentem
1551 1558 1668 1623 veritas
1692 1559 1884 1626 adulationis
1908 1561 2110 1630 chlamidem

502 1664 650 1747 induere.
665 1680 764 1745 Unde
792 1664 912 1745 Seneca
928 1680 1087 1744 Caesarem
1103 1676 1267 1765 alloquens
1291 1699 1299 1741 ε
1322 1708 1335 1734 «
1349 1678 1466 1758 Caesar,
1483 1678 1603 1765 inquit,
1620 1679 1675 1767 qui
1689 1695 1801 1744 contra
1817 1695 1849 1745 te
1861 1680 1984 1747 audent
2000 1674 2107 1772 loqui,

500 1801 757 1892 magnitudinem
779 1818 868 1865 tuam
893 1801 1069 1890 ignorant:
1088 1798 1143 1887 qui
1165 1820 1233 1861 non
1256 1795 1395 1878 audent,
1422 1797 1568 1862 nesciunt
1587 1813 1620 1863 te
1638 1799 1804 1865 hominem
1831 1822 1911 1866 esse.
1924 1833 1939 1858 »
1958 1801 2108 1869 Socrates

500 1934 641 2011 quoque,
658 1945 757 2011 quem
771 1921 930 2011 Apollinis
947 1920 1113 1985 oraculum
1130 1917 1396 2008 sapientissimum
1414 1939 1482 1981 me
1501 1917 1627 1999 cecinit,
1645 1886 1787 2009 capitalis
1802 1938 1871 1986 erat
1885 1924 2105 1990 auctoritatis:

500 2043 657 2108 ettamen
672 2042 858 2108 Aristoteles
877 2041 1003 2131 egregie
1019 2062 1114 2104 ausus
1130 2052 1178 2104 est
1201 2036 1307 2103 dicere
1321 2059 1330 2102 t
1350 2037 1480 2101 Amicus
1496 2052 1544 2102 est
1561 2037 1725 2120 Socrates,
1742 2040 1801 2106 sed
1816 2042 2042 2132 magis-amica
2058 2060 2108 2109 est

498 2162 626 2226 veritas.
637 2160 703 2227 Sed
717 2184 786 2243 cur,
797 2161 956 2249 inquiunt,
973 2157 1101 2248 expleto
1117 2158 1222 2247 primo
1238 2156 1412 2239 volumine,
1422 2156 1610 2237 secundum,
1621 2174 1658 2222 ut
1672 2142 1907 2248 spoponderas,
1920 2184 1987 2226 non
2001 2163 2108 2228 texis?

499 2280 583 2361 Quia
606 2288 756 2369 processu
780 2279 934 2368 temporis
962 2286 1071 2342 meum
1094 2299 1205 2367 sapere
1231 2276 1330 2340 crevit
1357 2299 1365 2341 :
1390 2290 1423 2341 et
1445 2277 1480 2340 in
1505 2277 1695 2342 sententiam
1720 2278 1855 2344 Abbatis
1881 2281 2037 2370 pedibus,
2068 2302 2106 2349 ut

501 2398 629 2481 dicitur,
656 2400 712 2464 ivi.
735 2397 838 2464 Nolui
859 2420 926 2463 esse
951 2413 1105 2488 patronus
1137 2394 1350 2486 capitulorum
1373 2395 1574 2482 objectorum
1594 2396 1784 2481 Abaelardo,
1807 2401 1882 2489 quia
1903 2404 1963 2466 etsi
1983 2426 2103 2470 sanum

499 2535 658 2608 saperent,
676 2542 743 2582 non
760 2540 837 2583 sane
853 2515 1023 2582 sonabant.
1042 2517 1216 2604 Postquam
1233 2516 1341 2606 igitur,
1358 2516 1520 2604 inquiunt,
1539 2518 1714 2583 asecundo
1730 2519 1814 2585 libro
1831 2544 1946 2587 manus
1961 2525 2100 2613 torpuit,

499 2660 599 2727 quare
615 2640 756 2729 primum
772 2662 839 2702 non
854 2635 982 2701 rasisti?
998 2636 1024 2700 F
1025 2636 1156 2701 ecissem
1167 2636 1242 2718 hoc,
1259 2636 1403 2723 inquam,
1421 2635 1482 2698 nisi
1498 2657 1586 2699 cassa
1601 2632 1683 2701 esset
1697 2636 1864 2705 industria.
1882 2642 2103 2710 Remanerent

498 2758 587 2821 enim
602 2758 675 2822 viva
697 2757 910 2847 exemplaria,
929 2756 1083 2847 ques-jam
1103 2777 1161 2844 per
1176 2771 1279 2819 totam
1290 2753 1466 2818 'Franciam
1483 2769 1516 2817 et
1534 2753 1659 2821 Italiam
1674 2777 1916 2826 concurrerent.
1963 2763 1975 2824 i
1989 2764 2101 2854 igitur,

499 2878 663 2964 inquiunt,
682 2877 876 2968 Apologiam
891 2875 980 2941 illam
990 2875 1136 2966 jugulare
1153 2880 1220 2939 non
1235 2890 1343 2965 potes,
1362 2871 1481 2937 damna
1495 2874 1546 2938 vel
1561 2874 1678 2941 vivam.
1696 2876 1921 2946 Characterem
1937 2883 1986 2946 rei
2002 2883 2103 2949 fionti

499 2997 567 3084 ejus
583 2996 697 3089 infige,
709 3013 746 3064 ut
761 2997 866 3063 omnis
881 2997 937 3085 qui
952 2996 1076 3086 legerit,
1092 2995 1172 3060 sciat
1185 3009 1217 3060 te
1234 3008 1326 3059 aetate
1343 3016 1410 3058 non
1426 2992 1559 3077 malitia,
1573 3017 1730 3084 peccasse.
1749 3000 1931 3085 Damnabo,
1951 3003 2097 3094 iuquam,

448 3197 451 3206 ¹
499 3117 554 3181 tali
569 3118 769 3200 conditione,
786 3136 822 3183 ut
836 3119 862 3184 si
878 3115 957 3207 quid
972 3117 1007 3182 in
1022 3138 1193 3207 personam
1206 3115 1346 3180 hominis
1362 3114 1421 3179 Dei
1438 3111 1517 3191 dixi,
1531 3114 1606 3199 jooo
1622 3115 1758 3207 legatur,
1776 3143 1843 3185 non
1860 3123 1960 3188 serio.

544 3238 620 3303 Non
633 3239 992 3327 refutamus,inquiunt,
1009 3236 1178 3302 ratiocinia
1193 3252 1261 3316 tua,
1270 3236 1345 3300 satis
1359 3250 1450 3299 caute
1467 3233 1599 3299 asellum
1612 3258 1780 3305 exoneras.
1798 3241 1862 3306 Sed
1871 3243 2098 3312 Canhmianos

500 3358 667 3440 eremitas,
695 3381 795 3449 genus
819 3357 975 3435 electum,
1001 3355 1157 3445 populum
1178 3353 1410 3442 acquisitionis,
1435 3376 1535 3442 quare
1562 3335 1765 3444 inquietasti?
1788 3383 1889 3449 quare
1916 3362 2099 3431 invectione

498 3477 697 3565 perunxisti?
714 3501 772 3542 cur
788 3502 807 3541 a
823 3476 944 3542 cellulis
957 3475 1021 3540 suis
1039 3473 1239 3538 abstraxisti?
1254 3475 1315 3538 Hic
1330 3471 1455 3563 placide
1471 3476 1695 3566 purgationem
1710 3501 1817 3543 meam
1833 3480 1954 3546 audite.
1974 3484 2101 3573 lmpro-

498 3613 593 3684 perat
607 3598 769 3687 Propheta
786 3598 849 3678 eis,
862 3598 927 3685 'qui
946 3610 1143 3684 congregant
1162 3617 1300 3673 meroes,
1318 3611 1352 3660 et
1370 3595 1599 3661 commendant
1613 3619 1667 3662 eas
1683 3598 1808 3663 sacculo
1822 3616 1952 3690 pertuso
1963 3600 1989 3668 ‘.
2007 3605 2099 3670 Con.

500 3717 678 3806 gregabant
697 3718 798 3783 sancti
818 3715 1013 3781 anachoritae
1031 3712 1231 3776 Carthusiani
1254 3735 1375 3780 merces
1385 3715 1533 3800 justitias,
1557 3716 1613 3781 sed
1629 3718 1791 3783 sacculum
1806 3736 1973 3809 pertusum
1994 3724 2098 3791 babe-

498 3834 591 3901 bant.
619 3836 733 3903 Curavi
758 3838 922 3902 obstruere
948 3833 1094 3899 foramen
1118 3831 1258 3915 saeculi,
1278 3855 1320 3897 ne
1345 3832 1447 3898 farina
1471 3827 1633 3925 religionis
1656 3840 1840 3927 patentibus
1864 3841 1954 3907 rimis
1983 3846 2097 3911 exiret.

494 3953 597 4020 ·Volui
611 3979 754 4024 resecare
774 3958 809 4022 in
824 3958 869 4023 eis
884 3953 1131 4021 immoderatam
1146 3951 1309 4018 licentiam
1324 3953 1441 4045 linguae
1455 3978 1530 4044 qua,
1548 3955 1777 4046 velutquidam
1787 3977 1975 4049 geometrae,
1994 3979 2099 4029 totum

500 4074 614 4141 orbem
633 4077 873 4143 mensurabant.
892 4078 957 4142 Cur
977 4075 1120 4140 hic'mea
1134 4074 1236 4163 pietas
1251 4074 1447 4139 crudelitatis
1462 4075 1627 4165 arguitur?
1642 4079 1707 4142 Cur
1726 4078 1856 4145 sedulus
1876 4099 1982 4147 sartor
2005 4084 2100 4149 dissi·

498 4211 593 4286 pator
617 4195 812 4288 appellatur?
837 4196 917 4277 Hic,
941 4196 1108 4282 inquiunt,
1134 4192 1235 4258 firmae
1258 4193 1390 4258 rationis
1413 4195 1573 4260 columnae
1594 4197 1749 4265 inniteris.
1777 4198 1842 4265 Sed
1867 4200 2099 4268 Massiliensem

498 4315 590 4382 illum
611 4319 807 4383 monachum
829 4339 887 4381 cur
906 4314 1079 4380 rrdnerasti
1102 4335 1202 4403 usque
1219 4312 1262 4379 ad
1275 4314 1436 4380 animam?
1457 4315 1541 4400 Quin
1565 4301 1754 4386 rulnerabat
1779 4320 1940 4388 anulum²
1964 4323 2098 4414 Sponsas

533 4566 665 4630 'Argeum
675 4579 731 4628 cap.
744 4577 768 4627 ι,
783 4577 807 4615 r.
819 4565 844 4616 6.
855 4589 886 4600 -
896 4562 905 4593 ²
916 4559 957 4612 Sto
967 4560 1121 4611 Amboestus.
1192 4605 1197 4616 ,
