4559 6100
2 3297 11 3390 l

698 515 742 589 ΙΝ
766 512 1009 588 setstottttt
1033 513 1093 586 AD
1117 512 1346 588 ROMANOS.
1748 515 1812 585 ttt

223 656 491 755 puniendorum
505 688 515 750 3
535 686 634 735 nunc
649 665 838 738 manifeste
848 661 1064 737 determinat
1081 661 1220 756 dicens,
1240 665 1325 762 quia
1341 662 1404 756 ibi,
1425 662 1546 757 idest,
1570 662 1606 734 iu
1623 664 1819 760 Evangelio

222 776 469 853 manifestatur
484 781 537 855 ira
554 783 635 877 Dei,
654 783 689 857 id
703 798 758 857 est
770 784 867 882 justa
885 784 963 882 ejus
979 782 1138 855 vindicta
1152 808 1260 883 super
1282 783 1439 882 iniquos.
1470 812 1488 852 a
1510 783 1577 854 Dei
1600 781 1647 854 de
1673 783 1778 857 caelo.
1799 811 1835 851 s·-

222 896 317 969 Dicit
331 897 378 971 ad
395 898 634 976 differentiam
650 903 824 978 salsorum
837 904 1003 998 deorum,
1020 904 1095 977 sive
1110 904 1329 977 vicariorum
1350 905 1417 976 Dei
1436 904 1474 975 in
1492 901 1662 993 Ecclesia,
1688 903 1819 1001 quibus

222 1015 391 1092 dicitur¹:
412 1052 432 1088 a
442 1027 519 1119 Ego
535 1022 623 1115 dixi,
641 1024 693 1096 dii
707 1026 804 1099 estis.
824 1024 917 1099 «Vel
933 1023 1111 1098 revelatur
1127 1024 1174 1096 de
1188 1008 1295 1117 doelo,
1313 1024 1352 1097 id
1359 1038 1425 1115 est,
1438 1047 1481 1096 ex
1490 1024 1593 1096 ruina
1607 1023 1817 1120 superbien-

222 1139 313 1211 tium
330 1140 542 1239 ungelorum
565 1143 613 1217 de
628 1145 721 1218 coelo
748 1145 854 1241 facta,
874 1144 921 1218 ab
940 1159 1072 1218 aeterna
1095 1144 1230 1218 scilicet
1251 1142 1476 1218 beatitudine
1498 1142 1820 1242 irrecuperabiliter

220 1259 472 1335 alienatorum.
490 1264 644 1337 sienim
662 1280 736 1338 tam
751 1268 926 1366 pretiosas
947 1281 1128 1339 creaturas
1152 1280 1224 1338 tam
1246 1268 1318 1340 cito
1336 1289 1446 1365 poena
1469 1262 1735 1364 irrecuperabili
1757 1263 1820 1336 da-

220 1404 346 1455 mnare
363 1384 545 1478 sustinuit,
564 1386 654 1483 quid
672 1386 718 1460 de
734 1387 945 1461 hominibus
960 1386 1179 1487 sperandum
1201 1402 1255 1460 est
1272 1402 1327 1460 tot
1350 1387 1504 1486 peccatis
1528 1410 1612 1458 eum
1630 1384 1817 1457 offenden-

220 1500 341 1575 tibus?
355 1503 464 1580 Aliter
478 1505 526 1577 de
543 1506 701 1582 vindicta
718 1508 778 1582 illa
793 1509 1095 1608 prevaricationis
1106 1507 1281 1607 Angelicae
1296 1521 1463 1605 patenter
1487 1504 1702 1598 ostenditur,
1721 1505 1819 1577 unde

83 1668 89 1679 ·
219 1621 267 1696 ad
292 1620 541 1697 damnandum
564 1628 750 1719 irascatur,
768 1629 815 1702 de
835 1652 1002 1729 perversa
1018 1627 1152 1700 scilicet
1173 1627 1359 1699 voluntate
1379 1627 1601 1725 pruisquam
1623 1624 1669 1698 de
1693 1649 1815 1724 opere.

220 1746 300 1815 Non
322 1744 421 1816 enirn
443 1743 611 1818 diabolus
633 1746 707 1821 boc
730 1748 832 1847 quod
854 1747 1098 1849 superbiendo
1129 1748 1258 1839 voluit,
1289 1747 1414 1820 dicens
1440 1746 1537 1846 apud
1558 1771 1620 1819 se:
1639 1776 1657 1816 a
1680 1751 1816 1820 Ponam

218 1862 343 1936 sedem
359 1887 491 1959 meam,
509 1880 596 1960 etc,
613 1898 631 1933 s
655 1892 765 1967 opere
781 1870 988 1970 complevit.
1014 1868 1119 1942 Unde
1146 1890 1376 1967 nequaquam
1400 1890 1485 1939 eum
1511 1866 1660 1939 effectus
1684 1869 1817 1965 operis,

221 1984 283 2081 (pri
299 1983 512 2057 subsecutus
527 2001 593 2080 est,
618 1987 685 2060 sed
700 1990 869 2062 voluntas
889 1988 1088 2063 damnavit.
1112 1990 1171 2061 Sic
1187 2004 1223 2061 et
1237 1989 1362 2060 Simon
1387 1990 1511 2083 Magus
1537 1986 1677 2059 donum
1703 1987 1818 2059 mira·

219 2102 386 2177 uelorum
403 2106 711 2204 concupiscendo,
731 2107 831 2206 quod
848 2132 924 2181 non
941 2107 1110 2194 obtinuit,
1129 2134 1204 2180 non
1221 2132 1265 2180 ex
1282 2132 1415 2208 opere,
1435 2106 1501 2180 sed
1524 2132 1566 2179 ex
1592 2105 1815 2197 infidelitate,

219 2222 321 2320 quod
341 2223 504 2297 venalem
530 2225 666 2299 scilicet
691 2228 865 2328 Spiritum
893 2242 1057 2301 sanctum
1088 2226 1254 2318 credidit,
1289 2227 1481 2300 damnatus
1505 2242 1572 2315 est,
1603 2227 1694 2301 sicut
1725 2241 1761 2298 et
1785 2229 1816 2297 ei

220 2345 417 2416 Petrusait¹
428 2371 438 2416 ε
451 2378 469 2412 α
479 2347 572 2434 Quia
586 2348 803 2442 existimasti,
818 2378 836 2414 s
855 2362 925 2421 etc.
940 2375 960 2416 a
975 2348 1210 2447 {mpietatem
1226 2378 1244 2413 s
1257 2351 1442 2435 Quantum
1456 2346 1503 2419 ad
1516 2347 1690 2443 majorem
1706 2362 1818 2419 trans
1834 2428 1838 2435 g

218 2464 438 2560 gressiooem
454 2465 674 2560 tudaeorum,
691 2467 756 2565 qui
768 2467 845 2564 lege
861 2466 969 2540 etiam
984 2467 1118 2566 scripta
1130 2467 1295 2538 instructi
1313 2480 1428 2539 erant.
1448 2496 1466 2532 α
1484 2470 1528 2537 Et
1542 2466 1579 2537 in
1593 2466 1779 2563 justitiam.
1797 2499 1814 2533 s

218 2588 405 2673 Quantum
422 2584 467 2657 ad
484 2589 804 2685 transgressionem
815 2587 1026 2678 Gentilium,
1037 2588 1100 2683 qui
1109 2586 1188 2658 sola
1200 2584 1353 2659 naturali
1362 2585 1440 2681 lege
1451 2584 1655 2658 utebantur.
1674 2589 1817 2685 «Super

219 2726 367 2776 omnem
380 2688 615 2804 impietatem,
626 2736 644 2776 n
656 2707 694 2779 id
705 2722 771 2800 est,
786 2706 834 2779 ad
851 2705 1078 2806 puniendum
1088 2730 1250 2795 omnem,
1268 2720 1337 2778 etc.
1351 2709 1395 2776 Et
1408 2704 1504 2777 bene
1515 2729 1623 2805 super
1638 2729 1715 2778 esse
1730 2706 1818 2778 dici·

220 2838 290 2914 tur,
310 2827 412 2922 quasi
428 2828 619 2925 praevalere
633 2827 755 2900 inillis
770 2829 832 2927 qui
846 2852 885 2900 se
901 2827 947 2900 ab
965 2852 1010 2899 eo
1023 2841 1196 2924 tanquam
1211 2825 1388 2926 superiori
1401 2824 1595 2898 defendere
1615 2824 1819 2901 nullatenus

218 2942 349 3016 talem.
372 2947 598 3019 «Veritatem
614 2948 681 3020 Dei
704 2948 741 3020 iu
767 2948 941 3045 injustitia
962 2947 1172 3019 detinent.»
1191 2949 1268 3018 Hoc
1285 2945 1387 3043 quod
1407 2944 1551 3018 devoro
1566 2948 1643 3017 Deo
1662 2946 1817 3017 sentiunt

211 3065 427 3141 fructificare
447 3091 522 3140 non
539 3070 771 3168 permittunt,
788 3070 920 3166 injusta
935 3069 1111 3142 desideria
1130 3092 1194 3140 sua
1215 3082 1408 3154 sectantes,
1425 3082 1461 3140 et
1477 3066 1699 3140 voluntatem
1715 3092 1817 3140 suam

210 3184 346 3258 divinae
363 3186 540 3261 voluntati
556 3202 818 3289 praeponentes.

262 3335 283 3374 a
298 3306 392 3395 Quia
408 3309 509 3406 quml
523 3323 654 3382 notum
671 3324 725 3384 est
740 3311 819 3383 Dei.
834 3338 853 3379 u
872 3315 964 3383 Nota
978 3310 1153 3408 quoniam
1170 3308 1361 3408 Apostolus
1388 3308 1425 3378 iu
1449 3305 1519 3377 hac
1530 3304 1700 3404 Epistola,
1726 3307 1818 3382 sicut

205 3449 321 3525 supra
342 3429 585 3524 meminimus,
613 3429 661 3502 ad
689 3428 956 3529 reprimendam
984 3443 1058 3500 tam
1073 3428 1279 3500 ludaeorum
1305 3450 1415 3525 quum
1438 3423 1634 3497 Gentilium
1660 3425 1817 3522 superbe

203 3537 511 3624 contendentium
522 3550 733 3645 elationem,
761 3549 962 3624 alternatim
988 3548 1027 3621 in
1053 3564 1239 3647 utrosque,
1258 3546 1370 3620 modo
1386 3548 1424 3619 in
1442 3544 1615 3632 Gentiles,
1643 3544 1757 3616 modo
1778 3547 1814 3616 in

204 3681 387 3766 utrosque
409 3669 516 3742 simul
541 3669 734 3744 invehitur.
765 3674 804 3741 ln
836 3684 1021 3769 utrosque,
1037 3684 1157 3742 autem
1183 3669 1317 3768 pariter
1337 3668 1412 3765 jam
1437 3663 1634 3764 quamdam
1648 3665 1817 3763 praemisit

202 3787 471 3881 invectionem,
488 3814 572 3862 cum
597 3792 676 3863 ait:
703 3792 852 3888 «Super
875 3814 1023 3862 omnem
1051 3790 1271 3887 impietatem
1293 3802 1327 3860 et
1349 3786 1570 3884 injustitiam,
1586 3813 1604 3852 u
1622 3782 1816 3857 ostendens

201 3908 413 3981 Dominum
425 3909 473 3982 ad
488 3910 931 4011 ultionem'prmparatum.
951 3915 1054 3982 Nunc
1070 3910 1225 3982 maxime
1248 3933 1291 3981 ac
1309 3907 1510 4007 specialiter
1522 3905 1560 3978 in
1576 3903 1736 3978 Gentiles
1753 3903 1816 3975 in-

196 4025 369 4118 vehitur,
399 4029 461 4126 qui
484 4030 587 4127 juxta
613 4031 772 4104 rationes
809 4054 892 4103 suas
927 4031 1046 4103 minus
1075 4027 1376 4128 reprehensibiles
1398 4024 1628 4117 videbantur,
1656 4046 1700 4095 ac
1723 4046 1816 4120 pene

193 4148 365 4220 omniuo
392 4150 626 4245 excusabiles,
644 4151 756 4250 ·quod
789 4173 875 4223 vero
898 4155 976 4224 Deo
1002 4175 1078 4224 non
1106 4151 1314 4242 servierant,
1340 4172 1449 4246 quem
1472 4147 1551 4218 sine
1568 4145 1646 4241 lege
1668 4143 1814 4241 scripta,

194 4282 242 4342 ut
270 4266 432 4362 aiebant,
461 4294 681 4368 cognoscere
707 4295 783 4344 non
804 4269 987 4345 valebant.
1015 4276 1134 4360 Quam
1160 4270 1308 4369 quidem
1334 4266 1602 4342 excusationem
1630 4262 1817 4336 manifeste

192 4387 385 4480 retundit,
403 4389 511 4463 etiam
526 4392 604 4465 siue
620 4392 768 4492 scripto,
786 4416 807 4464 a
824 4390 1012 4484 Gentibus,
1030 4415 1097 4491 per
1110 4391 1312 4464 naturalem
1339 4388 1466 4486 legem,
1491 4384 1689 4457 Dominum
1711 4398 1818 4456 antea

187 4523 342 4582 uotum
361 4508 481 4602 luisse,
496 4509 577 4611 ipso
594 4512 646 4584 eis
664 4511 711 4585 de
725 4512 843 4609 seipso
862 4536 927 4611 per
942 4512 1119 4584 rationem
1136 4531 1247 4608 quarn
1266 4508 1428 4600 dederat,
1444 4506 1518 4577 hoc
1535 4518 1601 4596 est,
1621 4504 1737 4601 legem
1751 4527 1819 4575 na·

187 4626 377 4719 turalem,
398 4650 440 4701 ac
457 4653 522 4728 per
536 4629 690 4705 visibilia
710 4655 776 4704 sua
798 4655 909 4730 opera
939 4631 1106 4704 notitiam
1131 4630 1352 4702 conferente.
1373 4632 1418 4698 Et
1444 4624 1518 4699 hoc
1540 4638 1595 4697 est
1622 4621 1720 4721 quod
1741 4623 1813 4694 ait:

187 4779 210 4815 ι
227 4746 358 4837 Quod
373 4762 503 4821 notum
520 4764 584 4824 est.
603 4751 820 4849 »Tanquam
837 4750 971 4825 diceret
985 4778 995 4822 τ
1007 4750 1089 4823 Dixi
1101 4774 1166 4823 eos
1181 4749 1342 4822 detincre
1354 4744 1455 4846 quod
1478 4744 1525 4817 de
1540 4747 1618 4816 Deo
1635 4766 1722 4814 vero
1740 4763 1817 4812 seu·

184 4870 319 4960 tiunt,
337 4881 372 4940 et
389 4867 483 4942 bene
501 4868 575 4943 dixi
592 4869 693 4970 quod
702 4872 880 4964 sentiunt,
897 4869 1135 4971 quia-«quod
1150 4885 1277 4943 notum
1296 4880 1349 4942 est
1361 4867 1441 4958 Dei,
1459 4892 1477 4934 a
1488 4865 1525 4937 id
1540 4878 1606 4957 est,
1625 4861 1816 4934 denatura

221 5157 229 5184 ¹
242 5148 375 5212 Penta„
388 5161 472 5213 unt,
483 5163 506 5201 r.
519 5152 544 5204 t.
553 5152 599 5190 ..a
608 5151 663 5202 Act.
675 5152 778 5218 spuet,
791 5164 838 5216 cap
859 5164 916 5215 rut,
929 5165 953 5201 v.
965 5152 1003 5203 20.

902 5385 915 5418 l
943 5378 947 5384 .
