4559 6100
479 502 552 576 aas
956 459 1083 569 parer
1108 493 1600 570 summoturuocns.

384 721 389 730 ,
480 649 655 748 agendam
681 647 929 747 poenitentiam
953 647 1073 746 ipsum
1095 646 1229 719 audite.
1258 646 1296 717 Si
1318 646 1466 719 facultas
1489 646 1646 745 suppetit
1671 645 1718 717 ad
1742 642 1923 741 agendum
1947 643 2081 738 bona,

479 772 597 867 ipsum
611 768 731 842 audite
744 795 753 857 ;
774 767 804 839 si
820 767 968 839 facultas
981 766 1071 838 desit
1082 765 1129 866 ad
1146 765 1343 838 volendum
1359 766 1485 838 saltem
1500 765 1611 855 bona,
1628 767 1745 866 ipsum
1760 764 1892 838 audite.
1911 766 1948 836 Si
1966 764 2083 838 vultis

479 891 583 982 scire,
602 889 692 987 quid
708 888 753 959 sit
773 910 955 958 summurn
973 885 1127 976 bonum,
1146 885 1204 959 vel
1222 911 1294 984 qua
1309 886 1368 958 via
1384 885 1429 958 sit
1445 883 1491 959 ad
1508 885 1595 958 illud
1612 883 1935 984 progrediendum,
1953 885 2081 984 ipsum

480 1008 603 1081 audite
619 1008 814 1091 dicentem,
831 1011 935 1104 «Ego
951 1028 1033 1078 sum
1048 1006 1105 1077 via
1121 1020 1158 1078 et
1172 1006 1314 1095 veritas,
1333 1019 1370 1077 et
1383 1006 1484 1077 vita¹.
1505 1032 1523 1073 u
1543 1009 1633 1078 Nam
1647 1005 1703 1078 via
1720 1028 1793 1103 qua
1813 1006 1905 1095 itur,
1925 1019 1961 1076 et
1980 1007 2079 1076 veri·

481 1142 534 1202 tas
552 1152 594 1200 ac
610 1129 695 1221 vita,
709 1151 784 1224 quo
801 1126 885 1219 itur,
902 1127 978 1225 ipse
994 1139 1068 1198 est:
1088 1127 1208 1224 ipsum
1224 1125 1358 1201 audite.
1373 1126 1410 1197 si
1426 1125 1517 1198 forte
1535 1126 1574 1199 in
1593 1126 1650 1198 via
1665 1125 1734 1198 hac
1749 1123 1975 1198 ambulantes
1991 1125 2079 1197 estis

480 1248 611 1339 tristes,
631 1270 713 1318 cum
730 1245 913 1343 discipulis
932 1243 1098 1317 euntibus
1114 1248 1324 1337 Emmaum,
1343 1247 1463 1344 ipsum
1487 1244 1608 1318 audite
1624 1244 1868 1318 ambulantem
1884 1243 2077 1316 vobiscum

480 1381 517 1437 et
539 1366 787 1439 consolantem
814 1388 891 1454 vos,
917 1378 957 1435 ut
977 1363 1124 1436 tandem
1146 1366 1243 1437 stulti
1260 1381 1297 1438 et
1309 1365 1404 1438 tardi
1421 1365 1541 1438 cordis
1564 1364 1810 1439 accendamini
1834 1379 1870 1437 et
1892 1364 2073 1436 dicatis’:

483 1490 649 1558 «Nonne
673 1509 736 1557 cor
758 1498 922 1557 nostrum
946 1483 1076 1556 ardens
1092 1499 1170 1558 erat
1192 1485 1231 1557 in
1255 1484 1375 1579 nobis,
1404 1485 1494 1558 dum
1516 1484 1724 1583 loqueretur
1741 1486 1779 1557 in
1795 1486 1904 1558 viaet
1920 1485 2077 1583 aperiret

480 1603 586 1676 nobis
610 1605 824 1704 scripturas?
850 1631 868 1672 u
893 1607 972 1702 lpse
992 1618 1063 1697 est,
1082 1605 1146 1701 qui
1169 1605 1361 1704 scripturas
1386 1604 1655 1680 ambulantibus
1680 1605 1716 1677 in
1739 1629 1778 1677 se
1795 1605 1853 1677 via
1872 1619 1909 1676 et
1926 1607 2076 1678 veritate

480 1726 595 1823 aperit
623 1751 632 1794 t
668 1727 787 1823 ipsum
809 1723 943 1797 audite.
972 1725 1094 1822 Aperit
1119 1738 1155 1795 et
1179 1749 1288 1797 nemo
1311 1723 1465 1815 claudit,
1491 1725 1609 1823 ipsum
1636 1721 1777 1797 auditel
1801 1721 2075 1796 ambulantibus

480 1842 587 1935 dicit,
615 1848 729 1916 Bonas
756 1843 859 1916 facite
884 1844 959 1916 vias
984 1856 1116 1916 vestras
1143 1857 1180 1915 et
1205 1843 1324 1916 studia
1338 1857 1469 1936 vestra,
1491 1843 1608 1941 ipsum
1627 1843 1760 1917 audite.
1783 1842 2075 1916 pervenientibus

481 1961 586 2053 dicit,
614 1961 793 2036 Habitabo
829 1960 1035 2055 vobiscum,
1062 1963 1181 2061 ipsum
1208 1961 1344 2035 audite.
1375 1966 1507 2060 Legem
1539 1961 1740 2036 naturalem
1779 1986 1889 2060 quam
1913 1986 2075 2061 paganus

480 2080 718 2181 philosophus
742 2081 924 2174 defendit,
955 2083 1032 2181 ipse
1048 2080 1168 2154 docet.
1200 2086 1322 2182 ipsum
1347 2081 1481 2156 audite.
1507 2087 1636 2181 Legem
1658 2083 1773 2180 Moysi
1792 2083 1885 2156 venit
1904 2083 2070 2182 implere,

480 2225 555 2273 non
579 2203 730 2275 solvere.
750 2206 872 2301 ipsum
886 2200 1020 2276 audite.
1041 2206 1111 2274 Lex
1132 2200 1282 2297 quidem
1298 2203 1523 2275 annuncians
1539 2216 1576 2276 et
1594 2200 1846 2276 demonstraus
1864 2202 2073 2299 languorem

480 2345 545 2418 per
563 2323 710 2418 Moysen
728 2322 811 2395 data
828 2335 897 2414 est,
917 2322 1029 2418 gratia
1042 2335 1164 2394 autem
1191 2337 1228 2394 et
1255 2322 1387 2395 veritas
1416 2320 1584 2395 eumdem
1616 2346 1747 2396 sanans
1775 2322 1989 2418 languorem
2010 2347 2075 2422 per

480 2442 600 2512 lesum
627 2440 807 2514 Christum
832 2440 924 2528 facta
939 2455 1005 2513 est.
1034 2445 1156 2539 lpsum
1184 2441 1318 2514 audite.
1347 2444 1537 2514 Summum
1556 2442 1697 2515 bonum
1720 2466 1758 2514 se
1781 2442 2014 2540 sequentibus
2039 2457 2073 2515 et

481 2558 548 2631 sibi
564 2559 814 2633 obedientibus
835 2560 1000 2660 promisit
1024 2560 1060 2631 in
1089 2561 1257 2657 praemio,
1278 2574 1403 2634 caetera
1428 2560 1527 2634 bona
1548 2561 1716 2635 inferiora
1740 2561 1876 2635 eisdem
1899 2562 2073 2635 concessit

481 2678 529 2750 ad
547 2677 750 2772 utilitatem,
769 2680 818 2751 ita
842 2693 884 2751 ut
906 2679 1029 2750 omnia
1046 2692 1289 2777 cooperentur
1312 2681 1363 2753 eis
1389 2681 1426 2752 in
1448 2680 1590 2754 bonum
1610 2706 1676 2780 per
1694 2680 1835 2755 bonnm
1853 2707 1974 2768 usum,
2001 2704 2074 2778 quo

482 2822 556 2868 non
581 2799 697 2869 solum
722 2797 843 2886 bonis,
868 2822 994 2871 verum
1018 2812 1055 2870 et
1072 2798 1177 2872 malis
1203 2800 1256 2870 uti
1284 2798 1463 2873 docentur
1490 2802 1527 2874 in
1550 2801 1711 2897 bonurn,
1731 2803 1760 2874 si
1786 2817 1904 2876 tamen
1925 2802 2075 2874 audiant

480 2918 613 3016 ipsum.
628 2922 722 3013 Ergo
738 2920 855 3017 ipsum
869 2915 1009 2991 auditel
1026 2917 1142 3016 sitque
1158 2918 1265 2991 nobis
1277 2919 1481 3014 anathema,
1493 2922 1700 3020 quicunque
1716 2920 1816 2996 aliud
1828 2920 1944 3010 docet,
1958 2943 2070 3017 quam

481 3037 583 3136 quod
601 3036 709 3111 habet
724 3038 877 3111 verbum
903 3036 1074 3111 doctrinae
1100 3038 1212 3138 ipsius
1233 3040 1461 3138 evangelice,
1481 3039 1590 3141 plena
1611 3056 1649 3114 et
1663 3043 1832 3136 veritate,
1857 3041 1968 3139 gratia
1983 3041 2074 3113 exci-

481 3172 579 3230 tante
594 3183 637 3232 ac
655 3157 849 3231 roborante
860 3156 1095 3248 voluntatem,
1112 3160 1260 3232 veritate
1277 3159 1503 3235 illuminante
1519 3162 1708 3252 rationem,
1727 3163 1839 3260 gratia
1853 3149 2075 3234 voluntatem

480 3279 719 3375 praeveniente
736 3302 778 3350 ac
793 3275 1051 3374 subsequente,
1070 3279 1217 3352 veritate
1240 3281 1419 3353 rationem
1435 3279 1610 3378 dirigente
1624 3296 1732 3379 atque
1746 3280 1901 3356 ducente
1925 3283 1963 3353 in
1979 3282 2074 3355 viam

481 3398 598 3496 pacis,
626 3398 672 3470 ad
698 3398 849 3496 patriam
864 3397 954 3470 lucis
974 3411 1132 3489 aeternae,
1152 3400 1188 3470 in
1207 3423 1280 3498 qua
1302 3400 1388 3474 dare
1409 3399 1590 3473 videbitur
1611 3416 1647 3473 et
1673 3400 1871 3500 gustabitur
1891 3424 2075 3474 summum

480 3513 641 3608 bonum,
667 3515 768 3614 quod
785 3532 838 3590 est
854 3522 956 3589 Pater
980 3532 1015 3589 et
1034 3516 1142 3591 Filius
1168 3534 1205 3591 et
1225 3519 1377 3619 Spiritus
1394 3535 1556 3612 sanctus,
1574 3522 1671 3594 Deus
1690 3545 1785 3594 unus
1799 3544 1842 3595 ac
1857 3521 1986 3593 trinus.
2006 3521 2074 3618 lpsi

482 3634 594 3732 gloria
610 3637 647 3709 in
664 3637 792 3710 mula
808 3637 1033 3710 saeculorum.
1062 3641 1189 3711 Amen.

514 3862 520 3891 ¹
533 3858 617 3925 toan,
630 3876 684 3925 cap.
694 3877 749 3928 xrr,
764 3878 788 3914 v.
799 3867 823 3917 6.
836 3891 868 3904 -
878 3867 887 3896 ²
898 3864 969 3930 luc,
981 3879 1035 3931 cap.
1049 3879 1156 3931 aaran.
1167 3868 1206 3920 32.
