4559 6100
462 534 534 607 tou
1062 531 1193 604 tutu!
1217 531 1454 605 sufflatu!

461 678 619 753 Ecclesia
632 680 708 779 jam
723 680 762 753 in
774 675 1073 753 consuetudinem
1086 677 1204 768 duxit,
1216 693 1257 750 ut
1270 703 1363 775 quos
1380 680 1417 751 in
1432 677 1642 752 cathedram
1657 677 1754 752 beati
1768 680 1863 752 Petri
1874 678 2056 774 sublimat,

461 800 611 873 nomina
622 801 675 873 eis
692 813 819 873 mutet.
839 799 966 873 Saulus
981 812 1101 872 autem
1116 799 1219 897 quasi
1247 821 1271 870 a
1296 797 1401 871 Saule
1418 813 1523 871 antea
1543 797 1661 871 dium
1681 814 1775 893 erat,
1791 799 1917 897 quide
1933 798 2059 873 eatlem

461 918 579 1008 trihu,
599 919 638 992 id
662 935 716 993 est
729 919 777 993 de
794 919 978 1019 Benjamin
997 932 1095 1011 erat,
1115 933 1153 991 et
1170 919 1206 989 in
1221 919 1471 1017 persecutione
1492 917 1654 990 fidelium
1673 917 1817 992 Saulem
1832 918 2057 1008 imitabatur,
2099 926 2103 935 “

350 1035 360 1041 ’
461 1039 524 1138 qui
539 1039 657 1114 David
673 1054 709 1112 et
724 1065 810 1113 suos
823 1037 1124 1139 persequebatur,
1140 1037 1232 1110 siem
1242 1037 1308 1110 iste
1323 1035 1506 1110 Christum
1523 1052 1632 1135 atque
1647 1037 1810 1112 membra
1825 1038 1915 1135 ejus.
1934 1040 2002 1111 Cui
2013 1038 2059 1111 ab

461 1160 541 1258 ipso
560 1158 715 1231 dicmm¹
729 1186 739 1230 ε
754 1190 773 1227 α
789 1158 913 1248 Saule,
928 1156 1050 1251 Saule,
1068 1159 1158 1256 quid
1176 1183 1234 1231 me
1247 1158 1498 1257 persequeris?
1516 1186 1534 1224 n
1553 1162 1655 1230 Teste
1668 1172 1791 1232 autem
1805 1158 2025 1255 Hieronymo
2033 1161 2056 1250 ⁸,

461 1279 553 1352 sicut
567 1279 678 1352 Jacob
696 1281 734 1351 in
751 1294 912 1351 nostram
927 1279 1087 1375 linguam
1103 1279 1316 1354 translatum
1330 1277 1485 1351 lacobus
1497 1278 1648 1372 dicitru,
1667 1292 1704 1351 et
1718 1277 1852 1377 loseph
1867 1276 2057 1377 Iosephus,

461 1400 511 1471 ita
528 1412 566 1471 et
587 1400 671 1471 Saul
688 1423 789 1471 nunc
802 1399 932 1471 Saulus
947 1398 1101 1491 dicitur,
1121 1412 1294 1497 tauquam
1319 1399 1364 1471 sit
1386 1397 1627 1495 trissyllabum
1653 1422 1806 1488 nomen,
1828 1422 1914 1470 cum
1939 1411 2060 1469 tamen

312 1544 319 1551 ’
462 1518 791 1617 perdiphthougou
802 1520 964 1618 prolerre
977 1521 1096 1620 ipsum
1105 1518 1340 1616 bissyllabum
1356 1517 1546 1592 soleamus.
1561 1518 1713 1591 Videtur
1726 1519 1836 1591 etiam
1843 1517 1944 1615 quasi
1955 1514 2061 1589 dimi·

461 1640 627 1710 nativum
640 1663 717 1711 esse
733 1658 754 1711 a
769 1641 854 1712 Saul
870 1638 1018 1732 Satdus,
1034 1640 1128 1712 sicut
1143 1663 1166 1713 a
1180 1640 1263 1711 Julo
1275 1638 1401 1711 lidius.
1418 1640 1517 1711 Sicut
1532 1652 1653 1711 autem
1667 1638 1751 1710 Saul
1764 1638 1883 1735 primo
1900 1634 2057 1729 humilis,

461 1772 588 1856 postea
600 1757 776 1857 superbus
790 1758 903 1831 lactus
917 1772 987 1847 est3
1006 1759 1055 1831 ita
1071 1759 1132 1832 hic
1149 1783 1171 1831 e
1185 1761 1368 1834 contrario
1383 1760 1502 1858 primo
1516 1758 1693 1858 superbus
1704 1772 1740 1831 et
1754 1758 1931 1830 maximus
1944 1754 2062 1828 Eccle-

463 1876 523 1948 siae
538 1891 764 1975 persecutor,
783 1902 883 1950 nunc
898 1877 1044 1969 Paulus,
1063 1879 1101 1951 id
1117 1894 1170 1953 est
1188 1904 1254 1979 per
1268 1878 1508 1952 humilitatem
1528 1880 1603 1977 jam
1630 1876 1796 1950 modicus
1821 1876 1895 1948 sive
1920 1876 2062 1973 quietus

462 1995 676 2095 appellatur.
698 2003 787 2070 Nam
801 1998 905 2094 juxta
920 1999 1171 2095 Augustinum,
1192 2000 1322 2074 Paulus
1339 2001 1465 2073 Latium
1481 1998 1645 2071 modicus
1665 2010 1782 2070 sonat.
1803 1993 1908 2066 Unde
1923 2008 1959 2067 et
1977 1993 2062 2067 dici·

463 2139 558 2203 mus,
576 2115 799 2189 «Paululum
814 2131 992 2217 exspecta,
1014 2146 1033 2186 n
1051 2118 1090 2190 id
1105 2134 1159 2191 est
1173 2120 1371 2193 modicum.
1391 2123 1577 2207 Quantum
1588 2140 1675 2190 vero
1691 2113 1837 2187 humilis
1850 2114 1926 2212 ipse
1942 2113 2058 2204 luerit,

463 2234 551 2306 audi
567 2235 615 2307 ab
632 2236 711 2334 ipso
726 2264 735 2307 :
752 2266 771 2303 r
789 2241 865 2334 Ego
879 2237 977 2310 euim
993 2261 1088 2327 snm,
1105 2267 1124 2306 u
1144 2239 1295 2337 inquit⁸,
1312 2268 1330 2306 a
1347 2240 1517 2311 minimus
1533 2234 1794 2337 apostolorum,
1809 2235 1871 2331 qui
1887 2257 1964 2305 non
1981 2258 2061 2306 sum

464 2352 596 2451 diguus
617 2356 740 2428 vocari
763 2356 962 2456 apostolus.
980 2385 999 2424 r
1017 2361 1122 2430 Juxta
1144 2358 1375 2432 Ambrosium
1391 2382 1500 2451 vero,
1519 2382 1562 2431 ex
1585 2355 1693 2429 Saulo
1719 2354 1871 2426 Paulum
1898 2378 1936 2426 se
1953 2352 2059 2442 dicit,

464 2472 538 2546 hoc
554 2488 606 2547 est
629 2477 878 2567 immutatum,
896 2491 933 2549 et
949 2478 1036 2576 quia
1053 2477 1182 2551 Saulus
1207 2478 1423 2578 inquietudo
1447 2501 1510 2550 seu
1542 2476 1691 2549 tentatio
1717 2474 1985 2573 interpretatur,
2002 2471 2062 2544 hic

463 2610 550 2664 cnm
565 2593 613 2666 ad
630 2591 741 2667 fidem
756 2596 888 2670 Christi
904 2599 1075 2688 aocessit,
1100 2597 1252 2670 Paulum
1267 2623 1306 2672 se
1321 2598 1426 2687 dicit,
1447 2596 1486 2669 id
1503 2610 1556 2669 est
1573 2596 1674 2694 quasi
1690 2595 1767 2691 jam
1784 2592 1961 2691 quietum,
1980 2616 2063 2664 curn

464 2712 566 2810 prius
578 2716 794 2789 tentationes
807 2716 1037 2790 aemulatione
1051 2715 1138 2815 legis
1152 2718 1219 2790 Dei
1232 2718 1342 2791 servis
1358 2718 1518 2791 inferret.
1530 2720 1716 2804 Quantum
1732 2736 1819 2785 vero
1832 2712 1908 2810 jam
1923 2712 2065 2809 quietus

465 2845 502 2904 et
518 2834 658 2931 patiens
681 2837 870 2931 exstiterit,
890 2851 927 2911 et
948 2862 995 2910 ne
1017 2861 1128 2935 quem
1153 2838 1406 2911 scandalisaret
1429 2861 1572 2937 semper
1594 2834 1788 2925 studuerit,
1817 2833 1893 2931 ipse
1916 2854 2065 2929 quoque

466 2951 590 3046 docet,
617 2955 681 3054 qui
707 2979 754 3029 ne
780 2980 890 3055 quem
916 2971 1096 3057 gravaret,
1124 2956 1293 3030 manibus
1316 2956 1522 3051 laborabat,
1542 2980 1620 3030 non
1642 2967 1682 3027 ut
1706 2950 1821 3025 caeteri
1841 2948 1995 3051 apostoli
2018 2948 2065 3022 de

466 3075 660 3170 Evmgelio
688 3077 865 3151 victitans.
895 3086 923 3152 Α
951 3079 1179 3176 Hieronymo
1205 3091 1346 3171 amem,
1378 3079 1416 3150 in
1438 3076 1533 3150 libro
1560 3075 1818 3149 Hebraicorum
1846 3070 2062 3160 nominum,

467 3192 599 3266 Paulus
624 3193 813 3287 mirabilis,
832 3198 908 3270 sive
931 3198 1084 3288 electus,
1105 3197 1333 3296 interpretari
1353 3196 1497 3270 dicitur.
1520 3200 1639 3284 Quem
1662 3207 1698 3267 et
1720 3190 1898 3265 Dominus
1913 3189 1991 3289 ipse
2004 3213 2067 3261 vas

464 3310 648 3385 electionis
664 3317 824 3408 vocavit,
850 3332 984 3391 ettam
999 3317 1072 3391 vita
1094 3341 1206 3417 quam
1229 3317 1395 3391 doctrina
1416 3318 1512 3389 inter
1535 3312 1718 3415 apostolos
1743 3310 1945 3385 mirabilem
1970 3307 2064 3380 lecit.

465 3432 583 3516 Quem
599 3432 748 3528 quidem
762 3450 838 3509 tam
853 3439 1029 3536 virginem
1052 3461 1151 3528 esse,
1169 3461 1281 3534 quam
1307 3450 1503 3534 martyrem
1526 3447 1685 3525 constat,
1705 3447 1746 3506 ut
1771 3454 1851 3528 quae
1873 3429 1912 3500 in
1929 3426 2067 3523 magnis

464 3548 660 3646 apostolis,
680 3554 786 3623 Petro
809 3556 944 3626 sufficet
962 3572 1000 3627 et
1016 3561 1175 3648 Joanoe,
1195 3555 1310 3628 divisa
1327 3568 1412 3627 sunt
1436 3555 1585 3646 merita,
1604 3554 1641 3625 in
1658 3553 1727 3624 isto
1741 3548 1965 3649 reperiantur
1980 3569 2067 3617 con·

462 3666 607 3760 junota3
626 3681 663 3738 et
677 3692 751 3765 prte
767 3672 905 3743 caeteris
931 3686 1006 3744 tam
1028 3671 1292 3770 predicationis
1319 3695 1431 3770 quam
1447 3672 1588 3745 virtutis
1611 3669 1741 3768 gratias
1764 3679 1985 3755 assecutum,
2004 3686 2068 3763 per

465 3809 576 3882 quem
597 3785 672 3858 fere
697 3789 885 3863 universus
906 3814 1102 3864 conversus
1123 3804 1177 3864 est
1205 3790 1384 3884 mundus,
1404 3805 1515 3890 atque
1539 3793 1616 3891 ipse
1645 3811 1793 3887 quoque
1819 3783 2068 3885 apostolorum

466 3904 633 4003 princeps
648 3905 695 3977 de
707 3909 908 4005 perniciosa
918 3910 1148 3984 simulatione
1163 3912 1366 3984 necessario
1379 3927 1581 4005 correctus,
1597 3924 1638 3983 ut
1653 3910 1692 3982 in
1704 3933 1748 3981 eo
1765 3930 1912 4006 quoque
1929 3901 2070 3977 mirabi-

465 4022 547 4095 liter
561 4024 622 4098 illa
633 4027 800 4101 Veritatis
814 4029 1024 4130 impleretur
1039 4032 1250 4104 sententia‘:
1275 4062 1293 4099 a
1312 4035 1428 4104 Erunt
1454 4031 1640 4105 novissimi
1665 4029 1792 4129 primi,
1812 4040 1848 4099 et
1872 4024 1981 4125 primi
2002 4045 2071 4094 no·

466 4142 616 4215 vissirni.
635 4173 655 4214 u
674 4150 715 4218 lu
731 4149 833 4246 cujus
852 4151 961 4223 etiam
977 4165 1067 4251 typo
1088 4151 1274 4248 Benjamin
1292 4151 1443 4225 fratrum
1468 4174 1618 4224 suorum
1640 4162 1858 4238 extremum,
1877 4158 1914 4216 et
1931 4167 1953 4215 a
1970 4154 2070 4241 patre

466 4262 699 4338 vehementer
709 4265 880 4341 dilectum
895 4269 1003 4342 druse
1018 4294 1095 4343 non
1111 4271 1338 4367 ambigimus.
1350 4275 1405 4345 De
1414 4271 1487 4344 hoc
1498 4285 1620 4345 autem
1636 4267 1806 4368 praclaro
1820 4262 1950 4338 Christi
1959 4261 2071 4356 signi·

467 4383 545 4456 sero
557 4398 598 4457 et
610 4384 698 4458 tuba
716 4388 863 4460 Domini
878 4388 1091 4462 vehemente
1106 4390 1185 4490 ipse
1200 4389 1383 4463 humiliter
1396 4392 1460 4488 qui
1473 4389 1521 4462 ab
1538 4414 1584 4462 eo
1598 4400 1781 4461 correctus
1798 4384 1913 4457 fuerat
1928 4384 2071 4472 Petrus,

467 4504 506 4575 in
522 4503 739 4578 excellentiae
756 4507 832 4605 ejus
848 4508 993 4583 laudem
1017 4514 1300 4610 prorumpens⁸z
1315 4542 1333 4578 α
1350 4512 1448 4584 Sicut
1469 4524 1505 4583 et
1520 4508 1735 4598 carissimus,
1748 4537 1766 4573 s
1781 4503 1912 4602 inquit,
1929 4531 1947 4567 α
1964 4500 2080 4573 frater

468 4638 592 4698 noster
606 4626 737 4700 Paulus
761 4628 961 4702 secundum
986 4630 1055 4704 sibi
1073 4630 1195 4704 datam
1217 4632 1430 4732 sapientiam
1445 4630 1586 4730 scripsit
1600 4625 1725 4716 vobis,
1743 4626 1835 4698 sictu
1849 4625 1887 4695 in
1902 4618 2083 4695 omnihus

468 4744 642 4842 epistmb,
655 4743 810 4845 loquens
826 4747 873 4822 de
885 4748 956 4841 his,
971 4750 1009 4822 iu
1025 4750 1158 4848 quihus
1174 4765 1259 4823 sunt
1275 4749 1441 4849 quedam
1457 4747 1619 4823 difficilia
1635 4745 1829 4833 intellectu,
1846 4765 1925 4841 quae
1936 4739 2085 4813 indocti

502 5056 580 5107 'tet
601 5057 699 5121 Aport,
716 5070 771 5119 esp.
795 5061 1025 5119 mss-²111
1048 5058 1126 5123 Epist.
1144 5059 1246 5111 toannts
1297 5073 1407 5123 capas,
1425 5075 1448 5113 r.
1468 5060 1728 5122 s.-·rtatu.‚eap.
1746 5049 2096 5121 nt,r.to.-‘llt²etr.,

469 5139 552 5197 treet..
568 5149 622 5199 rur,
637 5148 665 5188 n·
677 5141 700 5191 t.
714 5137 792 5204 Opp„
802 5144 820 5190 t.
830 5137 881 5199 111,
894 5141 941 5190 cot
954 5143 1024 5193 255⁸.
1035 5140 1106 5191 -21
1118 5141 1244 5205 munta,
1297 5152 1353 5204 cap.
1364 5153 1441 5204 ιω.
1455 5143 1495 5193 ts.
