4559 6100
468 587 541 662 340
1067 587 1195 660 l'l'l'l'lll
1225 587 1460 660 affluunt

469 734 692 808 voluntatem
717 735 848 827 lacere,
871 734 909 808 id
928 750 982 807 est
1002 733 1049 806 ad
1070 751 1212 808 tanurm
1228 735 1283 808 vel
1299 737 1480 835 precipue
1499 757 1623 830 agere,
1643 736 1730 831 quia
1745 737 1815 808 sibi
1830 737 1954 810 credat
1969 739 2056 809 illud

468 881 544 928 esee
567 879 689 941 suave,
715 857 751 926 iu
776 857 898 954 seipsis
926 857 1060 928 scilicet
1082 856 1191 952 hujus
1211 858 1364 929 actionis
1390 881 1462 928 suae
1484 853 1595 927 finem
1621 858 1891 934 constiurentet.
1908 859 2057 946 Qnoda

469 975 610 1048 Christo
626 975 733 1072 longe
750 975 891 1073 penitus
908 975 987 1046 fuit.
1004 976 1088 1047 Tale
1102 990 1157 1046 est
1172 1001 1272 1072 ergo,
1290 976 1454 1048 Christus
1471 1000 1546 1047 non
1563 975 1698 1073 plauxit
1710 977 1793 1064 sibi,
1813 976 1881 1050 sed
1894 978 2056 1050 videlicet

471 1100 549 1167 Deo
565 1096 673 1184 Patri,
689 1096 776 1192 quia
789 1093 838 1165 nil
852 1093 964 1166 homo
981 1094 1040 1166 ille
1053 1096 1227 1193 appetivit
1238 1096 1340 1193 quod
1354 1120 1465 1168 suave
1479 1095 1666 1192 ipsismet,
1681 1095 1746 1167 sed
1759 1096 1845 1191 quia
1857 1096 1931 1168 boc
1940 1101 2056 1168 Deum

471 1214 670 1313 approbare
694 1215 818 1303 sciret,
848 1213 904 1284 vel
932 1214 1008 1310 ejus
1037 1215 1073 1283 in
1101 1213 1174 1286 hoc
1204 1229 1420 1313 preceptum
1447 1213 1609 1286 baberet.
1635 1215 1703 1284 Cui
1726 1230 1765 1285 et
1790 1216 1939 1312 ipsemet
1966 1216 2053 1286 ait¹z

472 1364 490 1398 rr
506 1339 655 1432 Propter
673 1333 783 1404 verba
807 1332 985 1404 labiorum
996 1347 1144 1404 tuorum
1161 1358 1229 1429 ego
1239 1333 1421 1405 custodivi
1433 1335 1509 1405 vias
1521 1349 1613 1405 tuas.
1627 1362 1646 1399 ι
1668 1338 1788 1421 Qua'm
1804 1333 1964 1430 quidem.
1975 1357 2056 1431 pas

469 1453 580 1523 sionis
608 1466 669 1523 aut
685 1451 817 1524 laboris
833 1476 977 1550 poenarn
994 1468 1143 1551 propter
1164 1452 1407 1525 obedientiam
1426 1468 1627 1551 susceptam
1645 1452 1834 1551 Apostolus
1856 1453 1974 1524 statim
1996 1452 2059 1522 ad·

466 1572 602 1666 jungit,
628 1585 669 1643 ut
683 1570 848 1643 videlicet
863 1595 927 1669 per
949 1571 1020 1643 boc
1041 1571 1206 1644 ostendat
1223 1596 1307 1643 eum
1332 1572 1426 1643 Patri
1446 1574 1558 1668 magis
1578 1595 1690 1668 quam
1704 1571 1773 1643 sibi
1788 1571 1974 1670 placuisse,
1993 1571 2056 1642 sed

469 1691 558 1763 sicut
580 1692 753 1788 scriptum
774 1705 827 1763 est
846 1693 881 1761 in
901 1691 1048 1761 Psalmo
1063 1693 1110 1763 78
1126 1695 1161 1760 ἐ
1182 1721 1200 1755 α
1213 1694 1486 1791 improperium,
1503 1706 1572 1763 etc.
1590 1720 1608 1758 rr
1627 1693 1796 1787 Quisquis
1810 1692 1908 1763 euim
1927 1716 2058 1789 expro-

468 1810 546 1882 brat
561 1812 688 1883 nuntio
704 1811 864 1905 alicujus,
891 1811 945 1882 vel
963 1834 1045 1881 eum
1061 1811 1099 1881 in
1116 1809 1238 1907 aliquo
1255 1810 1422 1909 deturpat
1437 1836 1500 1883 seu
1515 1809 1731 1898 dehonorat,
1749 1835 1824 1882 non
1840 1825 1917 1882 tam
1941 1810 1976 1880 ei
1992 1811 2054 1905 qui
2115 1905 2121 1912 ·

469 1931 631 2018 mittitur,
659 1953 768 2025 quarn
790 1929 821 2000 ei
847 1929 907 2024 qui
935 1929 1056 2018 mittit,
1075 1929 1325 2028 imputandum
1337 1945 1403 2002 est.
1421 1930 1526 2003 Unde
1540 1944 1576 2002 et
1591 1932 1699 2002 Saulo
1716 1929 1886 2001 dicitur⁸:
1908 1927 2055 2017 «Sarda,

469 2050 594 2140 Saule,
622 2046 710 2145 quid
737 2071 796 2118 me
816 2029 1069 2144 persequeris?
1089 2076 1107 2113 a
1136 2073 1208 2134 me,
1235 2049 1397 2147 inquam,
1416 2051 1538 2148 potius
1553 2074 1662 2146 quam
1677 2074 1791 2137 meos,
1809 2049 1893 2146 quia
1911 2060 2057 2145 propter

469 2193 526 2239 me
543 2168 662 2266 potius
678 2191 786 2265 quam
799 2182 944 2265 propter
970 2169 1078 2266 ipsos.
1106 2167 1205 2254 Quid
1230 2184 1350 2240 autem
1374 2169 1580 2267 improbare
1594 2175 1673 2241 Deo
1697 2170 1804 2255 Patri,
1823 2168 1891 2240 nisi
1910 2166 2056 2239 irridere

467 2290 733 2381 generationem
748 2312 824 2359 esse
840 2290 877 2359 in
898 2288 1099 2380 divinitate,
1118 2312 1228 2386 quarn
1245 2289 1434 2361 carnaliter
1449 2314 1576 2362 eorum
1592 2287 1821 2385 intelligentia
1840 2311 1968 2385 capere
1982 2312 2055 2359 non

468 2408 630 2502 poterat?
642 2411 724 2478 Hac
749 2431 834 2502 ergo
862 2407 978 2478 irrisio
994 2432 1102 2506 super
1117 2407 1297 2479 Christum
1315 2408 1457 2502 cecidit,
1475 2409 1560 2506 quia
1576 2408 1664 2479 dum
1679 2406 1776 2479 hanc
1790 2407 2056 2504 generationem

467 2530 685 2627 predicaret,
705 2528 761 2601 vel
777 2555 816 2602 se
832 2530 958 2601 Filium
974 2532 1040 2601 Dei
1053 2530 1203 2619 diceret,
1221 2533 1332 2602 Patris
1346 2533 1382 2603 in
1400 2532 1472 2604 hoc
1488 2533 1651 2627 glumam,
1672 2556 1748 2603 non
1764 2531 1949 2628 propriam
1964 2555 2057 2627 quae·

466 2648 594 2738 tendo,
608 2674 683 2721 non
700 2649 816 2720 solum
829 2650 983 2721 irrisioni
996 2649 1080 2721 inde
1093 2665 1147 2721 est
1158 2648 1312 2740 habitus,
1327 2650 1390 2722 sed
1405 2651 1452 2724 ad
1468 2665 1620 2723 mortem
1634 2675 1780 2748 quoqne
1795 2649 1954 2735 traditus,
1967 2650 2056 2720 sicut

465 2769 635 2866 scriptum
653 2769 735 2859 θεῖ’,
756 2773 905 2840 «Deum
922 2793 961 2839 se
984 2774 1125 2840 Patrem
1142 2768 1278 2841 habere
1299 2769 1484 2865 gloriatur,
1504 2770 1690 2842 videamus
1716 2770 1945 2840 sisermones
1964 2766 2057 2838 illius

468 2888 540 2959 veri
566 2888 650 2980 sint,
673 2901 742 2959 etc.
761 2916 779 2954 υ
800 2891 843 2958 Et
860 2889 897 2958 in
916 2889 1136 2985 Evmgclio',
1159 2919 1176 2957 rr
1189 2887 1348 2960 Confidit
1368 2890 1406 2960 in
1432 2894 1524 2977 Deo,
1549 2888 1675 2961 liberet
1695 2913 1779 2960 euru
1798 2911 1895 2958 nrmc
1917 2887 1946 2957 si
1963 2886 2053 2960 vult.

466 3006 561 3079 Dixit
577 3008 672 3079 enirn
689 3007 773 3106 quia
787 3007 894 3079 Filius
911 3008 976 3080 Dei
993 3033 1088 3081 sum.
1106 3037 1124 3077 u

517 3131 777 3224 «Quaecunque
793 3126 922 3225 scripta
939 3142 1034 3200 sunt.
1050 3157 1068 3195 u
1089 3133 1136 3200 Ac
1152 3129 1182 3199 si
1198 3127 1332 3200 diceret
1342 3155 1351 3198 ε
1361 3128 1460 3216 Quid
1475 3128 1520 3200 ad
1534 3154 1601 3200 uos
1618 3153 1721 3201 nove
1736 3127 1822 3223 legis
1839 3125 2058 3225 professores

466 3246 708 3318 testimonium
733 3247 862 3318 veteris
874 3249 1103 3340 Testamenti,
1123 3250 1278 3321 maxime
1290 3272 1374 3319 cum
1388 3248 1463 3343 ejus
1478 3271 1588 3346 opera
1604 3246 1838 3346 respuamus?
1856 3243 2059 3344 Respondet

466 3364 550 3461 quia
567 3388 788 3463 quacunque
804 3367 935 3464 scripta
957 3380 1060 3458 sunt,
1080 3382 1155 3439 tam
1177 3368 1213 3438 iu
1230 3368 1342 3439 veteri
1358 3367 1491 3438 scilicet
1513 3390 1622 3464 quam
1639 3368 1676 3437 in
1698 3390 1796 3437 novo
1811 3368 2054 3451 loramento,

469 3512 486 3550 rr
506 3481 553 3554 ad
577 3496 751 3571 nostram,
772 3515 789 3548 x
809 3484 846 3555 id
863 3500 915 3557 est
931 3484 1229 3577 Christianorum,
1251 3485 1484 3577 «doctrinam
1500 3488 1630 3584 scripta
1648 3500 1744 3557 sunt.
1761 3515 1779 3551 a
1798 3488 1879 3556 Non
1893 3483 1991 3553 enim
2008 3480 2055 3553 illi

472 3603 507 3674 in
530 3602 640 3673 veteri
656 3605 882 3673 Testamento
899 3602 1089 3694 docentur,
1109 3605 1173 3674 sed
1197 3620 1432 3691 excaecantur,
1452 3607 1514 3700 qui
1530 3605 1685 3676 litteram
1700 3601 1925 3675 occidentem
1941 3599 1991 3670 ibi
2007 3624 2059 3670 se-

467 3736 640 3817 quuntur,
663 3720 726 3791 sed
747 3718 796 3791 illi
821 3722 973 3791 maxime
989 3722 1052 3817 qui
1075 3721 1277 3817 frangentes
1294 3722 1508 3793 exteriorem
1531 3735 1701 3813 crustam,
1718 3721 1811 3791 mica
1827 3720 1997 3790 interiore
2009 3742 2059 3788 sa·

468 3839 646 3935 ginantnr.
672 3837 743 3910 Sed
759 3854 793 3910 et
810 3837 985 3911 seculares
998 3838 1133 3911 litteras
1151 3862 1226 3910 non
1241 3840 1309 3910 nisi
1322 3839 1368 3911 ad
1386 3840 1588 3912 doctrinam
1605 3840 1763 3937 aliquam
1777 3839 1832 3911 vel
1845 3861 1991 3911 morum
2002 3836 2057 3907 vel

467 3958 681 4044 litteratura,
711 3956 769 4028 vel
795 3972 835 4029 ut
861 3958 897 4028 in
927 3957 1047 4055 aliquo
1072 3982 1180 4031 sacrae
1199 3959 1380 4057 scripturae
1396 3960 1629 4057 opitulentur,
1648 3962 1745 4032 Deus
1758 3958 1865 4031 scribi
1881 3956 2054 4056 permisit,

468 4076 550 4148 licet
561 4075 633 4148 boc
646 4077 787 4149 illarum
804 4078 994 4175 scriptores
1003 4064 1223 4174 ignorarent.
1241 4109 1259 4145 rr
1270 4082 1316 4149 Ut
1331 4105 1407 4179 per.
1422 4108 1441 4148 rr
1461 4079 1515 4152 Ad
1530 4078 1602 4152 hoc
1617 4081 1765 4178 inquam
1785 4078 1836 4150 eis
1851 4077 2058 4148 instruimur

470 4210 505 4267 et
523 4197 710 4289 docemur,
729 4211 769 4269 ut
784 4221 848 4296 per
870 4228 887 4263 α
907 4199 1114 4297 patientiam
1136 4230 1154 4265 a
1170 4198 1335 4273 videlicet
1357 4202 1393 4272 in
1409 4200 1579 4288 adversis,
1600 4229 1618 4267 rr
1632 4213 1669 4271 et
1683 4198 1967 4271 consolationem
1985 4222 2003 4262 u
2022 4195 2057 4264 in

469 4316 652 4412 scripturis
666 4316 795 4388 laetam
810 4316 856 4388 de
881 4316 1007 4389 bravio
1029 4317 1194 4390 videlicet
1217 4333 1355 4392 aeternae
1373 4319 1617 4409 beatitudinis,
1641 4344 1704 4416 spe
1725 4316 1928 4415 peremnia
1942 4335 2061 4385 corro-

468 4431 641 4505 boremur
651 4433 687 4505 iu
697 4438 788 4526 Deo,
807 4436 959 4507 scientes
974 4437 1059 4535 quia
1072 4439 1102 4509 si
1118 4439 1357 4537 compatimur
1369 4453 1404 4511 et
1414 4434 1744 4533 conregnabimus⁸,
1757 4451 1793 4508 et
1809 4432 2060 4532 «inpatientia

402 4548 406 4555 '
470 4551 994 4650 vestrapossidebitisanimas⁷.
1010 4584 1026 4620 a
1043 4559 1125 4628 Haec
1142 4570 1262 4629 autern
1273 4583 1352 4656 spes
1360 4558 1419 4630 illa
1433 4571 1498 4647 est,
1511 4557 1557 4629 de
1566 4581 1638 4655 qua
1647 4557 1811 4655 superius
1821 4553 1958 4624 dictum
1971 4562 2026 4621 est
2033 4552 2055 4635 ⁸,

362 4768 364 4777 γ
472 4700 489 4737 rr
502 4674 589 4769 Spes
611 4686 732 4744 autem
755 4693 831 4743 non
851 4672 1051 4745 contundit.
1070 4702 1088 4741 >r
1113 4679 1208 4748 Bene
1232 4691 1351 4750 autem
1370 4701 1455 4748 cum
1477 4674 1524 4748 de
1544 4671 1816 4748 adversitatibus
1838 4669 2060 4769 praemisisset

460 4789 616 4879 -dicens',
638 4819 656 4860 rr
672 4794 894 4891 lmproperia
908 4793 1245 4893 improperantium,
1262 4811 1333 4871 etc.
1354 4796 1600 4894 »patientiam
1620 4806 1746 4866 contra
1766 4790 1828 4864 illa
1847 4789 1981 4863 scilicet
1996 4810 2060 4861 ne·

496 5118 502 5142 ¹
514 5110 612 5163 Pralm.
622 5124 710 5175 xtra.
722 5116 747 5169 tr.
758 5112 912 5165 -¹Prolm.
925 5127 1026 5177 rxxvru,
1036 5127 1058 5164 r.
1074 5115 1228 5167 ta-tau.
1283 5108 2059 5179 opnor,r.ra.-·1trtm.,up.rr,r.uerrucarum.

466 5192 562 5255 spart,
575 5207 630 5257 cap.
642 5205 681 5257 rt,
699 5207 723 5245 r.
734 5194 877 5258 t.-⁴sap.
890 5207 944 5257 cup.
959 5207 992 5259 u,
1005 5207 1029 5244 r.
1042 5196 1113 5247 tu·
1124 5195 1133 5226 ⁸
1143 5190 1228 5244 ltrtttr.
1283 5206 1306 5246 v.
1324 5195 1360 5246 tt.
1374 5220 1405 5232 -
1424 5194 1525 5256 tucn..
1535 5206 1590 5257 cap.
1600 5207 1624 5258 r,
1635 5206 1659 5244 r.
1671 5195 1696 5244 t.
1713 5216 1740 5229 -
1753 5188 1921 5252 ’Romam
1935 5200 1978 5248 xv,
1988 5200 2011 5236 r.
2032 5189 2056 5238 t.
