4559 6100
753 520 998 596 tflnotoont
1022 518 1292 595 GthS'llANA.
1749 518 1820 589 ihi>

232 674 413 751 Psalmista
433 682 694 749 commemorat
708 669 846 745 dioens¹
867 696 875 741 ι
898 672 972 741 «Et
989 692 1064 741 non
1082 667 1361 743 communicabo
1383 691 1468 739 cum
1491 666 1612 740 electis
1635 690 1777 739 eorum.
1798 694 1817 735 s

231 798 348 884 Quam
370 791 559 893 Apostolus
573 815 718 888 quoque
741 788 952 865 sententiam
976 801 1186 886 prosecutus
1210 785 1369 860 scribens
1384 784 1434 859 ad
1453 787 1568 858 Titum
1601 786 1691 859 ait¹2
1712 789 1822 857 «Ha-

182 985 183 988 ,
233 915 381 988 reticum
408 913 593 986 hominem
618 923 833 1010 postauam
860 922 897 983 et
921 906 1117 983 secundam
1139 908 1405 1005 correptionem
1431 904 1562 994 devita,
1591 906 1707 981 sciens
1734 905 1819 1001 quia

232 1031 424 1105 subversus
439 1032 570 1128 estqui
585 1027 762 1127 ejusmodi
778 1043 844 1120 est,
863 1040 899 1103 et
913 1026 1102 1125 delinquit,
1120 1048 1205 1105 cum
1221 1026 1266 1098 sit
1281 1024 1430 1124 proprio
1444 1023 1584 1121 judicio
1601 1021 1823 1101 condemua-

233 1168 302 1225 tus.
319 1180 337 1220 u
357 1151 502 1250 Quippe
526 1150 590 1246 qui
616 1149 776 1248 seipsum
806 1148 917 1244 magis
940 1146 988 1219 ad
1012 1145 1284 1221 contentionem
1312 1156 1487 1244 praeparat
1513 1166 1623 1241 quam
1647 1141 1694 1217 ad
1720 1140 1826 1215 disci·

233 1269 390 1367 plinam;
419 1282 456 1343 et
487 1268 601 1364 magis
625 1266 776 1365 gloriam
802 1290 904 1341 snam
937 1264 1118 1340 desiderat
1144 1288 1255 1361 quam
1284 1263 1451 1352 salutem,
1484 1277 1521 1335 et
1555 1286 1594 1337 sc
1619 1276 1825 1360 opportune

231 1387 454 1463 contendere
469 1385 568 1486 apud
584 1409 623 1463 sa
636 1387 875 1484 recognoscit,
894 1385 1043 1484 proprio
1057 1408 1143 1456 erim
1153 1382 1290 1479 judicio
1303 1382 1382 1481 ipsa
1396 1381 1473 1478 ejus
1486 1381 1704 1455 conscientia
1719 1404 1825 1455 acan

233 1520 299 1579 sat.
323 1509 406 1581 ilaec
429 1505 481 1578 illi
502 1504 654 1579 effrenes
675 1518 712 1577 et
735 1504 905 1579 indomiti
930 1504 1121 1593 circatores
1146 1502 1345 1593 attendant,
1366 1500 1431 1599 qui
1458 1499 1626 1597 singulari
1652 1497 1827 1598 superbia

235 1648 348 1701 cornu
371 1626 503 1717 erecti,
532 1627 572 1697 in
599 1624 719 1699 solum
746 1623 1106 1700 etiam·conditorcm
1131 1623 1319 1712 irruentes,
1347 1633 1545 1720 posuerrmt
1567 1621 1604 1691 iu
1627 1618 1758 1692 malum
1784 1644 1826 1692 os

232 1769 354 1833 suum,
374 1767 395 1816 a
411 1743 556 1819 fallaciis
572 1766 731 1841 quornm
750 1742 1015 1841 simplicitatem
1029 1739 1188 1815 fidelium
1204 1740 1344 1840 protegi
1359 1753 1524 1837 precetur
1538 1738 1601 1835 qni
1616 1739 1684 1811 ait⁸
1696 1737 1827 1813 «Salsa

236 1887 294 1936 me
316 1888 360 1935 ex
385 1887 449 1937 ore
470 1862 603 1953 bouis,
628 1876 664 1935 et
686 1886 708 1935 a
732 1860 905 1934 cornibus
932 1860 1163 1935 unicornium
1187 1858 1424 1939 humilitatem
1447 1880 1613 1933 meam.»
1641 1862 1670 1933 A
1694 1855 1827 1954 quibus

234 1997 270 2054 er
285 2005 517 2079 summopere
534 1979 726 2078 Apostolus
748 1978 950 2055 cavendum
971 1978 1159 2070 admonet,
1175 1977 1250 2051 hnc
1271 1993 1325 2055 est
1344 2000 1368 2055 a
1384 1976 1531 2055 fallaciis
1553 1976 1716 2073 ipsorum
1737 2001 1827 2074 pro·

235 2094 431 2171 videndum
458 2095 602 2169 moene*
631 2120 680 2164 :a
694 2098 825 2169 Cavete
851 2118 898 2167 ne
922 2095 1004 2190 quis
1031 2118 1096 2167 sos
1122 2092 1278 2190 decipiat
1300 2115 1365 2190 per
1387 2090 1653 2190 philosophiam
1676 2091 1822 2165 inanem

234 2217 436 2291 secuudum
460 2216 637 2291 elementa
658 2217 801 2308 mundi,
817 2247 836 2286 s
854 2240 898 2291 ao
921 2219 952 2291 si
976 2216 1138 2291 diceret:
1159 2215 1347 2293 Providete
1368 2214 1417 2289 ab
1436 2215 1653 2311 argumentis
1674 2238 1823 2301 eorum,

236 2337 298 2435 qui
323 2337 370 2410 de
393 2336 564 2433 singulari
589 2349 626 2408 et
650 2336 865 2436 incorporea
891 2335 1086 2409 divinitatis
1108 2350 1239 2413 natura
1261 2335 1310 2409 ad
1334 2333 1602 2414 similitudinem
1629 2357 1825 2433 corporum

237 2480 278 2528 ex
303 2455 489 2529 clementis
508 2456 752 2529 coustantium
776 2457 915 2528 ratione
936 2468 1172 2553 prnsumuut,
1200 2478 1274 2527 non
1302 2468 1373 2529 taur
1396 2477 1464 2550 pro
1487 2452 1717 2552 percipienda
1733 2452 1827 2527 veri-

236 2588 322 2666 tate,
338 2598 448 2671 quam
466 2598 534 2672 pru
547 2573 784 2672 philosophie
800 2598 872 2647 suae
885 2574 1127 2651 ostentatione
1143 2600 1152 2644 s
1175 2571 1330 2668 ideoque
1345 2572 1391 2649 ad
1407 2571 1663 2669 ejusnotitiam
1679 2570 1827 2647 minine

236 2706 438 2790 assurgunt,
463 2693 527 2788 qui
550 2690 714 2790 superbis
739 2692 868 2769 resistit
891 2716 1044 2790 semper,
1067 2706 1106 2764 et
1131 2690 1328 2765 humilibus
1350 2689 1595 2787 deigratiam.
1621 2693 1674 2761 De
1696 2689 1825 2765 talibus

153 2908 158 2916 Ι
238 2812 274 2881 iu
303 2809 503 2882 Proverbiis
524 2812 696 2910 seriptum
722 2813 819 2885 est¹r
847 2840 865 2876 ι
878 2809 1107 2885 Abominatio
1127 2809 1275 2883 Domini
1300 2824 1353 2882 est
1376 2809 1496 2885 omnis
1520 2808 1657 2898 illusor,
1685 2822 1827 2885 etcum

237 2929 456 3027 simplicibus
472 2929 726 3003 sermocinatio
743 2929 831 3025 ejus.
850 2958 870 2998 ι
888 2928 1054 3003 illusores
1071 2929 1148 3026 ipse
1166 2927 1324 3020 deludet,
1342 2944 1378 3002 ct
1392 2929 1586 3005 mansuetis
1600 2928 1663 3003 dat
1678 2929 1826 3025 gratiam

237 3067 350 3117 snam.
372 3042 476 3117 Unde
498 3057 534 3118 et
551 3045 686 3118 Veritas
711 3045 820 3143 ipsa‘r
840 3043 1054 3120 «Confiteor
1069 3044 1157 3137 tibi,
1184 3045 1315 3142 inquit,
1346 3050 1448 3118 Pater
1472 3040 1553 3122 coett
1576 3058 1613 3116 et
1631 3059 1744 3136 terrae,
1764 3044 1827 3140 qui

237 3160 455 3234 abscondisti
469 3161 547 3236 haec
562 3187 584 3234 a
598 3162 820 3260 sapientibus
832 3177 868 3235 et
884 3161 1136 3261 prudentibus,
1155 3176 1192 3235 et
1207 3163 1368 3236 revelasti
1388 3186 1432 3236 ea
1448 3163 1614 3259 parvulis.
1630 3190 1648 3231 ιι
1667 3166 1711 3235 Et
1727 3147 1828 3259 Alio·

235 3280 349 3353 stolus
359 3285 382 3370 ³,
410 3311 427 3349 u
445 3280 625 3378 Scriptum
646 3295 718 3371 est,
737 3280 874 3378 inquit:
903 3281 1055 3356 Perdam
1073 3282 1283 3379 sapientiam
1299 3282 1531 3382 sapientium,
1550 3295 1584 3353 et
1600 3280 1828 3379 prudentiam

238 3396 470 3495 prudentium
492 3397 744 3497 reprobabo.»
770 3399 890 3492 item⁸,
911 3403 1072 3474 «Nonne
1096 3400 1241 3474 stultam
1261 3399 1342 3472 lecit
1365 3403 1462 3474 Deus
1486 3399 1695 3497 sapientiam
1720 3397 1827 3494 hujus

238 3515 389 3590 mundi?
407 3521 495 3590 Nam
512 3518 598 3615 quia
610 3519 647 3590 in
666 3519 732 3592 Dei
747 3518 919 3616 sapientia
932 3543 1008 3594 non
1027 3520 1197 3616 cognovit
1213 3518 1370 3594 mundus
1385 3544 1451 3619 per
1465 3519 1677 3617 sapientiam
1693 3521 1824 3609 Deum,

239 3634 372 3734 placuit
392 3639 470 3707 Deo
496 3660 561 3733 per
577 3637 765 3712 stultitiam
785 3636 1049 3736 predicationis
1073 3639 1191 3712 salvos
1217 3638 1330 3712 lacere
1352 3637 1551 3714 credentes.
1566 3667 1584 3708 s
1601 3641 1647 3710 Et
1669 3650 1752 3735 post
1767 3635 1828 3710 ali·

240 3757 332 3853 qua·
359 3779 368 3825 s
394 3754 575 3848 «Videte,
604 3757 743 3853 iuquit,
770 3758 999 3834 vocationem
1026 3772 1205 3848 vestram,
1234 3761 1394 3851 Fratres,
1422 3757 1596 3854 qnoniam
1624 3779 1698 3830 uon
1725 3755 1829 3830 multi

240 3875 415 3973 sapientes
441 3874 639 3948 secundum
665 3899 822 3964 caruem,
843 3900 918 3970 non
942 3875 1046 3950 multi
1070 3891 1250 3975 potentes,
1269 3902 1346 3952 non
1369 3876 1474 3956 multi
1494 3874 1645 3967 nobiles,
1664 3874 1728 3956 scd
1749 3899 1830 3972 quoe

240 3993 346 4066 stulta
367 4007 453 4066 sunt
469 3994 595 4066 mundi
606 3993 716 4091 ‚elegit
729 4000 841 4086 Deus,
860 4009 901 4067 ut
916 3995 1116 4072 contundat
1131 3997 1329 4095 sapientam
1346 4009 1385 4069 et
1400 3994 1542 4074 miirnra
1558 3994 1685 4080 mundi
1701 3995 1826 4091 elegit,

227 4125 281 4210 'ut
300 4112 498 4188 confundat
515 4113 636 4207 fortia,
655 4127 690 4187 et
704 4113 879 4213 ignobilia
893 4115 1018 4190 muudi
1034 4131 1071 4190 et
1088 4115 1375 4214 contemptibilia
1397 4115 1516 4212 elegit,
1538 4128 1576 4188 et
1593 4140 1633 4190 ea
1652 4139 1731 4213 quc
1748 4138 1829 4196 nott

241 4247 336 4322 sunt,
364 4246 405 4304 ut
429 4256 472 4305 ea
499 4248 686 4330 quaesunt
710 4234 925 4328 destrueret,
956 4250 996 4308 ut
1022 4259 1097 4310 uon
1118 4235 1291 4333 gloriatin
1318 4233 1436 4306 omnis
1460 4258 1546 4310 caro
1570 4235 1608 4307 iu
1635 4247 1830 4331 conspectu

242 4351 330 4447 ejus,
343 4365 394 4441 ut,
404 4351 713 4449 quemadmodum
724 4356 900 4454 scriptum
908 4368 974 4444 est,
984 4355 1055 4443 Qui
1062 4353 1250 4449 gloriatur,
1268 4354 1305 4425 in
1324 4354 1482 4436 Domino
1490 4352 1709 4450 glorietur.»
1726 4350 1830 4428 Unde

242 4483 277 4541 et
300 4469 492 4562 consilium
517 4468 563 4544 de
585 4470 643 4543 via
664 4472 860 4571 disciplina
883 4498 947 4571 per
969 4473 1208 4550 bumilitatem
1233 4471 1437 4570 arripienda
1460 4473 1499 4546 in
1523 4471 1651 4546 eadem
1673 4469 1831 4554 adnectit

243 4579 394 4686 epistola
414 4587 568 4664 diceus¹⁰
586 4616 595 4660 ε
616 4618 635 4660 u
651 4595 764 4666 Nemo
785 4615 824 4664 se
845 4591 1004 4666 seducat.
1028 4593 1065 4666 Si
1086 4592 1167 4690 quis
1187 4604 1307 4664 autem
1330 4590 1472 4666 videtur
1488 4593 1582 4668 inter
1604 4616 1669 4664 vos
1690 4590 1831 4690 sapiens

244 4729 319 4807 csse
334 4703 372 4782 in
389 4704 461 4779 hoc
483 4708 624 4803 saecttlo,
645 4707 773 4788 stultus
790 4708 852 4783 fiat
870 4725 911 4784 ut
929 4711 975 4782 sit
990 4711 1143 4810 sapiens.
1166 4710 1345 4809 Sapientia
1359 4712 1458 4786 enim
1476 4710 1583 4809 hujus
1601 4710 1727 4786 mundi
1742 4706 1830 4784 stui-

275 4945 390 4997 ¹Prolm.
409 4958 468 5008 ort,
489 4961 513 4999 r.
535 4951 561 5000 t.
582 4973 614 4986 -
632 4947 717 5012 tiit,
740 4962 796 5011 cap.
816 4961 856 5008 ιιι,
879 4963 903 4999 ι.
922 4952 960 5001 10.
979 4975 1010 4987 -
1063 4964 1114 5014 cap.
1139 4965 1158 5002 ι.
1173 4965 1195 5003 ι.
1217 4954 1255 5004 rs.
1273 4977 1301 4989 -
1317 4949 1420 5013 mota,
1434 4963 1458 5003 ι.
1476 4954 1517 5004 tt).
1535 4976 1566 4989 -
1579 4948 1679 5013 urta,
1700 4964 1722 5000 r.
1742 4951 1783 5001 26.
1800 4975 1829 4984 -

244 5027 359 5078 'Parim
368 5040 422 5092 arr,
435 5042 458 5075 ι.
470 5031 548 5080 22-
559 5028 740 5091 ‘coleman
754 5041 782 5089 ιι,
794 5042 818 5079 r.
831 5029 1009 5091 t.-⁵Pror.,
1065 5030 1203 5094 '‘coeiam.
1219 5031 1241 5095 t,
1254 5043 1307 5094 sap
1317 5043 1354 5092 ur,
1366 5044 1389 5079 r.
1402 5032 1439 5084 ta.

244 5118 298 5168 cap.
305 5117 342 5168 ιιι,
353 5119 379 5156 r.
392 5110 462 5158 tb—
472 5107 482 5140 ⁸
492 5106 592 5172 batth,
606 5120 659 5171 cap.
672 5119 704 5171 ιι,
715 5121 739 5158 r.
752 5110 826 5160 25.-
838 5109 846 5140 ²
859 5106 971 5158 Corinth
983 5109 1008 5173 1,
