4559 6100
470 616 494 683 4
1066 616 1192 688 PETRI
1216 614 1444 688 ABAELARDI

470 766 547 832 Deo
566 775 702 832 tantam
719 762 961 858 eloquentiam
985 787 1028 836 ac
1044 765 1255 862 sapientiam
1272 779 1451 837 assecutus
1467 776 1570 851 esset,
1595 760 1697 858 plura
1719 771 1839 829 tamen
1860 755 1898 825 in
1923 752 2061 849 scriptis

469 880 541 951 suis
554 903 704 951 erronee
721 880 836 977 posita
855 881 1082 954 retractando
1097 897 1205 981 atque
1222 881 1435 980 corrigendo
1452 880 1631 979 professus
1648 889 1714 968 est,
1732 873 1870 946 dioens¹
1882 900 1890 942 ε
1904 900 1921 939 ιι
1939 874 2061 967 Neque

470 999 566 1070 enim
585 1001 798 1097 quisquam,
817 1001 884 1073 nisi
908 1001 1137 1101 imprudens,
1158 1002 1242 1075 ideo
1259 1004 1344 1098 quia
1368 1015 1485 1075 errata
1501 1022 1582 1072 mea
1597 992 1845 1096 reprebendo,
1866 1015 1923 1063 me
1940 1014 2061 1087 repre·

469 1118 628 1191 bendere
643 1117 802 1192 audebit.
823 1124 870 1190 Ut
885 1121 995 1215 volet,
1011 1121 1162 1220 quisque
1178 1104 1328 1221 accipiat
1342 1122 1414 1194 boc
1432 1119 1531 1218 quod
1547 1118 1657 1210 facio,
1671 1139 1730 1186 me
1744 1128 1865 1186 umen
1882 1108 2059 1207 Apostoli·

469 1261 551 1310 cam
566 1238 663 1310 illam
679 1240 892 1312 sententiam
910 1241 1130 1313 intuerietin
1146 1241 1215 1314 bac
1228 1266 1267 1314 re
1284 1241 1457 1340 oportuit,
1476 1238 1538 1311 ubi
1551 1238 1639 1310 ait¹:
1652 1233 1716 1305 «Si
1734 1231 1909 1328 nosipsos
1923 1227 2061 1324 judica·

470 1379 602 1448 remus,
617 1358 807 1430 aDomino
822 1382 897 1432 non
908 1360 1165 1456 judicaremur.
1179 1390 1197 1427 ι
1212 1360 1303 1432 lllud
1314 1361 1420 1432 etiarn
1436 1356 1537 1455 quod
1549 1357 1719 1454 scriptum
1732 1363 1785 1423 est
1794 1351 1823 1419 ἐ
1841 1379 1858 1413 α
1873 1351 1921 1417 Ex
1940 1345 2060 1416 multi·

468 1474 593 1573 loquio
610 1502 685 1549 non
702 1477 849 1576 effugies
865 1493 1065 1578 peceatum.
1081 1512 1097 1546 s
1114 1484 1204 1550 ltem
1220 1504 1260 1549 :u
1273 1482 1390 1566 Quem
1402 1492 1489 1551 vero
1504 1475 1675 1549 filiorum*
1687 1493 1835 1543 suorum
1847 1490 1920 1537 non
1937 1464 2080 1537 terruit·

469 1597 642 1690 Christus,
656 1595 720 1668 ubi
735 1597 785 1669 ait
797 1602 829 1669 ⁸:
852 1629 868 1665 ιι
889 1601 1007 1671 Omne
1022 1596 1175 1671 verbum
1193 1599 1350 1672 otiosum
1374 1597 1620 1697 quodcunque
1637 1589 1765 1664 dixerit
1778 1587 1912 1676 bomo,
1934 1581 2060 1655 reddet

473 1746 490 1779 α
508 1715 684 1788 rationem
697 1740 817 1814 proeo
827 1717 864 1787 in
873 1717 931 1789 die
936 1717 1075 1814 judicii.
1088 1747 1106 1785 ι
1119 1716 1224 1789 Unde
1231 1733 1267 1790 et
1277 1715 1466 1818 Apostolus
1480 1712 1636 1787 lacobus
1649 1737 1658 1782 ι
1673 1738 1691 1778 ιι
1702 1708 1771 1797 Sit,
1786 1704 1929 1800 inquid,
1943 1701 2061 1773 omnis

474 1865 490 1897 ι
508 1834 621 1905 borno
638 1834 740 1907 velox
757 1834 804 1908 ad
820 1835 1056 1924 audiendum,
1074 1835 1197 1908 tardus
1214 1851 1336 1908 antem
1353 1831 1685 1932 adloquendum.»
1701 1822 1968 1898 Etalioloco⁷·:
1986 1848 2003 1886 r<
2023 1821 2060 1890 Si

473 1982 489 2017 ιι
507 1953 587 2050 quis
602 1953 640 2024 in
658 1952 769 2025 verbo
782 1977 856 2025 non
874 1954 1042 2044 offendit,
1060 1955 1121 2027 bie
1136 1955 1315 2053 perfectus
1332 1968 1385 2027 est
1397 1955 1489 2025 vir.»
1501 1955 1576 2048 Ego
1590 1949 1685 2022 banc
1701 1943 1955 2044 perlectionem
1972 1938 2061 2010 mihi

470 2097 537 2144 nec
564 2097 662 2145 nunc
682 2096 812 2170 arrogo
834 2098 918 2146 cum
942 2074 1009 2145 sim
1033 2098 1154 2166 senex,
1176 2088 1312 2171 quanto
1335 2074 1551 2144 minuscum
1572 2066 1714 2166 juvenis
1735 2061 1828 2160 coepi
1844 2058 2021 2131 scribere?
2040 2087 2057 2124 n

468 2193 570 2266 Tanti
583 2192 703 2289 itaque
715 2192 783 2263 viri
799 2194 993 2266 instructus
1012 2194 1190 2293 exemplo,
1209 2193 1323 2290 siqua
1339 2191 1429 2264 forte
1444 2215 1510 2290 per
1524 2210 1683 2262 errorem
1698 2181 1891 2283 proferam,
1910 2175 2010 2249 nulla
2021 2177 2058 2246 in

470 2310 525 2381 bis
541 2335 606 2411 per
622 2312 929 2409 contemptionem
943 2308 1156 2405 defenda‘m,
1176 2326 1239 2384 aut
1260 2337 1326 2410 per
1344 2311 1536 2384 elationem
1551 2326 1777 2406 praesumam,
1793 2313 1834 2370 ut
1849 2299 1878 2370 si
1894 2294 2059 2368 nondum

468 2430 679 2525 ignorantiae
691 2430 778 2500 vitio
796 2453 955 2522 caream,
974 2431 1117 2502 baeresis
1136 2445 1256 2502 tamen
1273 2431 1408 2502 crimen
1428 2454 1503 2500 non
1526 2430 1719 2498 incurram.
1740 2424 1819 2491 Non
1838 2416 1933 2489 enim
1953 2416 2058 2509 igno—

469 2548 584 2619 rantia
610 2546 817 2619 haereticum
845 2547 946 2641 facit,
963 2547 1027 2621 sed
1055 2549 1167 2645 magis
1188 2547 1363 2647 superbie
1389 2545 1620 2619 obstinatio⁸2
1640 2537 1821 2633 numquis
1835 2532 2000 2606 videlicet
2016 2558 2059 2605 ex

421 2658 423 2673 '
470 2667 628 2739 novitate
644 2666 762 2764 aliqua
782 2689 914 2738 nomen
937 2667 1004 2739 sibi
1027 2691 1237 2766 comparare
1264 2665 1490 2758 desiderans,
1509 2660 1644 2761 aliquid
1667 2657 1873 2730 inusitatum
1902 2653 2060 2754 proferre

469 2784 660 2880 gloriatur,
681 2783 781 2882 quod
802 2782 973 2857 adversus
996 2809 1123 2858 omnes
1145 2784 1340 2859 defendere
1366 2786 1610 2883 inopportune
1633 2778 1770 2867 nititur,
1793 2786 1834 2844 ut
1854 2771 1911 2843 vel
1936 2771 2060 2842 ceteris

469 2904 645 3001 superior,
661 2902 720 2975 vel
738 2900 844 2974 nullis
858 2901 1035 2975 habeatur
1049 2903 1211 2979 inferior.
1228 2904 1333 2976 Unde
1345 2901 1552 2976 Gennadius
1564 2894 1790 2972 Massiliensis
1802 2892 2000 2990 Episcopus
2017 2888 2061 2960 de

472 3020 679 3095 Orrltodoxa
697 3019 773 3121 fide
791 3021 1118 3095 Ecclesiasrzeorum
1144 3021 1383 3122 dogntotnm':
1401 3020 1599 3111 «Quolibet
1614 3018 1694 3117 quis
1712 3014 1914 3112 acquiescat
1932 3008 2057 3099 modo,

471 3156 611 3214 nonest
627 3141 824 3232 haereticus,
841 3142 937 3214 nisi¹⁰
949 3144 985 3213 in
1001 3144 1234 3215 contentione
1250 3142 1433 3215 baereticus
1450 3140 1550 3214 fiat.»
1565 3136 1781 3236 Augustinus
1796 3127 2003 3227 inEpirtola
2013 3127 2064 3199 od
2182 3159 2187 3166 ²

471 3264 692 3359 Optaretne:
711 3293 728 3327 u
746 3261 783 3331 Si
801 3259 847 3332 de
865 3263 986 3334 anima
1001 3262 1163 3335 falsitatis
1176 3263 1322 3335 assertio
1342 3261 1559 3360 proferatur,
1581 3272 1616 3331 et
1636 3255 1767 3328 falsitas
1785 3247 2008 3336 mendacem,
2025 3262 2061 3320 et

467 3379 626 3453 falsitatis
642 3382 889 3478 inopportuna
906 3380 1070 3454 defensio
1087 3383 1295 3454 baercticum
1306 3380 1438 3453 facit.»
1454 3384 1586 3451 Rursus
1602 3375 1701 3449 idem
1716 3395 1825 3470 snper
1844 3369 2054 3441 Genesim¹¹:

472 3529 489 3564 e
510 3503 589 3569 Non
614 3497 664 3570 ob
683 3497 779 3569 aliud
800 3512 885 3569 sunt
903 3498 1073 3591 baeretici,
1094 3499 1163 3571 nisi
1181 3498 1282 3597 quod
1305 3500 1501 3598 scripturas
1515 3496 1708 3570 canonicas
1721 3515 1797 3563 non
1815 3501 1911 3561 recte
1931 3485 2059 3557 intelli·

468 3631 604 3714 gentes,
624 3640 705 3687 suas
722 3615 825 3689 falses
841 3617 1032 3713 opiniones
1046 3632 1174 3689 contra
1189 3640 1312 3687 earnm
1331 3617 1516 3688 veritatem
1526 3613 1753 3712 pertinaciter
1769 3618 1943 3681 asserunt.
1958 3632 1976 3671 n
1988 3607 2060 3691 Qui

469 3749 504 3807 et
520 3739 556 3805 in
573 3732 666 3806 libro
684 3731 727 3803 de
753 3733 913 3805 Utilitnte
933 3733 1110 3824 credendi,
1137 3734 1344 3807 haereticum
1363 3733 1550 3830 diligenter
1573 3729 1806 3804 describens¹³
1824 3751 1833 3793 τ
1853 3722 2056 3810 Hernicus,

469 3854 603 3949 inquit,
623 3884 641 3920 α
657 3867 726 3943 est,
750 3867 788 3923 ut
805 3875 886 3924 mea
909 3851 976 3924 fert
998 3852 1144 3949 opinio,
1163 3854 1226 3950 qui
1244 3852 1393 3925 alicuius
1410 3850 1618 3950 temporalis
1633 3844 1835 3935 commodi,
1853 3856 1889 3913 et
1906 3840 2059 3912 maxime

470 3972 589 4068 gloriae
605 3995 733 4060 causa,
752 3969 854 4043 falsas
879 3994 921 4043 ac
939 3994 1053 4043 novas
1071 3972 1261 4071 opiniones
1278 3973 1333 4045 vel
1353 3971 1486 4069 gignit,
1503 3969 1560 4042 vel
1576 3969 1748 4065 sequitur.
1766 3994 1784 4030 r>
1803 3964 1889 4033 ltem
1908 3957 2005 4031 idem
2020 3961 2058 4030 in

471 4113 570 4162 xvrn.
590 4089 633 4160 de
653 4090 801 4162 Ciuitate
816 4092 936 4160 Deil:
957 4120 973 4156 ι
987 4092 1056 4177 Qui
1077 4092 1114 4162 in
1132 4091 1282 4164 ecclesio
1295 4091 1414 4189 aliqua
1429 4112 1541 4188 prava
1555 4088 1711 4185 sapiunt,
1725 4086 1754 4156 si
1768 4078 1918 4154 correcti
1930 4091 2059 4149 contu-

469 4209 617 4281 maciter
641 4209 827 4298 resistunt,
846 4222 883 4280 et
897 4233 962 4281 sua
977 4209 1143 4307 pestilera
1159 4209 1327 4306 dogmata
1346 4208 1538 4282 emendare
1558 4204 1704 4294 nolunt,
1729 4199 1793 4273 sed
1815 4211 1851 4271 et
1867 4194 2059 4268 defendere

470 4329 676 4427 persistunt,
696 4326 854 4397 haeretici
870 4324 973 4398 fiunt.
995 4331 1162 4399 »Rursus
1176 4327 1272 4400 idern
1289 4327 1335 4400 de
1355 4330 1467 4399 Unico
1478 4325 1665 4423 baptismo,
1678 4319 1742 4392 lib.
1760 4341 1798 4389 tr
1813 4342 1822 4386 z
1835 4318 1977 4385 «Istum
1989 4312 2058 4384 bm-

469 4449 619 4520 reticum
637 4446 800 4519 nondum
817 4444 915 4532 dico,
927 4446 994 4518 uisi
1007 4446 1231 4520 manifestata
1245 4446 1314 4518 sibi
1330 4444 1495 4518 doctrina
1508 4441 1692 4517 Catholica
1707 4437 1792 4511 fidei
1807 4435 1968 4508 resistere
1980 4456 2059 4505 ma·

467 4568 586 4659 luerit,
604 4580 640 4638 et
655 4565 743 4639 illud
764 4564 866 4662 quod
881 4563 1026 4637 tenebat
1048 4565 1204 4662 elegerit.
1227 4596 1244 4632 s>
1259 4565 1329 4638 Sed
1345 4564 1420 4638 baec
1437 4545 1623 4637 hactenus.
1652 4564 1755 4632 Nunc
1767 4556 1814 4630 ad
1834 4553 2057 4654 propositum

468 4685 691 4760 accedamus.
1126 4709 1136 4722 ·

499 4942 622 4995 *aenan
640 4942 722 5007 not,
738 4947 814 5011 opp,
831 4957 849 4999 t.
868 4947 888 5011 1,
904 4950 951 5001 cot
968 4954 989 5001 ι.
1004 4978 1032 4987 -
1046 4950 1189 5013 ’canere
1209 4945 1233 5010 ι,
1288 4962 1342 5014 cap.
1363 4963 1406 5013 tu,
1422 4963 1446 5001 v.
1459 4951 1483 5001 a
1497 4943 1718 5003 arienne,
1732 4938 1795 4990 cod·
1809 4936 1871 4988 vles
1885 4961 1914 4972 -
1928 4930 1995 4994 ’Cn
2012 4943 2056 4981 vu·

467 5037 521 5086 cap.
536 5038 578 5084 ιι,
589 5039 612 5075 r.
627 5028 756 5082 tt—Un
763 5028 924 5094 multiloquio
936 5045 987 5084 non
1001 5033 1079 5083 deerit
1087 5040 1234 5099 peccorum,
1289 5033 1343 5068 -¹·
1353 5030 1412 5081 Nisi
1421 5025 1690 5093 perscrutatione,
1702 5019 1763 5071 Cod-
1777 5007 2056 5078 vles.-110pp.,r.lll.

467 5103 558 5165 nov„
571 5119 624 5168 op.
639 5119 664 5161 ι,
678 5121 700 5157 v.
719 5107 758 5158 n.
772 5136 800 5145 -
813 5110 909 5161 «aner
923 5109 1060 5161 rursum.
1077 5137 1105 5148 -
1118 5113 1126 5143 ⁵
1137 5113 1233 5173 uatis..
1287 5112 1334 5161 cn.
1347 5115 1403 5162 nr.
1418 5135 1445 5145 -
1456 5111 1473 5142 ¹²
1483 5109 1563 5172 opp,
1574 5114 1593 5158 ι.
1606 5103 1677 5166 nn,
1695 5103 1742 5153 cn.
1756 5103 1795 5153 rs
1810 5125 1838 5136 -
1852 5099 1867 5129 ¹³
1879 5096 1954 5159 oure
1968 5100 1986 5142 t·
2000 5088 2054 5148 vn,

467 5196 522 5246 rap.
542 5197 591 5246 ru,
605 5199 626 5234 r.
648 5183 860 5250 aa.-⁸nc01›.‚
878 5205 932 5253 cap.
948 5204 966 5250 ι,
977 5203 1000 5239 r.
1015 5191 1053 5240 19.
1070 5218 1098 5227 -
1111 5194 1119 5224 ⁷
1132 5189 1232 5250 Jacob,
1288 5191 1334 5241 col.
1348 5193 1403 5242 53³.
1416 5192 1470 5226 -¹⁴
1482 5188 1556 5252 opp,
1574 5194 1591 5235 t.
1612 5182 1653 5245 Ιχ,
1665 5182 1711 5233 0⁰¹·
1730 5181 1785 5234 ¹⁹1·
