4559 6100
464 551 537 627 206
1070 544 1200 618 PETRI
1225 539 1463 614 sumtum

464 702 559 775 tibus
578 701 727 791 meritis,
744 698 800 770 vel
814 695 933 794 aliqua
951 717 1058 769 causa
1075 693 1278 768 rationabili
1297 718 1376 792 quar
1392 685 1464 762 hoc
1481 690 1561 790 ipso
1572 688 1772 789 quodjusta
1783 704 1889 784 esset,
1903 692 2072 768 omnihus

464 826 605 924 placere
629 821 789 893 deberet.
816 818 980 916 Denique
1005 816 1085 915 quis
1109 816 1267 914 aliquem
1288 815 1437 911 dignum
1459 812 1569 910 gratia
1590 826 1747 902 censeat,
1773 837 1883 911 quem
1904 838 1979 886 non
2006 814 2073 889 sibi

466 946 588 1043 gratis,
608 941 672 1014 sed
690 938 887 1039 cupiditate
903 937 1149 1010 retributionis
1166 936 1345 1009 deservire
1360 933 1528 1005 noverit?
1546 931 1582 1003 Si
1604 957 1672 1031 pro
1696 931 1769 1005 hoc
1790 934 1937 1008 servitio
1954 938 2073 1032 gratiae

466 1065 636 1162 cuiquam
649 1063 700 1134 rei
717 1076 800 1133 sunt
820 1058 1028 1148 referendae,
1041 1059 1154 1156 magis
1167 1056 1276 1130 rebus
1289 1057 1419 1129 nostris
1434 1080 1501 1155 pro
1514 1053 1645 1153 quibus
1657 1053 1763 1126 nobis
1784 1056 1942 1149 servitia,
1963 1083 2072 1156 quam

465 1183 507 1254 iis
524 1183 586 1281 qui
603 1181 812 1254 deserviunt
828 1179 1039 1253 exhibendae
1055 1193 1152 1251 sunt.
1171 1178 1292 1251 Veluti
1309 1202 1394 1250 cum
1409 1175 1498 1247 mihi
1517 1176 1759 1248 mercenarius
1776 1201 1886 1274 quem
1898 1178 2070 1273 conduxi,

466 1329 535 1403 pro
553 1304 666 1375 multa
682 1301 850 1375 mercede
866 1299 1019 1372 multum
1036 1299 1192 1373 deservit
1208 1323 1250 1373 ac
1265 1296 1419 1398 proficit,
1441 1311 1502 1368 aut
1521 1322 1605 1368 cum
1625 1295 1716 1369 mihi
1732 1296 1860 1396 aliquis
1881 1322 2005 1372 amore
2021 1298 2074 1372 al-

468 1424 591 1516 terius,
612 1448 687 1496 non
700 1421 884 1521 meiipsius
898 1420 986 1492 mihi
1001 1419 1207 1494 famulatur.
1228 1419 1299 1493 Sed
1314 1444 1392 1518 quae
1409 1432 1462 1490 est
1478 1418 1590 1515 gratia
1603 1417 1790 1491 reserenda
1804 1419 1846 1491 iis
1859 1444 1927 1517 pro
1944 1420 2074 1517 quibus

466 1543 506 1616 id
523 1543 575 1638 lit,
597 1569 671 1616 non
691 1544 740 1616 eis
758 1543 821 1641 qui
838 1542 970 1614 iaciunt
985 1540 1250 1654 estreddenda.
1275 1545 1318 1611 At
1342 1540 1491 1612 sortasse
1516 1538 1617 1630 dicis,
1643 1540 1819 1638 quoniam
1840 1544 1937 1613 Deus
1957 1542 2074 1641 seipso

467 1688 535 1735 nos
551 1690 625 1737 non
643 1666 710 1738 alia
725 1690 763 1738 re
775 1677 829 1738 est
842 1677 1148 1756 remuneraturus,
1162 1677 1197 1734 et
1214 1662 1370 1761 seipsum
1381 1686 1456 1759 quo
1471 1660 1559 1732 nihil
1573 1660 1690 1757 majus
1703 1674 1772 1758 est,
1787 1676 1827 1733 ut
1843 1667 1971 1735 Beatus
1987 1687 2076 1760 quo·

468 1808 538 1883 que
557 1785 722 1857 meminit
740 1785 971 1882 Augustinus
989 1781 1096 1855 nobis
1113 1797 1166 1855 est
1183 1783 1343 1856 daturus.
1365 1781 1469 1853 Unde
1488 1807 1573 1853 curn
1594 1781 1626 1853 ei
1643 1780 1802 1854 deservis
1818 1807 1886 1881 pro
1908 1807 1953 1854 eo
1975 1782 2074 1879 quod

469 1918 635 2002 expectas
650 1905 696 1977 ab
715 1930 773 1998 eu,
792 1904 829 1977 id
846 1919 899 1976 est
915 1929 984 2003 pro
1004 1919 1138 1976 aeterna
1160 1902 1384 1976 heatitudine
1401 1901 1464 1974 tibi
1481 1901 1672 2002 promissa,
1697 1903 1823 2001 utique
1845 1918 1996 2003 propter
2018 1904 2074 2003 ip-

468 2047 549 2096 sum
567 2023 604 2094 id
619 2050 711 2123 pura
725 2050 768 2098 ac
781 2026 919 2098 sincere
932 2026 1019 2122 agis,
1036 2040 1070 2097 et
1082 2048 1150 2124 pro
1163 2021 1347 2121 illaquam
1359 2021 1804 2115 deberremuneratione,
1817 2025 1909 2095 sicut
1926 2023 2075 2123 ipsemet

470 2142 655 2236 admonet,
675 2144 798 2218 dicens
811 2144 937 2217 beatos
954 2144 1033 2217 illos
1050 2145 1111 2243 qui
1126 2146 1263 2244 seipsos
1276 2158 1426 2243 propter
1441 2168 1593 2241 regnum
1615 2141 1790 2215 coelorum
1816 2156 2072 2216 castraverunt.

469 2266 512 2335 Et
530 2265 754 2338 Psalmista¹z
770 2296 787 2335 a
804 2266 988 2357 lnclinavi,
1005 2293 1024 2334 u
1044 2266 1175 2363 inquit,
1197 2289 1432 2338 «cormeum
1451 2263 1497 2337 ad
1512 2263 1693 2337 iaciendas
1710 2261 1986 2371 justificationes
1998 2280 2075 2337 tuas

467 2399 615 2484 propter
632 2386 919 2460 retributionem.
941 2415 957 2447 a
979 2390 1027 2458 hc
1046 2401 1132 2458 tune
1149 2385 1312 2486 profecto
1328 2388 1447 2458 Deum
1463 2410 1553 2485 pure
1567 2409 1610 2458 ac
1627 2387 1764 2458 sincere
1779 2400 1929 2485 propter
1945 2411 1983 2458 se
1994 2385 2074 2457 dili·

467 2530 645 2602 geremus,
674 2508 703 2580 si
723 2533 789 2607 pro
816 2533 854 2580 se
880 2507 917 2579 id
944 2506 1213 2599 tantummodo,
1244 2531 1321 2579 non
1348 2533 1418 2606 pro
1446 2523 1570 2580 nostra
1588 2506 1739 2581 utilitate
1762 2508 1957 2581 laceremus
1980 2535 1988 2578 ε
2009 2533 2075 2581 nec

467 2625 587 2722 qualia
604 2627 711 2699 nobis
724 2628 850 2720 donet,
872 2626 935 2699 sed
952 2628 987 2698 in
1005 2627 1171 2726 sequalis
1187 2629 1263 2727 ipse
1279 2629 1323 2700 sit
1340 2628 1620 2702 attenderemus.
1638 2630 1673 2700 si
1693 2645 1813 2703 autem
1830 2654 1912 2701 eum
1933 2643 2075 2700 tantum

468 2744 504 2815 in
518 2768 624 2817 causa
641 2746 844 2818 dilectionis
859 2770 1090 2844 poneremus,
1109 2747 1274 2846 prolecto
1298 2747 1477 2845 quidquid
1489 2762 1611 2846 ageret
1632 2750 1688 2822 vel
1703 2749 1740 2821 in
1759 2774 1826 2821 nos
1844 2747 1899 2819 vel
1913 2748 1950 2819 in
1968 2747 2072 2837 alios,

468 2865 642 2962 quoniam
657 2890 733 2937 non
748 2867 815 2938 nisi
828 2865 866 2936 id
879 2866 1016 2963 optime
1036 2866 1178 2958 laceret,
1198 2892 1295 2958 eum,
1312 2882 1353 2939 ut
1369 2868 1590 2961 dictumest,
1610 2895 1711 2969 aeque
1729 2868 1970 2967 diligeremus,
1990 2868 2077 2967 quia

468 3008 611 3084 semper
622 2987 659 3083 in
672 3011 716 3058 eo
735 3000 865 3059 nostrae
879 2985 1080 3060 dilectionis
1098 2988 1244 3084 integrae
1261 3012 1406 3062 causam
1424 2989 1682 3084 inveniremus,
1701 2990 1764 3089 qui
1781 2991 1917 3087 integre
1934 3013 2077 3090 semper

468 3119 504 3177 et
520 3106 649 3177 eodem
665 3106 776 3178 modo
793 3106 912 3179 bonus
925 3108 959 3178 in
978 3132 1015 3179 se
1035 3122 1071 3179 et
1085 3131 1210 3180 amore
1228 3107 1359 3205 dignus
1374 3127 1593 3210 perseverat.
1619 3112 1711 3186 Talis
1729 3125 1782 3184 est
1799 3137 1904 3183 verus
1920 3126 2076 3210 paternae

467 3222 670 3298 dilectionis
684 3226 832 3299 allectus
843 3228 881 3298 in
901 3225 1029 3315 filium,
1050 3227 1106 3299 vel
1124 3242 1228 3300 castae
1244 3229 1365 3301 uxoris
1379 3230 1416 3301 in
1435 3231 1565 3324 virum,
1585 3256 1669 3304 cum
1695 3257 1758 3305 eos
1779 3233 1888 3304 etiam
1904 3230 1970 3304 sibi
1993 3233 2075 3304 inu·

467 3345 548 3417 tiles
563 3347 676 3443 magis
692 3347 858 3445 diligunt,
875 3372 984 3446 quam
998 3371 1236 3445 quoscunque
1251 3350 1411 3423 utiliores
1428 3351 1539 3449 magis
1552 3350 1687 3426 habere
1699 3367 1863 3452 possent3
1876 3378 1944 3425 nec
1960 3353 1989 3424 si
2005 3377 2078 3451 qua

468 3481 617 3565 propter
631 3468 693 3539 eos
711 3467 945 3541 incommoda
959 3468 1150 3559 sustinent,
1170 3484 1291 3568 potest
1308 3496 1411 3544 amor
1428 3473 1566 3543 minui:
1589 3473 1763 3571 quoniam
1783 3473 1917 3546 amoris
1939 3474 2078 3571 integra

469 3610 576 3658 causa
589 3585 748 3659 subsistit
758 3589 794 3659 in
807 3589 892 3686 ipsis
907 3611 1000 3686 quos
1013 3587 1181 3685 diligunt,
1195 3589 1282 3661 dum
1301 3616 1363 3664 eos
1374 3591 1524 3685 habent,
1545 3618 1620 3665 non
1637 3594 1674 3665 in
1691 3593 1895 3669 commodis
1911 3595 1984 3667 suis
1997 3620 2077 3692 quae

469 3730 534 3802 per
551 3730 613 3776 eos
633 3704 803 3777 habeant.
824 3705 934 3793 Quod
959 3705 1051 3778 bene
1075 3708 1112 3777 in
1140 3708 1390 3782 consolatione
1415 3713 1515 3784 luliae
1541 3713 1663 3785 uxoris
1683 3714 1857 3786 Corneliae
1885 3715 2079 3813 Pompeius

469 3823 585 3894 victus
601 3838 637 3895 et
654 3824 805 3922 proluga
821 3848 1113 3898 commemorans
1128 3828 1219 3898 ait':
1239 3829 1376 3917 «Quod
1391 3832 1502 3905 defles
1525 3832 1562 3905 id
1576 3834 1717 3906 amasti.
1731 3863 1750 3902 n
1767 3836 1867 3933 Saepe
1884 3834 1992 3907 etiam
2012 3837 2078 3933 qui

470 3940 625 4015 liberalis
641 3959 724 4016 sunt
742 3946 852 4017 animi
868 3944 1050 4038 homines,
1063 3947 1171 4019 etiam
1181 3949 1293 4046 magis
1304 3950 1530 4026 honestatem
1541 3980 1650 4052 quam
1664 3956 2076 4055 utilitatemsequuntur.

367 4090 370 4099 ¹
470 4065 506 4134 Si
524 4065 588 4162 qui
603 4063 694 4137 forte
710 4068 763 4136 sui
782 4065 986 4137 consimiles
1001 4066 1170 4156 viderint,
1198 4093 1218 4140 a
1242 4070 1373 4168 quibus
1397 4087 1517 4148 tamen
1541 4075 1632 4147 nihil
1658 4077 1893 4149 emolumenti
1916 4094 2076 4178 sperent,

471 4185 617 4281 majoris
640 4209 702 4256 eos
728 4185 930 4257 dilectionis
952 4187 1219 4284 amplectuutur
1245 4191 1388 4281 all'ectu,
1414 4220 1523 4294 quam
1552 4198 1718 4297 proprios
1747 4223 1871 4271 servos
1895 4223 1916 4271 a
1945 4197 2080 4297 quibus

470 4305 681 4403 quotidiana
707 4306 906 4403 suscipiunt
931 4308 1138 4381 cctnmoda.
1167 4312 1311 4384 Utinam
1323 4328 1359 4386 et
1372 4316 1408 4387 in
1426 4316 1624 4388 Dominum
1639 4333 1713 4389 tam
1730 4320 1909 4392 sincerum
1923 4318 2079 4393 habere·

469 4450 550 4498 mus
567 4424 748 4514 allectum,
764 4440 804 4497 ut
823 4426 1025 4499 secundum
1041 4430 1143 4525 quod
1160 4430 1349 4507 bonusest
1371 4435 1406 4506 in
1424 4461 1462 4508 se
1485 4439 1598 4536 magis
1616 4463 1724 4537 quarn
1750 4440 1950 4512 secundum
1972 4443 2080 4540 quod

470 4545 577 4618 nohis
593 4546 688 4617 utilis
707 4560 773 4634 est,
792 4570 876 4616 eum
894 4546 1134 4644 diligeremus,
1153 4553 1232 4623 etei
1250 4554 1351 4650 quod
1368 4581 1474 4629 suurn
1488 4572 1540 4629 est
1558 4574 1682 4632 nostra
1696 4559 1834 4657 integre
1846 4561 1983 4657 justitia
1996 4587 2080 4636 scr·

470 4683 581 4759 varet,
601 4680 638 4738 ut
655 4667 739 4764 quia
755 4666 921 4739 videlicet
937 4693 1077 4741 summe
1097 4686 1149 4741 est
1164 4669 1299 4764 bonus,
1318 4701 1458 4749 summe
1474 4678 1521 4753 ab
1536 4679 1708 4752 omnibus
1721 4680 1942 4779 diligeretur.
1968 4683 2081 4772 Quod

469 4802 590 4860 autem
604 4785 719 4859 fidelis
733 4788 854 4859 anima
872 4790 1069 4888 supradixit
1079 4791 1115 4863 in
1131 4793 1275 4867 Psalmo
1288 4820 1325 4868 se
1335 4797 1542 4872 inclinatam
1554 4801 1600 4874 ad
1613 4801 1710 4874 hona
1726 4827 1837 4902 opera
1847 4803 1954 4876 luisse
1964 4829 2081 4905 prop-

469 4921 524 4980 ter
538 4906 825 4998 retributionem,
853 4907 1129 4984 inchoationem
1142 4912 1250 4987 bonae
1268 4920 1501 5016 operationis,
1524 4948 1599 4994 non
1621 4923 1880 5022 perlectionem
1899 4925 2077 4999 ostendit.

501 5181 576 5233 tatere
587 5178 658 5235 harh.
675 5185 730 5246 Quo
746 5152 884 5234 artat-²
897 5180 996 5235 Praliu.
1011 5199 1092 5245 cxuu,
1104 5202 1126 5241 r.
1147 5192 1200 5241 tlt.
1215 5217 1243 5228 -
1256 5192 1404 5257 ³Pluarsul,
1417 5194 1479 5259 l'lll,
1491 5212 1514 5247 v.
1528 5202 1567 5249 85.
