4559 6100
199 73 364 143 caritotem
383 99 483 167 pram
497 98 574 167 erge
587 90 776 166 peccatores
792 70 908 145 haum
926 72 968 141 de
984 72 1066 141 ootlo
1090 71 1257 145 dmoendit
1276 72 1319 145 ed
1337 89 1452 153 utras,
1470 74 1526 162 qui
1541 73 1710 141 nobbcnm
1729 97 1804 140 ma·

199 214 278 258 nens
301 211 486 283 peccatores
505 194 627 285 recepit
648 209 682 261 et
701 215 778 263 enm
797 192 844 259 eis
862 191 1087 277 mmumvit,
1108 196 1166 284 qni
1187 211 1220 263 et
1234 217 1295 284 pro
1318 192 1542 284 peecatoribus
1561 216 1662 281 usque
1683 192 1726 261 ed
1749 193 1805 263 ilb

123 340 130 351 ¹
198 310 316 377 inferni
340 313 413 381 loca
436 313 493 378 ubi
515 329 701 404 peccatores
720 310 958 395 muciabunuu,
980 329 1018 377 nt
1038 335 1094 379 eos
1118 336 1137 381 u
1162 314 1328 381 tormentis
1352 312 1510 395 solueret,
1536 311 1716 383 descendit.
1738 311 1807 383 Sed

199 431 318 497 mirum
338 455 407 498 non
429 449 477 499 est
504 432 661 498 sicontra
692 431 860 499 ecclesian
875 432 1010 521 turpiter
1024 430 1189 522 loquendo
1211 430 1432 514 debaccharis,
1450 432 1507 519 qui
1523 447 1642 497 sanctes
1664 431 1805 499 ecclesiae

199 549 272 614 vitae
296 566 360 616 tum
383 551 534 641 qualitate
555 567 623 617 tam
643 551 770 619 fortiter
795 550 981 617 adversar's.
1006 550 1129 619 Verum
1152 551 1394 640 presumptioni
1419 567 1482 619 tue
1509 548 1584 616 ideo
1608 549 1807 619 decrevimus

199 668 450 758 ignoscendum,
476 672 552 759 qnia
571 694 638 736 non
654 693 696 737 ex
715 670 992 752 consideratione,
1016 669 1075 737 sed
1093 693 1133 735 ex
1150 668 1271 737 doloris
1288 669 1502 737 immensitate
1518 667 1554 735 id
1570 670 1654 759 agis,
1673 686 1706 736 et
1725 670 1808 737 sicut

201 786 359 855 damnum
380 791 523 879 eorporis
545 791 592 855 tui
606 813 667 880 pro
689 813 755 878 quo
779 789 825 855 sic
846 789 936 855 doles
958 788 1214 880 inrecupembile
1229 805 1296 870 est,
1321 788 1366 853 ita
1391 787 1486 859 dolor
1510 811 1607 877 quem
1628 789 1807 873 misicon-

200 909 324 974 unxisti
346 909 584 976 inconsolabilis
601 925 660 976 est.
686 908 751 975 Sed
770 907 864 974 valde
886 908 947 975 tibi
978 908 1086 974 divine
1109 907 1284 975 metuenda
1307 923 1355 973 est
1374 908 1496 993 justitia
1517 929 1580 990 ne,
1602 908 1683 973 sicut
1703 907 1808 977 cauda
1841 887 1848 905 ’

201 1050 264 1115 qna
285 1029 390 1118 prius,
409 1027 489 1095 dnm
505 1045 648 1119 peteres,
668 1027 891 1094 indifferenter
904 1028 1084 1119 pungebas,
1101 1028 1218 1093 merito
1234 1043 1298 1091 tuae
1317 1025 1530 1092 immunditiae
1546 1028 1606 1092 tibi
1624 1027 1732 1093 ablata
1746 1044 1809 1113 est,

201 1146 247 1211 ite
270 1163 304 1212 et
326 1147 434 1240 lingna
460 1171 524 1237 qna
545 1147 645 1213 modo
671 1149 788 1239 pungis
810 1147 996 1229 auferatur3
1022 1148 1110 1238 prim
1132 1148 1219 1214 enim
1242 1148 1352 1237 apium
1372 1145 1613 1213 similitudinem
1636 1147 1677 1214 de
1703 1147 1809 1214 caude

201 1266 378 1357 pungendo
405 1269 574 1358 portabas,
608 1291 698 1333 nunc
720 1290 799 1333 vero
824 1267 978 1356 serpentis
1006 1268 1180 1359 imaginem
1206 1265 1247 1332 de
1271 1267 1382 1357 lingue
1405 1266 1582 1358 pungendo
1611 1284 1733 1357 portas.
1759 1269 1808 1333 De

201 1385 319 1451 talibus
333 1388 367 1451 in
382 1388 508 1476 psalmo
525 1387 734 1453 dictumest:
758 1416 772 1445 κ
782 1387 947 1453 Acueruut
962 1385 1086 1477 linguas
1101 1410 1174 1453 suas
1190 1387 1271 1455 siem
1286 1404 1465 1478 serpentes,
1482 1408 1643 1455 venenum
1661 1387 1809 1477 aspidum

202 1506 264 1570 sub
283 1505 377 1572 labiis
397 1530 523 1577 eorum.
534 1540 548 1567 a
568 1506 633 1573 Sed
648 1531 689 1573 ne
713 1504 755 1573 de
770 1506 966 1573 contumelia
982 1505 1077 1572 nobis
1096 1507 1196 1573 inlata
1210 1508 1282 1598 plns
1306 1531 1399 1596 aequo
1416 1506 1526 1573 dolete
1548 1522 1581 1573 et
1598 1506 1809 1595 obloquendo

202 1647 263 1689 nos
284 1624 385 1691 modo
408 1626 517 1692 ulcisci
531 1627 614 1693 velle
629 1626 810 1710 videamur,
836 1626 878 1692 nd
898 1626 1004 1692 literas
1027 1642 1097 1693 tuas
1113 1629 1298 1708 veniemus,
1317 1643 1351 1693 et
1371 1650 1442 1717 qum
1463 1629 1499 1691 in
1519 1627 1563 1692 eis
1579 1626 1808 1712 concedenda,

202 1766 276 1832 que
300 1744 363 1809 sint
386 1745 558 1813 refutanda
574 1746 842 1813 demonstremus.
860 1746 994 1813 Initium
1014 1744 1179 1813 literarum
1196 1763 1323 1814 tuarum
1345 1746 1386 1812 de
1402 1769 1476 1813 mea
1499 1746 1704 1813 immunditia
1718 1764 1753 1813 et
1768 1747 1809 1815 de

203 1863 344 1928 eoclesiae
370 1862 458 1929 beati
492 1865 625 1931 Martini
651 1866 847 1933 contumelia
871 1882 930 1932 est.
962 1867 1012 1931 De
1037 1864 1170 1932 ecelesia
1197 1865 1310 1947 doleo,
1338 1865 1379 1930 de
1401 1888 1454 1931 me
1477 1882 1585 1941 eutem
1607 1865 1699 1931 laetus
1725 1889 1810 1950 sum,

166 2072 173 2077 ἢ
203 1982 280 2069 qnia
304 1982 339 2047 in
355 1985 489 2050 veritate
510 1983 608 2050 talem
634 2007 686 2050 me
709 2008 776 2051 esse
792 2008 988 2076 recognosco
1002 1984 1133 2074 qualem
1155 2008 1208 2052 me
1223 1981 1394 2051 scribendo
1412 1983 1569 2074 depingis.
1587 1985 1701 2049 Dixisti
1723 1987 1811 2053 enim

203 2123 258 2165 me
278 2102 368 2166 omni
388 2102 462 2167 vitm
484 2104 635 2194 spurcitia
650 2104 839 2170 notabilem.
855 2104 954 2187 Quod
970 2128 1070 2192 quum
1085 2105 1131 2169 ita
1148 2121 1213 2186 est,
1233 2105 1318 2171 hanc
1338 2118 1427 2167 tuam
1443 2103 1585 2169 veritatis
1605 2103 1811 2169 assertionem

204 2221 295 2308 quasi
312 2220 505 2309 quibusdam
520 2223 659 2288 brachiis
674 2223 814 2289 caritatis
829 2223 1018 2314 amplector,
1036 2224 1117 2290 etin
1134 2224 1240 2290 verbis
1255 2223 1318 2288 tuis
1335 2223 1426 2312 quasi
1440 2223 1475 2286 in
1490 2220 1624 2311 speculo
1634 2244 1688 2286 me
1706 2239 1811 2289 totum

60 2368 64 2377 ·
205 2339 338 2428 aspicio.
364 2338 429 2405 sed
450 2356 566 2430 potens
587 2357 636 2407 est
655 2344 743 2411 Deus
767 2343 809 2408 de
828 2341 990 2433 lapidibus
1009 2343 1076 2409 istis
1099 2344 1250 2410 suscitare
1269 2341 1351 2408 filios
1370 2342 1523 2407 Abrahae.
1546 2339 1633 2406 Nolo
1650 2342 1736 2407 enim
1758 2365 1812 2409 me

201 2456 392 2543 justificare,
410 2460 486 2547 quie
503 2460 530 2524 si
550 2461 687 2550 gloriam
702 2484 810 2526 meum
825 2484 985 2550 queram,
1009 2461 1112 2552 gloria
1127 2485 1201 2528 mea
1217 2461 1296 2527 nihil
1312 2479 1371 2528 est.
1396 2461 1490 2527 Absit
1505 2462 1593 2525 enim
1612 2476 1649 2526 ut
1673 2460 1814 2527 declinet

205 2597 263 2641 oor
283 2598 393 2642 meum
415 2579 449 2642 in
466 2580 565 2644 verba
586 2582 716 2646 melitite
738 2580 781 2646 ed
804 2580 1000 2646 excusandas
1016 2582 1239 2648 excusationes
1260 2581 1293 2645 in
1311 2581 1459 2670 peccatis.
1479 2577 1578 2662 Quod
1597 2602 1674 2645 vero
1692 2604 1810 2671 snper:

210 2727 225 2755 α
240 2696 329 2786 quod
356 2721 482 2764 summa
502 2701 615 2766 haeresi
635 2702 800 2767 convictus
820 2716 853 2767 et
881 2700 1008 2767 infamis
1026 2700 1095 2788 jum
1115 2717 1186 2767 toto
1206 2699 1331 2767 mundo
1354 2698 1504 2790 expulsus
1526 2699 1598 2781 sim,
1619 2730 1634 2757 ν
1659 2700 1730 2767 haec
1752 2702 1813 2767 triu

206 2814 313 2881 modis
336 2818 487 2883 omuibus
507 2818 620 2884 refello
651 2835 684 2885 et
716 2819 900 2886 testimonio
932 2820 1165 2888 suessionensis
1195 2836 1229 2887 et
1261 2819 1428 2887 Remensis
1456 2818 1597 2885 ecclesie
1634 2817 1713 2884 falsa
1745 2842 1813 2887 esse

206 2936 395 3023 pronuntio.
422 2937 458 3001 Si
478 2937 566 3003 enim
589 2938 762 3027 aliquando
777 2937 829 3005 vel
850 2940 886 3004 in
902 2939 1003 3005 verbo
1018 2938 1125 3030 ltpsus
1142 2940 1190 3005 fui
1205 2940 1256 3005 vel
1275 2963 1294 3004 a
1309 2940 1442 3005 veritate
1459 2937 1600 3020 denari,
1618 2960 1679 3003 nec
1703 2960 1813 3003 casum

85 3070 87 3074 ’
205 3055 297 3120 verbi
317 3080 377 3152 nec
399 3058 607 3125 assertionem
621 3058 692 3124 falsi
710 3061 914 3150 pertinaciter
930 3060 1083 3144 defendi,
1103 3060 1162 3130 sed
1183 3082 1310 3151 semper
1329 3059 1471 3149 paratior
1487 3056 1609 3124 discere
1635 3080 1733 3145 quam
1755 3058 1817 3124 do·

207 3195 293 3260 oete,
313 3177 455 3243 ammom
476 3177 520 3245 ad
541 3178 778 3270 correptionem
803 3182 995 3272 praeparavi,
1023 3203 1130 3271 neque
1151 3180 1239 3246 enim
1261 3181 1430 3246 haereticus
1456 3192 1503 3244 est
1528 3178 1600 3267 qui,
1621 3176 1697 3243 lioet
1715 3195 1812 3264 erret,

207 3314 352 3398 errorem
367 3311 477 3363 tamen
498 3321 566 3363 non
588 3297 745 3366 defendit.
767 3298 866 3366 Unde
884 3299 998 3367 beatus
1019 3301 1215 3392 Augustinus
1234 3322 1243 3367 t
1266 3330 1279 3357 ι
1292 3298 1370 3365 Non
1390 3298 1435 3363 ob
1451 3295 1539 3365 eliud
1561 3301 1637 3361 suut'
1651 3297 1813 3380 heretici,

207 3412 271 3478 nisi
290 3415 365 3504 quia
380 3415 557 3507 Scripturas
572 3441 676 3486 sacrm
698 3442 766 3486 non
780 3436 867 3486 reete
882 3420 1096 3512 intelligentes
1113 3420 1282 3511 opiniones
1297 3441 1370 3484 suus
1384 3433 1498 3483 contra
1521 3439 1634 3483 earum
1648 3418 1816 3484 veritatem

207 3534 416 3620 pertinaciter
439 3533 630 3605 defendunt.
643 3568 657 3597 »
683 3539 725 3604 Et
747 3538 791 3606 ad
815 3540 1022 3606 vincentium
1036 3540 1234 3607 Victorem:
1263 3569 1277 3597 ι
1291 3539 1385 3605 Absit
1404 3554 1441 3604 ut
1465 3535 1628 3603 arbitreris
1651 3551 1684 3601 te
1709 3560 1728 3601 e
1752 3535 1816 3604 fide

208 3652 367 3720 eatlmliea
391 3654 548 3741 deviasse,
572 3656 651 3746 qnia
672 3659 741 3749 ipse
759 3660 887 3726 unimus
905 3659 1115 3749 comptionis
1135 3658 1370 3750 preparatione
1393 3674 1427 3724 et
1446 3656 1683 3747 exspectatione
1703 3656 1815 3720 catho-

206 3768 288 3836 licm
302 3770 398 3837 init.»
412 3774 479 3855 Qui
492 3795 570 3866 ergo
586 3800 753 3868 nunquam
767 3801 879 3846 metun
892 3779 943 3846 tel
958 3779 1101 3855 alienum
1115 3802 1259 3847 errorem
1272 3777 1416 3860 defendi,
1432 3774 1546 3867 procul
1568 3773 1668 3839 dubio
1693 3789 1819 3840 constat

209 3888 285 3976 quin
308 3911 475 3979 nunquam
498 3892 668 3962 hereticus
691 3897 750 3964 lui.
775 3898 861 3982 Quis
881 3921 959 3965 vero
984 3898 1099 3988 spiritu
1123 3896 1294 3963 immundo
1319 3895 1410 3985 quasi
1432 3916 1508 3960 cum
1528 3890 1673 3981 quodam
1694 3893 1819 3960 vomitu

208 4003 408 4097 loquutionis
426 4032 479 4077 me
500 4009 657 4082 infamem
676 4031 772 4104 atque
803 4017 839 4082 in
867 4015 1006 4086 ennodio
1027 4015 1218 4084 mennatum
1244 4031 1384 4097 eructas,
1417 4029 1590 4102 utrumque
1610 4035 1678 4080 esse
1713 4012 1818 4080 saisis-

210 4125 329 4193 sitnum
358 4128 564 4218 palatarum
583 4130 789 4202 eccbsientm
808 4136 996 4204 testimonio
1015 4134 1103 4227 apud
1124 4158 1204 4224 <pnes
1223 4152 1257 4202 et
1272 4134 1332 4204 sub
1351 4132 1469 4224 quibus
1488 4148 1583 4198 nutus
1602 4149 1637 4199 et
1664 4130 1820 4200 educstus

211 4259 246 4312 tt
276 4244 410 4314 edoctus
433 4271 506 4316 stim
524 4251 769 4341 comprobabo,
796 4277 872 4322 cum
894 4255 992 4346 ‘apud
1013 4255 1048 4324 S.
1072 4255 1264 4345 Dionysium
1282 4255 1371 4341 cujus
1392 4252 1569 4320 monachus
1589 4274 1657 4319 esse
1683 4249 1817 4338 videris,

210 4359 287 4431 liert
302 4362 466 4459 diffingins,
482 4369 584 4438 nodo
599 4386 707 4439 tecum
734 4389 864 4441 acuum
877 4396 1013 4444 venero.
1037 4374 1152 4466 Neque
1181 4355 1260 4442 vero
1274 4375 1400 4456 timeas,
1417 4372 1508 4465 qrtmi
1528 4386 1561 4437 te
1581 4386 1691 4438 noster
1723 4369 1822 4438 lateat

213 4482 381 4563 advenum,
410 4489 687 4578 quitinreritsts
713 4514 773 4586 per
798 4509 895 4563 mum
919 4492 1072 4564 ὠίου
1090 4517 1168 4564 ω)
1183 4493 1245 4562 tibi
1269 4492 1440 4577 nuntiabo,
1457 4507 1492 4558 et
1510 4487 1823 4581 qmnmmvoluetis

333 4622 360 4662 tt
1638 4610 1699 4669 ¹⁰0
