4559 6100
615 485 807 559 eutrotia
831 480 1104 555 THEOLOGlAE
1133 480 1423 553 CHRlSTlANAE.
1747 486 1811 558 591

224 646 309 710 hanc
332 663 427 730 super
448 640 512 704 hoc
531 637 722 703 sententiam
746 633 886 725 profert,
908 629 998 718 quod
1019 628 1144 694 nullum
1166 647 1213 696 001
1233 632 1429 697 manifestius
1453 630 1608 698 iudicium
1629 634 1822 699 remissionis

226 742 348 833 pcccati
360 761 457 828 quam
473 737 633 825 lacrymae,
646 733 721 823 quia
737 754 777 797 ex
793 752 858 819 quo
870 750 937 817 prae
952 727 1054 790 nimio
1070 725 1183 792 dolore
1194 730 1317 818 peccati
1332 730 1366 793 in
1381 729 1537 819 lacrymas
1548 731 1618 818 quis
1629 732 1820 822 prorumpit,

226 855 350 905 certum
366 853 414 901 est
427 837 458 900 ei
474 848 643 924 peccatum
660 854 727 897 esse
744 829 922 895 dimissum.
933 822 1121 888 Notandum
1137 841 1258 909 1011100,
1277 827 1366 916 quod
1379 829 1405 893 si
1419 828 1526 918 pudor
1540 829 1594 894 ille
1608 828 1651 893 ad
1660 831 1825 918 propriam

227 957 399 1027 personam
415 933 586 1010 referatur,
605 929 754 1019 superbia
766 941 825 1002 est,
845 925 962 988 sivero
979 920 1021 985 ad
1038 918 1216 1004 ecclesiam,
1235 924 1429 1014 dispensatio
1444 925 1590 990 salubris.
1607 925 1704 990 Unde
1719 927 1746 990 si
1762 926 1825 990 ali·

228 1034 299 1122 quis
315 1054 389 1097 eum
406 1053 507 1096 uxore
525 1029 676 1119 principis
691 1037 862 1115 peccasset,
880 1017 932 1083 rel
950 1019 1014 1083 tale
1031 1016 1153 1106 aliquid
1176 1020 1319 1103 fecisset,
1344 1022 1435 1111 quod
1451 1024 1586 1088 01001101
1602 1022 1825 1088 ecclesiaiude

229 1129 415 1196 scandalum
444 1143 625 1217 pateretur,
656 1141 689 1190 01
718 1118 912 1189 conscientia
938 1139 995 1180 sua
1022 1116 1053 1181 ei
1075 1131 1260 1202 testaretur,
1295 1122 1383 1210 quod
1409 1123 1436 1186 si
1466 1120 1662 1212 parochiano
1689 1144 1748 1185 suo
1773 1119 1824 1185 di·

229 1242 317 1292 ceret
339 1226 389 1291 vel
412 1226 509 1290 etiam
537 1223 631 1289 alicui
654 1224 750 1289 celari
773 1242 840 1285 non
863 1229 989 1305 posset,
1013 1214 1039 1277 si
1058 1214 1133 1293 hac,
1157 1217 1301 1306 iuquam,
1325 1218 1560 1309 dispensatione
1579 1219 1741 1299 reticeret,
1761 1241 1828 1283 non

230 1339 361 1413 propter
376 1324 439 1386 hoc
456 1321 647 1387 aeternaliter
667 1322 845 1412 puniretur.
859 1314 892 1378 Si
902 1334 979 1375 vero
992 1326 1124 1400 propter
1143 1334 1234 1381 suam
1252 1318 1417 1406 propriam
1436 1338 1606 1406 personam
1617 1317 1680 1381 hoc
1697 1316 1826 1397 faceret,

231 1442 271 1484 ne
286 1420 404 1486 scilicet
415 1419 542 1485 infamis
559 1436 591 1484 et
606 1415 835 1484 contemtibilis
851 1409 939 1501 apud
953 1407 1032 1473 alios
1047 1407 1150 1494 fieret,
1163 1415 1313 1504 superbia
1324 1413 1468 1504 quidem,
1487 1430 1519 1479 et
1534 1413 1629 1479 valde
1646 1413 1829 1478 damnabile

231 1533 325 1582 esset.

811 1838 995 1927 CAPUT
1035 1838 1248 1927 llllllllll.

831 2053 877 2109 De
889 2069 1012 2129 0001010
1027 2048 1231 2110 satisfactione.

277 2239 354 2302 Viso
376 2237 417 2303 de
439 2236 545 2301 cordis
570 2235 780 2316 contritione,
799 2232 841 2300 de
866 2235 930 2299 oris
951 2233 1170 2315 confessione,
1193 2233 1234 2299 de
1256 2255 1391 2323 operum
1411 2232 1623 2298 satisfactione
1647 2232 1830 2317 rideamus,

235 2358 307 2423 000
330 2337 441 2423 utique
465 2332 642 2398 admodum
667 2331 752 2397 utilis
774 2348 821 2397 001
849 2347 981 2422 0000101
1001 2331 1212 2420 temporalem
1240 2354 1389 2421 poenant,
1416 2354 1488 2419 quae
1516 2346 1672 2395 remanet.
1699 2330 1833 2396 AEterna

235 2455 375 2520 namque
400 2454 495 2521 poena
518 2430 682 2511 relaxata,
715 2430 901 2519 temporalis
928 2429 1138 2518 relinquitur,
1162 2445 1198 2493 01
1229 2427 1319 2517 quod
1347 2429 1462 2493 animae
1487 2427 1596 2492 illicita
1621 2428 1834 2495 delectatione

236 2552 291 2594 seu
314 2531 411 2594 etiam
436 2526 555 2592 carnali
580 2527 744 2616 voluptate
765 2528 970 2591 commissum
992 2541 1050 2605 est,
1074 2526 1296 2590 satisfactionis
1321 2525 1530 2591 amaritudine
1553 2525 1649 2616 digne
1670 2543 1833 2616 purgetur.

235 2624 332 2691 Unde
357 2641 390 2691 et
412 2626 552 2690 loannes
568 2624 699 2689 :Facite
719 2624 834 2714 dignos
860 2623 980 2688 fructus
1002 2623 1212 2713 poenitentiae.
1237 2624 1329 2688 Tunc
1355 2623 1469 2714 dignos
1497 2624 1616 2688 fructus
1640 2625 1835 2712 poenitentia

236 2723 385 2802 facimus,
407 2721 538 2811 quando
559 2720 648 2810 quod
664 2720 749 2786 male
770 2722 974 2786 commissum
989 2736 1036 2785 est
1059 2720 1258 2809 inpraesenti
1278 2722 1323 2785 010
1341 2722 1499 2810 expiatur,
1518 2737 1554 2785 ut
1575 2721 1655 2785 nihil
1672 2721 1706 2784 iu
1728 2721 1836 2786 futuro

236 2819 432 2909 expiandum
458 2820 669 2907 relinquatur.
696 2818 989 2906 Quantumcunque
1010 2817 1170 2906 siquidem
1195 2817 1302 2882 futura
1324 2841 1420 2908 poena
1443 2841 1542 2908 parva
1564 2818 1731 2899 subsistat,
1755 2842 1838 2907 qua·

238 2917 317 2982 libet
336 2934 446 2982 tamen
467 2918 561 3001 hujus
577 2916 650 2980 vitae
673 2917 856 3006 gravissima
879 2918 1007 3006 gravior
1029 2938 1095 2981 esse
1110 2915 1327 2981 contenditur.
1347 2916 1512 2997 Quantum
1534 2916 1629 3006 igitur
1650 2917 1743 3001 hujus
1764 2918 1839 2982 vitae

237 3013 409 3080 satisfactio
436 3012 614 3079 necessaria
642 3013 702 3094 sit,
729 3035 770 3079 ex
799 3013 959 3104 praedictis
990 3012 1126 3103 pleniter
1151 3014 1325 3103 probatum
1353 3035 1421 3079 esse
1452 3014 1611 3079 existimo.
1640 3012 1738 3095 Quod
1762 3036 1839 3079 0000

238 3113 396 3201 gehenna,
414 3111 544 3175 remissa
560 3133 668 3199 poena,
684 3111 905 3200 temporaliter
916 3112 1042 3192 existat,
1060 3112 1094 3174 in
1110 3111 1302 3200 baptismate
1318 3111 1486 3175 manifeste
1501 3126 1651 3200 apparet,
1674 3112 1749 3199 quia
1765 3135 1839 3177 00111

239 3208 285 3272 ibi
313 3209 460 3298 gehenna
493 3230 565 3294 quae
592 3230 652 3296 pro
683 3206 830 3296 originali
855 3223 986 3295 peccato
1024 3207 1154 3271 dimissa
1185 3207 1247 3285 sit,
1280 3223 1390 3270 manet
1422 3223 1532 3272 tamen
1563 3206 1728 3272 dissolutio
1762 3230 1838 3271 cor·

238 3313 338 3402 poris,
366 3329 475 3377 manet
497 3328 530 3377 et
553 3333 724 3375 numerosa
746 3311 930 3376 defectuum
946 3310 1133 3376 multitudo.
1151 3310 1248 3376 Unde
1264 3313 1457 3401 Augustinus
1479 3311 1519 3377 de
1540 3313 1662 3402 origine
1685 3314 1836 3401 peccati:

238 3411 376 3490 Transit,
395 3411 510 3498 inquit,
529 3424 633 3490 reatu,
644 3423 753 3474 manet
770 3424 854 3473 actu.
869 3408 967 3491 Quod
984 3431 1051 3472 uon
1067 3408 1173 3474 solum
1188 3408 1232 3473 ob
1245 3411 1313 3494 jam
1331 3409 1451 3475 dictam
1465 3433 1594 3476 causam
1603 3411 1747 3501 contigit,
1765 3410 1835 3492 sed,

240 3523 277 3571 ut
298 3507 387 3572 idem
409 3507 453 3571 ait
476 3506 688 3597 Augustinus,
706 3528 802 3594 poena
818 3505 878 3571 ista
898 3506 934 3571 111
955 3507 1089 3570 materia
1111 3506 1300 3572 exercendae
1315 3507 1451 3572 01110110.
1474 3507 1587 3572 001010
1607 3508 1724 3598 quippe
1740 3510 1839 3573 virtus

240 3603 275 3667 in
292 3603 475 3669 infirmitate
490 3601 664 3693 perficitur.
681 3603 840 3668 Remanet
859 3625 987 3692 quoque
1008 3605 1069 3667 hac
1091 3603 1132 3668 de
1149 3626 1262 3683 causa,
1279 3619 1316 3667 ut
1331 3603 1376 3667 ait
1390 3604 1478 3668 idem
1494 3605 1704 3695 Augustinus,
1724 3628 1764 3670 ne
1782 3605 1840 3670 ali·

241 3693 311 3781 quis
322 3691 364 3756 ad
378 3693 529 3782 baptismi
544 3707 778 3756 sacramentum
793 3690 850 3755 ut¹
869 3691 911 3755 ad
935 3692 1100 3781 praesentis
1120 3694 1193 3757 vitae
1217 3691 1491 3758 immortalitatem
1522 3694 1688 3759 accederet
1714 3711 1747 3759 et
1772 3718 1836 3759 nou

241 3806 373 3879 propter
378 3792 494 3872 Deum,
503 3804 537 3854 et
548 3789 592 3853 sic
604 3810 664 3852 uec
675 3787 769 3851 istam
780 3788 880 3852 vitam
892 3789 989 3878 digne
1004 3789 1153 3869 haberet,
1165 3812 1225 3854 nec
1240 3789 1283 3854 ad
1296 3804 1450 3854 aeternam
1460 3792 1649 3880 0000001101.
1664 3791 1839 3857 Sciendum

242 3910 369 3976 quoque
385 3886 473 3974 quod
498 3910 539 3950 00
556 3901 687 3976 peccata
706 3886 793 3975 01100
810 3884 939 3951 dimissa
954 3902 1067 3975 postea
1081 3887 1229 3967 redeant,
1247 3884 1288 3952 a²
1306 3886 1464 3976 plerisque
1480 3887 1668 3978 ambiguum
1683 3888 1809 3955 videtur
1828 3913 1836 3954 z

242 3985 331 4072 quod
348 3985 479 4073 quidem
500 4007 540 4049 ex
555 3983 610 4048 illa
625 3983 809 4072 parabolica
825 3983 1033 4048 similitudine
1052 3983 1185 4071 quidam
1202 3983 1361 4048 affirmare
1377 3985 1523 4049 nituntur
1541 4008 1549 4049 z
1568 3987 1664 4051 Serre
1679 4009 1837 4076 nequam,

243 4104 341 4146 omne
361 4081 507 4147 debitum
524 4079 629 4145 dimisi
645 4079 716 4145 tibi.
740 4080 843 4169 Super
855 4080 942 4145 hunc
958 4079 1116 4170 siquidem
1135 4080 1243 4146 locum
1258 4081 1303 4146 ait
1317 4081 1552 4171 Hieronymus:
1571 4084 1603 4147 Si
1620 4107 1687 4147 non
1709 4084 1841 4149 dimise-

243 4180 342 4244 rimus
353 4202 392 4244 011
403 4179 514 4260 corde,
525 4177 614 4267 quod
630 4177 664 4241 10
679 4177 774 4241 001110
791 4177 1000 4266 delinquitur,
1017 4193 1049 4243 et
1060 4179 1124 4244 hoc
1136 4200 1195 4268 000
1209 4179 1430 4269 paenitentiam
1445 4179 1609 4245 dimissum
1623 4197 1703 4260 erat,
1716 4205 1735 4245 a
1747 4182 1841 4247 uobis
1899 4251 1904 4258 ,

245 4281 392 4370 exigitur.
411 4280 504 4345 Idem
519 4302 647 4369 quoque
668 4279 782 4343 beatus
802 4279 974 4369 Gregorius
990 4279 1024 4343 in
1040 4278 1181 4369 quadam
1196 4280 1329 4345 homilia
1352 4281 1408 4347 ait.
1426 4280 1489 4346 Sed
1508 4281 1552 4348 sic
1573 4281 1672 4347 debet
1687 4283 1838 4373 intelligi,

245 4376 334 4464 quod
342 4376 500 4442 dicuntde
508 4377 613 4441 reditu
623 4375 760 4465 pcccati:
770 4376 978 4458 Peccatorfit,
990 4380 1071 4442 sicut
1080 4379 1256 4467 priuserat,
1274 4393 1306 4443 et
1319 4377 1359 4442 de
1371 4378 1599 4468 ingratitudine
1612 4379 1839 4445 misericordiae

245 4473 306 4536 sibi
322 4475 473 4561 impensae
494 4473 594 4563 magis
613 4495 686 4537 reus
702 4471 849 4538 eflicitur.
867 4474 909 4537 Et
925 4475 988 4538 hoc
1004 4490 1068 4555 est,
1090 4473 1178 4562 quod
1195 4474 1239 4537 ait
1253 4476 1288 4538 10
1304 4473 1357 4538 illa
1374 4474 1528 4563 parabola
1543 4499 1551 4540 ε
1566 4476 1684 4542 Nonne
1698 4478 1840 4566 oportuit

246 4585 280 4634 et
294 4584 326 4634 te
342 4570 483 4634 misereri
507 4571 651 4635 00000101
674 4570 743 4641 101,
761 4570 841 4634 01001
864 4587 898 4635 01
914 4594 974 4661 ego
997 4571 1044 4634 tui
1067 4573 1213 4635 misertus
1234 4593 1328 4652 sum,
1347 4572 1436 4659 quasi
1451 4570 1598 4638 diceret:
1623 4574 1841 4640 misericordia

246 4667 391 4756 impensa
421 4667 563 4756 ingratus
579 4666 724 4747 extitisti,
743 4681 777 4730 et
794 4666 869 4731 ideo
890 4690 957 4731 uon
978 4667 1079 4732 exibis
1101 4668 1188 4749 hinc,
1208 4666 1313 4733 donec
1335 4667 1452 4733 reddas
1475 4670 1657 4737 universum
1680 4671 1838 4735 debitum.

247 4764 439 4829 Universum
461 4764 592 4852 quidem
617 4763 763 4828 debitum
786 4761 880 4843 dicit,
907 4785 975 4826 000
997 4762 1078 4829 illud
1101 4762 1191 4852 quod
1212 4766 1280 4850 jam
1305 4764 1524 4830 condonatum
1546 4783 1632 4847 erat,
1656 4768 1713 4832 sed
1735 4768 1841 4858 potius

248 4860 497 4927 misericordiam
512 4883 608 4948 quam
630 4861 699 4925 aliis
719 4858 905 4949 impendere
927 4857 1040 4925 debuit
1054 4883 1179 4950 01000,
1199 4860 1287 4948 quod
1304 4885 1323 4926 a
1340 4861 1473 4927 domino
1488 4863 1737 4929 misericordiam
1755 4888 1843 4931 acce-

280 5077 1841 5151 ι11100000011101011111.-’11100100100011001000110000.-1111011011101001001101001000100,1000000.
