4559 6100
1759 464 2234 540 APPENDIX.
3451 469 3598 544 769

394 604 526 671 hoc
566 604 745 696 quod
790 608 902 696 qui
950 607 1204 674 videtur
1244 632 1378 676 esse
1420 609 1837 679 multitud....
1858 612 1879 649 ¹
1910 614 2084 681 unde
2128 632 2194 681 et
2233 618 2623 707 praecipitur,
2665 616 2843 707 quod
2878 641 2915 683 a
2956 619 3224 685 sabbato
3266 642 3466 709 usque
3514 619 3598 686 ad

394 723 737 790 sabbatum
768 742 1076 808 servetur,
1112 730 1273 794 sicut
1304 728 1387 797 de
1425 729 1698 819 panibus
1718 735 2185 823 propositionis
2213 735 2455 801 factum
2487 736 2676 803 fuisse
2709 738 2962 829 legitur,
2999 762 3036 803 a
3079 739 3365 805 muribus
3405 739 3599 804 etiam
3698 793 3704 799 .

395 843 659 910 corrodi
701 845 978 931 videtur,
1023 865 1088 914 et
1135 849 1217 915 de
1253 873 1452 915 manu
1490 851 1835 917 sacerdotis
1876 853 1979 919 vel
2027 854 2281 920 diaconi
2323 856 2391 920 in
2432 872 2602 921 terra
2647 857 2901 923 cadere.
2945 859 3027 923 Et
3074 858 3223 924 ideo
3268 859 3595 948 quaeritur,

393 986 595 1052 quare
628 965 802 1031 Deus
830 967 1156 1056 permittat
1195 969 1314 1034 ista
1347 969 1484 1035 fieri
1515 972 1582 1035 in
1623 995 1894 1063 corpore
1934 996 2078 1040 suo,
2122 975 2227 1039 An
2279 973 2560 1040 fortassis
2592 1000 2725 1040 non
2764 977 2853 1040 ita
2892 975 3003 1041 fiat
3033 978 3101 1041 in
3140 1002 3441 1069 corpore,
3484 978 3597 1045 sed

390 1086 649 1147 tantuin
688 1085 776 1149 ita
809 1084 1000 1151 faciat
1045 1109 1354 1177 apparere
1394 1090 1461 1154 in
1498 1090 1746 1179 specie?
1777 1090 1882 1156 Ad
1921 1092 2099 1181 quod
2138 1092 2408 1159 dicimus
2452 1094 2629 1184 quod
2663 1117 2888 1161 revera
2922 1119 3058 1160 non
3093 1112 3188 1161 est
3226 1097 3315 1161 sic
3349 1097 3418 1160 in
3451 1120 3595 1162 cor-

390 1224 554 1291 pore
574 1251 592 1282 ‚
647 1204 761 1270 sed
805 1207 979 1271 Deus
1028 1208 1116 1271 ita
1159 1209 1227 1272 in
1273 1209 1601 1299 speciebus
1645 1210 1792 1300 ipsis
1839 1229 2104 1302 propter
2150 1214 2606 1305 negligentiam
2648 1215 3084 1280 ministrorum
3124 1216 3594 1305 reprimendam

389 1320 635 1387 habere
678 1301 872 1407 faci⁷t3
918 1348 1150 1417 corpus
1186 1351 1341 1394 vero
1387 1352 1599 1413 suum,
1632 1347 1835 1419 prout
1879 1332 1940 1398 ei
1983 1331 2218 1423 placet,
2263 1336 2520 1425 reponit
2554 1352 2619 1401 et
2663 1351 3023 1401 conservat.
3059 1365 3087 1393 υ

1005 1553 1084 1611 X.
1116 1551 1287 1628 Quod
1314 1566 1553 1633 propter
1584 1573 1765 1634 opera
1790 1574 1900 1614 nec
1928 1554 2158 1630 melior,
2189 1574 2298 1614 nec
2325 1555 2491 1634 pejor
2519 1556 2765 1615 efficitur
2788 1556 2989 1620 homo.

489 1761 516 1787 α
548 1731 726 1800 Solet
751 1733 950 1822 quaeri
975 1730 1134 1822 quid
1168 1755 1205 1796 a
1233 1732 1516 1797 Domino
1548 1748 2014 1817 remuneretur,
2042 1756 2227 1824 opus,
2260 1757 2344 1798 an
2369 1733 2663 1815 intentio,
2697 1755 2809 1798 seu
2841 1748 3208 1821 utrumque.
3235 1732 3597 1796 Auctoritas

387 1866 615 1916 autem
647 1851 903 1918 videtur
932 1851 1096 1919 velle
1137 1851 1314 1942 quod
1354 1875 1550 1942 opera
1577 1875 1615 1917 a
1644 1852 1785 1917 Deo
1813 1852 2192 1918 aeternaliter
2219 1869 2748 1937 remunerentur3
2789 1854 2877 1917 ait
2904 1874 3182 1943 namque
3207 1850 3591 1942 Apostolus:

394 2005 424 2031 κ
452 1974 709 2041 Reddet
739 1977 909 2043 Deus
953 1977 1296 2066 unicuique
1330 1974 1683 2041 secundum
1717 1999 1914 2066 opera
1946 1999 2083 2042 sua.
2115 2007 2141 2034 n
2182 1978 2265 2042 Et
2296 1977 2679 2041 Athanasius
2717 1977 2806 2040 ait
2844 1997 2859 2040 ε
2904 2005 2929 2032 α
2955 1975 3294 2041 Reddituri
3332 1989 3480 2041 sunt
3512 1974 3593 2040 de

379 2092 571 2159 factis
620 2096 895 2186 propriis
935 2095 1276 2160 rationem.
1315 2125 1340 2151 υ
1390 2094 1474 2158 Et
1517 2094 1711 2184 paulo
1756 2112 1902 2186 post
1948 2096 2037 2160 ait
2086 2119 2101 2162 t
2149 2126 2174 2153 α
2207 2098 2292 2160 Et
2341 2096 2454 2185 qui
2498 2095 2673 2162 bona
2720 2112 2988 2187 egerunt
3039 2096 3229 2161 ibunt
3277 2096 3345 2159 in
3397 2093 3591 2158 vitam

382 2226 721 2296 aeternam,
745 2214 855 2302 qui
884 2236 1038 2279 vero
1070 2212 1265 2295 mala,
1301 2214 1367 2277 in
1401 2213 1617 2303 ignem
1637 2231 1969 2280 aeternum.
2003 2247 2028 2272 υ
2071 2215 2206 2280 Nos
2238 2238 2395 2280 vero
2427 2214 2723 2297 dicimuS,
2761 2213 2939 2305 quod
2975 2213 3357 2279 aeternaliter
3382 2237 3421 2306 a
3451 2212 3591 2277 Deo

376 2348 896 2413 remunerentur,
934 2333 1062 2399 sive
1096 2333 1178 2399 ad
1208 2333 1457 2398 bonum
1477 2381 1494 2413 ,
1531 2333 1662 2399 sive
1695 2334 1779 2399 ad
1810 2333 2051 2399 malum
2086 2357 2101 2399 ε
2139 2356 2260 2398 nec
2304 2349 2567 2423 propter
2599 2357 2795 2425 opera
2827 2336 3032 2424 pejor,
3060 2332 3162 2398 vel
3196 2332 3425 2397 melior
3455 2329 3594 2397 effi-

375 2451 549 2515 citur
594 2452 828 2536 homo,
885 2454 1006 2518 nisi
1048 2452 1204 2520 dum
1245 2470 1571 2543 operatur,
1620 2453 1900 2519 fortassis
1928 2453 2225 2518 voluntas
2265 2455 2401 2538 ejus
2445 2454 2513 2517 in
2556 2453 2770 2541 aliquo
2820 2468 3291 2543 augmentetur.
3328 2451 3464 2516 Nec
3497 2467 3591 2516 est

374 2586 609 2636 contra
642 2573 1029 2663 Apostolum
1058 2574 1162 2638 vel
1186 2548 1344 2639 alios
1376 2589 1691 2657 auctores,
1719 2574 1998 2662 quicum
2017 2571 2359 2663 Apostolus
2392 2572 2591 2639 dixit:
2628 2603 2656 2629 α
2678 2571 2938 2638 Reddet
2966 2573 3334 2661 unicuique,
3371 2587 3525 2643 etc..
3556 2603 3583 2627 »ι

378 2690 476 2754 ibi
507 2690 809 2757 effectum
842 2716 962 2782 pro
992 2716 1179 2758 causa
1213 2694 1456 2783 posuit,
1489 2716 1649 2785 opus
1680 2691 1918 2759 scilicet
1948 2716 2067 2783 pro
2097 2692 2428 2758 voluntate
2462 2714 2573 2758 seu
2607 2691 3000 2757 intentione.
3048 2722 3076 2751 u

379 2916 493 2975 XI.
534 2913 704 2988 Quod
752 2933 872 2974 non
916 2927 1308 2995 peccaverunt
1348 2906 1778 2994 qui‘Christum
1836 2915 2247 2975 crucifixerunt
2299 2915 2671 2997 ignorantem
2712 2928 2770 2975 et
2810 2913 2967 2995 quod
3008 2933 3126 2973 non
3168 2913 3240 2973 sit
3276 2914 3461 2994 culpae
3484 2918 3592 2976 ad-

1290 3011 1662 3073 scribendum
1701 3012 1986 3093 quidquid
2020 3013 2084 3072 fit
2118 3034 2226 3093 per
2260 3012 2670 3094 ignorantiam.

480 3217 508 3242 «
546 3189 833 3280 Opponit
872 3188 954 3256 de
985 3190 1223 3256 Judaeis
1264 3191 1375 3280 qui
1404 3191 1722 3256 Christum
1768 3190 2217 3257 crucifixerunt
2262 3207 2330 3257 et
2361 3190 2442 3256 de
2478 3191 2615 3256 aliis
2658 3190 2771 3279 qui
2804 3205 3115 3278 martyres
3143 3191 3586 3280 persequendo

377 3307 700 3397 putabant
744 3332 811 3375 se
857 3309 1234 3399 obsequium
1281 3327 1580 3401 praestare
1631 3314 1770 3380 Deo
1824 3338 1840 3379 ε
1895 3330 1961 3379 et
2003 3312 2086 3378 de
2132 3314 2266 3378 Eva
2314 3333 2457 3400 quae
2503 3333 2638 3375 non
2679 3309 2811 3400 egit
2855 3324 3081 3374 contra
3129 3310 3586 3375 conscientiam

380 3429 689 3517 quoniam
742 3429 1002 3496 seducta
1049 3446 1167 3514 est,
1213 3447 1277 3496 et
1320 3448 1535 3497 tamen
1586 3449 1829 3499 certum
1864 3449 1961 3500 est
1994 3456 2137 3499 eam
2168 3454 2487 3523 peccasse.
2541 3429 2648 3494 Ad
2695 3427 2875 3520 quod
2923 3453 3043 3494 nos
3091 3429 3362 3495 dicimus
3410 3430 3586 3519 quod

376 3538 600 3613 revera
640 3547 732 3613 illi
775 3549 1090 3640 simplices
1132 3550 1341 3617 Judaei
1381 3574 1517 3617 non
1563 3553 1841 3643 agebant
1886 3569 2108 3619 contra
2150 3550 2605 3617 conscientiam
2627 3598 2646 3633 ,
2680 3548 2797 3615 sed
2828 3550 3042 3639 potius
3075 3546 3213 3614 zelo
3256 3548 3413 3639 legis
3456 3571 3584 3613 suae

376 3666 701 3732 Christum
754 3668 1337 3758 persequebantur;
1391 3694 1512 3736 nec
1557 3672 1872 3762 putabant
1913 3695 1980 3736 se
2024 3670 2192 3736 male
2239 3654 2463 3761 agere,
2511 3685 2578 3736 et
2624 3669 2776 3735 ideo
2823 3692 2957 3734 non
3002 3669 3354 3759 peccabant
3398 3690 3413 3730 ε
3464 3689 3584 3731 nec

379 3803 646 3875 propter
673 3787 800 3852 hoc
833 3788 1026 3876 aliqui
1056 3811 1282 3855 eorum
1313 3789 1602 3856 damnati
1632 3808 1802 3874 sunt,
1837 3790 1952 3858 sed
1984 3807 2247 3880 propter
2269 3789 2701 3881 praecedentia
2727 3804 3014 3880 peccata,
3052 3786 3282 3851 merito
3308 3808 3582 3875 quorum

375 3905 447 3968 in
492 3905 681 3970 istam
714 3908 1067 3973 caecitatem
1101 3908 1386 3976 devoluti
1431 3928 1602 3979 sunt.
1639 3912 1724 3976 Et
1754 3912 1920 3977 inter
1952 3909 2093 3975 illos
2131 3925 2316 3974 erant
2350 3909 2536 3974 electi
2574 3932 2695 3999 pro
2740 3908 2969 3997 quibus
3009 3906 3293 3971 Christus
3337 3904 3577 3987 oravit,

379 4023 644 4091 dicens:
692 4059 721 4084 α
763 4027 978 4111 Pater,
1017 4027 1266 4095 dimitte
1298 4029 1455 4113 iHis;
1494 4031 1642 4120 quia
1682 4031 1976 4095 nesciunt
2006 4027 2163 4119 quid
2193 4028 2459 4095 faciunt.
2502 4060 2530 4086 ›-
2571 4028 2710 4093 Nec
2749 4027 2957 4092 oravit
2987 4042 3060 4091 ut
3096 4026 3226 4091 hoc
3247 4040 3582 4115 peccatum

377 4144 472 4208 eis
507 4143 958 4233 dimitteretur,
993 4173 1141 4215 cum
1170 4151 1298 4216 hoc
1325 4165 1662 4241 peccatum
1692 4173 1826 4215 non
1858 4166 2044 4232 esset,
2079 4149 2194 4215 sed
2219 4150 2432 4239 potius
2462 4164 2722 4240 peccata
2753 4146 3201 4236 praecedentia.
3248 4176 3276 4201 ν

1374 4377 1509 4432 xn.
1547 4378 1635 4432 De
1664 4385 1944 4453 potestate
1970 4370 2188 4453 ligandi
2216 4383 2275 4430 et
2301 4369 2587 4429 solvendi.

469 4570 497 4594 κ
540 4539 710 4605 Illud
741 4541 919 4629 quod
940 4544 1003 4607 in
1029 4545 1339 4612 Matthaeo
1366 4547 1637 4637 legitur:
1673 4579 1701 4604 κ
1727 4549 2164 4633 Quaecumque
2193 4545 2484 4634 ligaveris
2516 4563 2705 4630 super
2733 4556 2996 4621 terram,
3027 4555 3182 4620 etc„
3213 4571 3241 4597 a·
3266 4540 3355 4604 sic
3383 4538 3575 4604 intel-

371 4658 706 4748 ligendum
739 4677 836 4726 est
873 4684 888 4728 ε
942 4693 967 4719 «ι
999 4663 1441 4752 Quaecumque
1474 4664 1766 4755 ligaveris
1795 4686 1986 4753 super
2016 4679 2276 4744 terram,
2314 4661 2381 4727 id
2411 4676 2507 4725 est
2538 4662 2603 4725 in
2637 4660 2934 4750 praesenti
2969 4659 3123 4741 vita,
3159 4659 3281 4724 erit
3310 4658 3576 4748 ligatum

371 4793 437 4843 et
467 4779 538 4843 in
579 4780 775 4864 coelis,
810 4780 881 4847 id
921 4798 1017 4848 est
1060 4783 1129 4848 in
1172 4784 1470 4875 praesenti
1514 4784 1819 4850 Ecclesia.
1858 4814 1884 4842 ο
1923 4783 2007 4847 Et
2047 4799 2194 4874 post
2222 4804 2426 4874 pauca
2465 4803 2481 4845 ε
2527 4811 2554 4838 α
2585 4779 2753 4843 Huic
2791 4777 3119 4844 sententiae
3149 4800 3278 4866 qua
3308 4775 3577 4843 dicimus

432 5030 443 5057 ¹
475 5026 565 5077 mc
587 5029 772 5092 aliquid
794 5029 948 5082 deest.

604 5138 653 5176 n
3212 5117 3287 5174 97
