4559 6100
496 585 543 657 28
1093 583 1219 654 PETRI
1245 579 1478 652 ABAELARDI

494 736 596 804 cens*
611 757 620 801 r
638 761 655 796 α
672 734 715 801 Ut
726 729 815 828 quid
826 729 994 801 mentitus
1004 730 1198 828 esSpiritui
1213 744 1351 831 sancto,
1363 727 1520 799 Ananis?
1537 750 1610 798 non
1625 750 1664 798 es
1677 726 1844 797 mentitus
1858 724 2082 816 horninibus,

494 849 559 922 sed
566 852 658 921 Deo.
670 877 688 913 a
706 852 760 922 De
777 872 851 946 quo
864 848 994 920 iterum
1010 849 1145 946 Spiritu
1158 849 1195 919 iu
1210 846 1347 919 eisdem
1359 845 1505 918 Actibus
1520 844 1762 917 continetur⁸z
1778 873 1795 908 α
1811 847 1886 916 Hoc
1901 843 1989 916 dicit
2004 844 2085 942 Spi-

496 969 583 1040 ritus
598 967 731 1065 jubens
746 995 754 1037 :
772 970 941 1065 Separate
951 967 1041 1040 mihi
1055 965 1254 1039 barnabam
1267 979 1304 1037 et
1317 964 1486 1055 Paulum,
1503 978 1572 1036 etc.
1600 990 1618 1030 u
1640 967 1684 1034 Et
1704 966 1890 1035 rursum¹z
1913 995 1932 1030 n
1952 962 2088 1035 Placuit

495 1087 642 1185 Spiritui
658 1100 782 1159 sancto
797 1100 833 1157 et
847 1085 965 1158 nobis.
988 1115 1005 1150 a
1025 1090 1070 1159 Et
1092 1085 1275 1158 Psalmista
1291 1084 1462 1182 Spiritum
1478 1082 1544 1154 Dei
1559 1080 1694 1177 ubique
1707 1105 1783 1154 esse
1796 1097 1968 1178 tanquam
1980 1082 2088 1154 incir-

495 1207 751 1302 cumscriptum
768 1203 957 1302 profitetur
976 1204 1117 1277 dicens⁸
1136 1230 1145 1277 z
1167 1233 1186 1271 u
1206 1208 1289 1292 Quo
1308 1201 1370 1274 ibo
1396 1226 1419 1273 a
1444 1201 1570 1300 spiritu
1596 1201 1682 1271 tuo?
1698 1230 1716 1267 »
1743 1201 1813 1288 Qui
1838 1215 1875 1272 et
1903 1201 2022 1272 statim
2047 1215 2089 1272 ut

496 1323 614 1421 ipsum
631 1322 796 1420 spiritum
812 1325 896 1417 Dei,
915 1348 1024 1421 quem
1038 1322 1173 1420 ubique
1188 1346 1265 1395 esse
1281 1319 1486 1420 profitetur,
1513 1319 1611 1391 idem
1634 1342 1710 1391 esse
1731 1343 1816 1391 cum
1841 1319 1919 1418 ipso
1937 1321 2011 1391 Deo
2039 1316 2088 1390 ad

497 1466 606 1538 quem
620 1441 803 1537 loquitur,
821 1441 994 1532 insinuet3
1014 1465 1078 1540 per
1094 1441 1167 1515 hoc
1180 1454 1343 1540 patenter
1359 1439 1515 1512 ostendit
1530 1437 1629 1537 quod
1646 1439 1765 1510 statim
1784 1439 1947 1536 spiritum
1970 1438 2089 1535 ipsum

497 1557 631 1656 ubique
648 1583 723 1631 esse
738 1559 892 1656 assignat
906 1584 971 1658 per
995 1561 1113 1659 ipsum
1136 1563 1254 1632 Deum
1278 1583 1387 1656 quem
1409 1558 1544 1655 ubique
1558 1580 1633 1629 esse
1651 1557 1795 1650 astruit,
1813 1556 1982 1628 dicens':
2005 1582 2023 1624 a
2051 1556 2088 1626 Si

499 1676 695 1750 ascendero
708 1677 745 1748 in
758 1677 903 1765 coelum,
923 1693 963 1750 tu
976 1678 1048 1751 illic
1064 1703 1122 1769 es,
1136 1694 1206 1751 etc.
1228 1706 1247 1748 u
1265 1678 1335 1751 Sed
1349 1691 1385 1750 et
1401 1702 1485 1749 eum
1499 1676 1636 1749 Veritas
1658 1677 1736 1774 ipsa
1752 1674 1934 1774 perhibet,
1961 1698 2089 1773 pecca

500 1808 578 1867 tum
598 1795 635 1867 in
657 1797 830 1895 Spiritum
850 1821 926 1869 nou
948 1822 1025 1870 esse
1045 1798 1282 1890 remissibile⁸,
1305 1821 1389 1871 cum
1404 1810 1593 1894 peccatum
1611 1795 1648 1866 in
1667 1798 1807 1866 Patrem
1825 1793 1882 1891 vel
1902 1793 1941 1864 in
1962 1793 2089 1865 Filium

500 1912 708 1986 remissibile
735 1914 851 2007 dicat,
874 1916 934 1987 cui
960 1928 1081 2013 aperte
1106 1940 1181 1987 non
1202 1915 1359 1988 insinuet
1380 1915 1552 2013 Spiritum
1572 1913 1690 2011 ipsum
1712 1937 1787 1985 non
1811 1913 1988 1984 minorem
2014 1936 2090 1984 esse

503 2035 605 2104 Patre
628 2030 686 2104 rel
714 2031 821 2125 Filio,
851 2046 889 2105 et
914 2057 979 2135 per
1005 2032 1078 2105 hoc
1103 2034 1211 2107 etiam
1235 2034 1353 2133 ipsum
1380 2038 1496 2105 Deum
1516 2031 1665 2131 plenum
1690 2057 1765 2105 esse
1791 2031 1879 2103 sicru
1908 2046 1961 2103 est
1988 2035 2092 2105 Pater

501 2149 579 2248 ipse
594 2153 651 2223 vel
668 2150 799 2224 Filius?
819 2153 946 2249 Liquet
971 2153 1092 2251 itaque
1114 2177 1157 2225 ex
1178 2153 1411 2253 suprapositis
1431 2167 1506 2225 tam
1520 2152 1680 2225 Verbum
1698 2153 1764 2224 Dei
1784 2136 1892 2249 quam
1920 2152 2091 2249 Spiritum

501 2268 597 2365 ejus,
616 2274 732 2342 Deum
755 2293 852 2362 esse;
876 2271 967 2342 sicut
982 2284 1019 2342 et
1037 2272 1113 2369 ipse
1132 2271 1235 2368 eujus
1256 2286 1309 2344 est
1322 2270 1473 2344 verbum
1490 2271 1547 2344 vel
1570 2272 1726 2370 spiritus.
1752 2270 1952 2365 lntelligant
1967 2270 2090 2366 igittu,

500 2401 540 2459 ut
551 2387 689 2460 dictum
702 2403 767 2478 est,
786 2388 858 2460 hoc
873 2387 1034 2460 Verbum
1050 2394 1185 2482 Deum,
1201 2391 1238 2462 id
1254 2406 1311 2464 est
1322 2391 1449 2463 Filium
1466 2391 1554 2480 Dei,
1574 2415 1649 2462 uon
1667 2390 1910 2462 transitorium
1925 2389 2088 2478 verbum,

501 2530 576 2579 non
596 2505 774 2598 audibile,
792 2506 858 2581 sed
876 2506 1131 2599 intellectuale,
1150 2508 1223 2581 hoc
1239 2523 1293 2582 est
1310 2511 1426 2608 ipsam
1441 2510 1619 2583 rationem
1634 2509 1707 2583 sive
1720 2509 1931 2608 sapientiam
1943 2523 2092 2582 coaeter·

501 2647 585 2696 nam
599 2629 696 2716 Deo,
707 2608 824 2723 ¹quam
838 2624 908 2698 dici
924 2628 1094 2699 convenit
1110 2629 1424 2727 omnisapientiam
1440 2629 1532 2700 sicut
1552 2641 1589 2700 et
1604 2627 1758 2702 dicimus
1772 2628 2089 2725 omnipotentiam,

502 2743 600 2815 unde
622 2759 659 2815 et
678 2744 850 2841 scriptum
873 2748 974 2817 est':
999 2773 1017 2811 e
1037 2747 1166 2818 Omnis
1186 2748 1360 2845 sapientia
1381 2748 1578 2821 aDomino
1601 2750 1680 2818 Deo
1703 2761 1774 2837 est,
1792 2761 1928 2819 etcum
1945 2747 2008 2818 illo
2028 2747 2094 2820 luit

502 2884 657 2958 semper,
684 2875 720 2933 et
738 2876 793 2934 est
811 2876 894 2935 ante
917 2887 1048 2935 aerum.
1070 2895 1088 2931 a
1113 2866 1184 2952 Qui
1207 2866 1315 2939 etiam
1336 2866 1374 2937 in
1401 2864 1495 2938 libro
1517 2868 1709 2963 Sapientia
1728 2890 1833 2939 verm
1853 2866 1920 2938 Dei
1943 2864 2037 2937 filius
2059 2882 2094 2940 et

502 2978 815 3053 consubstantialis
842 2995 1084 3076 monstratur,
1110 2983 1158 3057 ad
1190 2982 1431 3059 differentiam
1455 2984 1590 3059 scilicet
1621 2983 1877 3084 adoptivorum
1910 2983 2090 3081 liliorum,

504 3095 551 3170 de
578 3096 708 3193 quibus
734 3123 799 3196 per
822 3099 1109 3196 praedicationem
1135 3102 1212 3198 ejus
1233 3107 1312 3178 Deo
1335 3104 1515 3201 acquisitis
1539 3105 1713 3203 scripturn
1737 3105 1836 3177 est⁸:
1859 3134 1878 3175 u
1907 3109 2095 3203 Quotquot

502 3230 623 3290 autem
649 3233 862 3315 recepenmt
886 3242 991 3311 eum,
1014 3218 1115 3293 dedit
1142 3221 1193 3293 eis
1221 3236 1433 3320 potestatem
1459 3222 1552 3295 lilios
1577 3224 1643 3296 Dei
1666 3222 1760 3314 lieri,
1786 3224 1842 3295 his
1860 3225 1924 3321 qui
1942 3224 2095 3297 credunt

502 3335 540 3407 in
557 3336 704 3410 nomine
721 3335 811 3432 ejus.
831 3365 850 3402 a
875 3337 934 3409 Sic
954 3338 1088 3436 quippe
1111 3363 1195 3411 cum
1218 3339 1294 3436 ejus
1319 3343 1439 3439 passio
1461 3343 1497 3414 in
1519 3343 1705 3440 Sapientia
1734 3343 1919 3416 manifeste
1938 3345 2095 3442 prophe·

505 3467 656 3543 teretur,
681 3454 776 3526 inter
800 3468 919 3527 cetera
947 3454 995 3526 ab
1021 3456 1140 3554 impiis
1163 3457 1298 3531 dictum
1324 3462 1427 3532 ast':
1450 3487 1467 3528 r
1492 3460 1528 3530 Si
1557 3461 1656 3532 enim
1682 3483 1787 3533 verus
1811 3463 1878 3535 Dei
1902 3461 1995 3534 filius
2019 3477 2093 3553 est,

503 3571 671 3670 suscipiet
698 3570 799 3643 illum
815 3589 859 3644 .et
881 3571 1047 3646 liberabit
1072 3573 1118 3647 de
1144 3599 1256 3649 manu
1278 3577 1554 3650 contrariorum.
1576 3604 1594 3645 u
1621 3583 1721 3651 Hanc
1740 3593 1777 3652 et
1799 3596 1921 3677 aperte
1945 3603 2098 3675 genera·

506 3689 640 3760 tionem
659 3686 846 3785 profitetur
864 3703 986 3762 sancta
1004 3692 1124 3764 anima
1139 3717 1206 3790 per
1227 3696 1344 3766 Deum
1359 3693 1520 3787 liberata,
1538 3719 1621 3767 etam
1637 3698 1674 3768 in
1688 3696 1933 3769 Ecclesiastico
1949 3697 2036 3769 dicit
2044 3702 2065 3738 ¹⁰
2084 3727 2093 3771 ε

508 3833 525 3871 α
545 3805 713 3878 invocari
729 3808 928 3880 Dominum
942 3822 1081 3907 patrem
1099 3811 1247 3884 Domini
1266 3812 1354 3904 mei,
1371 3826 1501 3885 utnon
1519 3813 1743 3914 derelinquat
1763 3814 1874 3888 mein
1892 3813 1951 3888 die
1974 3814 2097 3888 tribu·

410 3918 435 4011 f
505 3922 649 3996 lationis
668 3948 770 3997 mese.
789 3952 809 3995 u

555 4046 657 4114 Nunc
681 4056 800 4116 autem
824 4059 906 4142 post
935 4048 1140 4121 testimonia
1171 4051 1433 4151 Prophetarum
1462 4053 1508 4127 de
1538 4054 1610 4129 lide
1633 4070 1763 4129 sanctae
1786 4055 1981 4148 Trinitatis,
2010 4054 2098 4129 libet

505 4159 613 4232 etiam
629 4163 833 4236 testimonia
857 4162 1160 4266 Philosophorum
1184 4193 1409 4269 supponere,
1428 4198 1520 4271 quos
1538 4173 1586 4246 ad
1610 4175 1715 4248 unius
1740 4176 1806 4249 Dei
1828 4175 2098 4273 intelligentiam

504 4302 589 4350 cum
607 4281 683 4378 ipsa
698 4280 935 4382 philosophiae
952 4285 1044 4359 ratio
1062 4286 1242 4386 perduxit,
1261 4290 1347 4387 quia
1357 4291 1458 4388 juxta
1475 4293 1709 4391 Apostolum¹¹
1724 4322 1733 4366 ε
1748 4323 1766 4363 u
1779 4292 1972 4368 lnvisibilia
1987 4294 2098 4393 ipsius

505 4397 572 4470 Dei
588 4421 610 4470 a
625 4413 788 4473 creatura
812 4401 940 4475 muudi
963 4428 1028 4502 per
1054 4428 1098 4478 ea
1120 4431 1200 4504 quae
1225 4407 1317 4482 facta
1340 4426 1442 4501 sunt,
1473 4410 1650 4485 intellecta
1674 4414 1962 4512 conspiciuntur,
1983 4443 2002 4480 a
2019 4428 2098 4485 tum

505 4515 614 4588 etiam
627 4517 705 4614 ipsa
718 4517 1032 4594 continentissimae
1043 4524 1123 4596 vitae
1137 4523 1329 4617 sobrietas,
1350 4527 1510 4627 quodam
1520 4531 1572 4602 eis
1585 4532 1712 4604 merito
1729 4531 1885 4630 idipsum
1897 4531 2095 4629 acquisivit.

505 4634 706 4733 Oportebat
721 4638 855 4736 quippe
873 4654 959 4713 tunc
977 4642 1102 4734 etiam,
1134 4658 1176 4716 ut
1201 4646 1239 4716 in
1261 4647 1348 4744 ipsis
1374 4648 1603 4746 praesignaret
1620 4655 1716 4724 Deus
1733 4675 1798 4751 per
1819 4650 1967 4748 aliquod
1982 4649 2098 4722 abun·

505 4752 679 4830 dandoris
691 4756 809 4851 gratiae
826 4755 979 4849 donum,
999 4785 1111 4860 qrmm
1126 4766 1308 4865 acceptior
1324 4767 1369 4840 sit
1381 4768 1416 4839 ei
1426 4769 1489 4865 qui
1498 4768 1618 4843 sobrie
1629 4771 1739 4859 vivit,
1760 4784 1796 4842 et
1808 4794 1847 4843 se
1863 4769 1910 4843 ab
1923 4769 2100 4843 illecebris

540 4972 1276 5044 *summanuma-uusport,curru,
1329 4983 1637 5048 nra-’rectem
1657 4985 2100 5050 1.r.l.-·loan.,ecp.r,r.12.

506 5063 529 5100 r.
541 5052 565 5102 2.
577 5053 688 5102 -³Aet.
700 5053 796 5116 spru,
806 5067 860 5117 cap.
871 5067 915 5117 xv,
926 5070 949 5108 r.
960 5061 1001 5109 28.
1014 5084 1043 5094 -
1055 5060 1064 5091 ⁴
1074 5056 1162 5110 Psalm.
1174 5073 1276 5123 carun,
1331 5063 1455 5126 -tsun,
1466 5077 1520 5126 cap.
1540 5077 1569 5125 u,
1591 5078 1614 5115 r.
1638 5068 1675 5117 1⁸.
1686 5092 1715 5102 -
1724 5069 1740 5098 ¹·
1751 5064 1840 5126 Ereti..
1860 5079 1914 5127 etp.
1937 5077 1968 5125 u,
1982 5078 2004 5113 r.
2020 5068 2058 5117 111·
2070 5091 2099 5102 -

507 5129 1275 5202 v,r.-⁵tt·ur.,e·p.xu,r.saulaumon,
1329 5142 1617 5207 ‘domonstrat
