4559 6100
671 595 964 670 lvrnonucrto
989 594 1052 671 Au
1075 591 1379 673 THEOLOGIAM.
1751 600 1848 679 ⁴37,

229 766 295 814 nec
309 764 485 841 corporea
498 767 553 816 res
567 758 631 835 est,
647 769 714 817 nec
728 744 889 846 partibus
898 760 1051 840 constat,
1064 759 1104 818 ut
1112 746 1259 819 dissolvi
1269 749 1394 847 possit.
1408 750 1502 822 Deus
1516 742 1623 845 igitur
1634 768 1702 820 nec
1717 771 1818 842 caro,

231 886 298 934 nec
314 861 428 933 homo
444 886 520 935 esse
535 865 680 963 proprie
701 864 875 938 dicendus
895 880 959 938 est.
979 867 1146 966 Alioquin
1170 881 1205 940 et
1224 865 1338 939 homo
1355 891 1375 940 e
1392 868 1574 939 contrario
1598 868 1744 966 proprie
1764 868 1822 940 di·

230 980 368 1054 cendus
393 996 486 1055 esset
511 986 629 1073 Deus?
645 983 742 1058 unde
768 985 902 1084 aliquid
927 1001 1105 1077 creatum,
1123 985 1180 1058 vel
1203 986 1301 1083 qnod
1327 1010 1401 1058 non
1425 1010 1565 1086 semper
1581 985 1647 1058 tuit
1669 985 1820 1059 concedi

227 1116 411 1200 oporteret
419 1106 535 1175 Deum
544 1127 632 1198 esse,
644 1129 728 1177 cum
736 1105 901 1178 videlicet
909 1119 1049 1179 constet
1058 1105 1245 1179 hominem
1254 1121 1452 1179 creaturam
1460 1130 1548 1192 esse,
1563 1119 1669 1204 atque
1677 1105 1820 1176 initium

226 1219 372 1294 habere.
386 1222 485 1294 Absit
501 1236 620 1295 antem
638 1238 677 1295 nt
694 1223 851 1322 aliquam
864 1249 942 1298 rern
956 1229 1074 1299 Deum
1080 1250 1157 1298 esse
1167 1248 1361 1324 ponamus,
1376 1252 1456 1324 quae
1470 1249 1545 1297 non
1559 1249 1703 1324 semper
1714 1223 1821 1296 exsti·

124 1397 130 1415 r
229 1340 331 1434 terit,
349 1356 412 1414 aut
433 1366 509 1415 non
536 1367 678 1442 semper
698 1348 796 1417 Dens
821 1344 944 1436 fuerit3
959 1346 1032 1419 hoc
1056 1347 1190 1445 quippe
1211 1359 1263 1419 est
1278 1350 1395 1418 Deum
1412 1370 1548 1417 novum
1564 1344 1622 1417 vel
1639 1357 1821 1417 recentem

227 1459 405 1534 confiteri.
422 1465 536 1559 Aqua
551 1462 698 1561 quidem
714 1465 943 1564 perversitate
961 1471 1057 1539 Deus
1073 1490 1141 1538 nos
1157 1464 1337 1557 inhibens,
1348 1466 1415 1538 ait¹
1432 1493 1440 1536 :
1459 1467 1604 1556 «israel,
1621 1466 1650 1537 si
1667 1462 1822 1537 audieris

230 1603 307 1674 me,
328 1605 404 1652 non
421 1581 489 1654 erit
504 1583 541 1654 io
560 1596 594 1654 te
611 1588 708 1656 Deus
724 1608 893 1658 recens.»
913 1590 960 1658 Ut
976 1586 1085 1683 igitur
1099 1585 1300 1683 expositum
1316 1599 1386 1678 est,
1403 1584 1628 1658 cumdicitur
1639 1589 1736 1657 Deus
1746 1580 1822 1654 fieri

228 1723 314 1772 caro
325 1752 336 1789 ,
352 1702 410 1777 vel
432 1706 529 1774 Dens
548 1700 661 1776 homo
685 1727 779 1794 esse,
803 1704 855 1778 sic
881 1704 1132 1806 accipiendum
1152 1720 1225 1798 est,
1245 1718 1285 1777 ut
1301 1705 1424 1778 divina
1442 1703 1640 1777 substantia
1656 1703 1824 1776 humanae

227 1820 357 1895 sociari
372 1822 409 1893 in
425 1846 617 1921 personam
627 1847 739 1897 unam
748 1823 981 1923 intelligatur,
994 1850 1068 1898 non
1085 1825 1145 1898 illa
1161 1823 1254 1898 effici
1265 1824 1321 1897 cui
1338 1824 1511 1917 sociatum
1523 1825 1614 1898 sicut
1627 1849 1693 1897 nec
1704 1823 1825 1896 anima

227 1939 386 2014 hominis
402 1966 488 2015 caro
507 1941 547 2014 fit
569 1944 789 2039 minuitur,
809 1968 876 2018 nec
897 1946 935 2017 in
959 1947 1034 2043 ejus
1057 1959 1222 2020 naturam
1249 1946 1484 2020 convertitur.
1503 1942 1612 2033 Quod
1639 1943 1826 2040 diligenter

227 2057 353 2134 beatus
386 2063 549 2161 aperiens
579 2062 810 2155 Athanasius,
835 2090 920 2137 cum
942 2066 1116 2139 unitatem
1144 2090 1306 2164 personae
1330 2065 1462 2138 Christi
1486 2065 1523 2136 in
1545 2061 1687 2136 duabus
1708 2062 1827 2136 consi·

228 2183 353 2256 stentis
367 2183 505 2255 naturis
526 2182 747 2278 defenderet,
766 2186 814 2259 ait
828 2184 873 2258 de
886 2185 987 2286 ipso:
1005 2215 1023 2251 α
1036 2186 1108 2274 Qui
1124 2184 1207 2258 licet
1221 2189 1318 2259 Dens
1328 2187 1372 2258 sit
1387 2199 1423 2258 et
1437 2184 1551 2257 homo
1566 2239 1576 2278 ,
1596 2207 1672 2256 non
1686 2182 1761 2255 duo
1775 2197 1826 2256 ta·

227 2328 325 2395 men,
341 2302 405 2376 sed
422 2328 517 2376 unus
529 2317 582 2377 est
598 2302 771 2378 Christus.
791 2310 891 2378 Unus
906 2320 1040 2398 autem,
1059 2331 1134 2379 non
1151 2306 1386 2379 conversione
1400 2303 1596 2376 divinitatis
1610 2304 1647 2374 in
1665 2327 1824 2397 carnem,

227 2425 291 2495 sed
302 2423 536 2499 humanitatis
548 2424 584 2496 in
605 2428 734 2497 Deum.
755 2430 856 2497 Unus
873 2426 1038 2522 omnino,
1052 2452 1127 2498 non
1145 2424 1358 2498 confusione
1374 2423 1595 2513 substantiae,
1614 2421 1679 2495 sed
1693 2424 1829 2495 unitate

228 2565 402 2640 personae.
429 2548 521 2617 Nam
536 2544 627 2618 sicut
642 2545 763 2617 anima
786 2545 969 2618 rationalis
988 2559 1025 2618 et
1039 2568 1125 2618 caro
1141 2569 1235 2616 unus
1252 2543 1457 2634 esthemo,
1484 2543 1533 2615 ita
1550 2546 1647 2614 Deus
1665 2556 1701 2615 et
1713 2540 1827 2614 homo

228 2687 324 2736 unns
342 2678 398 2736 est
413 2663 586 2736 Christus.
609 2664 720 2737 »Tale
740 2679 794 2738 est
808 2679 928 2737 autem
948 2664 1047 2762 qnod
1064 2665 1113 2737 ait
1134 2692 1143 2735 ι
1163 2669 1260 2736 Dens
1278 2678 1313 2736 et
1324 2661 1437 2736 homo
1449 2676 1534 2735 sunt
1548 2685 1642 2733 unus
1651 2659 1824 2755 Christus,

229 2806 305 2854 non
315 2781 391 2855 duo
400 2781 547 2871 Christi,
564 2785 655 2857 sicut
664 2785 784 2858 anima
795 2798 832 2858 et
845 2809 931 2858 caro
946 2809 1041 2857 unns
1059 2799 1143 2857 sunt
1157 2783 1294 2875 homo,
1313 2806 1388 2854 non
1406 2780 1481 2855 duo
1500 2781 1679 2854 homines.
1693 2783 1828 2868 Quam·

228 2903 282 2974 vis
297 2904 397 2976 enim
414 2903 599 2979 diversitas
617 2920 826 2979 naturarum
842 2906 879 2977 in
893 2905 1037 2985 Christo
1051 2905 1116 2996 sit,
1136 2903 1265 2976 divinae
1281 2903 1413 2976 scilicet
1427 2916 1463 2975 et
1479 2902 1664 2994 humane,
1683 2902 1775 2973 sicut
1789 2902 1826 2973 in

230 3045 304 3096 uno
319 3021 469 3098 homine
485 3025 604 3098 anima
615 3039 651 3099 et
667 3048 753 3098 caro
772 3050 954 3124 corporeae
970 3038 1104 3098 suntet
1120 3024 1343 3124 incorporeae
1356 3036 1509 3115 naturae3
1528 3046 1605 3096 non
1621 3036 1741 3095 tamen
1761 3045 1828 3095 nec

231 3167 373 3217 necesse
388 3158 442 3217 est
459 3143 551 3218 dnos
564 3144 647 3219 ideo
659 3145 817 3219 Christos
832 3169 922 3238 esse,
934 3146 1027 3219 sicut
1039 3170 1108 3218 nec
1121 3144 1214 3217 dnos
1227 3143 1409 3235 homines,
1422 3156 1484 3216 ant
1500 3142 1740 3215 diversitatem
1751 3140 1827 3216 heri

229 3288 480 3362 personarum,
495 3265 585 3339 sicut
602 3281 655 3339 est
671 3280 881 3339 naturarum
899 3267 935 3338 in
953 3289 1063 3339 unam
1077 3289 1267 3366 personam
1292 3264 1359 3336 sibi
1378 3263 1666 3360 conjunctarum,
1686 3260 1769 3334 licet
1791 3262 1829 3333 in

230 3385 303 3458 suis
323 3385 671 3486 proprietatibusita
686 3384 941 3481 discretarum,
965 3401 1004 3459 ut
1032 3408 1261 3484 nequaquam
1285 3382 1397 3456 altera
1413 3381 1611 3454 substantia
1628 3382 1666 3453 in
1682 3381 1830 3453 alteram

229 3520 457 3579 convertatur
471 3520 621 3607 propter
637 3506 732 3580 hanc
750 3508 922 3580 unionem
936 3530 1109 3605 personae.
1125 3503 1234 3594 Quod
1249 3516 1513 3601 consequenter
1528 3501 1659 3600 aperit,
1680 3500 1828 3573 dicens:

232 3654 251 3690 r
266 3629 364 3697 Unus
375 3640 511 3716 autem,
523 3650 599 3699 non
616 3627 853 3699 conversione
866 3625 1059 3699 divinitatis
1072 3627 1110 3698 in
1128 3648 1288 3714 carnem,
1304 3621 1342 3695 id
1355 3636 1408 3694 est
1418 3623 1454 3693 in
1464 3620 1747 3711 humanitatem,
1766 3620 1830 3691 sed

228 3767 294 3842 per
307 3747 591 3846 assumptionem
606 3745 836 3819 humanitatis
855 3751 968 3819 aDeo
982 3745 1126 3820 factam.
1137 3773 1157 3814 n
1170 3742 1244 3816 Alia
1254 3745 1389 3842 quippe
1404 3754 1457 3813 est
1471 3738 1671 3812 substantia
1687 3739 1745 3811 vel
1763 3763 1828 3810 na-

230 3877 311 3937 tura
331 3890 410 3963 quae
431 3880 613 3966 assumpta
626 3881 695 3959 est,
711 3890 823 3966 quam
839 3891 1045 3958 assumens,
1064 3864 1148 3938 licet
1159 3889 1235 3938 non
1252 3863 1297 3935 sit
1312 3861 1382 3934 alia
1398 3884 1563 3960 persona.
1582 3857 1690 3946 Quod
1707 3883 1829 3930 rursus

228 4010 415 4083 exponens
431 3987 481 4061 ait
499 4014 508 4060 z
528 3991 630 4061 Unus
647 3987 797 4061 omnino
817 4011 894 4087 per.
907 3987 1083 4060 unionem
1100 4008 1284 4084 personae,
1302 4007 1378 4056 non
1398 4006 1462 4081 per
1474 3980 1725 4053 confusionem
1743 3977 1828 4051 sub·

228 4106 384 4200 stantiae,
402 4105 475 4181 hoc
490 4122 543 4180 est
570 4131 646 4180 non
672 4132 738 4208 per
759 4107 1055 4180 commixtionem
1080 4104 1361 4178 substantiarum
1379 4102 1416 4173 in
1433 4125 1544 4173 unam
1570 4114 1754 4193 naturam,
1773 4100 1829 4173 vel

227 4250 295 4325 per
311 4227 587 4302 conversionem
612 4227 757 4301 atterius
779 4227 986 4302 substantiae
1007 4226 1043 4298 in
1065 4225 1228 4299 alteram.
1248 4221 1465 4295 sicutenim
1490 4223 1528 4292 in
1553 4244 1628 4291 nno
1657 4223 1735 4291 Deo
1758 4233 1830 4291 tres

224 4369 393 4445 personae
409 4361 492 4420 sunt
508 4362 543 4421 et
561 4372 634 4420 una
649 4346 847 4422 substantia
864 4374 872 4418 :
893 4348 944 4421 ita
961 4345 1181 4419 econtrario
1196 4344 1234 4415 in
1249 4341 1392 4415 Christo
1410 4340 1489 4413 duae
1504 4353 1589 4412 sunt
1600 4338 1827 4431 substantiae,

225 4464 390 4539 hnmana
416 4466 551 4540 scilieet
570 4491 613 4540 ac
635 4467 774 4561 divina,
800 4466 863 4540 sed
887 4490 958 4539 una
981 4466 1018 4537 in
1039 4463 1181 4537 duabus
1203 4459 1408 4536 substantiis
1425 4458 1481 4533 vel
1499 4460 1638 4531 naturis
1657 4480 1825 4557 persona.

228 4584 337 4658 Unde
349 4601 384 4658 et
402 4589 565 4686 superius
579 4589 616 4660 in
634 4587 764 4661 eodem
775 4585 943 4686 symbolo
960 4584 1044 4658 fidei
1059 4584 1156 4658 idem
1174 4583 1323 4668 doctor,
1343 4604 1427 4653 cum
1443 4578 1687 4652 diversitatem
1702 4602 1827 4677 perso·
1906 4669 1920 4678 .

225 4706 489 4779 naruminnna
501 4708 571 4779 Dei
582 4706 779 4780 substantia
792 4706 1073 4795 demonstraret,
1092 4705 1163 4778 ait:
1184 4700 1317 4775 «Fides
1332 4713 1453 4773 autem
1469 4697 1734 4771 catholicahaec
1752 4711 1826 4790 est,

227 4839 270 4897 ut
287 4848 403 4897 unum
419 4829 537 4898 Deum
554 4826 592 4898 in
608 4826 798 4918 Trinitate,
816 4842 853 4899 et
866 4825 1074 4898 Trinitatem
1091 4826 1127 4896 in
1145 4823 1281 4896 unitate
1298 4842 1525 4909 veneremur,
1545 4843 1662 4915 neque
1678 4815 1829 4890 confun-

228 4943 357 5017 dentes
370 4968 556 5044 personas,
568 4970 686 5043 neque
698 4944 931 5020 substantiam
945 4958 1161 5045 separantes.
1171 4973 1188 5011 r
1199 4946 1299 5014 Tunc
1310 4917 1430 5014 antem
1444 4961 1615 5037 personas
1627 4933 1828 5009 contunde-

262 5216 370 5271 ·Psalm.
384 5231 491 5282 rma.
504 5223 541 5273 to.

353 5331 377 5368 n
