4559 6100
1316 511 1350 585 V

999 838 1295 930 EPISTOLA
1339 837 1667 928 ROSCELINI

1180 1154 1224 1209 Ad
1242 1157 1273 1209 P.
1292 1153 1473 1210 Abalardum.

529 1442 635 1497 lectori
652 1453 758 1514 gratum
775 1438 827 1495 uit
841 1458 931 1494 rursus
957 1439 995 1492 ibi
1015 1438 1135 1493 invenire
1156 1438 1288 1511 insignem
1306 1439 1378 1492 illam
1397 1436 1549 1509 epistolam,
1566 1454 1647 1508 quam
1671 1435 1762 1509 paucis
1782 1435 1882 1489 abhinc
1899 1433 1988 1501 anab,
2008 1435 2052 1489 vir
2069 1437 2135 1493 clar.

565 1530 719 1597 Schmeller,
741 1529 911 1582 bibliothecas
930 1527 1099 1581 Monacensis
1121 1527 1324 1598 subpraiectus,
1345 1525 1374 1578 in
1398 1543 1482 1598 parvo
1502 1524 1622 1596 quodam
1640 1526 1721 1579 seculi
1743 1525 1813 1577 Xlll
1831 1525 1966 1579 volumine
1985 1540 2136 1597 repertam,

564 1617 666 1691 publici
678 1618 746 1690 juris
759 1617 877 1689 primum
891 1615 952 1669 feeit
969 1615 1183 1688 (Abhaadlurtges
1198 1614 1244 1667 der
1254 1621 1268 1666 1
1280 1617 1359 1670 class.
1372 1614 1400 1669 d.
1414 1614 1438 1669 k.
1451 1613 1502 1670 At.
1517 1614 1562 1666 der
1578 1618 1654 1670 Wiss.
1672 1620 1697 1663 7
1707 1613 1752 1678 θ’,
1765 1619 1809 1664 11!
1818 1612 1927 1685 Abth.);
1949 1632 2084 1684 quamque
2102 1614 2135 1670 ad

563 1709 671 1762 Petrum
686 1704 858 1759 Abalardum
876 1704 1005 1758 directam
1018 1705 1111 1772 fuisse,
1126 1721 1176 1757 nec
1193 1703 1237 1757 alii
1255 1703 1380 1773 cuiquam
1397 1701 1568 1757 tribuendam
1581 1716 1678 1775 preter
1691 1703 1872 1767 hescelinum,
1886 1703 1947 1756 licet
1960 1702 2136 1774 inscriptione

564 1808 591 1850 et
608 1793 804 1867 subscriptione
824 1794 853 1847 in
870 1791 963 1847 codice
982 1804 1080 1862 careat,
1093 1803 1171 1845 tenor
1196 1791 1252 1862 ipse
1269 1790 1398 1844 samonis
1415 1792 1476 1844 satis
1492 1789 1617 1845 declarat.
1637 1792 1686 1844 Illa
1704 1790 1814 1861 quidem
1829 1809 1884 1844 esse
1906 1791 1980 1845 baud
2000 1791 2135 1846 immerito

561 1882 667 1937 ridetur
679 1882 807 1954 epistola,
821 1900 880 1953 quas
892 1881 959 1934 iram
971 1878 1104 1934 Abehrdi
1118 1880 1233 1932 maxime
1246 1880 1360 1932 senensis
1372 1891 1398 1931 et
1410 1878 1461 1951 ipsi
1477 1880 1606 1951 persuasit
1617 1891 1647 1931 ot
1657 1879 1796 1950 epistolam
1809 1891 1904 1932 eontra
1915 1879 2089 1932 Roscelinum
2100 1879 2135 1934 ad

562 1972 718 2043 episcopum
731 1970 903 2024 Parisiensem
914 1968 1102 2036 conscriberet,
1111 1986 1191 2038 quam
1204 1986 1294 2039 supra,
1307 1967 1421 2039 hujusce
1431 1968 1497 2021 tomi
1509 1985 1572 2039 pag.
1586 1969 1647 2036 tao,
1656 1980 1717 2039 post
1728 1967 1901 2022 Amboesium
1912 1966 2057 2035 edidimus,
2071 1987 2133 2022 cum

560 2060 640 2113 nobis
653 2056 776 2111 nondum
787 2057 946 2112 innotuisset
958 2056 1064 2110 libellus
1077 2074 1093 2109 a
1104 2057 1170 2109 clar.
1182 2055 1241 2109 viro
1252 2055 1399 2111 Schmeller
1411 2056 1522 2109 feliciter
1533 2054 1661 2111 detectus⁴

569 2342 603 2407 si
617 2340 796 2406 christiauae
821 2337 985 2430 religionis
1012 2335 1218 2405 dulcedinem
1241 2360 1339 2426 quam
1358 2338 1473 2403 habitu
1494 2338 1564 2428 ipso
1584 2336 1777 2428 praeferebas
1791 2336 1842 2404 vel
1868 2339 2004 2404 tenuiter
2028 2337 2135 2430 degu-

525 2475 655 2543 stasses,
673 2481 878 2548 nequaquam
899 2458 946 2523 tui
965 2456 1088 2522 ordinis
1103 2472 1230 2545 tuaeque
1247 2455 1455 2547 professionis
1477 2458 1660 2539 immemor,
1679 2472 1712 2523 et
1732 2455 1960 2523 beneficiorum
1980 2481 2051 2546 quta
2071 2459 2136 2523 tibi

525 2597 577 2646 tot
590 2596 624 2647 et
646 2594 753 2658 tanta,
771 2602 791 2642 a
806 2601 908 2669 puero
930 2600 1030 2667 usque
1052 2576 1095 2642 ad
1111 2578 1278 2665 juvenem,
1295 2575 1354 2641 sub
1375 2577 1519 2667 magistri
1534 2578 1667 2644 nemim
1683 2594 1715 2643 et
1731 2594 1816 2654 actu,
1833 2576 1978 2661 exhibui,
1998 2578 2132 2661 oblitus,

524 2702 559 2766 in
582 2699 681 2765 verba
708 2697 838 2763 malitiae
862 2720 969 2763 meam
993 2696 1144 2763 adversus
1170 2698 1390 2763 innocentiam
1415 2694 1498 2761 adeo
1522 2698 1737 2787 prorupisses,
1760 2714 1799 2762 ut
1821 2697 1996 2762 fraternam
2019 2720 2133 2788 pacem

523 2820 643 2910 linguae
674 2816 784 2910 gladio
809 2816 1004 2900 vulnerares,
1025 2819 1118 2903 juxta
1149 2815 1230 2882 illud
1261 2847 1275 2874 α
1296 2816 1407 2908 lingua
1431 2840 1546 2882 eorum
1570 2817 1694 2909 gladius
1717 2834 1839 2900 acutus,
1862 2850 1876 2876 »
1904 2834 1937 2884 et
1962 2817 2133 2883 Salvatoris

524 2939 626 3004 nostri
637 2937 846 3003 saluberrima
862 2953 998 3028 actuque
1012 2935 1165 3003 facillima
1179 2950 1342 3026 praecepta
1359 2951 1616 3027 contempneres.
1630 2939 1712 3002 Cum
1724 2939 1811 3003 enim
1823 2937 1948 3004 Veritas
1971 2937 2058 3002 dicat
2078 2968 2092 2994 ι
2107 2937 2132 3002 si

524 3058 705 3150 peccaverit
725 3060 760 3121 iu
779 3072 813 3123 te
837 3056 935 3122 frater
958 3072 1048 3140 tuus,
1070 3056 1196 3146 corripe
1223 3078 1300 3121 eum
1315 3057 1399 3122 iuter
1412 3071 1444 3121 te
1461 3071 1495 3122 et
1509 3058 1614 3148 ipsum
1629 3057 1753 3142 solum3
1772 3059 1798 3124 si
1814 3074 1923 3124 autem
1937 3073 1971 3123 te
1987 3081 2056 3122 non
2071 3081 2130 3122 au·

524 3175 631 3260 dierit,
646 3177 766 3242 adhibe
781 3191 893 3274 testes3
906 3176 1033 3265 quodsi
1047 3198 1151 3266 neque
1166 3177 1212 3241 sic
1227 3193 1259 3241 te
1277 3175 1425 3258 audierit,
1438 3178 1492 3258 dic
1507 3176 1669 3259 Ecclesia,
1686 3209 1700 3237 κ
1719 3194 1755 3244 tu
1770 3178 1897 3244 duobus
1909 3179 2020 3268 primis
2036 3200 2130 3243 man·

496 3367 500 3374 ,
524 3298 607 3363 datis
622 3298 728 3362 subito
743 3296 918 3363 iracundie
931 3296 1039 3363 furore
1055 3295 1184 3363 caleatis
1200 3296 1243 3363 ad
1258 3298 1387 3362 tertium
1403 3297 1585 3364 inordinate
1599 3298 1813 3382 transvolasti,
1834 3315 1868 3365 et
1885 3298 1928 3364 ad
1944 3275 2128 3388 praeelaram
2242 3372 2243 3400 1

525 3433 558 3482 et
583 3417 821 3507 precellentem
848 3417 937 3482 beati
958 3417 1091 3482 Martini
1120 3419 1316 3484 Turonensis
1342 3418 1518 3484 Ecclesiam
1542 3417 1748 3486 detractionis
1774 3443 1855 3486 mear
1877 3418 2076 3511 plenissimas
2099 3434 2128 3484 et
2241 3459 2242 3494 t

524 3533 567 3601 de
600 3536 683 3601 rasis
724 3537 774 3600 sui
800 3535 1005 3601 immunditia
1029 3535 1243 3603 fetidissimas
1273 3537 1381 3602 literas
1418 3539 1635 3623 transmisisti,
1670 3540 1704 3604 in
1737 3540 1853 3630 quibus
1884 3562 1959 3604 mea
1993 3561 2129 3630 persona
2240 3571 2241 3588 t

521 3654 689 3744 multiplici
713 3654 854 3718 infamiae
885 3654 1011 3719 macula
1037 3658 1128 3744 quasi
1153 3658 1242 3722 vario
1281 3656 1380 3747 lepra·
1410 3657 1520 3725 colore
1548 3658 1695 3750 depicta,
1721 3662 1756 3725 in
1783 3662 1881 3751 ipsius
1907 3660 2006 3728 etiam
2037 3683 2129 3725 saue·

521 3774 650 3840 tissimae
672 3771 821 3839 Ecclesiae
843 3772 1091 3856 contumeliam,
1113 3774 1204 3865 lapso
1232 3776 1409 3841 honestatis
1432 3776 1532 3868 pede,
1557 3801 1630 3844 eam
1650 3778 1779 3846 foveam
1807 3803 1943 3862 vocans,
1969 3779 2127 3845 decidisti.

519 3893 627 3960 Forea
649 3893 769 3989 quippe
793 3893 829 3957 in
856 3915 947 3959 sacro
978 3891 1108 3982 eloquio
1129 3916 1258 3983 semper
1292 3895 1328 3959 in
1361 3893 1447 3961 malo
1470 3897 1639 3988 accipitur,
1671 3915 1742 3965 eut
1770 3899 1897 3966 foderet
1916 3915 1992 3965 ante
2019 3899 2130 3965 faciem

519 4031 628 4077 meam
652 4012 799 4095 iuream,
817 4042 831 4070 s
858 4042 872 4070 ι
885 4011 1013 4077 foveam
1036 4013 1153 4079 animae
1174 4036 1282 4080 meaa»
1307 4015 1415 4088 etesi
1438 4039 1541 4082 cacus
1567 4041 1653 4085 ceco
1681 4018 1832 4087 ducatum
1854 4020 2015 4113 prebeat,
2034 4020 2128 4086 ambo

520 4130 555 4195 iu
577 4129 705 4197 foveam
725 4129 868 4197 eadunt»
890 4145 924 4196 et
943 4161 957 4188 «
972 4131 1028 4220 qni
1049 4147 1144 4222 parat
1163 4134 1311 4223 proximo
1327 4156 1387 4200 suo
1403 4134 1531 4202 foveam
1546 4138 1635 4228 prior
1655 4138 1768 4205 incidit
1783 4141 1818 4205 iu
1833 4164 1918 4209 eam.
1935 4172 1950 4197 »
1968 4140 2047 4206 Non
2068 4142 2128 4205 ita·

521 4271 584 4337 que
607 4248 774 4339 praelatam
798 4249 1028 4315 sanctissimam
1045 4249 1222 4318 Ecclesiam
1242 4275 1314 4341 qua
1335 4275 1388 4319 me
1411 4255 1580 4346 indignum
1603 4272 1636 4323 et
1664 4275 1868 4348 peccatorem
1887 4276 1939 4344 et,
1955 4275 1995 4324 ut
2019 4282 2129 4325 rerum

518 4361 633 4442 fatear,
651 4357 864 4450 obprobrium
883 4358 1055 4425 hominum
1072 4360 1239 4452 plebisque
1255 4364 1469 4453 abjectionem
1488 4368 1625 4457 gratuita
1645 4370 1849 4438 miseratione
1867 4373 2006 4462 reecpit,
2028 4370 2128 4437 fovee

518 4502 705 4571 comparare
729 4478 909 4563 debueras5
936 4478 994 4545 sed
1019 4480 1050 4545 ei
1064 4481 1185 4571 potius,
1203 4486 1294 4571 cujus
1314 4485 1468 4552 imitatrix
1488 4488 1559 4554 hae
1573 4489 1608 4554 iu
1624 4488 1710 4556 facto
1730 4491 1847 4558 affecta
1861 4509 1927 4576 est,
1951 4493 2009 4583 qui
2026 4490 2128 4557 solem

520 4621 614 4666 suum
639 4599 717 4665 oriri
739 4597 817 4663 facit
837 4621 932 4690 super
951 4597 1057 4665 bonos
1077 4615 1111 4665 et
1126 4601 1241 4684 malos,
1267 4619 1300 4668 et
1317 4602 1400 4694 pluit
1421 4629 1516 4697 super
1526 4611 1629 4695 justos
1650 4625 1684 4675 ct
1698 4611 1843 4699 injustos,
1859 4613 1915 4702 qai
1932 4611 1976 4678 ob
1994 4612 2127 4677 nimiam
2228 4671 2229 4696 ἶ
