4559 6100
903 533 1135 609 uincens.
1666 600 1669 607 .
1742 533 1815 609 657

218 684 490 761 similitudinem
502 685 631 757 divinae
642 685 737 761 circa
750 707 818 756 nos
830 681 977 757 culsne
989 681 1209 779 diligentiam
1223 682 1437 781 praeputium
1448 679 1565 777 signat
1575 696 1813 780 amputatum,

219 831 262 878 ex
275 830 351 903 quo
369 830 438 878 nos
452 811 549 879 Deus
561 804 724 879 excolere
740 803 878 902 incipit.
899 801 1008 891 Quod
1021 802 1050 873 si
1067 802 1175 875 etiam
1190 802 1358 876 humane
1372 800 1484 899 culpae
1498 801 1537 872 in
1553 802 1680 899 primis
1692 826 1817 900 paren·

220 924 315 997 tibus
340 924 489 998 exordia
505 924 679 1015 revolvas,
698 939 735 997 et
750 923 971 996 dominicam
987 922 1023 994 in
1040 920 1228 994 mulierem
1252 922 1466 993 sententiam
1484 944 1599 1018 poenae
1616 920 1814 1018 prolatam,

221 1069 305 1117 cum
322 1046 355 1117 ei
374 1044 538 1119 videlicet
558 1045 707 1121 dicitur¹
726 1071 735 1115 :
759 1072 777 1112 a
790 1049 830 1116 ln
845 1042 973 1115 dolore
989 1041 1106 1140 paries
1120 1040 1226 1133 lilios,
1249 1069 1267 1108 n
1286 1039 1424 1113 videbis
1440 1063 1587 1141 quoque
1603 1040 1721 1113 virum
1736 1064 1819 1139 par·
1875 1035 1878 1039 ’

220 1163 364 1262 ticipem
382 1166 519 1262 peccati
534 1166 572 1237 in
591 1163 733 1261 genitali
751 1163 929 1261 precipue
940 1160 1106 1234 membro
1123 1175 1218 1233 vecte
1244 1160 1323 1233 fieri
1342 1184 1455 1260 poenae
1473 1174 1701 1249 consortem,
1721 1162 1814 1233 utin

219 1283 281 1355 illo
298 1284 465 1359 videlicet
478 1284 645 1361 membro
662 1299 757 1359 recte
773 1284 940 1382 patiatur,
956 1306 1021 1380 per
1033 1281 1135 1379 quod
1151 1282 1232 1354 vitae
1243 1281 1426 1380 praesentis
1442 1278 1548 1353 exilio
1563 1278 1657 1355 filios
1674 1294 1820 1377 generat

222 1404 435 1501 morituros,
462 1404 508 1477 de
526 1404 693 1504 paradiso
714 1428 752 1477 se
774 1417 811 1476 et
835 1428 903 1475 nos
928 1403 1059 1501 pariter
1081 1402 1229 1500 propria
1249 1399 1531 1498 transgressione
1553 1399 1593 1473 in
1616 1399 1725 1497 hujus
1740 1402 1820 1474 vitoe

221 1520 391 1618 dejiciens
407 1547 595 1595 aerumnas.
612 1527 703 1595 Nam
718 1537 754 1595 et
770 1521 898 1595 mulier
915 1524 954 1594 in
969 1508 1073 1621 partu
1087 1519 1255 1593 laborans
1271 1534 1368 1593 recte
1384 1544 1426 1590 ex
1442 1517 1505 1591 illo
1517 1543 1596 1615 quo
1611 1521 1769 1618 concipit
1782 1536 1819 1592 et
1908 1594 1917 1609 ,

220 1657 366 1736 generat
391 1642 558 1724 membro
579 1644 725 1741 patitur,
751 1654 787 1715 et
810 1656 958 1741 propter
984 1641 1098 1739 ipsam
1122 1639 1420 1739 concupiscentiae
1444 1636 1679 1737 voluptatem,
1707 1663 1818 1737 quam

221 1759 329 1834 habet
347 1763 384 1837 in
403 1776 595 1861 conceptu,
610 1762 781 1861 plectitur
800 1763 836 1835 iu
855 1777 974 1860 partu,
995 1775 1030 1833 et
1050 1786 1195 1859 poenam
1220 1761 1368 1858 insuper
1383 1758 1488 1830 solvit
1505 1780 1617 1855 quam
1632 1759 1818 1858 peccando

221 1879 425 1978 adquisivit.
461 1886 549 1970 Quas
577 1884 750 1980 quoniam
781 1882 881 1979 prior
906 1882 1067 1979 peccavit
1090 1895 1127 1953 et
1152 1880 1271 1952 virum
1299 1877 1533 1978 postmodum
1558 1877 1604 1951 ad
1631 1894 1819 1977 peccatum

223 2002 339 2093 traxit,
353 2028 427 2079 non
444 2003 643 2101 incongrue
659 2004 696 2075 in
715 2002 784 2076 hac
801 2003 910 2097 etiam
925 2026 1033 2100 poena
1044 2002 1121 2100 ipsa
1136 2001 1326 2101 praecessit.
1339 2003 1412 2073 Nec
1426 2014 1546 2072 tamen
1556 2004 1656 2073 Deus
1668 2001 1819 2073 omnino

222 2122 338 2195 virum
362 2125 481 2219 ipsum
507 2124 635 2220 punire
660 2122 815 2210 distulit,
843 2123 902 2196 cui
927 2123 1047 2194 statim
1071 2123 1109 2194 in
1131 2146 1238 2220 poena
1255 2121 1489 2195 constitutum
1514 2135 1568 2193 est
1588 2134 1625 2192 et
1640 2119 1820 2194 dictuma

222 2242 396 2315 Domino'
416 2269 424 2310 :
447 2241 667 2317 «Maledicta
694 2257 786 2317 terra
809 2242 847 2314 in
871 2266 981 2340 opere
1006 2257 1070 2314 tuo
1091 2270 1100 2315 ε
1124 2243 1162 2314 in
1179 2241 1364 2315 laboribus
1389 2239 1559 2313 comedes
1576 2264 1658 2313 eam
1681 2242 1820 2314 cunetis

222 2358 350 2435 diebus
373 2361 453 2432 vitae
480 2375 561 2437 tute.
586 2362 713 2460 Spinas
735 2375 771 2432 et
794 2360 946 2433 tribulos
968 2360 1182 2458 germinabit
1206 2359 1291 2453 tibi,
1309 2390 1327 2429 r
1346 2375 1416 2434 etc.
1445 2365 1489 2433 At
1511 2358 1573 2432 ubi
1598 2361 1821 2459 opulentiam

222 2481 405 2577 promissae
425 2496 526 2555 terrae
547 2482 667 2580 adepti
688 2507 813 2557 sumus
829 2506 905 2555 non
922 2483 997 2578 jam
1019 2482 1140 2580 spinas
1159 2495 1196 2553 et
1213 2480 1363 2555 tribulos
1385 2481 1633 2578 germinantis,
1651 2480 1755 2578 quod
1774 2481 1821 2553 de

223 2623 330 2696 poena
353 2599 403 2671 ibi
428 2615 481 2672 est
500 2601 743 2693 diminutum,
763 2602 800 2673 in
822 2602 1095 2676 circumcisione
1111 2627 1188 2675 non
1206 2603 1405 2698 incongrue
1422 2615 1476 2674 est
1491 2615 1818 2699 recompensatum.

223 2723 310 2806 Quae
333 2734 451 2792 tamen
475 2737 557 2819 post
580 2721 690 2819 ipsius
711 2737 811 2793 terrae
832 2722 1128 2820 promissionem,
1152 2736 1345 2819 antequam
1368 2721 1444 2819 ipsa
1461 2721 1699 2809 obtineretur,
1718 2746 1739 2793 a
1759 2744 1821 2819 pa·

224 2839 386 2912 triarchis
409 2841 529 2913 statim
554 2856 608 2914 est
631 2839 817 2932 inchoata,
838 2855 876 2911 ut
896 2839 1093 2914 firmiorem
1115 2840 1163 2913 ad
1184 2855 1349 2939 posteros
1369 2840 1620 2913 auctoritatem
1642 2840 1821 2912 transmit·

225 2973 325 3031 teret.
343 2964 425 3031 Haec
440 2959 485 3032 de
499 2961 771 3033 circumcisione
787 2961 1105 3059 inpraesentiarum
1121 2962 1206 3033 satis
1219 2960 1388 3034 arbitror.
1404 2962 1475 3048 Qui
1491 2984 1577 3032 vero
1590 2984 1635 3031 ex
1647 2959 1823 3058 scriptura

224 3081 442 3153 convincere
465 3081 609 3168 niteris,
636 3105 718 3152 eam
739 3080 795 3152 his
818 3094 961 3152 tantum
984 3105 1062 3153 esse
1088 3080 1286 3177 injunctam
1311 3081 1375 3178 qui
1406 3105 1449 3152 ex
1474 3081 1610 3152 semine
1640 3078 1822 3152 ducuntur

226 3196 392 3285 Abrabae,
413 3224 488 3270 non
505 3199 775 3286 animadvertis,
798 3199 898 3296 quod
913 3198 1050 3271 ibidem
1064 3200 1239 3298 scriptum
1262 3214 1332 3290 est,
1353 3199 1400 3272 de
1415 3199 1472 3271 his
1488 3200 1596 3271 etiarn
1610 3197 1674 3295 qui
1691 3197 1737 3270 de
1753 3199 1822 3272 bac

225 3318 335 3415 stirpe
351 3342 425 3390 non
443 3334 540 3392 sunt.
560 3323 653 3391 Cum
669 3319 767 3392 enim
784 3319 962 3392 Dominus
979 3319 1203 3417 praemisisset
1221 3347 1229 3390 :
1253 3319 1404 3393 ululans
1421 3319 1649 3392 octodiernm
1665 3318 1822 3390 circum-

226 3435 366 3509 cidetur
387 3438 422 3509 in
444 3437 562 3527 vobis,
583 3463 693 3512 omne
716 3437 954 3511 masculinum
977 3440 1012 3511 in
1037 3437 1328 3536 generationibus
1343 3439 1469 3514 vestris
1489 3460 1499 3509 t
1518 3453 1594 3510 tam
1609 3436 1823 3510 vernaculus

225 3579 334 3652 quam
353 3558 534 3656 emptitius
553 3558 848 3647 circumcidetur;
868 3590 886 3627 v>
904 3560 1025 3632 statim
1043 3558 1198 3656 adjecit:
1227 3588 1245 3626 u
1263 3564 1306 3631 Et
1326 3558 1534 3656 quicunque
1554 3581 1630 3630 non
1652 3558 1757 3629 luerit
1776 3557 1823 3630 de

226 3675 336 3773 stirpe
350 3691 479 3749 vestra.
495 3707 512 3744 ›>
532 3677 640 3766 Quod
658 3678 778 3775 itaque
794 3682 891 3751 lsaac
903 3680 1023 3751 solum
1041 3694 1077 3751 et
1091 3703 1217 3752 semen
1233 3679 1309 3774 ejus
1327 3676 1376 3750 ad
1391 3677 1702 3749 circumcisionem
1717 3679 1824 3776 perti·

226 3817 312 3867 nere
325 3797 464 3883 astruis,
483 3796 566 3870 vide
582 3810 756 3894 quantam
772 3796 903 3871 habeat
919 3798 1194 3887 dissonantiam,
1206 3812 1245 3870 et
1257 3822 1302 3870 ex
1313 3798 1391 3896 ipso
1403 3820 1550 3896 quoque
1564 3795 1713 3869 Abrabae
1730 3797 1823 3870 lacto

226 3928 260 3985 te
273 3916 425 4012 corrige.
443 3919 523 4014 lpse
538 3941 685 4014 quoque
695 3942 738 3990 ex
750 3916 934 3990 dominico
950 3931 1129 4017 praecepto
1145 3917 1331 3990 lamuelem
1347 3941 1494 4014 quoque
1512 3941 1635 3989 secum
1649 3931 1688 3989 et
1698 3940 1824 3990 omnes

227 4033 323 4106 viros
338 4034 470 4108 domus
487 4059 560 4108 suae
575 4050 650 4108 tam
666 4035 878 4112 vernaculos
900 4061 1013 4134 quam
1030 4036 1212 4135 emptitios
1228 4051 1264 4109 et
1282 4035 1497 4133 alienigenas
1513 4036 1646 4134 pariter
1669 4038 1823 4109 mcum-

226 4151 354 4228 cidisse
377 4169 617 4245 ntcmoratur3
638 4185 656 4224 α
671 4156 813 4244 statim,
832 4185 855 4224 u
870 4157 920 4230 ait
944 4157 1142 4256 Scriptura,
1167 4157 1307 4256 inipso
1331 4155 1410 4246 die,
1436 4156 1530 4228 sicut
1551 4170 1767 4255 preceperru
1791 4157 1824 4227 ei

227 4274 422 4365 Dominus,
440 4288 639 4371 antequam
651 4269 890 4356 adhuc'lsaac
906 4292 1013 4350 natus
1031 4276 1169 4367 luisset3
1191 4291 1231 4348 ut
1245 4299 1267 4349 a
1279 4276 1384 4349 vobis
1397 4301 1480 4349 eam
1492 4277 1672 4374 accepisse
1685 4275 1821 4363 sciatis,

227 4405 264 4463 et
285 4406 387 4464 tanto
405 4391 509 4468 vobis
530 4417 612 4470 eam
634 4396 736 4492 quasi
757 4397 870 4492 magis
891 4397 1098 4471 naturalem,
1109 4394 1308 4468 vindicetis.
1328 4400 1431 4467 Nune
1455 4420 1540 4492 ergo
1562 4396 1593 4466 si
1610 4394 1731 4492 placet
1747 4393 1824 4491 ipsa

229 4511 337 4584 etiam
353 4512 536 4608 scripture
549 4513 661 4588 verba
676 4539 871 4612 ponamus,
889 4541 968 4614 quae
985 4530 1070 4588 sunt
1083 4516 1191 4612 hujus
1207 4513 1343 4586 modu:
1365 4542 1382 4584 v<
1396 4514 1489 4587 'lulit
1503 4528 1626 4586 autem
1644 4511 1831 4586 Abrabam

229 4630 420 4709 ismaelem
434 4630 548 4708 lilium
564 4658 670 4708 suurn
684 4649 721 4708 et
738 4659 866 4710 omnes
882 4635 1094 4710 vernaculus
1115 4635 1248 4710 domus
1262 4659 1353 4724 svm,
1372 4650 1408 4706 et
1429 4634 1654 4708 circumcidit
1676 4656 1823 4706 carnem

228 4750 394 4850 praeputii
417 4773 558 4841 eorum,
585 4752 706 4826 statim
730 4752 767 4824 in
793 4753 870 4851 ipso
896 4753 971 4847 die,
999 4755 1091 4828 sicut
1112 4754 1382 4854 pnmceperstei
1402 4755 1596 4827 ,Dominus
1623 4758 1669 4825 Et
1693 4753 1825 4824 iterum

227 4870 353 4946 eadem
376 4870 436 4948 die
453 4870 687 4946 circumcisus
704 4887 757 4946 est
769 4872 949 4948 Abrabam
973 4889 1012 4948 et
1032 4876 1159 4950 lemael
1179 4874 1274 4949 filins
1294 4874 1387 4972 ejus,
1408 4889 1445 4947 et
1461 4898 1594 4946 omnes
1608 4873 1678 4945 viri
1691 4870 1825 4944 domus

261 5146 265 5171 ¹
280 5143 376 5206 Gener„
392 5158 445 5208 cap.
457 5157 494 5207 ut,
508 5158 530 5195 r.
544 5147 582 5197 ts.
596 5145 733 5208 -21btd,
747 5160 770 5196 v.
785 5148 823 5198 17.
836 5173 865 5185 -
876 5148 990 5212 werten,
1010 5161 1064 5212 cap.
1077 5161 1139 5209 xvu,
1155 5161 1179 5199 r.
1192 5151 1231 5200 tt.
1290 5147 1291 5158 ¹

351 5253 374 5291 ιι
