4559 6100
891 534 1122 612 nlstoons.
1733 541 1804 612 709

215 691 336 790 egredi
362 690 563 791 trepidavit.
593 693 637 761 Et
669 688 765 760 hanc
792 701 913 762 mmen
938 688 1088 762 omnino
1114 687 1316 786 passionem
1341 686 1500 780 anferre,
1529 687 1803 786 quibuscunque

217 812 393 903 voluerit,
416 809 545 898 divinae
563 820 795 881 constatesse
809 807 1000 906 potentiae,
1020 806 1112 879 sicut
1134 820 1171 878 ct
1187 805 1377 906 praedictus
1399 806 1523 878 asserit
1538 805 1667 879 doctor
1682 808 1804 883 dicens

219 961 237 999 ιι
250 931 452 1004 iohannem
464 927 669 1027 apostolum
683 940 756 1000 tam
773 925 935 1000 adolore
953 925 1091 1014 mortis,
1107 949 1217 1022 quam
1232 925 1498 1025 acorrnptione
1515 926 1632 998 carnis
1646 925 1804 1001 alienum

216 1050 361 1122 fuisse.»
382 1048 453 1137 Qui
467 1071 552 1145 ergo
569 1046 607 1118 in
624 1059 739 1118 morte
756 1046 958 1145 passionem
976 1043 1102 1115 mortis
1117 1043 1169 1115 sic
1185 1043 1336 1118 omnino
1352 1042 1490 1116 auferre
1507 1056 1636 1141 potest,
1657 1044 1801 1142 ubique,

216 1169 417 1265 cuicunque
433 1165 530 1258 velit,
553 1164 591 1237 id
614 1165 732 1270 ipsum
756 1188 863 1263 posse
879 1161 1032 1235 videtur.
1057 1161 1211 1233 Pronior
1233 1162 1370 1261 quippe
1392 1175 1445 1234 est
1465 1176 1595 1235 natura
1615 1164 1801 1261 passibilis,

218 1302 255 1358 ut
271 1310 416 1385 poenam
433 1286 606 1376 incurrat,
623 1309 732 1382 quam
748 1297 879 1357 careat.
899 1285 951 1353 Ex
968 1279 1100 1379 quibus
1115 1280 1285 1358 omnibns
1297 1281 1435 1380 liquere
1444 1279 1701 1379 Jamarbitror,
1716 1286 1804 1358 nihil

216 1404 262 1476 ad
276 1428 420 1503 poenam
435 1403 689 1477 damnatorum
707 1401 781 1475 loci
796 1402 1004 1499 qualitatem
1019 1399 1164 1494 referre,
1184 1402 1276 1474 sicut
1291 1424 1358 1472 nec
1374 1400 1422 1475 ad
1437 1400 1586 1498 gloriam
1602 1399 1802 1497 beatorum,

216 1522 280 1595 sed
309 1522 382 1595 hoc
406 1524 451 1596 sit
480 1524 518 1596 in
547 1524 689 1598 inferno
720 1521 871 1603 cruciari
901 1520 957 1592 vel
990 1533 1166 1618 perpetuo
1188 1520 1261 1616 igni
1292 1519 1405 1610 tradi,
1433 1520 1533 1617 quod
1562 1519 1631 1592 illis
1647 1527 1806 1597 wsummis

217 1642 331 1740 poenis
348 1642 519 1741 torqueri,
537 1643 669 1738 quaein
689 1640 892 1739 Scriptura¹
910 1639 1087 1739 praecipue
1103 1639 1178 1736 igni
1197 1652 1465 1739 comparantur,
1482 1637 1582 1737 quod
1601 1639 1708 1737 hujus
1729 1644 1805 1716 ele-

216 1763 327 1835 menti
351 1762 528 1834 cruciatus
550 1760 667 1832 acrior
687 1757 842 1832 videtur.
868 1757 909 1830 ld
927 1781 1074 1856 quoque
1096 1757 1294 1856 plurimum
1317 1755 1447 1829 divinae
1466 1759 1635 1857 potentiae
1654 1759 1804 1856 gloriam

215 1878 471 1953 commendare
487 1877 641 1969 videtur,
659 1878 690 1950 si
705 1878 742 1950 in
760 1874 928 1949 omnibus
944 1900 1045 1972 aeque
1062 1875 1152 1950 locis
1168 1890 1205 1949 et
1220 1874 1461 1949 damnationis
1478 1900 1624 1975 poenam
1640 1891 1676 1950 et
1690 1877 1806 1952 beati·

217 1997 350 2072 tudinis
365 1996 515 2096 gloriam
533 1998 610 2096 ipse
630 1996 813 2094 largiatur,
840 1997 903 2093 qui
919 1992 1054 2093 ubique
1071 2019 1136 2094 per
1160 1997 1359 2094 potentiam
1375 1994 1498 2070 deesse
1514 2021 1589 2069 non
1605 1997 1801 2073 dubitatur.

266 2123 406 2190 Panos.
426 2123 559 2215 AEquc,
578 2130 619 2188 nt
634 2114 754 2207 video,
772 2140 918 2215 poenam
940 2113 1196 2189 damnatorum
1212 2116 1304 2188 sicut
1320 2131 1355 2189 et
1371 2115 1521 2212 gloriam
1541 2116 1737 2193 electorum
1759 2123 1804 2194 ad

217 2236 347 2310 divinae
362 2237 531 2337 potentiae
544 2232 690 2308 laudem
711 2248 922 2309 convertere
942 2233 1080 2328 studes,
1099 2234 1193 2308 utin
1210 2235 1360 2309 summis
1375 2235 1482 2309 etiam
1497 2235 1599 2310 malis
1614 2237 1691 2334 ejus
1708 2238 1805 2314 bona

216 2357 402 2455 praedices.

264 2480 506 2550 Cunrsrranns.
527 2481 568 2549 Et
583 2479 634 2550 sic
650 2491 745 2551 certe
761 2478 944 2573 convenit,
962 2477 1051 2577 'quia
1070 2476 1172 2552 nulla
1191 2479 1269 2575 ejus
1285 2491 1370 2551 sunt
1387 2502 1509 2578 opera,
1527 2479 1596 2552 nisi
1618 2479 1805 2577 magnifica

215 2609 251 2666 et
275 2594 512 2668 admiratione
535 2595 653 2695 plena.
679 2596 909 2695 superfluum
930 2611 1051 2672 autem
1076 2621 1219 2685 censeo,
1247 2595 1378 2695 quibus
1395 2597 1431 2669 in
1454 2598 1544 2672 locis
1567 2596 1642 2692 haee
1665 2601 1806 2671 contin·

215 2726 301 2809 gant
320 2713 489 2808 definire,
513 2713 714 2787 dummodo
736 2714 813 2787 haec
833 2715 982 2814 adipisci
1007 2716 1186 2815 possimus
1208 2728 1271 2788 aut
1291 2716 1416 2788 vitare.

269 2837 409 2907 Panos.
429 2838 473 2907 Et
492 2833 578 2907 hinc
599 2834 767 2933 equidem
783 2833 903 2907 adhuc
916 2858 1035 2907 sermo
1049 2848 1116 2924 est,
1135 2848 1177 2936 ut
1193 2848 1267 2907 tam
1280 2860 1424 2908 summo
1438 2834 1539 2908 bono
1556 2849 1679 2910 nostro
1698 2862 1808 2935 qnam

216 2978 359 3026 summo
380 2953 490 3048 main,
508 2968 547 3028 ut
567 2954 633 3027 tibi
650 2956 766 3028 visum
784 2967 857 3048 est,
877 2952 1082 3054 descriptis,
1106 2953 1207 3052 juxta
1228 2955 1452 3054 propositum
1471 2970 1655 3050 nostrum,
1678 2957 1807 3055 quibus

216 3073 261 3144 ad
286 3096 327 3146 ea
352 3074 553 3171 pertingere
575 3073 656 3167 viis,
683 3097 758 3145 non
783 3074 903 3144 minus
927 3073 1115 3170 diligenter
1138 3074 1297 3170 aperias,
1321 3087 1429 3145 uteo
1452 3074 1579 3147 melius
1597 3074 1662 3148 has
1684 3091 1807 3149 tenere

216 3190 272 3263 vel
288 3189 365 3263 illas
377 3190 489 3262 vitare
509 3192 701 3289 possimus,
721 3215 797 3289 qun
813 3190 966 3289 amplius
983 3190 1205 3265 noverimus.
1225 3189 1296 3263 Sed
1313 3205 1349 3263 et
1365 3190 1453 3289 quid
1469 3217 1651 3267 summum
1666 3193 1804 3267 bonnm

215 3307 334 3380 situel
351 3333 533 3381 summum
552 3309 712 3401 malum,
737 3308 840 3406 quod
861 3307 999 3381 bonum
1016 3308 1073 3380 vel
1090 3308 1226 3380 malum
1242 3308 1452 3405 generaliter
1470 3311 1516 3383 sit
1537 3310 1750 3406 dicendum,
1770 3314 1807 3385 id

216 3452 361 3526 quoque
381 3428 410 3499 si
429 3426 526 3500 vales
541 3425 710 3521 delinire,
730 3424 910 3499 desidero.
933 3426 1061 3499 Multas
1080 3427 1216 3525 qnippe
1236 3426 1365 3501 harum
1380 3429 1515 3527 species
1536 3432 1805 3526 cognoscimus,

217 3548 281 3621 sed
309 3562 428 3647 tamen
455 3548 492 3619 in
519 3571 594 3644 quo
623 3546 729 3619 bonae
751 3544 809 3619 vel
829 3544 930 3620 mnlae
952 3570 1009 3619 res
1031 3546 1192 3621 dicendas
1214 3547 1303 3639 sint,
1329 3571 1403 3620 non
1424 3549 1508 3621 satis
1533 3548 1727 3646 intelligere
1751 3554 1808 3623 vel

217 3668 389 3742 dissmere
410 3666 618 3740 sufficimus.
639 3666 756 3738 Nostri
777 3666 911 3765 quippe
928 3679 1110 3758 austures,
1130 3666 1195 3764 qui
1220 3666 1347 3741 dicunt
1367 3667 1436 3739 alin
1457 3665 1574 3760 hona,
1602 3668 1672 3742 alia
1697 3672 1803 3762 mala,

216 3787 284 3861 alia
310 3785 565 3878 indifferentia,
593 3784 795 3858 nullatenus
817 3785 895 3856 haec
921 3784 1193 3879 definitionibus
1215 3784 1472 3878 distinxerunt,
1499 3786 1563 3860 sed
1590 3787 1806 3885 quibusdam

217 3905 388 4005 exemplis
402 3904 449 3978 ad
464 3929 593 3978 eorum
608 3902 954 3977 demonstrationem
969 3905 1130 3977 contenti
1146 3918 1244 3977 sunt.

266 4029 510 4100 Cnarsrrauus.
530 4027 714 4113 Quantum
731 4023 882 4115 aestimo,
902 4022 1046 4097 difficssc
1072 4022 1222 4097 definire
1244 4047 1287 4097 ea
1309 4039 1539 4116 censuerunt,
1564 4051 1720 4124 quornm
1742 4052 1809 4099 no-

219 4143 314 4216 mina
329 4143 388 4216 vix
403 4166 563 4241 unquam
583 4142 620 4214 in
638 4165 713 4214 una
726 4138 985 4239 significatione
1000 4141 1196 4214 consistere
1212 4139 1392 4217 sidentur.
1412 4143 1556 4242 Quippe
1577 4168 1662 4216 cum
1677 4142 1808 4217 dicitur

219 4260 338 4333 bonus
363 4260 479 4333 homo
503 4261 560 4334 vel
583 4240 701 4333 bonus
729 4258 827 4332 faber
851 4273 914 4331 ant
936 4258 1057 4332 bonus
1080 4281 1195 4359 equus
1219 4275 1255 4332 et
1278 4259 1428 4355 similia,
1452 4261 1533 4359 quis
1557 4263 1709 4355 nesciat,
1738 4263 1809 4335 hoc

220 4401 356 4451 nornen
383 4407 401 4445 ιι
413 4377 532 4452 bonus
544 4407 562 4447 u
588 4404 632 4452 ex
660 4379 839 4476 adjunctis
862 4378 1043 4452 diversum
1075 4393 1241 4453 mutuare
1269 4403 1434 4469 sensum3
1463 4379 1648 4451 hominem
1676 4382 1811 4479 quippe

218 4495 358 4570 bonum
376 4521 419 4569 er
435 4495 611 4586 moribus,
630 4495 772 4570 fabrum
788 4522 832 4571 er
848 4497 1009 4586 scientia,
1028 4518 1163 4593 equum
1178 4521 1220 4569 ex
1239 4495 1373 4568 viribus
1388 4509 1425 4568 et
1438 4497 1638 4592 velocitate,
1657 4500 1714 4572 vel
1730 4525 1810 4598 quae

218 4615 267 4689 ad
283 4639 388 4689 usum
405 4622 482 4715 ejus
499 4615 701 4715 pertinent?
723 4614 822 4687 Adeo
844 4628 965 4688 autem
984 4639 1026 4687 er
1047 4614 1224 4714 adjunctis
1245 4611 1334 4686 boni
1352 4612 1564 4711 significatio
1580 4617 1750 4707 variatur,
1770 4634 1809 4691 ut

216 4736 427 4809 etiamnum
450 4731 659 4819 nominibus
675 4733 845 4806 vitiorum
869 4734 987 4832 ipsum
1004 4734 1156 4832 jungere
1177 4756 1252 4806 non
1275 4756 1475 4827 vereamur,
1498 4733 1657 4810 dicentes
1676 4735 1810 4811 scilicet

218 4853 358 4928 bonum
378 4853 435 4927 rel
458 4852 637 4952 optimum
653 4852 787 4961 iumm,
805 4874 869 4947 eo,
892 4850 991 4951 qnod
1012 4853 1049 4926 in
1069 4852 1137 4928 hac
1153 4850 1286 4927 malitia
1303 4852 1507 4951 peragenda
1525 4855 1571 4928 sit
1589 4853 1738 4930 callidus
1751 4857 1810 4930 vel

253 5128 402 5194 'Serme
413 5130 438 5180 Ιιι
448 5128 505 5180 ond.
515 5127 599 5179 omiss.
612 5128 719 5180 restituit
730 5124 885 5179 iiheinttsld.
