4559 6100
763 551 1021 626 Tflsotoets
1047 553 1323 628 cflatsrlatta.
1778 560 1849 633 513

245 726 332 774 cum
354 701 451 773 idem
472 701 517 774 sit
532 702 683 774 materia
699 700 798 798 quod
814 702 1059 797 materiatum,
1078 704 1171 775 sicut
1188 703 1285 775 idern
1305 719 1358 775 est
1373 703 1506 776 animai
1521 702 1622 803 quod
1637 704 1770 798 homo;
1792 706 1849 781 vei

244 820 317 894 hoc
341 847 388 895 aes
416 821 517 920 quod
537 821 614 911 haec
635 835 751 894 statua
773 848 782 892 ι
806 846 883 893 non
908 805 1029 896 tameir
1055 824 1176 923 ipsum
1201 822 1429 896 materiatum
1452 838 1506 894 est
1530 825 1678 897 materia
1696 826 1764 916 sui,
1787 843 1850 899 aut

245 940 323 1039 ipsa
338 943 486 1014 materia
506 956 560 1015 est
577 942 762 1016 materiata
778 966 821 1014 ex
838 967 889 1037 se,
915 944 1000 1037 iicet
1021 942 1156 1016 sithoc
1174 944 1308 1042 ipsum,
1327 942 1429 1041 quod
1448 957 1500 1014 est
1517 944 1666 1015 materia
1684 945 1773 1041 ejus,
1791 946 1850 1020 vel

245 1060 376 1135 sithoc
396 1062 517 1160 ipsum
539 1062 642 1160 quod
659 1078 713 1135 est
735 1063 963 1135 materiatum
984 1063 1072 1162 ejus,
1093 1077 1220 1163 utpote
1237 1064 1313 1136 haec
1335 1077 1453 1135 statua
1473 1076 1526 1134 est
1548 1061 1621 1134 hoc
1638 1087 1704 1156 aes,
1723 1078 1760 1138 et
1776 1063 1848 1139 hoc

245 1205 295 1253 aes
310 1196 364 1253 est
382 1181 458 1253 haec
476 1195 605 1255 statua.
626 1186 687 1254 Et¹
704 1198 836 1255 sonent
853 1183 948 1256 idern
969 1183 1025 1256 hae
1051 1208 1157 1257 voces
1179 1209 1243 1283 per
1264 1208 1302 1255 se
1323 1197 1491 1281 acceptae,
1515 1182 1665 1255 materia
1688 1198 1723 1255 et
1742 1182 1778 1254 id
1804 1209 1849 1258 ex

245 1324 320 1397 quo
337 1299 472 1399 aliquid
488 1302 718 1375 materialiter
733 1318 886 1397 constat,
906 1305 964 1376 vel
981 1306 1223 1398 materiatum,
1245 1319 1280 1377 et
1301 1304 1338 1376 id
1353 1302 1452 1402 quod
1475 1327 1519 1376 ex
1536 1302 1657 1401 aliquo
1675 1305 1849 1379 materia-

244 1420 325 1494 liter
340 1422 555 1516 conficitur;
574 1451 649 1498 non
667 1439 788 1497 tamen
805 1427 842 1498 iu
858 1427 1129 1499 constructione
1146 1425 1192 1497 de
1209 1424 1340 1497 eodem
1356 1448 1499 1497 necesse
1516 1437 1570 1496 est
1587 1446 1629 1495 ea
1646 1423 1845 1522 praedicari,

243 1565 329 1623 curn
337 1542 414 1616 haec
424 1570 492 1618 vox
505 1545 741 1621 substantiam
749 1545 955 1645 compellet,
966 1546 1028 1623 illa
1037 1547 1311 1647 proprietatem*
1324 1572 1332 1616 :
1348 1569 1426 1643 quae
1440 1542 1588 1641 quidem
1599 1547 1800 1642 proprietas
1810 1545 1847 1618 in

245 1661 419 1734 relatione
428 1666 602 1753 consistit,
617 1666 773 1737 materiae
783 1666 917 1739 scilicet
928 1666 984 1739 vel
1001 1667 1195 1739 materiati:
1209 1664 1255 1737 de
1267 1688 1338 1762 qua
1349 1688 1417 1735 nos
1426 1662 1573 1761 quidem
1583 1662 1849 1762 pradicationis

245 1781 447 1855 differentia
461 1809 570 1883 supra
583 1786 667 1857 satis
682 1785 889 1859 disseruisse
906 1786 1076 1859 arbitror.
1096 1788 1224 1882 Magna
1239 1785 1359 1882 iraque
1376 1783 1544 1855 discretio
1569 1781 1781 1856 adhibenda
1795 1798 1849 1856 est

244 1900 282 1972 in
304 1900 360 1974 his
374 1905 687 1978 enunciationibus
708 1931 788 2003 quae
812 1906 857 1979 de
873 1909 950 1978 Deo
972 1905 1086 1997 fiunt,
1104 1931 1184 2005 quae
1205 1903 1373 1976 videlicet
1395 1916 1535 1977 tantum
1557 1902 1604 2010 ad
1623 1903 1848 2015 identitatem

246 2023 420 2115 essentiae,
442 2049 522 2121 quae
536 2026 584 2098 ad
597 2026 822 2100 identitatem
836 2052 983 2125 quoque
1005 2026 1233 2126 proprietatis
1253 2025 1327 2097 sint
1340 2022 1635 2097 accommodatae.
1653 2023 1706 2095 Ad
1718 2022 1848 2097 identi-

244 2155 352 2215 tatem
362 2144 511 2240 quidem
519 2147 679 2219 essentiae
690 2161 843 2237 tantum,
853 2172 928 2220 non
942 2148 1049 2220 etiam
1057 2146 1298 2245 proprietatis,
1308 2144 1365 2237 lhae
1377 2158 1553 2244 spectant,
1563 2147 1668 2215 Pater
1675 2147 1846 2237 estDeus,

243 2261 351 2334 Filius
365 2278 421 2349 est
432 2267 541 2357 Deus,
562 2266 714 2365 Spiritus
725 2281 870 2339 sanctus
881 2283 936 2340 est
946 2272 1057 2361 Deus,
1076 2266 1134 2361 rel
1148 2281 1316 2358 aeternus,
1339 2265 1396 2337 vel
1409 2264 1601 2355 Dominus,
1617 2262 1673 2334 vel
1692 2278 1846 2356 creator,

244 2380 301 2465 vel
313 2386 559 2484 omnipotens,
572 2385 630 2458 vel
642 2386 861 2477 immensus,
875 2388 1077 2485 seujustus,
1090 2387 1165 2459 sive
1175 2387 1390 2475 misericors,
1401 2384 1522 2457 etaliae
1536 2382 1678 2475 multae,
1693 2381 1850 2482 ideoque

243 2524 336 2572 verae
358 2517 454 2576 sunt.
480 2509 542 2577 Hae
563 2530 650 2578 vero
675 2494 989 2596 adnunciationis,
1013 2512 1117 2579 Pater
1140 2519 1195 2579 est
1215 2505 1323 2578 Filius
1347 2505 1404 2578 vel
1427 2503 1579 2603 Spiritus
1599 2517 1765 2590 sanctus;
1792 2502 1870 2579 vel.

244 2610 348 2693 Pater
366 2637 420 2694 est
437 2625 587 2697 Genitus
609 2649 671 2698 seu
686 2627 906 2718 Procedens,
924 2626 972 2700 ad
990 2626 1215 2699 identitatem
1232 2624 1461 2725 proprietatis
1481 2623 1672 2722 aspiciunt,
1695 2622 1851 2721 ideoque

245 2740 398 2814 omnino
422 2742 709 2817 falsaesunt.1bi
735 2746 870 2844 quippe
892 2744 1125 2817 solummodo
1151 2743 1412 2825 ostendebatur
1434 2740 1532 2827 idem
1557 2766 1634 2814 esse
1658 2766 1737 2815 rem
1760 2766 1852 2840 prae·

245 2856 354 2933 dicati
370 2874 406 2934 et
427 2863 581 2959 subjecti
598 2865 756 2955 termini,
774 2866 887 2937 veluti
906 2864 1004 2937 idem
1017 2889 1094 2937 esse
1113 2869 1231 2937 Deum
1249 2861 1350 2962 quod
1367 2878 1418 2936 est
1436 2866 1553 2954 Pater,
1576 2876 1645 2934 etc.
1661 2888 1672 2953 ς
1687 2860 1747 2932 hic
1763 2885 1854 2965 vero¹

246 2988 323 3053 rein
339 2982 491 3081 subjecti
510 2985 655 3058 termini
670 2986 928 3085 proprietatem
946 3010 1093 3085 quoque
1109 2985 1291 3086 predicari
1307 2983 1452 3058 termini
1468 2982 1518 3055 sic
1534 2981 1694 3076 habere,
1723 2996 1764 3053 ut
1779 2980 1851 3056 hoc

243 3102 288 3174 sit
298 3101 409 3200 hujus
417 3106 783 3204 personaeproprium
799 3106 900 3203 quod
913 3106 1021 3197 iilius,
1041 3105 1098 3178 vel
1110 3106 1238 3178 eadem
1249 3105 1333 3180 insit
1348 3104 1548 3203 proprietas
1560 3103 1645 3175 huic
1663 3126 1849 3201 personae,

246 3223 410 3319 quaeilli:
429 3223 502 3295 hoc
517 3203 570 3296 est
589 3237 630 3294 ut
647 3224 698 3295 sic
714 3226 812 3297 Patri
827 3225 1018 3298 conveniat
1035 3225 1132 3321 gigni
1148 3250 1192 3297 ex
1203 3228 1320 3317 Patre,
1339 3222 1411 3294 hoc
1425 3236 1477 3294 est
1494 3247 1535 3294 ex
1548 3222 1681 3319 seipso,
1695 3220 1800 3292 sicuti
1816 3237 1852 3295 et

245 3339 335 3412 Filio
358 3343 526 3439 congruit
545 3342 642 3441 gigni
664 3368 707 3415 ex
731 3342 810 3442 ipso
835 3348 953 3437 Patre,
978 3344 1079 3442 quod
1104 3344 1256 3418 omnino
1281 3342 1408 3440 falsum
1431 3356 1503 3433 est,
1528 3341 1621 3415 sicut
1644 3338 1850 3438 diligentius

246 3460 477 3535 ostendemus
492 3460 538 3535 de
550 3465 782 3559 generatione
795 3463 1030 3562 postmodum
1043 3463 1270 3535 disserentes.
1286 3467 1333 3534 Ut
1348 3463 1470 3561 itaque
1482 3467 1584 3560 juxta
1599 3457 1848 3549 Athanasium,

242 3603 363 3677 neque
389 3581 656 3655 confundamus
680 3607 868 3682 personas,
896 3582 969 3656 hoc
993 3598 1048 3656 est
1074 3583 1354 3682 permisceamus
1381 3604 1455 3676 eas,
1479 3579 1628 3652 alteram
1651 3579 1786 3650 scilicet
1810 3577 1849 3649 in

243 3700 461 3799 proprietate
484 3701 642 3794 alterius,
671 3727 790 3799 neque
812 3728 1022 3803 separemus
1045 3704 1223 3776 unitatem
1246 3700 1471 3792 subsunrjae,
1496 3712 1640 3808 oportet
1652 3696 1851 3796 {diligenter

242 3821 318 3893 vim
342 3821 564 3919 singularum
586 3825 877 3897 enuntiationum
897 3823 1140 3923 distinguere3
1161 3848 1240 3922 quae
1260 3821 1427 3896 videlicet
1447 3820 1494 3893 ad
1510 3818 1741 3893 'identitatem
1761 3816 1849 3890 sub·
1917 3917 1922 3930 ἱ

241 3943 402 4032 stantiae,
425 3967 505 4040 quae
529 3943 576 4017 ad
600 3943 796 4017 identitatis
818 3945 1076 4044 proprietatem
1104 3944 1176 4016 sint
1203 3941 1498 4015 accommodatae.

293 4062 501 4135 Notandum
525 4088 692 4161 quoque,
717 4089 803 4137 cum
825 4066 863 4136 in
889 4064 1131 4164 descriptione
1154 4064 1295 4134 Summi
1319 4061 1410 4134 Boni
1434 4059 1596 4160 potentia
1617 4057 1694 4154 ejus
1723 4078 1766 4129 ac
1793 4082 1848 4130 sa·

243 4181 378 4281 pientia
393 4206 454 4254 seu
471 4182 691 4280 benignitas,
717 4198 759 4257 ut
781 4179 892 4283 sdpra
908 4185 1036 4283 saepius
1055 4184 1266 4276 docuimus,
1296 4193 1650 4270 commemorantum
1676 4175 1761 4249 ideo
1784 4177 1850 4250 ista

243 4299 390 4373 relative
408 4302 520 4400 magis
543 4326 653 4400 quam
674 4305 882 4403 simpliciter
899 4305 1085 4402 assignari,
1110 4328 1196 4375 cum
1218 4301 1386 4375 videlicet
1405 4305 1503 4374 Deus
1525 4304 1641 4387 Pater,
1669 4297 1792 4385 Filius,
1813 4310 1850 4369 et
1906 4333 1909 4338 ⁴

244 4420 397 4519 Spiritus
421 4436 577 4513 sanctus,
603 4437 643 4494 ut
667 4425 782 4520 major
808 4426 953 4498 unionis
979 4439 1016 4497 et
1033 4422 1238 4496 concordiae
1261 4423 1298 4493 in
1324 4421 1400 4520 ipsa
1421 4443 1659 4519 personarum
1679 4417 1848 4488 Trinitate

240 4539 512 4615 commendatio
529 4541 610 4630 fiat,
629 4567 714 4614 cum
730 4568 790 4617 eas
812 4545 863 4616 sic
876 4533 1033 4616 invicem
1057 4568 1096 4615 se
1112 4541 1287 4614 habentes
1304 4555 1341 4612 et
1355 4540 1424 4611 sibi
1440 4538 1652 4612 aetemaliter
1668 4559 1850 4609 connexas

240 4659 477 4756 assignamus,
498 4677 537 4734 ut
558 4662 665 4736 aliam
689 4687 882 4760 personam
908 4688 951 4735 ex
976 4664 1044 4736 alia
1070 4663 1181 4759 gigni,
1209 4660 1315 4733 aliam
1335 4684 1379 4731 ex
1400 4657 1457 4730 his
1481 4656 1623 4731 duabus
1648 4654 1846 4755 procedere

242 4779 493 4874 confiteamur,
510 4781 583 4854 hoc
598 4796 651 4855 est
665 4781 773 4855 aliam
789 4806 833 4853 ex
849 4782 931 4871 alia,
951 4781 1008 4854 vel
1026 4807 1072 4855 ex
1087 4781 1157 4854 iliis
1172 4806 1263 4856 esse.

291 4904 448 5000 Apparet
472 4914 592 4977 autern
609 4926 654 4990 ex
668 4899 725 4974 his
740 4926 821 5000 quae
841 4901 939 4975 dicta
959 4916 1043 4974 sunt
1059 4902 1107 4974 de
1128 4900 1345 4975 discretione
1370 4898 1504 4972 scilicet
1528 4892 1845 4982 enunciationum,

275 5165 340 5218 'nu
352 5166 467 5218 vestiret
478 5123 796 5231 supplendae-eitam.
810 5165 897 5218 -21n
908 5168 981 5220 edtts
991 5165 1339 5233 amputatamoprmaa.
1686 5249 1725 5308 65

365 5276 388 5315 11
