4559 6100
474 462 548 537 728
589 452 594 462 ⁶
1079 454 1209 527 PETRI
1233 452 1468 526 ABAELARDI

479 591 572 687 citur
596 634 605 679 z
636 635 655 676 u
681 611 913 703 Unguentum
939 604 1093 677 effusum
1113 628 1249 677 nomen
1273 618 1390 675 tuum.
1423 633 1441 669 r
1477 606 1527 674 Ac
1549 602 1577 673 si
1599 601 1763 675 diceret:
1787 607 1940 677 Nomen
1977 618 2135 700 tuum,

479 729 671 818 oChriste,
700 725 801 824 quod
824 740 1063 822 unguentum,
1088 724 1128 796 id
1146 739 1199 796 est
1221 723 1431 795 unctionem
1453 736 1580 813 sonat,
1608 737 1661 795 est
1685 722 1858 815 ellusum,
1882 724 1933 796 id
1970 740 2046 798 est
2074 727 2138 798 di·

482 852 656 938 latatum,
681 860 789 944 atque
811 847 849 918 in
870 845 1004 919 multos
1035 845 1251 938 derivatum,
1282 844 1342 942 qui
1372 842 1458 914 inde
1483 842 1618 915 scilicet
1649 842 1840 916 Christiani
1864 844 1975 917 dicti
2014 862 2130 919 sunt.

481 979 520 1045 A.
538 975 578 1041 P.
605 967 676 1040 Sed
693 981 729 1039 et
751 967 852 1062 juxta
877 964 1101 1065 Apostolum,
1121 988 1204 1036 cum
1222 965 1265 1035 sit
1281 963 1442 1035 Christus
1468 963 1563 1062 ipsa¹
1588 963 1761 1062 sapientia
1783 988 1893 1062 quam
1922 965 2134 1065 sophiam

481 1090 595 1165 Graeci
625 1086 816 1159 nominant
846 1112 854 1156 ε
887 1086 1007 1158 nullos
1035 1085 1166 1157 rectius
1190 1083 1260 1155 dici
1287 1082 1526 1181 philosophos
1554 1097 1718 1173 autumo,
1745 1109 1857 1181 quam
1883 1086 1971 1183 qui
2003 1085 2133 1184 hujus

480 1233 630 1283 summae
654 1232 696 1280 ac
711 1203 875 1305 perlectae
898 1205 1079 1306 sapientiae
1103 1218 1281 1276 amatores
1303 1203 1471 1275 existunt.
1498 1207 1539 1272 P.
1561 1207 1638 1275 Hoc
1660 1202 1828 1299 equidem
1852 1219 1888 1276 et
1912 1206 2017 1303 ipsa
2039 1206 2128 1306 phi·

481 1327 678 1428 losophici¹
702 1325 860 1397 nominis
887 1322 1128 1422 ethymologia
1155 1322 1315 1418 requirit,
1342 1336 1377 1394 et
1395 1321 1549 1394 maxime
1574 1337 1648 1394 tam
1674 1321 1838 1395 doctrina
1861 1322 1970 1396 fidei
2003 1350 2128 1422 quam

482 1471 625 1522 morum
650 1445 837 1544 disciplina
859 1469 922 1516 seu
944 1444 1030 1516 vita.
1060 1447 1160 1543 Ipsos
1182 1441 1289 1514 nobis
1312 1441 1551 1541 philosophos
1573 1444 1733 1539 gentium
1754 1457 1897 1515 certum
1927 1460 1998 1517 est
2028 1472 2127 1519 con·

482 1569 622 1657 venire,
648 1564 739 1638 adeo
758 1589 916 1663 namque
931 1563 978 1636 de
1000 1562 1070 1636 tide
1087 1563 1267 1637 Trinitatis
1287 1575 1408 1662 aperte
1427 1562 1693 1656 disseruerunt,
1715 1576 1756 1635 ut
1772 1563 1954 1638 mirabile
1975 1568 2034 1640 sit
2059 1592 2124 1640 eos

483 1713 630 1788 quoque
654 1688 691 1758 in
714 1686 894 1785 plerisque
917 1684 1123 1782 diligentius
1149 1709 1259 1781 quam
1280 1684 1478 1784 Prophetas
1502 1685 1599 1783 ipsos
1623 1697 1738 1757 totam
1753 1684 1861 1782 hujus
1879 1684 1992 1759 fidei
2018 1713 2124 1760 sum·

484 1834 582 1882 mam
595 1808 814 1908 exposuisse.
831 1811 997 1895 Quorum
1014 1806 1123 1878 etiarn
1138 1829 1308 1903 sequaces
1324 1807 1362 1877 in
1379 1819 1516 1878 tantam
1530 1805 1608 1877 ausi
1624 1821 1709 1878 sunt
1726 1807 1913 1878 insaniam
1934 1834 2122 1907 prorum·

483 1954 583 2030 pere,
602 1942 643 2000 ut
657 1927 855 2000 Dominum
870 1951 1016 2025 quoque
1034 1930 1155 1998 lesum
1178 1924 1338 1999 dicerent
1354 1950 1491 2023 eaquae
1515 1924 1562 1998 de
1579 1925 1651 1999 lide
1665 1927 1843 1998 Trinitatis
1862 1928 2117 2026 praedicavit,

484 2074 505 2122 a
532 2047 757 2148 philosophis
782 2045 962 2118 didicisse.
997 2045 1098 2117 Unde
1119 2060 1156 2117 et
1177 2044 1304 2117 beatus
1334 2047 1549 2141 Augustinus
1575 2047 1612 2117 in
1636 2045 1730 2118 libro
1758 2047 1837 2117 Vlll
1871 2045 1927 2118 de
1954 2051 2120 2120 Ciuitate

485 2173 557 2242 Dei
582 2196 592 2238 .·
616 2199 633 2235 α
653 2168 841 2259 lllirantur,
869 2194 887 2234 u
907 2166 1043 2264 iuquit,
1067 2197 1083 2232 ιι
1107 2165 1256 2264 quidam
1277 2165 1384 2238 nobis
1405 2167 1441 2238 in
1469 2165 1600 2238 Christi
1623 2169 1734 2263 gratia
1760 2166 1890 2241 sociati
1923 2194 2024 2241 cum
2052 2194 2117 2243 au·

486 2291 591 2363 diunt
615 2287 672 2360 vel
694 2288 819 2383 legunt
840 2286 1025 2360 Platonem
1047 2311 1158 2358 :cum
1178 2285 1224 2358 de
1243 2291 1320 2359 Deo
1337 2287 1405 2360 ista
1428 2287 1592 2376 senserit,
1611 2312 1690 2385 quae
1713 2288 1870 2360 multum
1889 2289 2132 2386 congruere

485 2409 625 2481 veritati
647 2421 776 2480 nostrae
802 2406 993 2503 Religionis
1017 2419 1273 2503 agnoscuntur.
1305 2436 1322 2473 r
1351 2404 1450 2477 Idem
1477 2407 1513 2478 in
1541 2410 1571 2477 ll
1596 2405 1641 2477 de
1666 2409 1839 2478 Doctrina
1865 2408 2112 2498 christiana,

489 2526 673 2616 «Quidam
689 2525 840 2598 lectores
852 2540 887 2597 et
906 2525 1094 2597 dilectores
1108 2525 1266 2598 Platonis
1284 2526 1360 2598 ausi
1379 2525 1516 2598 suntin
1534 2539 1670 2597 tantam
1685 2550 1939 2625 prorumpere
1958 2528 2114 2600 demen·
2198 2597 2202 2608 ,

487 2648 587 2732 tiam,
610 2644 710 2742 quod
734 2643 896 2716 dicerent
919 2668 1045 2715 omues
1068 2645 1215 2716 Domini
1238 2645 1353 2717 nostri
1371 2649 1452 2717 Iesu
1477 2644 1608 2716 Christi
1627 2644 1840 2737 sententias,
1860 2672 1968 2744 quas
1986 2647 2114 2719 mirari

488 2781 524 2839 et
540 2787 708 2864 promere
726 2776 918 2858 coguntur,
937 2762 983 2834 de
1008 2764 1165 2835 Platonis
1181 2762 1280 2836 libris
1299 2789 1383 2862 eum
1403 2763 1582 2838 didicisse.
1606 2751 1623 2830 i
1641 2764 1751 2853 Quod
1768 2766 1797 2836 si
1812 2765 1938 2837 vitam
1957 2791 2112 2863 quoque

489 2883 812 2982 Philosophorum,
834 2907 877 2954 ac
901 2907 1045 2955 morum
1063 2882 1290 2982 disciplinam
1313 2909 1518 2983 pensemus,
1539 2885 1659 2957 nullos
1681 2900 1744 2957 aut
1768 2909 1916 2984 paucos
1941 2885 2106 2958 fidelium

489 3004 796 3078 Christianorum⁸
811 3001 857 3075 de
874 3016 1086 3102 contemptu
1106 3003 1217 3076 seculi
1231 3018 1293 3077 aut
1311 3029 1456 3078 morum
1472 3004 1660 3106 disciplina
1676 3006 1727 3079 eis
1743 3005 2013 3081 anteferendos
2030 3029 2109 3079 esse

489 3124 728 3198 censebimus.
758 3124 830 3212 Qui
860 3123 969 3196 etiam
995 3123 1183 3222 sophum*
1213 3125 1287 3197 sive
1312 3124 1573 3224 philosophum
1601 3127 1713 3223 magis
1741 3151 1785 3198 ex
1808 3127 1887 3200 vita
1920 3152 2037 3224 quam
2065 3152 2107 3199 ex

490 3245 709 3318 conscientia
730 3243 925 3316 dicendum
948 3268 1026 3316 esse
1047 3258 1220 3316 asserunt.
1249 3248 1303 3315 De
1324 3243 1395 3315 fide
1413 3259 1534 3316 autem
1557 3244 1865 3344 Philosophorum
1883 3262 2004 3345 atque
2020 3247 2102 3336 vita,

492 3391 555 3438 seu
570 3366 678 3438 etiam
696 3364 885 3463 disciplina
902 3387 1063 3453 morum,
1088 3364 1126 3435 in
1144 3363 1393 3437 exhortatione
1408 3379 1529 3436 nostra
1546 3364 1594 3437 ad
1610 3364 1734 3437 fratres
1751 3380 1786 3437 et
1804 3366 2107 3439 commonachos

491 3500 635 3557 nostros
659 3486 744 3557 satis
769 3482 926 3556 arbitror
949 3508 970 3556 a
995 3483 1102 3556 uobis
1126 3508 1205 3556 esse
1232 3484 1448 3583 expositum.
1483 3490 1602 3573 Quam
1626 3484 1775 3583 quidem
1800 3486 2104 3561 exhortationem

491 3606 652 3704 quisquis
669 3603 812 3701 legerit,
839 3602 976 3675 videbit
998 3602 1236 3702 philosophos
1254 3629 1330 3675 non
1350 3617 1424 3676 tam
1442 3606 1590 3677 nomine
1613 3629 1722 3703 quam
1741 3606 1861 3704 reipsa
1889 3605 2104 3678 Christianis

492 3726 646 3796 maxime
663 3725 829 3798 sociatos.
845 3728 968 3822 Neque
983 3724 1079 3795 enim
1093 3724 1228 3796 Graecia
1244 3738 1299 3796 tot
1314 3723 1574 3823 philosophicis
1591 3724 1791 3798 rationibus
1811 3743 1976 3820 armata,
1991 3731 2103 3798 Evan-

492 3841 611 3939 gelicae
634 3844 899 3942 praedicationis
918 3845 1006 3941 jugo
1036 3844 1129 3917 colla
1154 3857 1228 3916 tam
1253 3844 1325 3917 cito
1351 3844 1592 3934 submisisset,
1624 3847 1691 3919 nisi
1717 3860 1822 3919 antea
1849 3849 2001 3947 scriptis
2025 3845 2099 3944 phi·

492 3961 742 4061 losophorum,
762 3965 853 4036 sicut
873 3962 994 4036 ludaea
1011 3964 1287 4064 Prophetarum,
1311 3964 1359 4038 ad
1380 3964 1453 4059 hoc
1475 3979 1567 4038 esset
1587 3979 1798 4065 praeparata.
1823 3971 1851 4038 A
1874 3972 1919 4037 P.
1942 3963 2099 4038 Verbum

492 4105 640 4179 quoque
662 4082 747 4173 Dei,
772 4082 873 4179 quod
890 4084 1004 4154 Graeci
1017 4070 1147 4179 logon⁸
1166 4100 1316 4177 vocant,
1336 4086 1454 4158 solum
1471 4085 1649 4158 Christum
1666 4085 1832 4158 dicimus.
1851 4085 1966 4158 Unde
1989 4089 2097 4180 Augu·

493 4201 607 4274 stinus
625 4202 662 4273 in
679 4200 773 4273 libro
792 4205 1034 4293 Quaestionum
1050 4208 1253 4293 LXXXIII,
1272 4229 1353 4303 cap.
1371 4230 1469 4277 xcuu
1484 4228 1493 4277 ε
1508 4233 1526 4274 u
1544 4208 1584 4276 ln
1602 4206 1781 4304 principio
1795 4221 1872 4278 erat
1892 4206 2093 4292 Verbum»

493 4323 631 4420 inquit,
661 4353 679 4389 α
704 4322 805 4420 quod
829 4323 952 4393 Graece
973 4328 1069 4420 Λόγος
1094 4318 1239 4393 dicitur.
1267 4352 1284 4389 2>
1315 4323 1407 4394 Hinc
1430 4338 1466 4395 et
1490 4324 1591 4421 juxta
1613 4326 1771 4397 nominis
1795 4324 2094 4423 ethymologiam,

494 4433 702 4541 quicunque
729 4443 815 4515 huic
838 4467 925 4514 uero
957 4465 998 4513 ac
1032 4440 1191 4540 perfecto
1222 4440 1340 4515 Verbo
1372 4466 1438 4541 per
1469 4441 1671 4517 doctrinam
1706 4459 1744 4516 et
1777 4468 1950 4519 amorem
1983 4439 2095 4514 cobae·

494 4575 592 4654 rent,
609 4587 693 4634 vere
715 4563 836 4660 Logici
859 4576 956 4653 sunt,
977 4575 1013 4634 et
1033 4560 1244 4660 Philosophi
1269 4561 1415 4635 dicendi
1440 4580 1524 4637 sunt
1541 4591 1550 4637 ε
1570 4564 1742 4662 nullaque
1767 4562 1967 4662 disciplina
1988 4557 2098 4631 verius

495 4680 612 4778 logica
627 4681 700 4756 dici
712 4682 832 4774 debet,
852 4707 962 4780 quam
979 4682 1181 4756 Christiana
1196 4681 1374 4758 doctrina.

524 4995 529 5020 ¹
545 4991 608 5053 Ipsa
621 4992 670 5042 Dei
681 4992 818 5058 sapientia.
832 4991 893 5043 Cod.
906 4994 978 5045 2⁹23.
998 5015 1028 5028 -
1050 4992 1110 5044 ²Slc
1122 4991 1183 5043 cm.
1195 4994 1267 5045 2923.
1322 4991 1382 5043 ⁴stc
1400 4992 1461 5044 eor.
1478 4995 1550 5045 2⁹23.
1569 4993 1619 5055 Qui
1633 5007 1680 5060 per
1696 4994 1805 5060 sophum
1820 4991 1895 5046 Anu.
1910 5014 1943 5028 —
1958 4988 1968 5019 ⁸
1982 4984 2022 5034 Slt
2034 4978 2090 5032 (Μ

497 5071 602 5135 Phytt'ci
613 5073 686 5125 Anb.
699 5100 729 5112 -
739 5076 749 5108 ³
760 5073 889 5127 fidelium
900 5081 924 5126 et
936 5074 1144 5127 obreliquerunt
1155 5075 1226 5125 Ami).
1236 5100 1268 5114 -
1321 5077 1392 5129 292³.
1404 5075 1485 5139 Λόγον
1497 5073 1569 5126 Aut).
