4559 6100
898 505 1130 579 nlttoetJS.
1230 447 1234 456 ·
1734 510 1807 584 689

219 656 321 724 Hunc
342 650 439 725 enim
452 655 614 751 'operum
633 644 856 745 nostrorum,
877 669 915 727 nt
934 680 1041 753 supra
1058 680 1205 755 quoque
1224 658 1472 748 meminimus,
1493 658 1603 731 finem
1619 684 1695 733 esse
1712 681 1810 733 enn-

217 772 327 864 venit,
356 787 492 845 utnon
520 786 593 845 tam
619 775 765 872 propria
790 797 900 871 quarn
924 777 1133 849 communia
1161 792 1295 874 quaerat
1319 781 1471 876 quisque
1496 779 1711 872 commoda,
1741 805 1809 854 nee

218 907 291 964 tam
325 891 391 965 sibi
423 918 531 989 quarn
558 894 727 968 omnibus
754 895 867 987 vivat,
893 895 994 991 juxta
1017 895 1106 969 illud
1130 896 1316 986 videlicet,
1346 900 1446 996 quod
1471 900 1508 971 in
1533 899 1640 973 laude
1665 902 1811 973 Catonis

219 1015 383 1084 Lucanus
403 1012 585 1085 decantat¹
605 1041 613 1082 ε

596 1219 661 1283 Uni
678 1219 795 1309 qnippe
807 1235 899 1284 vacat
914 1218 1026 1285 studiis
1042 1220 1187 1310 odiisque
1203 1223 1335 1304 mrenti,

595 1322 781 1386 Humanum
796 1321 904 1412 lugere
918 1345 1027 1411 genus.
1036 1373 1042 1386 .
1051 1373 1073 1387 ..

669 1424 712 1487 Hi
726 1446 843 1506 mores,
859 1425 930 1488 haec
942 1422 1014 1488 duri
1030 1424 1165 1489 immota
1180 1426 1311 1491 Catonis

597 1525 688 1591 Secta
702 1525 773 1606 fuit,
788 1549 913 1591 servare
928 1526 1063 1592 modum
1079 1526 1239 1616 finemque
1251 1544 1372 1609 tenere,

596 1628 815 1717 Naturamque
827 1627 929 1715 sequi,
945 1630 1119 1718 patriaeque
1133 1629 1320 1720 impendere
1330 1632 1441 1706 vitam,

599 1730 668 1796 Nee
684 1730 744 1795 sibi
761 1730 818 1796 sed
835 1731 897 1795 toti
908 1730 1051 1820 genitum
1062 1755 1096 1798 se
1110 1731 1241 1798 eredere
1257 1732 1393 1798 mundo.

225 1844 267 1908 m
283 1854 365 1936 post
379 1840 498 1937 aliqua
515 1868 523 1909 ι

679 1959 760 2024 Urbi
776 1977 866 2051 pater
881 1975 942 2041 est,
961 1960 1095 2050 urbique
1107 1962 1240 2027 maritus

597 2151 635 2215 ln
652 2174 823 2216 commune
838 2152 955 2216 bonus.

272 2353 412 2452 Quippe
436 2353 535 2452 quod
558 2354 711 2452 propriis
730 2353 884 2426 intendit
907 2352 1265 2427 commodisnaturae
1285 2369 1339 2427 est
1364 2354 1530 2448 infirmae,
1555 2355 1655 2454 quod
1671 2355 1812 2448 alienis,

223 2473 362 2547 virtutis
387 2474 546 2569 egregiae.
579 2478 623 2544 Et
646 2473 747 2571 parvi
772 2497 873 2545 suam
900 2475 1074 2546 aestimare
1098 2474 1207 2546 vitam
1233 2472 1361 2561 debet,
1388 2475 1451 2570 qni
1480 2475 1586 2547 unius
1612 2477 1666 2547 sui
1694 2499 1818 2547 curam

223 2618 369 2689 gerens,
395 2592 550 2691 propriis
567 2582 758 2665 contentus
773 2608 827 2664 est
846 2591 1068 2684 commodis,
1096 2615 1164 2663 nec
1185 2592 1338 2664 aliorum
1357 2593 1427 2669 sibi
1445 2609 1602 2666 meretur
1619 2594 1767 2690 gratiam
1784 2609 1819 2666 et

223 2713 381 2786 laudem.
403 2712 535 2783 Imitari
556 2711 707 2808 quisque
729 2735 795 2809 pro
814 2710 964 2783 modulo
985 2736 1052 2782 suo
1069 2714 1188 2782 Deum
1204 2709 1330 2801 dehet,
1352 2713 1413 2809 qui
1436 2736 1521 2785 cum
1544 2712 1678 2785 nullius
1694 2727 1815 2810 egeat,

222 2835 276 2905 sui
294 2832 441 2904 minime
457 2855 594 2922 curam,
615 2830 677 2902 sed
693 2831 856 2901 omniurn
874 2829 958 2926 agit,
975 2854 1042 2903 neo
1059 2827 1127 2901 sibi
1147 2830 1345 2902 necessaria
1361 2829 1424 2902 sed
1443 2831 1613 2903 omnibus
1628 2832 1816 2923 ministrat,

225 2954 332 3024 totius
357 2951 550 3023 mundanae
574 2948 716 3021 labricae
748 2963 918 3047 tanquam
949 2949 1057 3020 unius
1081 2971 1218 3045 magnae
1248 2948 1452 3047 reipublicae
1474 2965 1700 3048 procurator.
1727 2953 1819 3046 Sunt

225 3073 287 3169 qui
307 3085 427 3168 partes
448 3069 592 3165 justitiae
614 3068 780 3166 ampliori
798 3093 952 3141 numero
976 3092 1051 3139 non
1077 3093 1213 3157 rerum,
1241 3068 1302 3139 sed
1325 3070 1517 3140 nominum
1539 3068 1815 3165 distinguentes,

224 3189 412 3287 plerasque
435 3212 455 3258 a
478 3186 583 3258 nobis
608 3210 683 3257 uno
704 3185 981 3283 comprehensas
1001 3184 1182 3258 vocabulo
1203 3182 1366 3284 pluribus
1390 3184 1633 3283 distinguunt,
1661 3202 1696 3258 et
1719 3187 1819 3283 quod

225 3309 261 3379 in
290 3322 368 3379 toto
393 3306 601 3378 conclusum
624 3317 689 3393 est,
717 3305 753 3375 in
779 3318 899 3402 partes
923 3304 1149 3396 discernunt,
1173 3304 1342 3402 pietatem
1365 3304 1499 3375 scilieet
1527 3328 1610 3400 erga
1637 3318 1817 3403 parentes,

228 3427 419 3499 amicitiam
440 3424 476 3496 id
492 3439 543 3497 est
557 3422 845 3496 benevolentiam
863 3447 945 3520 erga
960 3447 1023 3495 eos
1038 3424 1100 3521 qui
1118 3447 1187 3495 nos
1203 3421 1369 3519 diligunt,
1390 3423 1551 3521 ipsorum
1574 3447 1682 3496 causa
1708 3425 1819 3520 tnagis

226 3571 335 3644 quam
360 3543 528 3644 sperandi
553 3543 700 3640 alicujus
721 3541 1026 3633 commodi,·cum
1049 3543 1126 3640 pari
1152 3566 1281 3614 eorum
1303 3565 1386 3639 erga
1410 3565 1478 3613 nos
1496 3542 1691 3636 voluntate,
1709 3543 1820 3638 gratia

227 3669 263 3738 in
291 3666 584 3738 remuneratione
614 3661 887 3735 beneficiorum.
919 3661 991 3735 Sed
1013 3663 1079 3734 tria
1104 3660 1180 3733 haec
1209 3660 1370 3759 prolecto
1395 3659 1637 3733 beneficentia
1664 3662 1821 3760 supponi

227 3799 389 3878 constat,
421 3782 485 3883 per
511 3806 620 3881 qnam
644 3781 808 3867 videlieet
838 3783 978 3854 animus
1002 3782 1049 3855 ad
1076 3779 1245 3878 quaelibet
1269 3778 1390 3850 debita
1419 3777 1654 3851 beneficentia
1679 3780 1819 3878 impen·
1916 3834 1921 3849 ,

227 3905 347 3979 denda
363 3919 437 3977 tam
454 3902 665 4002 parentibus
680 3901 827 3990 scilicet,
848 3925 957 3999 quarn
975 3901 1101 3973 ceteris
1120 3913 1310 3999 promptus
1323 3913 1388 3971 est.

721 4083 769 4147 De
785 4081 920 4146 naturali
934 4096 1030 4169 atque
1045 4080 1180 4170 punitiva
1187 4077 1319 4165 justitia.

278 4245 432 4337 Oportet
446 4253 565 4312 autern
583 4241 620 4310 in
635 4240 705 4328 his,
721 4262 801 4336 quae
812 4237 859 4309 ad
872 4237 1045 4333 justitiam
1059 4237 1251 4334 pertinent,
1269 4259 1345 4306 non
1361 4234 1479 4307 solum
1495 4236 1675 4331 naturalis,
1695 4262 1819 4312 verum

230 4359 342 4433 etiam
367 4358 525 4455 positivae
544 4358 686 4453 justitiae
709 4357 886 4430 tramitem
907 4380 983 4428 non
1004 4354 1140 4427 excedi.
1162 4358 1224 4426 lus
1248 4355 1380 4451 quippe
1402 4353 1500 4425 aliud
1524 4354 1702 4447 naturale,
1721 4356 1819 4429 aliud

232 4476 428 4574 posideum
448 4474 592 4547 dicitur.
611 4475 774 4547 Naturale
792 4473 938 4572 quidem
955 4476 1013 4570 jns
1030 4488 1100 4567 est,
1120 4472 1219 4569 qnod
1243 4495 1351 4569 opere
1374 4471 1630 4569 complendum
1650 4497 1726 4547 esse
1743 4476 1819 4574 ipsa

235 4619 318 4692 quae
340 4593 510 4666 omnibus
534 4593 740 4666 naturaliter
766 4595 858 4665 inest
885 4592 976 4664 ratio
1003 4590 1214 4689 persuadet,
1244 4588 1437 4662 etidcirco
1466 4589 1563 4688 apud
1587 4615 1715 4665 omnes
1738 4618 1819 4692 per·

238 4727 373 4806 manet,
399 4727 438 4784 ut
454 4716 572 4784 Deum
596 4712 727 4804 colere,
752 4724 916 4809 parentes
939 4734 1073 4801 amare,
1100 4732 1288 4809 perversos
1308 4709 1447 4806 punire,
1471 4723 1507 4782 et
1523 4734 1820 4809 quorumeunque

235 4832 466 4906 observantia
492 4829 661 4904 omnibus
680 4843 733 4904 est
757 4830 974 4920 necessaria,
996 4845 1036 4902 ut
1058 4829 1158 4903 nulla
1179 4851 1351 4926 umquam
1375 4829 1452 4901 sine
1477 4828 1545 4900 illis
1571 4831 1696 4902 merita
1718 4830 1829 4902 sulii·-

264 5094 269 5120 ¹
284 5089 419 5156 Pleraei,
433 5091 474 5141 nu.
485 5088 516 5153 u,
526 5103 549 5141 v.
563 5093 608 5143 att
620 5097 646 5141 et
656 5101 721 5154 totta
731 5092 777 5143 888
786 5097 811 5141 et
820 5101 876 5152 sqq.

348 5203 371 5239 u
