4559 6100
743 557 991 631 annotocu
1019 560 1291 633 coorstum.
1742 521 1808 630 tn
1905 626 1909 635 .

209 708 383 780 ‘secundo
400 707 492 781 libro
508 703 553 779 de
569 705 703 779 Ordine
723 706 946 779 dialecticam
968 709 1225 781 commendare
1246 731 1355 779 ausus
1373 722 1438 799 est,
1458 720 1499 778 ut
1515 731 1593 780 earn
1611 706 1723 780 solam
1741 733 1816 781 essa

221 829 405 900 scientiam
422 826 582 926 profiteri
594 826 770 919 videatur,
789 853 874 900 cum
892 851 973 899 cam
989 826 1103 900 solam
1123 852 1229 926 posse
1240 810 1361 899 'lacere
1377 828 1529 898 scientes
1545 826 1651 900 dicat.
1674 859 1691 893 α
1705 830 1815 901 Disci-

220 946 378 1044 plinam,
405 945 539 1044 inquit,
568 945 853 1044 disciplinarum,
880 972 989 1044 quam
1017 945 1241 1018 dialecticam
1267 960 1409 1019 vocant.
1430 951 1513 1016 Haec
1538 944 1645 1017 docet
1670 946 1813 1038 docere,

222 1063 298 1137 baec
315 1066 422 1138 docet
439 1065 587 1137 discere.
606 1069 645 1138 ln
663 1065 734 1137 hac
751 1067 904 1165 seipsam
925 1067 1016 1138 ratio
1031 1066 1255 1137 demonstrat
1272 1080 1380 1162 atque
1404 1065 1529 1164 aperit,
1548 1089 1628 1162 qnae
1648 1066 1704 1154 sit,
1722 1066 1816 1162 'quid

221 1184 318 1257 vclit.
345 1187 418 1257 Scit
439 1188 543 1276 scire,
569 1186 646 1258 sola
671 1186 821 1259 scientes
846 1187 961 1260 lacera
977 1199 1056 1258 ‘non
1072 1186 1190 1258 solum
1208 1186 1297 1278 vult,
1323 1185 1387 1257 sed
1411 1199 1445 1256 ct
1471 1198 1598 1283 potest.
1617 1213 1635 1252 n
1656 1184 1755 1257 ldem
1780 1186 1815 1256 in

221 1304 382 1376 secundo
408 1304 453 1376 de
476 1309 648 1376 Doctrina
666 1305 865 1378 christiano
889 1331 973 1378 cum
1000 1306 1093 1378 inter
1115 1329 1243 1378 omnes
1270 1318 1363 1376 artes
1389 1305 1566 1403 ptaecipue
1594 1303 1817 1377 dialecticam

221 1438 257 1495 et
285 1424 547 1498 arithmeticam
574 1450 681 1499 sacrae
707 1428 845 1527 paginae
867 1427 1085 1500 ‘necessarias
1103 1451 1180 1498 esse
1206 1424 1446 1524 profiteretur,
1479 1424 1575 1497 illam
1601 1423 1749 1523 quidem
1771 1425 1816 1497 ad

221 1542 468 1618 dissolvendas
502 1548 739 1644 questiones,
772 1546 864 1619 hanc
895 1547 942 1620 ad
970 1546 1225 1644 allegoriarum
1255 1545 1423 1642 mysteria
1459 1544 1705 1635 discutienda,
1739 1570 1818 1643 quae

223 1664 426 1760 frequenter
449 1667 486 1737 in
512 1668 649 1739 naturis
671 1692 906 1739 numerorum
930 1666 1196 1764 investigamus,
1221 1680 1321 1737 tanto
1341 1665 1497 1765 amplius
1515 1663 1737 1737 dialecticam
1762 1689 1818 1736 ex·

222 1784 316 1877 tulit,
341 1799 479 1883 quanto
505 1786 659 1885 amplius
682 1788 918 1860 necessariam
940 1811 1020 1861 eam
1046 1788 1236 1884 assignavit
1254 1784 1302 1859 ad
1324 1809 1451 1857 omnes
1476 1785 1642 1857 videlicet
1656 1785 1817 1883 quastio-

222 1927 310 1974 num
328 1902 571 1978 dubitationes
593 1906 850 1980 terminandas.
871 1907 925 1979 tit
943 1907 1171 1979 autemsic¹:
1194 1908 1374 1976 «Restant
1401 1928 1441 1976 ea
1465 1929 1544 2001 quae
1567 1929 1642 1977 non
1667 1904 1712 1976 ad
1737 1929 1818 1978 cor-

222 2022 319 2119 poris
346 2047 483 2116 seusus,
515 2024 579 2097 sed
604 2025 651 2097 ad
678 2027 857 2099 rationem
887 2027 1081 2125 pertinent,
1109 2023 1173 2097 ubi
1198 2023 1386 2123 disciplina
1413 2037 1538 2119 regnat
1567 2024 1817 2123 disputationis

220 2156 256 2212 et
278 2144 431 2214 numeri.
459 2143 530 2216 Sed
552 2143 804 2243 disputationis
828 2145 1016 2244 disciplina
1035 2144 1082 2217 ad
1105 2144 1230 2217 omnia
1251 2168 1380 2238 genera
1405 2145 1659 2241 quaestionum,
1678 2169 1758 2242 quae
1779 2145 1816 2215 in

220 2262 352 2333 sanctis
378 2260 501 2334 litteris
517 2278 601 2336 sunt
618 2264 852 2362 penetranda,
872 2264 1068 2363 plurimum
1084 2264 1178 2337 valet
1197 2291 1206 2334 τ
1226 2277 1365 2335 tantum
1387 2261 1437 2334 ibi
1455 2262 1614 2334 cavenda
1631 2277 1684 2335 est
1703 2261 1816 2334 libido

222 2380 383 2472 rixandi,
418 2397 454 2455 et
484 2383 630 2483 puerilis
660 2383 823 2481 quaedam
854 2385 1044 2459 ostentatio
1076 2381 1280 2481 decipiendi
1315 2380 1570 2454 adversarium.
1600 2383 1692 2454 Sunt
1719 2384 1816 2454 enim

223 2501 334 2573 urulta
350 2527 430 2600 quae
451 2503 678 2603 appellantur
702 2503 934 2603 sophismata,
961 2503 1055 2576 lalsae'
1073 2503 1324 2576 conclusiones
1340 2501 1535 2591 rationum,
1553 2516 1589 2574 et
1604 2501 1817 2601 plerumque

222 2621 268 2690 ita
295 2644 394 2693 veras
416 2622 610 2715 imitantes,
631 2639 669 2695 ut
692 2646 767 2694 non
792 2622 909 2694 solum
926 2622 1061 2716 tardos,
1079 2621 1144 2694 scd
1170 2622 1374 2719 ingeniosos
1394 2623 1502 2694 etiam
1523 2621 1643 2692 minus
1662 2635 1818 2693 attentos

221 2737 412 2837 decipiant.
435 2742 544 2829 Quod
566 2737 678 2839 genus
699 2742 939 2840 captiosarum
962 2740 1237 2814 conclusionum
1254 2742 1435 2840 Scriptura
1457 2755 1632 2840 quantum
1654 2741 1817 2813 existimo

222 2857 416 2931 detestatur
436 2861 498 2933 illo
521 2860 617 2954 locu,
638 2860 701 2933 ubi
721 2860 857 2933 dictum
884 2866 983 2934 est¹z
1007 2892 1024 2930 n
1035 2862 1104 2950 Qui
1130 2862 1325 2960 sophistice
1350 2860 1523 2958 loquitur,
1551 2858 1693 2932 odibilis
1718 2875 1784 2934 est.
1799 2889 1815 2928 u

223 2980 296 3066 Qui
322 2981 443 3054 rursus
463 2982 500 3055 in
525 2982 654 3055 eodem
677 3007 759 3054 cum
783 2982 820 3054 in
838 2983 923 3082 ipsis
938 2979 1242 3082 philosophorum
1259 2980 1362 3053 dictis
1383 3005 1552 3078 magnam
1568 3005 1712 3054 morum
1739 2980 1818 3053 aedi·

225 3097 441 3192 ficationem,
471 3116 506 3174 et
527 3101 738 3174 nonnullam
762 3101 809 3174 de
833 3102 904 3174 lide
929 3116 963 3174 et
988 3103 1087 3174 cultu
1111 3103 1217 3174 unius
1239 3102 1305 3174 Dei
1330 3100 1532 3174 doctrinam
1557 3101 1813 3192 consideraret,

222 3218 350 3315 adjecit
372 3236 480 3318 atque
496 3221 546 3293 ait
572 3248 580 3291 ε
612 3249 629 3289 a
649 3220 858 3319 Philosophi
882 3222 945 3319 qui
962 3236 1153 3313 vocantur,
1172 3223 1201 3293 si
1226 3245 1298 3318 qua
1314 3220 1406 3292 forte
1422 3244 1507 3292 vera
1528 3234 1564 3292 et
1586 3219 1668 3292 fidei
1687 3236 1816 3292 nostrae

222 3339 494 3413 accommodata
503 3340 670 3430 dixerint,
690 3340 844 3411 maxime
861 3339 1045 3428 Platonici,
1064 3363 1139 3410 non
1157 3338 1275 3410 solum
1293 3337 1520 3410 formidanda
1534 3363 1609 3410 nou
1627 3353 1733 3427 sunt;
1752 3339 1816 3411 sed

221 3457 328 3528 etiarn
359 3457 406 3531 ab
433 3460 485 3531 ais
521 3472 705 3555 tamquam
729 3457 869 3554 injustis
896 3450 1161 3557 possessoribus
1186 3456 1223 3528 iu
1249 3456 1356 3528 usum
1383 3469 1548 3528 nostrum
1582 3455 1811 3529 vindicanda.

222 3576 432 3649 sicutenim
448 3582 620 3678 AEgyptus
636 3596 712 3650 uou'
730 3592 867 3651 tantum
884 3576 979 3649 idola
994 3575 1151 3650 hahebat
1169 3598 1249 3672 quae
1269 3574 1426 3673 populus
1445 3574 1550 3648 lsrael
1566 3575 1815 3667 detestaretur,

221 3694 284 3765 sed
308 3695 417 3768 etiam
433 3720 518 3770 vasa
539 3710 647 3794 atquc
673 3711 885 3769 ornamenta
911 3696 957 3768 de
982 3720 1071 3768 auro
1094 3709 1130 3767 ct
1154 3710 1303 3793 argento
1329 3709 1364 3767 et
1388 3710 1545 3783 vestem,
1573 3719 1652 3792 quae
1673 3696 1732 3768 ille
1755 3720 1817 3794 po·

224 3814 327 3910 polus
356 3816 477 3889 exiens
502 3815 548 3889 de
573 3819 729 3914 AEgypto
751 3815 817 3888 sibi
844 3817 978 3915 potius,
1010 3824 1196 3912 tamquam
1221 3812 1268 3885 ad
1297 3839 1399 3886 usum
1424 3813 1624 3907 meliorem,
1651 3815 1815 3887 clanculo

225 3937 418 4012 vindicavit
438 3955 617 4039 praecepto
643 3940 723 4028 Dei,
751 3939 836 4038 ipsis
855 3939 1028 4037 AEgyptiis
1052 3938 1254 4009 nescienter
1276 3937 1592 4011 commodantibus
1616 3964 1658 4011 ea
1685 3938 1817 4037 quibus

224 4082 297 4128 nou
325 4057 418 4131 bene
448 4058 674 4132 utebantur:
706 4059 757 4132 sic
784 4058 956 4131 doctrinae
982 4082 1111 4129 omnes
1139 4056 1339 4154 gentilium,
1372 4072 1408 4129 et
1434 4057 1598 4130 liberales
1623 4058 1817 4157 disciplinae

225 4180 302 4249 usui
328 4179 484 4251 veritatis
510 4179 667 4278 aptiores
689 4180 797 4250 etiam
814 4201 960 4250 morum
984 4174 1150 4275 qtraedam
1175 4191 1352 4276 praecepta
1369 4177 1569 4270 continent,
1594 4177 1713 4275 deque
1737 4179 1817 4277 ipso

224 4301 300 4369 ileo
326 4297 481 4370 colendo
511 4297 687 4371 nonnulla
713 4313 797 4371 vera
820 4297 1054 4369 inveniuntur
1079 4294 1178 4395 apud
1203 4300 1311 4368 cosi
1339 4302 1428 4368 item
1443 4297 1481 4368 iu
1498 4296 1688 4369 eodemde
1701 4296 1818 4396 philo·

223 4416 376 4514 sophis:
410 4446 428 4486 n
448 4417 634 4490 Dederunt
658 4440 788 4490 aurum
803 4431 839 4488 et
857 4431 1046 4512 argentum
1063 4428 1099 4487 et
1116 4420 1253 4487 vestem
1283 4440 1386 4488 suam
1417 4412 1562 4488 exeunti
1591 4415 1637 4488 de
1664 4419 1817 4515 AEgypto

224 4535 360 4633 populo
389 4537 467 4629 Dei,
494 4537 693 4610 nescientes
720 4535 1028 4634 quemadmodum
1053 4535 1112 4607 illa
1134 4559 1214 4632 quae
1236 4532 1370 4607 dabant
1390 4535 1429 4606 in
1452 4534 1584 4607 Christi
1604 4526 1817 4643 obsequium

226 4652 479 4729 redderentur.
504 4684 522 4725 n
537 4662 690 4728 Noverat
705 4657 826 4753 itaque
842 4654 899 4728 ille
917 4655 1237 4728 'ecclesiasticorum
1266 4654 1442 4755 matrimus
1465 4652 1607 4745 doctor,
1634 4671 1669 4729 et
1695 4678 1717 4728 a
1743 4656 1822 4755 phi·

223 4774 390 4872 losophia
412 4775 499 4847 olim
521 4775 646 4872 gentili
675 4773 723 4847 ad
754 4797 876 4846 veram
900 4784 980 4873 quae
1003 4772 1166 4846 Christus
1186 4754 1237 4846 est
1262 4773 1428 4873 'sophiam
1451 4763 1659 4867 conversus,
1685 4799 1765 4871 quae
1781 4774 1817 4845 in

226 4891 484 4992 philosophicis
508 4894 555 4967 de
578 4898 657 4966 Deo
683 4894 816 4991 legerat
838 4893 991 4991 scriptis,
1021 4906 1057 4965 'ct
1081 4898 1192 4990 quam
1222 4891 1408 4990 iudignum
1437 4906 1529 4964 esset
1553 4891 1819 4992 philosophicas

259 5170 328 5222 'titt
344 5170 373 5229 ΙΙ.
390 5184 446 5235 cap.
463 5184 530 5224 xxxi.
544 5199 572 5212 -
584 5173 692 5235 mett,
702 5186 758 5236 cap.
770 5184 866 5239 amur,
884 5182 907 5221 r.
920 5160 959 5224 π’.

342 5283 366 5321 ιι
