4559 6100
469 519 539 605 too
828 542 834 552 -
1066 506 1185 575 rorat
1214 505 1443 576 summor

467 664 570 765 sistit,
597 659 649 729 sic
668 656 767 728 solus
790 656 826 725 in
854 655 970 727 forma
994 655 1060 724 Dei
1088 677 1164 724 esse
1194 652 1345 744 dicitur,
1365 667 1401 723 et
1427 652 1542 749 figura
1557 651 1764 723 substantiae
1779 653 1875 748 ejus,
1900 656 1974 726 sive
1990 657 2063 753 ipsa

469 779 581 852 Patris
599 779 732 872 imago,
748 774 786 846 id
803 789 855 849 est
871 797 1036 870 expressa
1053 773 1129 869 ejus
1147 772 1343 844 similitudo
1361 786 1593 869 nuncupatur
1616 800 1624 840 ε
1645 796 1729 842 oum
1746 773 1823 870 ipse
1840 774 1947 846 Filius
1965 789 2062 847 tanta

473 899 566 971 Patri
581 898 810 994 cognatione,
830 909 870 966 ut
881 896 931 967 ita
947 894 1080 982 dicam,
1096 894 1142 965 sit
1154 894 1288 980 unitus,
1303 907 1342 964 ut
1360 916 1434 964 nou
1456 893 1573 963 solum
1590 894 1666 991 ipse
1679 894 1725 965 sit
1743 895 1848 965 unius
1867 919 1951 967 cum
1965 900 2066 968 Patre

472 1018 688 1107 substantiae,
710 1015 774 1088 sed
797 1017 957 1112 insuper,
976 1027 1017 1085 ut
1034 1013 1170 1086 dictum
1197 1028 1263 1104 est,
1289 1038 1331 1083 ex
1358 1015 1434 1110 ipsa
1453 1013 1566 1084 Patris
1581 1013 1793 1085 substantia.
1813 1013 1867 1085 td
1883 1015 1978 1088 banc
1995 1017 2066 1087 lor·

473 1140 575 1210 tassis
587 1135 871 1223 similitudinem,
887 1134 966 1207 nris
977 1133 1113 1206 scilieet
1122 1149 1158 1205 et
1167 1135 1248 1205 aerei
1256 1132 1374 1228 sigilli,
1389 1131 1665 1229 quasividelioet
1680 1134 2065 1224 intermiseramus,

474 1258 627 1329 Hilarius
645 1256 812 1355 respexit,
834 1276 937 1342 eum,
956 1269 995 1327 ut
1011 1255 1152 1326 dudum
1164 1276 1275 1350 supra
1293 1253 1534 1343 meminimus,
1553 1252 1681 1324 Filium
1707 1277 1727 1324 a
1754 1259 1856 1325 Patre
1872 1254 2067 1326 formatum
2125 1268 2128 1275 ’

473 1378 574 1469 dixit,
594 1376 629 1447 id
647 1389 701 1449 est
718 1400 763 1447 eo
782 1374 895 1446 modo
920 1398 997 1446 esse
1019 1398 1128 1445 suum
1152 1372 1285 1445 habere
1308 1372 1354 1444 de
1373 1375 1489 1459 Patre,
1507 1396 1583 1470 quo
1605 1396 1661 1443 res
1678 1374 1830 1444 formata
1847 1396 1890 1444 ex
1904 1373 1979 1472 ipsa
1995 1398 2067 1445 suae

474 1497 628 1568 meteriae
644 1493 841 1567 substantia
859 1493 991 1565 dieitur
1006 1518 1095 1565 esse.
1113 1496 1194 1563 Non
1213 1506 1331 1564 tamen
1352 1490 1538 1563 ullomodo
1556 1492 1741 1562 materiam
1764 1490 1820 1563 vel
1843 1492 2067 1564 materiatum

473 1618 509 1685 iu
528 1620 604 1686 [leo
617 1612 853 1685 concedimus
868 1637 959 1703 esse,
975 1612 1038 1684 sed
1056 1615 1091 1683 in
1114 1612 1284 1683 meaturis
1301 1625 1440 1683 tantum
1453 1610 1509 1681 tel
1524 1609 1757 1681 mutabilibus
1770 1608 1878 1681 rebus
1891 1635 1972 1707 quae
1988 1626 2070 1682 sunt

473 1734 712 1807 accidentium
722 1732 980 1831 susceptibiles.
997 1733 1094 1804 Siout
1107 1756 1194 1826 ergo
1208 1730 1377 1826 sigillans,
1393 1755 1438 1802 eo
1450 1732 1529 1828 ipso
1542 1754 1616 1827 quo
1627 1730 1782 1825 sigillans
1796 1745 1861 1819 est,
1874 1732 1910 1801 in
1919 1731 2069 1802 alterum

473 1854 646 1951 quiddam
662 1853 806 1925 mollius
820 1854 878 1925 eui
892 1853 1110 1952 imprimitur
1127 1849 1303 1948 procedit,
1320 1865 1358 1922 ut
1373 1849 1536 1921 videlicet
1556 1849 1632 1946 ejus
1648 1851 1823 1946 imaginis,
1841 1874 1919 1947 quae
1938 1852 1975 1922 in
1995 1851 2071 1948 ipsa

475 1975 551 2070 ejus
569 1972 768 2045 substantia
780 1972 856 2067 jam
872 1985 960 2060 erat,
977 1971 1129 2042 sormam
1145 1971 1195 2042 illi
1211 1970 1342 2042 tribuat
1360 1997 1369 2058 3
1391 1969 1441 2041 sic
1452 1969 1604 2067 Spiritus
1621 1984 1764 2041 sanetus
1780 1969 1962 2042 donorum
1978 1994 2066 2041 suo-

475 2115 558 2165 tum
583 2090 835 2164 distributione
852 2089 958 2162 nobis
982 2089 1139 2179 inlusus,
1160 2089 1352 2185 imaginem
1370 2090 1436 2161 Dei
1452 2087 1607 2160 deletam
1632 2090 1668 2159 in
1694 2087 1800 2160 nobis
1821 2090 2004 2175 reformat,
2032 2105 2070 2160 ut

472 2214 572 2306 juxta
591 2210 815 2310 Apostolum,
841 2210 1046 2283 conformes
1071 2208 1270 2281 efficiamur
1292 2209 1438 2305 imagini
1459 2208 1536 2279 Filii
1563 2208 1643 2296 Dei,
1667 2207 1705 2279 id
1732 2222 1786 2278 est
1809 2208 1971 2279 Christo:
1995 2238 2011 2271 ι
2032 2222 2072 2278 ut

475 2355 668 2429 sequamur
684 2330 830 2426 vestigia
846 2329 923 2425 ejus
941 2331 1002 2426 qui
1019 2344 1206 2427 peecatum
1221 2352 1295 2400 non
1309 2329 1421 2419 fecit¹,
1443 2358 1460 2393 ι
1480 2341 1516 2398 et
1532 2326 1579 2398 de
1593 2329 1701 2399 veteri
1718 2327 1868 2400 bomine
1882 2329 1919 2398 in
1938 2352 2071 2399 novum

476 2466 709 2524 transeamus.
727 2450 827 2522 Sicut
841 2464 962 2521 autem
975 2473 1022 2520 oes
1039 2464 1074 2520 et
1089 2448 1245 2545 sigillum
1258 2473 1323 2520 seu
1335 2447 1493 2545 sigillans
1505 2447 1540 2517 in
1558 2447 1630 2517 suis
1648 2446 1924 2546 proprietatibus
1936 2446 2072 2519 diversa

477 2585 574 2663 suut,
587 2568 789 2643 seeundum
806 2570 937 2641 modos
951 2570 1146 2640 existentiae
1162 2592 1255 2666 quos
1270 2567 1471 2641 adinvicem
1489 2565 1638 2653 habent,
1660 2567 1709 2638 ita
1730 2568 1863 2639 scilicet
1889 2581 1929 2638 ut
1954 2567 2074 2638 nullus

479 2694 640 2785 ipsorum
668 2689 925 2787 proprietatem
952 2689 1096 2761 alterius
1121 2688 1381 2773 communicet,
1411 2689 1461 2757 sic
1491 2701 1527 2757 et
1552 2690 1655 2759 Pater
1679 2703 1713 2758 et
1731 2687 1837 2758 Filius
1859 2701 1894 2759 et
1922 2688 2073 2783 Spiritus

478 2822 633 2879 sanctus.
647 2806 755 2878 Verbi
768 2807 879 2901 gratia
896 2834 904 2878 ι
921 2806 1083 2902 Sigillum
1095 2831 1227 2878 aereum
1238 2830 1280 2877 ex
1290 2830 1359 2878 aere
1372 2822 1425 2878 est
1436 2822 1606 2904 tanquam
1620 2809 1818 2879 exmateria
1833 2806 2070 2894 materiatum,

476 2942 512 2998 et
528 2950 575 2997 aes
592 2926 739 2998 materia
756 2940 808 2997 est
823 2925 905 2996 aerei
921 2924 1039 3021 sigilli,
1060 2940 1095 2997 et
1104 2950 1237 2997 aereum
1253 2924 1408 3020 sigillum
1428 2928 1653 2998 materiatum
1673 2951 1716 2997 ex
1744 2950 1826 3013 tere,
1846 2941 1884 2998 et
1901 2926 1976 2997 istae
1994 2926 2073 3022 qui·

477 3046 561 3118 dem
579 3046 656 3118 aeris
673 3060 708 3118 et
720 3046 801 3117 aerei
820 3042 923 3141 sigilli
945 3047 1182 3144 proprietates
1194 3046 1242 3118 ita
1258 3046 1469 3118 intermixtae
1487 3061 1584 3133 sunt,
1604 3062 1643 3117 ut
1658 3071 1774 3143 neque
1789 3071 1836 3118 ees
1855 3046 1899 3118 sit
1916 3047 2077 3117 materia·

479 3181 555 3237 tum
572 3192 617 3237 ex
632 3187 712 3252 aere,
730 3189 849 3263 neque
865 3188 993 3237 eorum
1010 3165 1165 3262 sigillum
1180 3167 1329 3238 materia
1341 3167 1386 3237 sit
1401 3166 1492 3253 aeris,
1506 3190 1590 3236 oum
1607 3181 1728 3238 mmen
1741 3166 1868 3238 eadem
1883 3190 1940 3236 res
1952 3164 2076 3237 sithoc

478 3286 579 3380 quod
609 3299 662 3357 est
695 3285 842 3356 materia
878 3285 957 3355 aerei
995 3283 1112 3381 sigilli,
1133 3285 1189 3357 vel
1208 3287 1432 3358 materiatum
1465 3310 1507 3356 ex
1538 3309 1619 3374 aere,
1638 3286 1723 3358 'boc
1741 3300 1794 3358 est
1829 3310 1877 3356 aes
1891 3285 2024 3383 ipsum,
2043 3299 2077 3354 et

478 3430 608 3478 aereum
641 3403 809 3501 sigillum.
837 3405 896 3476 Sic
923 3419 958 3476 et
983 3406 1020 3475 in
1041 3404 1172 3477 divinis
1203 3407 1378 3502 contingit
1406 3406 1582 3504 personis.
1617 3406 1824 3478 Secundum
1853 3404 1890 3477 id
1919 3406 2075 3502 quippe,

477 3525 576 3621 quod
607 3524 728 3596 divina
753 3526 946 3622 sapientia,
975 3540 1013 3596 ut
1037 3524 1211 3616 diximus,
1232 3551 1274 3598 ex
1300 3526 1422 3598 divina
1444 3526 1604 3625 potentia
1624 3550 1701 3598 esse
1722 3526 1851 3616 habet,
1886 3525 1945 3596 illa
1978 3529 2079 3594 Pater

476 3644 606 3739 hujus,
634 3658 670 3715 et
695 3644 772 3714 ltaeo
801 3641 909 3714 Filius
929 3642 1023 3715 illius
1052 3642 1204 3731 dicitur,
1226 3658 1262 3714 et
1288 3646 1325 3715 in
1356 3649 1433 3716 Deo
1457 3645 1682 3717 tantumdem
1706 3662 1760 3717 est
1782 3643 1900 3716 dicere
1920 3645 2074 3732 Patrem,

479 3777 655 3862 quantum
687 3764 717 3833 si
744 3760 907 3833 dicamus
931 3763 1140 3859 sapientiam
1165 3787 1208 3833 ex
1228 3767 1329 3835 Patre
1352 3766 1520 3860 genitam.
1542 3769 1578 3836 Si
1596 3791 1682 3863 ergo
1703 3767 1863 3838 dieamus
1879 3762 1928 3835 ibi
1948 3761 2076 3833 Filium

480 3907 556 3954 esse
579 3885 733 3971 Patrem,
752 3880 821 3954 tale
844 3895 896 3953 est
922 3905 964 3953 ac
981 3883 1009 3953 si
1028 3880 1191 3954 dieamus
1208 3884 1322 3980 ipsam
1342 3886 1407 3957 Dei
1427 3887 1538 3956 Patris
1551 3887 1760 3984 sapientiam
1778 3909 1853 3956 esse
1878 3883 2077 3980 genitorem

482 4002 591 4099 ipsius
610 4001 791 4100 sapientiae
807 4001 931 4093 Patris,
950 4000 1022 4073 hoc
1038 4015 1091 4073 est
1107 4003 1306 4100 suiipsius,
1328 4020 1367 4076 ut
1385 4006 1460 4102 ipsa
1476 4006 1608 4078 scilieet
1628 4008 1693 4078 Dei
1710 4004 1883 4103 sapientia
1900 4027 1943 4073 er
1964 4005 2079 4098 seipsa

479 4123 525 4193 sit
538 4122 670 4217 genita,
685 4137 774 4194 etex
792 4123 909 4219 seipsa
920 4120 1051 4193 babeat
1064 4143 1153 4194 esse.
1171 4122 1341 4195 Similiter
1354 4125 1384 4195 si
1406 4126 1568 4198 dicemus
1584 4127 1650 4197 ibi¹
1665 4131 1805 4198 Patrem
1822 4123 1962 4211 Filium,
1982 4120 2081 4192 vide·

460 4241 564 4313 'tices
596 4242 650 4312 sui
680 4242 803 4339 ipsius,
835 4241 904 4312 tale
937 4254 990 4313 est
1016 4265 1058 4312 ae
1087 4239 1298 4313 sidicamus
1322 4244 1481 4317 divinam
1508 4247 1706 4343 potentiam
1724 4246 1878 4342 seipsam
1901 4242 2076 4336 genuisse.

482 4360 654 4449 Quamvis
666 4362 761 4433 enim
772 4360 868 4432 idem
882 4361 1115 4434 essentialiter
1122 4361 1165 4430 sit
1175 4384 1235 4444 oes,
1245 4362 1481 4458 quodaereum
1492 4364 1646 4461 sigillum
1661 4389 1701 4436 ex
1716 4377 1944 4455 aereest,non
1957 4373 2079 4430 tamen

482 4479 564 4551 ideo
577 4480 660 4576 quia
673 4503 804 4551 aereum
820 4477 974 4578 sigillum
993 4504 1036 4552 ex
1051 4503 1119 4552 aere
1136 4495 1203 4569 est,
1225 4506 1272 4552 aes
1287 4507 1329 4553 ex
1353 4484 1469 4581 seipso
1490 4485 1632 4575 dicitur,
1654 4484 1710 4556 vel
1727 4484 1813 4581 quia
1830 4483 1947 4580 ipsum
1962 4494 2082 4576 poste·

484 4601 555 4672 rius
571 4613 623 4671 est
639 4623 682 4671 ex
697 4623 778 4689 aere,
798 4597 880 4670 ideo
898 4599 1075 4696 posterius
1087 4599 1206 4698 seipso
1219 4601 1360 4674 dicitur.
1382 4608 1460 4676 Nou
1479 4605 1575 4677 enim
1595 4605 1666 4675 boc
1686 4625 1891 4701 pronomen
1907 4598 2007 4697 quod
2029 4615 2084 4670 est

482 4720 549 4811 sui,
566 4719 776 4791 relationem
794 4718 908 4791 faeere
918 4733 1037 4816 potest
1046 4732 1161 4807 recte,
1178 4722 1245 4793 nisi
1262 4721 1325 4794 ubi
1346 4747 1400 4795 res
1418 4725 1546 4797 eadem
1564 4749 1638 4798 non
1663 4722 1913 4796 essentialitate
1927 4733 2080 4808 tantum,

482 4840 544 4911 sed
561 4841 669 4913 etiam
685 4838 904 4937 proprietate
920 4838 1058 4912 nititur.
1081 4838 1229 4913 Diversa
1245 4857 1366 4915 autem
1385 4847 1603 4943 proprietate
1625 4858 1707 4916 sunt
1722 4868 1769 4916 aee
1786 4857 1820 4916 et
1833 4861 1967 4912 aereurn
1987 4840 2087 4934 sigil-

539 5112 549 5160 l
564 5113 639 5177 Petu,
651 5131 703 5178 cup.
718 5129 747 5176 n,
759 5129 781 5167 ι.
795 5117 871 5165 21.-
884 5115 892 5144 ¹
904 5114 943 5166 Slc
955 5113 1016 5163 Gnd.
1030 5112 1091 5164 vict.
1104 5114 1135 5166 Iu
1152 5129 1197 5177 pro
1214 5116 1250 5166 en·
1263 5117 1333 5168 Amb.
