4559 6100
513 510 672 583 E'l'HlCh
697 510 778 581 SEU
805 509 928 579 LIBER
953 508 1105 581 DlCl'US
1134 538 1142 579 :
1171 510 1294 583 SClTO
1320 512 1521 584 Taresuni.
1751 508 1823 582 633

234 660 411 731 transtulit
421 677 607 759 peccatum
624 676 748 733 tuum:
768 690 785 726 »
798 666 872 758 quo
888 661 984 732 enim
1000 660 1116 755 major
1131 676 1208 734 erat
1222 663 1314 759 regis
1329 662 1540 750 sublimitas,
1552 661 1733 759 acceptior
1745 664 1821 731 Deo

233 778 298 849 fuit
321 777 498 851 confitens
521 779 715 852 humilitas.
743 780 906 877 Denique
928 779 1130 852 sacerdotes
1156 778 1442 878 quibus‘animae
1466 779 1716 853 confitentium
1740 795 1824 851 sunt

232 900 442 991 commissae,
461 900 716 972 satisfactiones
730 901 946 998 poenitentiae
966 899 1035 972 illis
1049 899 1186 972 habent
1200 901 1407 997 injungere3
1429 916 1467 971 ut
1485 901 1546 997 qui
1567 898 1658 971 male
1674 898 1822 971 arbitrio

232 1041 298 1087 suo
324 1031 360 1087 et
382 1017 536 1117 superbe
559 1020 613 1090 usi
639 1034 723 1090 sunt
744 1024 862 1091 Deum
883 1019 1165 1107 contemnend0,
1193 1019 1316 1092 alienae
1334 1020 1519 1117 potestatis
1537 1016 1690 1090 ‘arbitrio
1707 1019 1823 1089 corri-

231 1151 377 1230 gantur3
396 1153 433 1209 et
448 1152 548 1211 tanto
569 1138 728 1210 securius
748 1138 786 1210 id
807 1154 927 1234 agant,
948 1144 1084 1235 quanto
1102 1137 1230 1209 melius
1252 1140 1405 1236 praelatis
1427 1140 1499 1210 suis
1520 1136 1726 1209 obediendo
1748 1161 1822 1207 non

231 1270 303 1327 tam
327 1281 429 1328 suam
448 1281 558 1354 quam
579 1258 723 1330 illorum
739 1258 961 1331 voluntatem
984 1260 1194 1356 sequuntur.
1215 1259 1286 1345 Qui
1302 1259 1331 1330 si
1349 1259 1504 1331 fortassis
1520 1282 1595 1329 non
1622 1271 1717 1328 recte
1734 1282 1822 1354 prae·

231 1377 405 1473 ceperint,
424 1401 508 1447 cum
520 1377 579 1448 ille
594 1377 641 1449 ad
657 1376 902 1450 obediendum
915 1393 1060 1476 paratus
1071 1378 1128 1466 sit,
1148 1378 1215 1450 illis
1232 1378 1344 1474 magis
1358 1403 1468 1477 quam
1481 1379 1555 1450 istis
1569 1376 1822 1475 imputandum

231 1507 295 1565 est.
313 1524 331 1562 u
346 1499 425 1567 Non
443 1496 663 1591 ignoramus,
679 1497 829 1593 »inquit
847 1497 1060 1594 Apostolus,
1075 1496 1254 1568 «astutias
1266 1496 1441 1570 Sathanae.
1455 1526 1472 1563 n
1487 1501 1559 1568 Nec
1571 1496 1647 1592 ejus
1663 1497 1823 1591 nequitia

229 1613 301 1686 hoc
316 1614 400 1687 loco
415 1615 661 1714 praetereunda
679 1629 732 1687 est
747 1640 819 1712 qua
837 1640 905 1686 nos
919 1614 965 1687 ad
979 1631 1166 1713 peccatum
1182 1617 1332 1713 impellit
1343 1615 1644 1689 etaconfessione
1657 1614 1818 1688 retrahit.

232 1732 284 1803 td
301 1749 487 1831 peccatum
497 1736 631 1832 quippe
648 1759 715 1806 nos
730 1736 883 1806 incitans
897 1735 1026 1806 timore
1039 1736 1173 1832 pariter
1188 1760 1230 1806 ac
1246 1736 1460 1808 verecundia
1476 1759 1542 1807 nos
1557 1736 1667 1826 exuit,
1681 1747 1721 1805 ut
1733 1734 1822 1805 nihil

225 1862 301 1949 jam
320 1867 427 1924 restet
442 1853 540 1950 quod
558 1880 625 1926 uos
644 1879 664 1925 a
682 1870 830 1953 peccato
846 1870 1002 1927 revocet.
1013 1856 1131 1927 'Multa
1149 1856 1304 1952 namque
1321 1857 1450 1930 timore
1465 1880 1581 1956 poenae
1597 1857 1821 1928 committere

229 1997 303 2043 non
327 1972 524 2062 audemus;
552 1972 664 2046 multa
686 1998 753 2072 pro
777 1974 993 2045 detrimento
1019 1987 1149 2045 nostrae
1172 1974 1274 2046 famae
1296 1975 1441 2072 aggredi
1469 1973 1732 2063 erubescimus,
1757 1977 1822 2046 etsi

229 2091 299 2163 hoc
321 2091 469 2191 impune
486 2116 684 2191 possemus.
711 2094 772 2165 His
788 2117 874 2189 ergo
899 2091 1042 2165 duobus
1063 2095 1164 2190 quasi
1189 2095 1393 2167 retinaculis
1417 2094 1510 2166 male
1537 2093 1822 2192 quilibet‘erpe·

227 2210 335 2300 ditus,
353 2236 509 2309 praeceps
520 2211 567 2283 ad
584 2211 737 2308 quodvis
750 2211 1029 2310 perpetrandum
1047 2228 1234 2312 peccatum
1252 2213 1437 2285 efficietur.
1455 2217 1537 2300 Quo
1552 2213 1700 2311 quidem
1715 2228 1820 2311 pacto

227 2328 354 2401 eadem
379 2355 462 2427 quae
485 2332 584 2429 prius
606 2332 639 2403 ei
662 2329 809 2402 abstulit
830 2345 870 2402 ut
892 2346 1079 2428 peccatum
1106 2329 1309 2429 perficeret,
1336 2330 1709 2429 postmodumreddit
1737 2346 1775 2402 ut
1796 2358 1820 2403 ‘a

227 2447 450 2520 confessione
472 2465 626 2521 revocet.
648 2455 746 2521 Tunc
771 2447 934 2521 confiteri
958 2450 1061 2520 timet
1086 2448 1142 2520 vel
1166 2449 1344 2522 erubescit
1366 2450 1486 2547 quod,
1514 2475 1607 2522 cum·
1622 2453 1822 2549 oportuerit

226 2568 397 2663 primum,
427 2591 501 2638 uon
532 2568 650 2639 timuit
673 2592 741 2639 nec
766 2566 923 2639 erubuit.
952 2569 1068 2639 'limet
1090 2592 1136 2639 ne
1159 2567 1251 2639 forte
1277 2593 1344 2666 per
1367 2569 1631 2641 confessionem
1647 2572 1820 2667 ‘cognitus

226 2686 396 2783 puniatur
415 2685 461 2757 ab
484 2686 713 2775 hominibus,
732 2688 794 2783 qui
815 2687 937 2783 puniri
963 2710 1038 2757 non
1058 2687 1176 2758 timuit
1199 2712 1219 2759 a
1238 2691 1316 2758 Deo
1343 2717 1351 2757 :
1373 2686 1529 2759 rubescit
1547 2686 1821 2760 ab'hominibus

204 2836 205 2839 ¹
227 2806 324 2895 sciri,
353 2805 452 2902 quod
476 2830 550 2878 non
567 2805 716 2878 erubuit
737 2830 861 2878 coram
884 2810 961 2877 Deo
986 2807 1176 2877 committi.
1206 2805 1277 2877 Sed
1302 2806 1364 2902 qui
1387 2806 1497 2905 plagae
1516 2807 1643 2904 qitaerit
1662 2808 1821 2880 medica-

227 2938 400 3015 mentum,
427 2938 761 3021 quantumcumquc
785 2926 863 3021 ipsa
889 2924 1046 3017 sordeat,
1070 2940 1401 3023 quantumcumque
1423 2927 1530 3013 oleat,
1555 2925 1821 2997 medicoreve·

225 3043 332 3116 landa
350 3059 423 3130 est,
444 3060 484 3115 ut
500 3059 709 3142 competens
731 3043 947 3116 adhibeatur
963 3046 1114 3117 curatio.
1134 3043 1262 3116 Medici
1276 3069 1364 3117 vcro
1382 3044 1504 3117 locum
1523 3043 1690 3117 sacerdos
1707 3061 1815 3130 tenet,

226 3187 245 3233 a
263 3187 350 3258 quo,
370 3177 410 3233 ut
426 3162 595 3248 diximus,
613 3160 831 3236 instituenda
848 3177 902 3233 est
918 3162 1119 3235 satisfactio.

850 3496 1030 3586 CAPUT
1064 3497 1190 3585 llllll.

639 3711 725 3786 Quod
753 3730 961 3789 nonnunquam
988 3712 1132 3770 confessio
1159 3707 1264 3767 dimitti
1290 3721 1393 3790 potest.

273 3895 464 3967 Sciendum
493 3910 632 3986 tamen,
662 3921 736 3967 non
762 3920 949 3992 nunquam
975 3894 1107 3967 salubri
1135 3895 1399 3992 dispensatione
1427 3879 1687 3966 confessionem
1715 3897 1815 3968 vitari

223 4039 341 4111 posse,
355 4017 446 4088 sicut
461 4014 506 4086 de
524 4019 629 4086 Petro
648 4014 839 4102 credimus,
854 4015 954 4112 cujus
973 4014 1172 4112 lachrymas
1188 4014 1234 4085 de
1246 4014 1436 4109 negatione
1448 4037 1513 4085 sua
1527 4014 1707 4103 novimus,
1718 4016 1816 4087 satis-

223 4136 411 4206 factionem
433 4159 519 4207 vero
539 4134 658 4224 aliam,
685 4136 741 4206 vel
758 4134 1019 4206 confessionem
1038 4159 1112 4206 non
1130 4134 1292 4232 legimus.
1310 4132 1415 4204 Unde
1432 4147 1467 4204 et
1485 4131 1691 4206 Ambrosius
1709 4123 1816 4234 super

222 4258 354 4325 Lucam
371 4253 501 4325 dehac
522 4256 598 4352 ipsa
617 4255 708 4324 Petri
727 4256 916 4349 negatione
935 4280 977 4328 ac
995 4255 1078 4327 fletu
1098 4254 1175 4349 ejus
1198 4282 1208 4324 t
1232 4285 1251 4320 r
1271 4257 1351 4325 Non
1368 4253 1531 4345 invenio,
1559 4253 1697 4349 inquit,
1723 4245 1811 4350 quid

221 4372 368 4465 dixerit,
395 4373 540 4444 invenio
563 4372 663 4469 quod
690 4374 826 4445 fleverit
846 4374 1073 4470 :lachrymas
1097 4374 1174 4468 ejus
1195 4374 1289 4469 leg0,
1317 4372 1594 4445 satisfactionem
1619 4396 1693 4443 non
1718 4372 1811 4468 lege.

221 4497 353 4562 Levant
371 4481 562 4589 lachrymae
577 4492 745 4563 delictum
761 4493 861 4590 quod
879 4518 969 4565 voce
977 4494 1097 4591 pudor
1112 4508 1165 4565 est
1181 4489 1363 4580 confiteri,
1381 4505 1418 4562 et
1431 4492 1544 4562 veniae
1561 4491 1666 4563 fletus
1682 4499 1814 4566 consu·

219 4612 297 4682 lunt
315 4625 351 4682 et
367 4612 606 4705 verecuntliae3
627 4613 818 4711 lachrymae
839 4614 916 4686 sinc
931 4615 1084 4685 horrore
1109 4613 1252 4711 culpam
1279 4599 1490 4708 loquuntur,
1506 4611 1592 4684 'sine
1616 4610 1815 4686 offensione

218 4731 443 4802 verecundia
457 4731 691 4820 confitentum
707 4734 897 4832 lachrymae
911 4736 1051 4805 veniam
1070 4757 1145 4804 non
1159 4730 1356 4831 postulant,
1374 4728 1437 4801 sed
1452 4719 1649 4806 merentur.
1667 4736 1814 4803 lnvenio

219 4874 283 4921 cur
299 4851 448 4922 tacuerit
466 4856 604 4941 Petrus,
619 4878 664 4924 ne
682 4855 815 4926 scilicet
825 4869 899 4926 tarn
908 4855 980 4924 cito
997 4852 1109 4925 reniae
1126 4851 1251 4948 petitio
1267 4848 1349 4946 plus
1366 4848 1575 4920 offenderet.
1597 4879 1614 4914 ›·
1625 4852 1714 4935 Quae
1728 4873 1815 4922 vero

249 5109 253 5136 ¹
268 5107 381 5158 cortou.
394 5107 425 5166 ll.
436 5123 491 5173 cap.
502 5123 530 5170 u,
545 5124 568 5162 r.
582 5113 621 5163 ll.

335 5219 359 5255 u
