4559 6100
466 533 539 608 384
1073 529 1201 602 PETRI
1227 528 1460 656 pBAELARDl

467 680 594 754 orbem
611 694 800 773 terrarum,
816 693 885 752 etc.
903 708 920 746 »
940 681 1054 777 Atque
1069 679 1160 753 illud
1178 680 1411 753 Psalmistae¹z
1433 685 1451 749 e
1465 677 1596 780 Spiritu
1621 679 1694 752 oris
1715 678 1793 776 ejus
1815 678 1938 760 omnis,
1953 678 2065 751 virtus

467 826 608 878 eorum.
632 831 650 868 »

515 923 757 1017 Hieronymus
779 923 816 992 in
847 919 1006 1020 Epistola
1038 920 1134 993 Pauli
1154 920 1206 991 ad
1228 921 1398 1018 Ephesius
1419 919 1484 992 lib.
1508 924 1538 991 ll
1566 920 1820 992 :uDiversitas
1839 932 1960 991 autern
1990 943 2066 989 om·

468 1044 570 1115 nium
596 1042 633 1113 in
662 1041 794 1140 quibus
818 1041 948 1114 dicitur
972 1065 1065 1113 unus
1085 1045 1182 1114 Deus
1203 1054 1239 1112 et
1264 1046 1367 1114 Pater
1387 1041 1566 1131 omnium,
1591 1039 1651 1138 qui
1669 1064 1777 1138 super
1801 1039 1923 1112 omnia
1946 1053 1981 1111 et
2002 1063 2067 1138 per

468 1186 596 1238 omues
615 1174 650 1232 et
668 1162 704 1232 in
722 1161 890 1233 omnibus
906 1161 1087 1234 diversam
1107 1160 1375 1258 intelligentiam
1392 1162 1495 1259 sapit.
1515 1163 1630 1258 Super
1649 1160 1770 1231 omnia
1787 1174 1840 1232 est
1855 1160 1953 1231 enirn
1970 1163 2066 1231 Deus

468 1286 585 1371 Pater,
602 1281 665 1379 qui
683 1295 810 1353 auctor
828 1294 881 1353 est
900 1282 1065 1354 omnium
1084 1308 1092 1351 ε
1116 1306 1181 1380 per
1198 1305 1325 1353 omnes
1346 1282 1453 1353 Filius
1469 1281 1531 1378 qui
1554 1293 1685 1353 cuncta
1702 1281 1924 1369 transcurrit,
1944 1278 2066 1350 vadit-

469 1427 540 1500 que
565 1426 630 1499 per
655 1398 780 1472 omnia
798 1401 834 1471 in
852 1400 1023 1473 omnibns
1044 1401 1195 1500 Spiritus
1218 1415 1375 1491 sanctus,
1401 1415 1437 1472 et
1461 1397 1549 1472 nibil
1571 1399 1706 1497 absque
1724 1423 1768 1471 eo
1794 1414 1858 1471 est.
1881 1395 1964 1470 Tale
1979 1395 2067 1495 quid

469 1522 515 1594 de
532 1521 702 1593 creaturis
722 1535 758 1592 et
774 1525 851 1592 Deo
868 1522 975 1594 etiarn
994 1525 1098 1592 Xeno
1116 1545 1200 1593 curn
1224 1521 1352 1594 Stoicis
1370 1522 1582 1619 suspicatur,
1604 1543 1713 1617 quem
1729 1533 1869 1592 secutus
1886 1517 2064 1614 Virgilius,

471 1671 489 1709 α
511 1645 629 1713 Deum
644 1664 802 1737 namque
819 1640 870 1713 ire
887 1665 951 1739 per
968 1665 1095 1713 ornnes
1111 1655 1295 1740 terrasque
1312 1654 1517 1739 tractusque
1534 1642 1655 1730 maris,
1668 1671 1685 1706 u
1705 1655 1740 1712 et
1757 1638 1905 1736 reliqua.
1926 1642 1988 1709 Et¹
2007 1665 2015 1708 :

624 1877 628 1884 .
691 1822 853 1912 Principio
870 1822 985 1887 coelum
1002 1839 1034 1889 et
1048 1839 1147 1888 terras
1161 1846 1353 1914 camposque
1370 1824 1539 1912 liquentes,

690 1930 926 2018 Lucentemque
941 1928 1074 2019 globum
1088 1929 1194 2013 lunae,
1209 1932 1398 2020 Titaniaque
1411 1947 1510 2012 astra,

692 2035 824 2125 Spiritus
839 2038 924 2101 intus
940 2037 1013 2120 alit,
1031 2053 1195 2126 totamque
1210 2038 1313 2103 infusa
1327 2062 1385 2129 per
1401 2055 1487 2104 artus

694 2142 788 2208 Meus
803 2144 901 2235 agitat
914 2144 1049 2229 molem,
1068 2161 1101 2210 et
1116 2169 1235 2235 magno
1251 2169 1284 2212 se
1300 2169 1434 2236 corpore
1451 2147 1594 2212 miscet.»

520 2316 628 2407 Quod
650 2342 738 2390 vero
755 2332 873 2390 totum
891 2317 1070 2392 mundum
1093 2345 1208 2392 unum
1231 2321 1364 2393 animal
1384 2319 1484 2392 Plato
1501 2318 1600 2412 dicit,
1625 2317 1817 2391 maximam
1834 2316 2069 2390 concordiam

471 2442 719 2513 universorum
743 2439 810 2510 Dei
837 2464 988 2537 operum
1015 2438 1251 2531 demonstrat,
1280 2438 1382 2538 quasi
1408 2437 1633 2510 diversorum
1659 2435 1908 2509 membrorum
1931 2438 1969 2509 in
1996 2462 2068 2509 uno

470 2584 624 2659 corpore
649 2557 833 2651 animalis,
863 2559 993 2656 quibus
1014 2559 1184 2631 omnibus
1207 2584 1278 2631 una
1303 2572 1429 2658 praeest
1456 2559 1588 2650 anima,
1616 2558 1763 2655 singulis
1791 2570 1868 2629 tota
1893 2581 2068 2655 praesens,

470 2680 557 2752 etin
572 2678 721 2750 diversis
737 2701 808 2748 uua
823 2692 859 2748 et
875 2678 1002 2751 eadem
1017 2704 1172 2777 operans
1186 2678 1340 2751 diversa.
1359 2678 1417 2748 Sic
1431 2691 1466 2749 et
1479 2678 1671 2777 Apostolus
1682 2703 1765 2750 cum
1781 2679 1890 2750 totius
1906 2676 2070 2749 Ecclesiae

470 2796 705 2870 concordiam
728 2798 973 2894 unitatemque
996 2797 1232 2887 demonstrat,
1257 2822 1337 2870 eam
1361 2821 1477 2868 unum
1503 2822 1634 2897 corpus
1656 2797 1787 2870 Christi
1812 2797 1977 2895 appellat,
2004 2820 2071 2895 per

470 2914 649 3014 quosdam
676 2939 790 2986 nexus
815 2929 850 2987 et
872 2919 1104 3016 compagines
1130 2916 1214 2989 fidei
1242 2931 1278 2989 et
1300 2917 1456 2989 caritatis
1483 2941 1525 2988 er
1549 2917 1698 2990 diversis
1725 2915 1890 2987 fidelibus
1915 2916 2070 3012 conjun-

354 3033 360 3055 '
471 3052 584 3129 ctum,
604 3036 653 3109 ita
678 3034 746 3108 sibi
763 3036 918 3110 invicem
935 3036 1171 3111 servientibus
1189 3037 1242 3111 vel
1260 3037 1606 3126 administrantibus,
1626 3037 1726 3136 quasi
1743 3037 1884 3110 diversa
1907 3034 2072 3108 membra

472 3159 509 3229 in
529 3182 604 3247 uno
621 3181 788 3256 corpore,
807 3182 850 3229 ex
866 3158 1000 3257 quibus
1016 3161 1169 3232 alterum
1186 3160 1331 3231 alterius
1352 3172 1432 3256 eget
1448 3158 1638 3257 obsequio.
1657 3159 1748 3230 Huic
1765 3172 1802 3229 et
1821 3155 2009 3229 involucro
2026 3155 2071 3228 de

471 3279 652 3378 positione
675 3278 808 3350 scilicet
828 3279 955 3351 animae
972 3280 1009 3351 in
1029 3279 1150 3353 medio
1173 3279 1300 3351 mundi
1321 3280 1458 3369 locata,
1477 3279 1548 3352 hoc
1570 3294 1624 3351 est
1647 3278 1693 3352 de
1710 3276 1833 3349 divina
1856 3277 1968 3374 gratia
1992 3300 2071 3347 om·

472 3399 579 3472 uibus
597 3400 838 3471 communiter
859 3400 993 3492 oblata,
1020 3401 1096 3499 ipsa
1122 3402 1231 3472 etiam
1256 3399 1378 3471 divina
1404 3398 1496 3471 laeta
1520 3399 1703 3472 manifeste
1724 3396 1962 3485 concordant,
1988 3420 2070 3467 cum

473 3518 641 3592 videlicet
667 3518 870 3592 doctrinam
891 3546 993 3594 suam
1016 3537 1053 3593 et
1072 3546 1162 3592 verae
1187 3518 1368 3617 religionis
1390 3517 1528 3592 cultum
1550 3533 1811 3619 propagaturus
1833 3516 2011 3588 Dominus
2032 3515 2068 3585 in

473 3640 626 3729 mundo,
645 3637 839 3710 Jerusalem
856 3663 934 3736 quae
955 3641 991 3710 iu
1014 3639 1135 3712 medio
1158 3654 1258 3711 terrae
1274 3652 1340 3726 est,
1369 3635 1486 3734 elegit,
1517 3663 1627 3737 quarn
1648 3637 1751 3736 quasi
1767 3650 1876 3737 caput
1901 3636 2002 3729 regni
2018 3633 2071 3705 sui

470 3758 667 3847 coustituit,
692 3757 729 3828 in
754 3782 826 3854 qua
843 3759 1001 3855 primum
1026 3757 1073 3830 ad
1090 3758 1392 3855 magnificandum
1410 3758 1548 3831 cultum
1571 3784 1677 3831 suum
1699 3756 1868 3831 aedificari
1888 3755 1956 3828 sibi
1981 3769 2071 3827 tem·

471 3877 573 3975 plum
594 3876 696 3971 quasi
723 3874 839 3971 regale
862 3877 1036 3975 palatium
1059 3876 1193 3969 voluit,
1220 3878 1283 3952 ubi
1308 3885 1417 3959 etiarn
1443 3880 1661 3953 uberrimam
1685 3878 1837 3977 Spiritus
1860 3876 1974 3949 sancti
1992 3897 2071 3970 gra·

470 3996 558 4067 tiam
586 3993 760 4093 apostolis
785 3994 938 4085 inludit,
969 4020 1044 4093 qua
1073 4022 1139 4096 per
1166 4023 1229 4072 ecs
1266 4016 1363 4077 totus
1389 4000 1620 4104 spiritualiter
1645 4011 1867 4096 vegetaretur
1897 3993 2068 4067 mundus.

473 4112 578 4187 Unde
606 4114 780 4212 scriptum
799 4118 868 4187 est⁸
888 4142 896 4185 :
920 4120 1049 4188 «Deus
1073 4132 1192 4191 autem
1218 4144 1279 4194 rex
1300 4138 1423 4197 noster
1448 4134 1617 4219 operatus
1639 4133 1691 4190 est
1717 4119 1868 4190 salutem
1890 4116 1928 4187 in
1951 4113 2071 4185 medio

473 4249 586 4307 terrae.
608 4264 626 4301 a
657 4239 701 4306 Et
726 4240 894 4306 rursus‘:
917 4242 999 4310 «De
1024 4239 1109 4311 Sion
1136 4241 1245 4312 exibit
1266 4241 1323 4314 lex
1346 4257 1382 4314 et
1406 4240 1558 4315 verbum
1582 4238 1730 4311 Domini
1757 4237 1803 4309 de
1831 4233 2070 4308 Jerusalem.»

473 4354 632 4427 Medium
652 4368 774 4427 autem
795 4355 974 4427 mundum
996 4370 1031 4428 et
1054 4360 1156 4455 quasi
1176 4357 1385 4433 umbilicum
1410 4376 1511 4433 terrae
1532 4383 1639 4457 super
1655 4357 1754 4429 illurn
1779 4353 1969 4428 Ezechielis
1985 4375 2071 4451 pro·

474 4472 591 4573 phetae
618 4473 739 4546 locum
769 4499 842 4571 quo
868 4476 1040 4575 scriptum
1065 4481 1149 4561 θεῖ’,
1182 4482 1296 4551 «Haec
1321 4478 1410 4552 dicit
1434 4479 1645 4551 Dominus:
1677 4480 1746 4548 lsta
1772 4489 1826 4548 cst
1851 4468 2069 4558 Jerusalem,

411 4692 421 4701 ἢ
475 4595 512 4664 in
534 4594 657 4665 medio
676 4594 835 4692 gentium
860 4598 965 4694 posui
991 4622 1071 4670 earn
1094 4611 1128 4668 et
1147 4598 1184 4668 in
1206 4598 1355 4672 circuitu
1373 4600 1449 4697 ejus
1470 4614 1594 4689 terras,
1612 4626 1630 4665 u
1649 4597 1890 4693 Hieronymus
1911 4592 2072 4692 ascripsit

470 4710 528 4784 his
552 4712 688 4784 verbis⁰
709 4740 716 4783 :
739 4742 756 4782 u
772 4716 968 4787 Jerusalem
989 4716 1027 4786 in
1055 4713 1176 4787 medio
1207 4718 1333 4791 mundi
1358 4720 1464 4792 sitam
1492 4718 1552 4791 hic
1576 4717 1673 4789 idem
1695 4714 1876 4815 propheta
1900 4726 2070 4799 testatur,

473 4831 688 4907 umbilicum
703 4848 805 4906 terrae
828 4858 908 4908 eam
933 4859 1008 4908 esse
1028 4835 1293 4912 demonstrans.
1323 4845 1368 4912 Et
1390 4839 1575 4913 Psalmista
1599 4838 1803 4938 exprimens
1824 4835 1971 4908 Domini
1996 4856 2074 4930 pas

504 5075 621 5128 'Ptalm
633 5090 710 5138 mu.
722 5090 745 5129 r.
760 5078 785 5130 6.
798 5078 846 5116 -2
858 5075 955 5139 vicen,
972 5076 1082 5141 Μὰ,
1095 5076 1137 5141 tu,
1150 5092 1173 5130 r.
1183 5083 1228 5134 tat
1239 5087 1265 5132 ct
1284 5094 1323 5146 sq.
1335 5106 1365 5120 —
1376 5083 1387 5116 ³
1397 5081 1497 5134 Pactu.
1511 5094 1604 5145 usur,
1616 5095 1639 5135 r.
1654 5082 1692 5134 ta.
1706 5106 1738 5122 ·-
1748 5078 1837 5141 ⁴121..
1850 5091 1906 5141 cap.
1918 5090 1947 5141 u,
1960 5090 1983 5128 r.
2000 5080 2025 5130 8.
2043 5100 2074 5113 -

409 5228 413 5235 ,
468 5152 1132 5227 Phaet-‚eunct-⁸opp.,t.ur,eor.us.
1176 5144 1186 5173 '
