<?xml version="1.0" encoding="UTF-8"?>
<!DOCTYPE html PUBLIC "-//W3C//DTD XHTML 1.0 Transitional//EN"
    "http://www.w3.org/TR/xhtml1/DTD/xhtml1-transitional.dtd">
<html xmlns="http://www.w3.org/1999/xhtml" xml:lang="en" lang="en">
 <head>
  <title>
</title>
<meta http-equiv="Content-Type" content="text/html;charset=utf-8" />
  <meta name='ocr-system' content='tesseract 3.04.00' />
  <meta name='ocr-capabilities' content='ocr_page ocr_carea ocr_par ocr_line ocrx_word'/>
</head>
<body>
  <div class='ocr_page' id='page_1' title='image "./petriablardiope00despgoog_0484.png"; bbox 0 0 4559 6100; ppageno 0'>
   <div class='ocr_carea' id='block_1_1' title="bbox 472 522 1464 606">
    <p class='ocr_par' dir='ltr' id='par_1_1' title="bbox 472 522 1464 606">
     <span class='ocr_line' id='line_1_1' title="bbox 472 522 1464 606; baseline 0.001 -12"><span class='ocrx_word' id='word_1_1' title='bbox 472 532 546 606; x_wconf 65' lang='lat'><strong>44⁸2</strong></span> <span class='ocrx_word' id='word_1_2' title='bbox 1074 523 1203 596; x_wconf 84' lang='lat' dir='ltr'><strong>PETRl</strong></span> <span class='ocrx_word' id='word_1_3' title='bbox 1230 522 1464 597; x_wconf 72' lang='lat' dir='ltr'><strong>tumtunm</strong></span> 
     </span>
    </p>
   </div>
   <div class='ocr_carea' id='block_1_2' title="bbox 474 672 2071 4961">
    <p class='ocr_par' dir='ltr' id='par_1_2' title="bbox 474 672 2071 4961">
     <span class='ocr_line' id='line_1_2' title="bbox 474 672 2066 781; baseline -0.003 -27"><span class='ocrx_word' id='word_1_4' title='bbox 474 705 621 781; x_wconf 91' lang='lat' dir='ltr'><strong>quoque</strong></span> <span class='ocrx_word' id='word_1_5' title='bbox 638 678 858 777; x_wconf 88' lang='lat' dir='ltr'><strong>disciplinas,</strong></span> <span class='ocrx_word' id='word_1_6' title='bbox 880 700 960 774; x_wconf 83' lang='lat' dir='ltr'><strong>quae</strong></span> <span class='ocrx_word' id='word_1_7' title='bbox 975 674 1069 748; x_wconf 90' lang='lat' dir='ltr'><strong>inter</strong></span> <span class='ocrx_word' id='word_1_8' title='bbox 1089 672 1246 747; x_wconf 85' lang='lat' dir='ltr'><strong>maxima</strong></span> <span class='ocrx_word' id='word_1_9' title='bbox 1263 672 1361 746; x_wconf 88' lang='lat' dir='ltr'><strong>dona</strong></span> <span class='ocrx_word' id='word_1_10' title='bbox 1385 674 1451 745; x_wconf 89' lang='lat' dir='ltr'><strong>Dei</strong></span> <span class='ocrx_word' id='word_1_11' title='bbox 1474 697 1616 772; x_wconf 83' lang='lat' dir='ltr'>semper</span> <span class='ocrx_word' id='word_1_12' title='bbox 1637 675 1674 746; x_wconf 83' lang='lat' dir='ltr'><strong>in</strong></span> <span class='ocrx_word' id='word_1_13' title='bbox 1695 675 1800 747; x_wconf 88' lang='lat' dir='ltr'><strong>terris</strong></span> <span class='ocrx_word' id='word_1_14' title='bbox 1817 674 2066 766; x_wconf 87' lang='lat' dir='ltr'><strong>effloruerunt,</strong></span> 
     </span>
     <span class='ocr_line' id='line_1_3' title="bbox 474 793 2071 895; baseline -0.004 -19"><span class='ocrx_word' id='word_1_15' title='bbox 474 814 660 877; x_wconf 80' lang='lat' dir='ltr'><strong>auctorem</strong></span> <span class='ocrx_word' id='word_1_16' title='bbox 684 823 791 872; x_wconf 92' lang='lat' dir='ltr'><strong>suum</strong></span> <span class='ocrx_word' id='word_1_17' title='bbox 817 812 924 895; x_wconf 86' lang='lat' dir='ltr'><strong>atque</strong></span> <span class='ocrx_word' id='word_1_18' title='bbox 949 794 1115 868; x_wconf 89' lang='lat' dir='ltr'><strong>omnium</strong></span> <span class='ocrx_word' id='word_1_19' title='bbox 1140 817 1215 865; x_wconf 93' lang='lat' dir='ltr'><strong>non</strong></span> <span class='ocrx_word' id='word_1_20' title='bbox 1233 817 1441 889; x_wconf 82' lang='lat' dir='ltr'>agnoscere,</span> <span class='ocrx_word' id='word_1_21' title='bbox 1466 806 1502 865; x_wconf 89' lang='lat' dir='ltr'><strong>et</strong></span> <span class='ocrx_word' id='word_1_22' title='bbox 1523 793 1556 865; x_wconf 92' lang='lat' dir='ltr'><strong>ei</strong></span> <span class='ocrx_word' id='word_1_23' title='bbox 1573 817 1719 892; x_wconf 89' lang='lat' dir='ltr'><strong>quoque</strong></span> <span class='ocrx_word' id='word_1_24' title='bbox 1741 795 1802 867; x_wconf 91' lang='lat' dir='ltr'><strong>cui</strong></span> <span class='ocrx_word' id='word_1_25' title='bbox 1820 794 2071 895; x_wconf 88' lang='lat' dir='ltr'><strong>obtemperant</strong></span> 
     </span>
     <span class='ocr_line' id='line_1_4' title="bbox 476 911 2066 1015; baseline -0.004 -20"><span class='ocrx_word' id='word_1_26' title='bbox 476 923 611 1015; x_wconf 88' lang='lat' dir='ltr'><strong>omnia,</strong></span> <span class='ocrx_word' id='word_1_27' title='bbox 640 945 715 993; x_wconf 91' lang='lat' dir='ltr'><strong>non</strong></span> <span class='ocrx_word' id='word_1_28' title='bbox 737 918 927 992; x_wconf 88' lang='lat' dir='ltr'><strong>deservire.</strong></span> <span class='ocrx_word' id='word_1_29' title='bbox 948 912 1162 989; x_wconf 76' lang='lat' dir='ltr'><strong>attendebat</strong></span> <span class='ocrx_word' id='word_1_30' title='bbox 1178 928 1214 988; x_wconf 87' lang='lat' dir='ltr'><strong>et</strong></span> <span class='ocrx_word' id='word_1_31' title='bbox 1227 911 1314 985; x_wconf 91' lang='lat' dir='ltr'><strong>illud</strong></span> <span class='ocrx_word' id='word_1_32' title='bbox 1333 911 1431 1009; x_wconf 91' lang='lat' dir='ltr'><strong>quod</strong></span> <span class='ocrx_word' id='word_1_33' title='bbox 1447 914 1484 985; x_wconf 89' lang='lat' dir='ltr'><strong>in</strong></span> <span class='ocrx_word' id='word_1_34' title='bbox 1508 913 1755 987; x_wconf 62' lang='lat' dir='ltr'><em>Ecclesiastico</em></span> <span class='ocrx_word' id='word_1_35' title='bbox 1779 915 1951 1014; x_wconf 90' lang='lat' dir='ltr'><strong>scriptum</strong></span> <span class='ocrx_word' id='word_1_36' title='bbox 1968 921 2066 989; x_wconf 85' lang='lat' dir='ltr'><strong>est¹:</strong></span> 
     </span>
     <span class='ocr_line' id='line_1_5' title="bbox 480 1032 2065 1140; baseline -0.002 -30"><span class='ocrx_word' id='word_1_37' title='bbox 480 1040 731 1140; x_wconf 74' lang='lat' dir='ltr'><strong>«Sapientiam</strong></span> <span class='ocrx_word' id='word_1_38' title='bbox 759 1038 923 1112; x_wconf 90' lang='lat' dir='ltr'><strong>omniurn</strong></span> <span class='ocrx_word' id='word_1_39' title='bbox 948 1035 1182 1133; x_wconf 89' lang='lat' dir='ltr'><strong>antiquorum</strong></span> <span class='ocrx_word' id='word_1_40' title='bbox 1208 1033 1370 1129; x_wconf 81' lang='lat' dir='ltr'><strong>exquiret</strong></span> <span class='ocrx_word' id='word_1_41' title='bbox 1395 1032 1549 1131; x_wconf 89' lang='lat' dir='ltr'><strong>sapiens,</strong></span> <span class='ocrx_word' id='word_1_42' title='bbox 1577 1048 1613 1106; x_wconf 91' lang='lat' dir='ltr'><strong>et</strong></span> <span class='ocrx_word' id='word_1_43' title='bbox 1640 1034 1677 1105; x_wconf 90' lang='lat' dir='ltr'><strong>in</strong></span> <span class='ocrx_word' id='word_1_44' title='bbox 1699 1035 1887 1133; x_wconf 88' lang='lat' dir='ltr'><strong>prophetis</strong></span> <span class='ocrx_word' id='word_1_45' title='bbox 1914 1034 2065 1109; x_wconf 82' lang='lat' dir='ltr'><strong>vacabit.</strong></span> 
     </span>
     <span class='ocr_line' id='line_1_6' title="bbox 477 1150 2068 1252; baseline -0.003 -19"><span class='ocrx_word' id='word_1_46' title='bbox 477 1159 727 1234; x_wconf 84' lang='lat' dir='ltr'><strong>Narrationem</strong></span> <span class='ocrx_word' id='word_1_47' title='bbox 746 1158 908 1230; x_wconf 88' lang='lat' dir='ltr'><strong>virorum</strong></span> <span class='ocrx_word' id='word_1_48' title='bbox 934 1154 1207 1226; x_wconf 87' lang='lat' dir='ltr'><strong>nominatorum</strong></span> <span class='ocrx_word' id='word_1_49' title='bbox 1233 1150 1477 1245; x_wconf 82' lang='lat' dir='ltr'><strong>conservabit,</strong></span> <span class='ocrx_word' id='word_1_50' title='bbox 1505 1166 1543 1224; x_wconf 88' lang='lat' dir='ltr'><strong>et</strong></span> <span class='ocrx_word' id='word_1_51' title='bbox 1566 1152 1603 1226; x_wconf 91' lang='lat' dir='ltr'><strong>iu</strong></span> <span class='ocrx_word' id='word_1_52' title='bbox 1620 1153 1793 1226; x_wconf 82' lang='lat' dir='ltr'><strong>versutias</strong></span> <span class='ocrx_word' id='word_1_53' title='bbox 1816 1152 2068 1252; x_wconf 84' lang='lat' dir='ltr'><strong>parabolarum</strong></span> 
     </span>
     <span class='ocr_line' id='line_1_7' title="bbox 477 1270 2068 1371; baseline -0.004 -17"><span class='ocrx_word' id='word_1_54' title='bbox 477 1278 584 1354; x_wconf 90' lang='lat' dir='ltr'><strong>simul</strong></span> <span class='ocrx_word' id='word_1_55' title='bbox 604 1276 781 1370; x_wconf 80' lang='lat' dir='ltr'><strong>introibit,</strong></span> <span class='ocrx_word' id='word_1_56' title='bbox 806 1274 948 1348; x_wconf 89' lang='lat' dir='ltr'><strong>occulta</strong></span> <span class='ocrx_word' id='word_1_57' title='bbox 963 1271 1241 1371; x_wconf 89' lang='lat' dir='ltr'><strong>proverbiorum</strong></span> <span class='ocrx_word' id='word_1_58' title='bbox 1265 1272 1440 1371; x_wconf 85' lang='lat' dir='ltr'><strong>exquiret,</strong></span> <span class='ocrx_word' id='word_1_59' title='bbox 1462 1285 1498 1344; x_wconf 90' lang='lat' dir='ltr'><strong>et</strong></span> <span class='ocrx_word' id='word_1_60' title='bbox 1521 1271 1559 1343; x_wconf 89' lang='lat' dir='ltr'><strong>in</strong></span> <span class='ocrx_word' id='word_1_61' title='bbox 1580 1270 1801 1346; x_wconf 85' lang='lat' dir='ltr'><strong>absconditis</strong></span> <span class='ocrx_word' id='word_1_62' title='bbox 1816 1272 2068 1371; x_wconf 77' lang='lat' dir='ltr'><strong>parabolarum</strong></span> 
     </span>
     <span class='ocr_line' id='line_1_8' title="bbox 478 1390 2071 1492; baseline -0.001 -21"><span class='ocrx_word' id='word_1_63' title='bbox 478 1397 796 1472; x_wconf 80' lang='lat' dir='ltr'><strong>conversabitur.»</strong></span> <span class='ocrx_word' id='word_1_64' title='bbox 815 1399 920 1466; x_wconf 81' lang='lat' dir='ltr'><strong>Juxta</strong></span> <span class='ocrx_word' id='word_1_65' title='bbox 951 1393 1053 1492; x_wconf 92' lang='lat' dir='ltr'><strong>quod</strong></span> <span class='ocrx_word' id='word_1_66' title='bbox 1079 1406 1116 1465; x_wconf 90' lang='lat' dir='ltr'><strong>et</strong></span> <span class='ocrx_word' id='word_1_67' title='bbox 1138 1392 1334 1483; x_wconf 82' lang='lat' dir='ltr'><strong>Salomon,</strong></span> <span class='ocrx_word' id='word_1_68' title='bbox 1359 1390 1481 1484; x_wconf 92' lang='lat' dir='ltr'><strong>beato,</strong></span> <span class='ocrx_word' id='word_1_69' title='bbox 1500 1404 1541 1462; x_wconf 93' lang='lat' dir='ltr'><strong>ut</strong></span> <span class='ocrx_word' id='word_1_70' title='bbox 1567 1416 1677 1491; x_wconf 90' lang='lat' dir='ltr'><strong>supra</strong></span> <span class='ocrx_word' id='word_1_71' title='bbox 1704 1393 1952 1487; x_wconf 87' lang='lat' dir='ltr'><strong>meminimus,</strong></span> <span class='ocrx_word' id='word_1_72' title='bbox 1984 1409 2071 1470; x_wconf 85' lang='lat' dir='ltr'><strong>atte-</strong></span> 
     </span>
     <span class='ocr_line' id='line_1_9' title="bbox 479 1509 2070 1613; baseline -0.003 -22"><span class='ocrx_word' id='word_1_73' title='bbox 479 1532 594 1591; x_wconf 84' lang='lat' dir='ltr'><strong>stante</strong></span> <span class='ocrx_word' id='word_1_74' title='bbox 619 1517 853 1613; x_wconf 84' lang='lat' dir='ltr'><strong>Hieronymo,</strong></span> <span class='ocrx_word' id='word_1_75' title='bbox 882 1516 920 1586; x_wconf 92' lang='lat' dir='ltr'><strong>in</strong></span> <span class='ocrx_word' id='word_1_76' title='bbox 943 1515 1023 1612; x_wconf 86' lang='lat' dir='ltr'><strong>ipso</strong></span> <span class='ocrx_word' id='word_1_77' title='bbox 1040 1512 1162 1585; x_wconf 88' lang='lat' dir='ltr'><strong>statim</strong></span> <span class='ocrx_word' id='word_1_78' title='bbox 1180 1509 1451 1600; x_wconf 75' lang='lat' dir='ltr'><strong>Proverbiorum</strong></span> <span class='ocrx_word' id='word_1_79' title='bbox 1468 1509 1617 1584; x_wconf 87' lang='lat' dir='ltr'><strong>exordio</strong></span> <span class='ocrx_word' id='word_1_80' title='bbox 1640 1526 1865 1603; x_wconf 90' lang='lat' dir='ltr'><strong>commonet,</strong></span> <span class='ocrx_word' id='word_1_81' title='bbox 1886 1526 1925 1585; x_wconf 90' lang='lat' dir='ltr'><strong>ut</strong></span> <span class='ocrx_word' id='word_1_82' title='bbox 1941 1514 2070 1587; x_wconf 88' lang='lat' dir='ltr'><strong>intelli·</strong></span> 
     </span>
     <span class='ocr_line' id='line_1_10' title="bbox 478 1629 2069 1735; baseline -0.002 -25"><span class='ocrx_word' id='word_1_83' title='bbox 478 1660 602 1735; x_wconf 89' lang='lat' dir='ltr'><strong>gamus</strong></span> <span class='ocrx_word' id='word_1_84' title='bbox 628 1659 814 1708; x_wconf 85' lang='lat' dir='ltr'><strong>sermones</strong></span> <span class='ocrx_word' id='word_1_85' title='bbox 844 1632 1057 1732; x_wconf 76' lang='lat' dir='ltr'><strong>prudentiae,</strong></span> <span class='ocrx_word' id='word_1_86' title='bbox 1087 1631 1332 1729; x_wconf 86' lang='lat' dir='ltr'><strong>versutiasque</strong></span> <span class='ocrx_word' id='word_1_87' title='bbox 1355 1629 1570 1723; x_wconf 89' lang='lat' dir='ltr'><strong>verborum,</strong></span> <span class='ocrx_word' id='word_1_88' title='bbox 1599 1630 1787 1729; x_wconf 84' lang='lat' dir='ltr'><strong>parabolas</strong></span> <span class='ocrx_word' id='word_1_89' title='bbox 1814 1646 1849 1705; x_wconf 90' lang='lat' dir='ltr'><strong>et</strong></span> <span class='ocrx_word' id='word_1_90' title='bbox 1874 1630 2069 1707; x_wconf 89' lang='lat' dir='ltr'><strong>obscurum</strong></span> 
     </span>
     <span class='ocr_line' id='line_1_11' title="bbox 478 1750 2069 1853; baseline -0.002 -22"><span class='ocrx_word' id='word_1_91' title='bbox 478 1781 696 1846; x_wconf 83' lang='lat' dir='ltr'><strong>sermonem,</strong></span> <span class='ocrx_word' id='word_1_92' title='bbox 721 1754 817 1828; x_wconf 84' lang='lat' dir='ltr'><strong>dicta</strong></span> <span class='ocrx_word' id='word_1_93' title='bbox 843 1753 1072 1853; x_wconf 87' lang='lat' dir='ltr'><strong>sapientium,</strong></span> <span class='ocrx_word' id='word_1_94' title='bbox 1098 1765 1135 1825; x_wconf 89' lang='lat' dir='ltr'><strong>ct</strong></span> <span class='ocrx_word' id='word_1_95' title='bbox 1162 1750 1369 1847; x_wconf 71' lang='lat' dir='ltr'><strong>aenigmata,</strong></span> <span class='ocrx_word' id='word_1_96' title='bbox 1396 1752 1542 1849; x_wconf 89' lang='lat' dir='ltr'><strong>quippe,</strong></span> <span class='ocrx_word' id='word_1_97' title='bbox 1575 1750 1693 1850; x_wconf 91' lang='lat' dir='ltr'><strong>inquit</strong></span> <span class='ocrx_word' id='word_1_98' title='bbox 1718 1751 1971 1850; x_wconf 84' lang='lat' dir='ltr'><strong>Hieronymus,</strong></span> <span class='ocrx_word' id='word_1_99' title='bbox 1996 1753 2069 1828; x_wconf 85' lang='lat' dir='ltr'><strong>dia·</strong></span> 
     </span>
     <span class='ocr_line' id='line_1_12' title="bbox 477 1869 2069 1974; baseline -0.001 -24"><span class='ocrx_word' id='word_1_100' title='bbox 477 1877 687 1952; x_wconf 90' lang='lat' dir='ltr'><strong>lecticorum</strong></span> <span class='ocrx_word' id='word_1_101' title='bbox 719 1890 755 1948; x_wconf 91' lang='lat' dir='ltr'><strong>et</strong></span> <span class='ocrx_word' id='word_1_102' title='bbox 782 1873 1085 1974; x_wconf 91' lang='lat' dir='ltr'><strong>philosophorum</strong></span> <span class='ocrx_word' id='word_1_103' title='bbox 1111 1885 1216 1962; x_wconf 72' lang='lat' dir='ltr'><strong>sunt,</strong></span> <span class='ocrx_word' id='word_1_104' title='bbox 1247 1869 1345 1943; x_wconf 89' lang='lat' dir='ltr'><strong>uude</strong></span> <span class='ocrx_word' id='word_1_105' title='bbox 1374 1884 1411 1943; x_wconf 90' lang='lat' dir='ltr'><strong>et</strong></span> <span class='ocrx_word' id='word_1_106' title='bbox 1435 1894 1458 1943; x_wconf 89' lang='lat' dir='ltr'><strong>a</strong></span> <span class='ocrx_word' id='word_1_107' title='bbox 1484 1871 1615 1944; x_wconf 88' lang='lat' dir='ltr'><strong>sanctis</strong></span> <span class='ocrx_word' id='word_1_108' title='bbox 1643 1871 1878 1970; x_wconf 90' lang='lat' dir='ltr'><strong>postmodum</strong></span> <span class='ocrx_word' id='word_1_109' title='bbox 1908 1874 2069 1972; x_wconf 82' lang='lat' dir='ltr'><strong>putribus</strong></span> 
     </span>
     <span class='ocr_line' id='line_1_13' title="bbox 477 1989 2067 2092; baseline -0.001 -22"><span class='ocrx_word' id='word_1_110' title='bbox 477 2021 553 2070; x_wconf 92' lang='lat' dir='ltr'><strong>non</strong></span> <span class='ocrx_word' id='word_1_111' title='bbox 581 1997 777 2092; x_wconf 79' lang='lat' dir='ltr'><strong>incongrue</strong></span> <span class='ocrx_word' id='word_1_112' title='bbox 805 1993 1007 2066; x_wconf 88' lang='lat' dir='ltr'><strong>liberalium</strong></span> <span class='ocrx_word' id='word_1_113' title='bbox 1036 1993 1166 2065; x_wconf 89' lang='lat' dir='ltr'><strong>artium</strong></span> <span class='ocrx_word' id='word_1_114' title='bbox 1190 1989 1327 2084; x_wconf 89' lang='lat' dir='ltr'><strong>studia,</strong></span> <span class='ocrx_word' id='word_1_115' title='bbox 1357 2005 1542 2089; x_wconf 88' lang='lat' dir='ltr'><strong>tamquam</strong></span> <span class='ocrx_word' id='word_1_116' title='bbox 1570 2015 1680 2070; x_wconf 77' lang='lat' dir='ltr'><strong>sacrae</strong></span> <span class='ocrx_word' id='word_1_117' title='bbox 1705 1993 1843 2091; x_wconf 77' lang='lat' dir='ltr'><strong>paginae</strong></span> <span class='ocrx_word' id='word_1_118' title='bbox 1871 1993 2067 2070; x_wconf 88' lang='lat' dir='ltr'><strong>admodum</strong></span> 
     </span>
     <span class='ocr_line' id='line_1_14' title="bbox 476 2109 2070 2215; baseline -0.001 -26"><span class='ocrx_word' id='word_1_119' title='bbox 476 2117 688 2208; x_wconf 89' lang='lat' dir='ltr'><strong>necessaria,</strong></span> <span class='ocrx_word' id='word_1_120' title='bbox 706 2114 902 2215; x_wconf 90' lang='lat' dir='ltr'><strong>plurimum</strong></span> <span class='ocrx_word' id='word_1_121' title='bbox 918 2109 1233 2202; x_wconf 85' lang='lat' dir='ltr'><strong>commendantur,</strong></span> <span class='ocrx_word' id='word_1_122' title='bbox 1252 2135 1337 2183; x_wconf 92' lang='lat' dir='ltr'><strong>cum</strong></span> <span class='ocrx_word' id='word_1_123' title='bbox 1353 2111 1505 2183; x_wconf 90' lang='lat' dir='ltr'><strong>omnino</strong></span> <span class='ocrx_word' id='word_1_124' title='bbox 1524 2111 1664 2210; x_wconf 87' lang='lat' dir='ltr'><strong>poetica</strong></span> <span class='ocrx_word' id='word_1_125' title='bbox 1682 2111 1852 2208; x_wconf 83' lang='lat' dir='ltr'><strong>figmenta</strong></span> <span class='ocrx_word' id='word_1_126' title='bbox 1870 2113 2070 2189; x_wconf 86' lang='lat' dir='ltr'><strong>christianis</strong></span> 
     </span>
     <span class='ocr_line' id='line_1_15' title="bbox 477 2229 2069 2330; baseline -0.001 -20"><span class='ocrx_word' id='word_1_127' title='bbox 477 2235 751 2327; x_wconf 86' lang='lat' dir='ltr'><strong>interdicantur,</strong></span> <span class='ocrx_word' id='word_1_128' title='bbox 780 2258 855 2306; x_wconf 91' lang='lat' dir='ltr'><strong>non</strong></span> <span class='ocrx_word' id='word_1_129' title='bbox 897 2234 1014 2306; x_wconf 90' lang='lat' dir='ltr'><strong>solum</strong></span> <span class='ocrx_word' id='word_1_130' title='bbox 1041 2232 1126 2328; x_wconf 90' lang='lat' dir='ltr'><strong>quia</strong></span> <span class='ocrx_word' id='word_1_131' title='bbox 1151 2229 1300 2303; x_wconf 86' lang='lat' dir='ltr'><strong>salsitate</strong></span> <span class='ocrx_word' id='word_1_132' title='bbox 1327 2231 1456 2304; x_wconf 83' lang='lat' dir='ltr'><strong>resarta</strong></span> <span class='ocrx_word' id='word_1_133' title='bbox 1479 2244 1584 2323; x_wconf 91' lang='lat' dir='ltr'><strong>sunt,</strong></span> <span class='ocrx_word' id='word_1_134' title='bbox 1609 2244 1646 2304; x_wconf 87' lang='lat' dir='ltr'><strong>et</strong></span> <span class='ocrx_word' id='word_1_135' title='bbox 1676 2256 1749 2304; x_wconf 76' lang='lat' dir='ltr'><strong>«os</strong></span> <span class='ocrx_word' id='word_1_136' title='bbox 1771 2231 1871 2330; x_wconf 92' lang='lat' dir='ltr'><strong>quod</strong></span> <span class='ocrx_word' id='word_1_137' title='bbox 1901 2237 2069 2309; x_wconf 87' lang='lat' dir='ltr'><strong>mentitur</strong></span> 
     </span>
     <span class='ocr_line' id='line_1_16' title="bbox 477 2349 2068 2449; baseline 0.001 -21"><span class='ocrx_word' id='word_1_138' title='bbox 477 2354 610 2428; x_wconf 91' lang='lat' dir='ltr'><strong>occidit</strong></span> <span class='ocrx_word' id='word_1_139' title='bbox 636 2356 866 2444; x_wconf 49' lang='lat' dir='ltr'><strong>animumn»</strong></span> <span class='ocrx_word' id='word_1_140' title='bbox 897 2376 1023 2424; x_wconf 92' lang='lat' dir='ltr'><strong>verum</strong></span> <span class='ocrx_word' id='word_1_141' title='bbox 1049 2351 1175 2439; x_wconf 88' lang='lat' dir='ltr'><strong>etiam,</strong></span> <span class='ocrx_word' id='word_1_142' title='bbox 1199 2349 1285 2447; x_wconf 90' lang='lat' dir='ltr'><strong>quia</strong></span> <span class='ocrx_word' id='word_1_143' title='bbox 1312 2350 1476 2423; x_wconf 88' lang='lat' dir='ltr'><strong>inanium</strong></span> <span class='ocrx_word' id='word_1_144' title='bbox 1492 2349 1694 2423; x_wconf 83' lang='lat' dir='ltr'><strong>fabularum</strong></span> <span class='ocrx_word' id='word_1_145' title='bbox 1720 2352 1996 2449; x_wconf 79' lang='lat' dir='ltr'><strong>cogitationibus</strong></span> <span class='ocrx_word' id='word_1_146' title='bbox 2022 2357 2068 2429; x_wconf 85' lang='lat' dir='ltr'><strong>ad</strong></span> 
     </span>
     <span class='ocr_line' id='line_1_17' title="bbox 477 2467 2069 2573; baseline 0.001 -26"><span class='ocrx_word' id='word_1_147' title='bbox 477 2473 652 2550; x_wconf 87' lang='lat' dir='ltr'><strong>desideria</strong></span> <span class='ocrx_word' id='word_1_148' title='bbox 676 2472 940 2573; x_wconf 89' lang='lat' dir='ltr'><strong>turpitudinum</strong></span> <span class='ocrx_word' id='word_1_149' title='bbox 958 2493 1038 2569; x_wconf 76' lang='lat' dir='ltr'><strong>quae</strong></span> <span class='ocrx_word' id='word_1_150' title='bbox 1054 2468 1209 2565; x_wconf 84' lang='lat' dir='ltr'><strong>fingunt,</strong></span> <span class='ocrx_word' id='word_1_151' title='bbox 1232 2467 1394 2542; x_wconf 88' lang='lat' dir='ltr'><strong>alliciunt</strong></span> <span class='ocrx_word' id='word_1_152' title='bbox 1409 2469 1587 2562; x_wconf 90' lang='lat' dir='ltr'><strong>animum,</strong></span> <span class='ocrx_word' id='word_1_153' title='bbox 1612 2483 1721 2568; x_wconf 90' lang='lat' dir='ltr'><strong>atque</strong></span> <span class='ocrx_word' id='word_1_154' title='bbox 1738 2494 1759 2544; x_wconf 89' lang='lat' dir='ltr'><strong>a</strong></span> <span class='ocrx_word' id='word_1_155' title='bbox 1776 2495 1884 2545; x_wconf 73' lang='lat' dir='ltr'><strong>sacrae</strong></span> <span class='ocrx_word' id='word_1_156' title='bbox 1907 2472 2069 2548; x_wconf 89' lang='lat' dir='ltr'><strong>lectionis</strong></span> 
     </span>
     <span class='ocr_line' id='line_1_18' title="bbox 476 2587 2068 2687; baseline 0.001 -22"><span class='ocrx_word' id='word_1_157' title='bbox 476 2591 709 2668; x_wconf 88' lang='lat' dir='ltr'><strong>meditatione</strong></span> <span class='ocrx_word' id='word_1_158' title='bbox 722 2616 791 2664; x_wconf 89' lang='lat' dir='ltr'><strong>nos</strong></span> <span class='ocrx_word' id='word_1_159' title='bbox 809 2590 1009 2663; x_wconf 89' lang='lat' dir='ltr'><strong>abducunt.</strong></span> <span class='ocrx_word' id='word_1_160' title='bbox 1029 2592 1082 2661; x_wconf 90' lang='lat' dir='ltr'><strong>Dc</strong></span> <span class='ocrx_word' id='word_1_161' title='bbox 1100 2587 1260 2685; x_wconf 88' lang='lat' dir='ltr'><strong>utrisque</strong></span> <span class='ocrx_word' id='word_1_162' title='bbox 1276 2602 1396 2660; x_wconf 90' lang='lat' dir='ltr'><strong>autem</strong></span> <span class='ocrx_word' id='word_1_163' title='bbox 1413 2588 1449 2659; x_wconf 92' lang='lat' dir='ltr'><strong>in</strong></span> <span class='ocrx_word' id='word_1_164' title='bbox 1468 2602 1613 2687; x_wconf 92' lang='lat' dir='ltr'><strong>promtu</strong></span> <span class='ocrx_word' id='word_1_165' title='bbox 1634 2603 1720 2662; x_wconf 92' lang='lat' dir='ltr'><strong>sunt</strong></span> <span class='ocrx_word' id='word_1_166' title='bbox 1734 2590 1840 2664; x_wconf 88' lang='lat' dir='ltr'><strong>nobis</strong></span> <span class='ocrx_word' id='word_1_167' title='bbox 1863 2608 2068 2668; x_wconf 87' lang='lat' dir='ltr'><strong>sanctorum</strong></span> 
     </span>
     <span class='ocr_line' id='line_1_19' title="bbox 477 2704 2065 2811; baseline -0.001 -26"><span class='ocrx_word' id='word_1_168' title='bbox 477 2711 693 2786; x_wconf 85' lang='lat' dir='ltr'><strong>testimonia.</strong></span> <span class='ocrx_word' id='word_1_169' title='bbox 713 2708 881 2805; x_wconf 90' lang='lat' dir='ltr'><strong>Synodus</strong></span> <span class='ocrx_word' id='word_1_170' title='bbox 899 2707 1049 2805; x_wconf 81' lang='lat' dir='ltr'><strong>Eugenii</strong></span> <span class='ocrx_word' id='word_1_171' title='bbox 1068 2730 1170 2805; x_wconf 87' lang='lat' dir='ltr'><strong>papae</strong></span> <span class='ocrx_word' id='word_1_172' title='bbox 1187 2721 1349 2806; x_wconf 88' lang='lat' dir='ltr'><strong>ternpore</strong></span> <span class='ocrx_word' id='word_1_173' title='bbox 1365 2704 1558 2779; x_wconf 89' lang='lat' dir='ltr'><strong>Ludovici:</strong></span> <span class='ocrx_word' id='word_1_174' title='bbox 1578 2712 1665 2780; x_wconf 78' lang='lat' dir='ltr'><strong>«De</strong></span> <span class='ocrx_word' id='word_1_175' title='bbox 1689 2709 1918 2807; x_wconf 86' lang='lat' dir='ltr'><strong>quibusdam,</strong></span> <span class='ocrx_word' id='word_1_176' title='bbox 1935 2712 2065 2811; x_wconf 89' lang='lat' dir='ltr'><strong>inquit,</strong></span> 
     </span>
     <span class='ocr_line' id='line_1_20' title="bbox 477 2825 2070 2928; baseline 0.003 -27"><span class='ocrx_word' id='word_1_177' title='bbox 477 2828 566 2901; x_wconf 89' lang='lat' dir='ltr'><strong>locis</strong></span> <span class='ocrx_word' id='word_1_178' title='bbox 591 2827 638 2901; x_wconf 93' lang='lat' dir='ltr'><strong>ad</strong></span> <span class='ocrx_word' id='word_1_179' title='bbox 663 2852 732 2900; x_wconf 91' lang='lat' dir='ltr'><strong>nos</strong></span> <span class='ocrx_word' id='word_1_180' title='bbox 757 2826 908 2899; x_wconf 76' lang='lat' dir='ltr'><strong>refertur</strong></span> <span class='ocrx_word' id='word_1_181' title='bbox 934 2850 1009 2899; x_wconf 90' lang='lat' dir='ltr'><strong>non</strong></span> <span class='ocrx_word' id='word_1_182' title='bbox 1034 2825 1235 2920; x_wconf 88' lang='lat' dir='ltr'><strong>magistros,</strong></span> <span class='ocrx_word' id='word_1_183' title='bbox 1261 2850 1378 2923; x_wconf 88' lang='lat' dir='ltr'><strong>neque</strong></span> <span class='ocrx_word' id='word_1_184' title='bbox 1405 2851 1529 2898; x_wconf 87' lang='lat' dir='ltr'><strong>curam</strong></span> <span class='ocrx_word' id='word_1_185' title='bbox 1554 2828 1707 2901; x_wconf 86' lang='lat' dir='ltr'><strong>inveniri</strong></span> <span class='ocrx_word' id='word_1_186' title='bbox 1736 2855 1804 2928; x_wconf 91' lang='lat' dir='ltr'><strong>pro</strong></span> <span class='ocrx_word' id='word_1_187' title='bbox 1828 2830 1948 2904; x_wconf 89' lang='lat' dir='ltr'><strong>studio</strong></span> <span class='ocrx_word' id='word_1_188' title='bbox 1972 2831 2070 2906; x_wconf 89' lang='lat' dir='ltr'><strong>litte-</strong></span> 
     </span>
     <span class='ocr_line' id='line_1_21' title="bbox 477 2949 2068 3048; baseline 0.001 -22"><span class='ocrx_word' id='word_1_189' title='bbox 477 2978 610 3028; x_wconf 87' lang='lat' dir='ltr'><strong>rarum.</strong></span> <span class='ocrx_word' id='word_1_190' title='bbox 642 2949 778 3024; x_wconf 89' lang='lat' dir='ltr'><strong>Idcirco</strong></span> <span class='ocrx_word' id='word_1_191' title='bbox 808 2949 983 3022; x_wconf 87' lang='lat' dir='ltr'><strong>universis</strong></span> <span class='ocrx_word' id='word_1_192' title='bbox 1008 2949 1205 3048; x_wconf 88' lang='lat' dir='ltr'><strong>episcopis,</strong></span> <span class='ocrx_word' id='word_1_193' title='bbox 1236 2949 1476 3047; x_wconf 87' lang='lat' dir='ltr'><strong>subjectisque</strong></span> <span class='ocrx_word' id='word_1_194' title='bbox 1506 2949 1692 3048; x_wconf 90' lang='lat' dir='ltr'><strong>plebibus,</strong></span> <span class='ocrx_word' id='word_1_195' title='bbox 1725 2968 1761 3026; x_wconf 89' lang='lat' dir='ltr'><strong>et</strong></span> <span class='ocrx_word' id='word_1_196' title='bbox 1788 2954 1864 3029; x_wconf 88' lang='lat' dir='ltr'><strong>aliis</strong></span> <span class='ocrx_word' id='word_1_197' title='bbox 1892 2955 2003 3045; x_wconf 89' lang='lat' dir='ltr'><strong>locis,</strong></span> <span class='ocrx_word' id='word_1_198' title='bbox 2031 2958 2068 3028; x_wconf 95' lang='lat' dir='ltr'><strong>in</strong></span> 
     </span>
     <span class='ocr_line' id='line_1_22' title="bbox 476 3068 2068 3175; baseline 0.003 -30"><span class='ocrx_word' id='word_1_199' title='bbox 476 3071 608 3171; x_wconf 90' lang='lat' dir='ltr'><strong>quibus</strong></span> <span class='ocrx_word' id='word_1_200' title='bbox 631 3070 821 3144; x_wconf 89' lang='lat' dir='ltr'><strong>necessitas</strong></span> <span class='ocrx_word' id='word_1_201' title='bbox 845 3069 1054 3158; x_wconf 87' lang='lat' dir='ltr'><strong>occurrerit,</strong></span> <span class='ocrx_word' id='word_1_202' title='bbox 1083 3068 1235 3142; x_wconf 91' lang='lat' dir='ltr'><strong>omnino</strong></span> <span class='ocrx_word' id='word_1_203' title='bbox 1256 3094 1343 3144; x_wconf 89' lang='lat' dir='ltr'><strong>cura</strong></span> <span class='ocrx_word' id='word_1_204' title='bbox 1366 3084 1402 3142; x_wconf 87' lang='lat' dir='ltr'><strong>et</strong></span> <span class='ocrx_word' id='word_1_205' title='bbox 1421 3069 1606 3168; x_wconf 87' lang='lat' dir='ltr'><strong>diligentia</strong></span> <span class='ocrx_word' id='word_1_206' title='bbox 1628 3071 1817 3167; x_wconf 83' lang='lat' dir='ltr'><strong>habeatur,</strong></span> <span class='ocrx_word' id='word_1_207' title='bbox 1845 3088 1885 3147; x_wconf 87' lang='lat' dir='ltr'><strong>ut</strong></span> <span class='ocrx_word' id='word_1_208' title='bbox 1912 3078 2068 3175; x_wconf 85' lang='lat' dir='ltr'><strong>magistri</strong></span> 
     </span>
     <span class='ocr_line' id='line_1_23' title="bbox 475 3186 2069 3290; baseline 0.003 -25"><span class='ocrx_word' id='word_1_209' title='bbox 475 3204 512 3265; x_wconf 89' lang='lat' dir='ltr'><strong>et</strong></span> <span class='ocrx_word' id='word_1_210' title='bbox 530 3190 696 3264; x_wconf 89' lang='lat' dir='ltr'><strong>doctores</strong></span> <span class='ocrx_word' id='word_1_211' title='bbox 714 3189 994 3277; x_wconf 82' lang='lat' dir='ltr'><strong>constituantur,</strong></span> <span class='ocrx_word' id='word_1_212' title='bbox 1017 3187 1080 3285; x_wconf 91' lang='lat' dir='ltr'><strong>qui</strong></span> <span class='ocrx_word' id='word_1_213' title='bbox 1097 3186 1216 3261; x_wconf 89' lang='lat' dir='ltr'><strong>studia</strong></span> <span class='ocrx_word' id='word_1_214' title='bbox 1237 3188 1435 3264; x_wconf 90' lang='lat' dir='ltr'><strong>litterarum</strong></span> <span class='ocrx_word' id='word_1_215' title='bbox 1455 3188 1728 3290; x_wconf 82' lang='lat' dir='ltr'><strong>liberaliumque</strong></span> <span class='ocrx_word' id='word_1_216' title='bbox 1746 3194 1876 3266; x_wconf 87' lang='lat' dir='ltr'><strong>artium</strong></span> <span class='ocrx_word' id='word_1_217' title='bbox 1896 3192 2069 3270; x_wconf 87' lang='lat' dir='ltr'><strong>habentes</strong></span> 
     </span>
     <span class='ocr_line' id='line_1_24' title="bbox 475 3306 2069 3412; baseline 0.003 -27"><span class='ocrx_word' id='word_1_218' title='bbox 475 3311 645 3409; x_wconf 85' lang='lat' dir='ltr'><strong>dogmata</strong></span> <span class='ocrx_word' id='word_1_219' title='bbox 669 3307 824 3383; x_wconf 90' lang='lat' dir='ltr'><strong>doceant</strong></span> <span class='ocrx_word' id='word_1_220' title='bbox 842 3335 850 3380; x_wconf 73' lang='grc' dir='ltr'><strong>ε</strong></span> <span class='ocrx_word' id='word_1_221' title='bbox 867 3309 953 3406; x_wconf 90' lang='lat' dir='ltr'><strong>quia</strong></span> <span class='ocrx_word' id='word_1_222' title='bbox 978 3309 1016 3380; x_wconf 87' lang='lat' dir='ltr'><strong>in</strong></span> <span class='ocrx_word' id='word_1_223' title='bbox 1039 3306 1095 3380; x_wconf 91' lang='lat' dir='ltr'><strong>bis</strong></span> <span class='ocrx_word' id='word_1_224' title='bbox 1110 3309 1266 3382; x_wconf 79' lang='lat' dir='ltr'><strong>maxime</strong></span> <span class='ocrx_word' id='word_1_225' title='bbox 1289 3309 1409 3383; x_wconf 90' lang='lat' dir='ltr'><strong>diviua</strong></span> <span class='ocrx_word' id='word_1_226' title='bbox 1427 3310 1697 3386; x_wconf 77' lang='lat' dir='ltr'><strong>manifestantur</strong></span> <span class='ocrx_word' id='word_1_227' title='bbox 1712 3328 1821 3412; x_wconf 89' lang='lat' dir='ltr'><strong>atque</strong></span> <span class='ocrx_word' id='word_1_228' title='bbox 1843 3314 2069 3389; x_wconf 80' lang='lat' dir='ltr'><strong>declarantur</strong></span> 
     </span>
     <span class='ocr_line' id='line_1_25' title="bbox 476 3426 2070 3528; baseline 0.003 -23"><span class='ocrx_word' id='word_1_229' title='bbox 476 3430 690 3505; x_wconf 73' lang='lat' dir='ltr'><strong>mandata.»</strong></span> <span class='ocrx_word' id='word_1_230' title='bbox 722 3433 777 3501; x_wconf 92' lang='lat' dir='ltr'><strong>De</strong></span> <span class='ocrx_word' id='word_1_231' title='bbox 804 3428 954 3528; x_wconf 91' lang='lat' dir='ltr'><strong>poeticis</strong></span> <span class='ocrx_word' id='word_1_232' title='bbox 983 3441 1104 3501; x_wconf 88' lang='lat' dir='ltr'><strong>autem</strong></span> <span class='ocrx_word' id='word_1_233' title='bbox 1133 3426 1332 3524; x_wconf 86' lang='lat' dir='ltr'><strong>figmentis,</strong></span> <span class='ocrx_word' id='word_1_234' title='bbox 1368 3453 1461 3527; x_wconf 87' lang='lat' dir='ltr'><strong>quos</strong></span> <span class='ocrx_word' id='word_1_235' title='bbox 1489 3431 1657 3505; x_wconf 90' lang='lat' dir='ltr'><strong>nonnulli</strong></span> <span class='ocrx_word' id='word_1_236' title='bbox 1683 3430 1796 3505; x_wconf 81' lang='lat' dir='ltr'><strong>libros</strong></span> <span class='ocrx_word' id='word_1_237' title='bbox 1821 3437 2070 3509; x_wconf 66' lang='lat' dir='ltr'><strong>Grammaticis».</strong></span> 
     </span>
     <span class='ocr_line' id='line_1_26' title="bbox 476 3546 2070 3648; baseline 0.003 -24"><span class='ocrx_word' id='word_1_238' title='bbox 476 3574 605 3624; x_wconf 88' lang='lat' dir='ltr'><strong>vocare</strong></span> <span class='ocrx_word' id='word_1_239' title='bbox 627 3562 904 3641; x_wconf 89' lang='lat' dir='ltr'><strong>consueverunt,</strong></span> <span class='ocrx_word' id='word_1_240' title='bbox 929 3573 973 3621; x_wconf 90' lang='lat' dir='ltr'><strong>eo</strong></span> <span class='ocrx_word' id='word_1_241' title='bbox 995 3546 1097 3646; x_wconf 93' lang='lat' dir='ltr'><strong>quod</strong></span> <span class='ocrx_word' id='word_1_242' title='bbox 1116 3546 1256 3646; x_wconf 87' lang='lat' dir='ltr'><strong>parvuli</strong></span> <span class='ocrx_word' id='word_1_243' title='bbox 1277 3549 1324 3621; x_wconf 93' lang='lat' dir='ltr'><strong>ad</strong></span> <span class='ocrx_word' id='word_1_244' title='bbox 1348 3549 1590 3622; x_wconf 90' lang='lat' dir='ltr'><strong>eruditionem</strong></span> <span class='ocrx_word' id='word_1_245' title='bbox 1620 3553 1859 3648; x_wconf 76' lang='lat' dir='ltr'><strong>grammatice</strong></span> <span class='ocrx_word' id='word_1_246' title='bbox 1879 3553 2070 3628; x_wconf 85' lang='lat' dir='ltr'><strong>locutionis</strong></span> 
     </span>
     <span class='ocr_line' id='line_1_27' title="bbox 475 3665 2068 3771; baseline 0.002 -27"><span class='ocrx_word' id='word_1_247' title='bbox 475 3696 539 3744; x_wconf 88' lang='lat' dir='ltr'><strong>eos</strong></span> <span class='ocrx_word' id='word_1_248' title='bbox 563 3669 678 3765; x_wconf 84' lang='lat' dir='ltr'><strong>legere</strong></span> <span class='ocrx_word' id='word_1_249' title='bbox 703 3665 797 3739; x_wconf 89' lang='lat' dir='ltr'><strong>soliti</strong></span> <span class='ocrx_word' id='word_1_250' title='bbox 823 3680 920 3754; x_wconf 88' lang='lat' dir='ltr'><strong>suut,</strong></span> <span class='ocrx_word' id='word_1_251' title='bbox 945 3666 1027 3739; x_wconf 88' lang='lat' dir='ltr'><strong>talia</strong></span> <span class='ocrx_word' id='word_1_252' title='bbox 1047 3678 1255 3740; x_wconf 86' lang='lat' dir='ltr'><strong>sanctorum</strong></span> <span class='ocrx_word' id='word_1_253' title='bbox 1282 3668 1397 3739; x_wconf 81' lang='lat' dir='ltr'><strong>sanxit</strong></span> <span class='ocrx_word' id='word_1_254' title='bbox 1424 3669 1629 3743; x_wconf 88' lang='lat' dir='ltr'><strong>auctoritas.</strong></span> <span class='ocrx_word' id='word_1_255' title='bbox 1654 3672 1895 3771; x_wconf 88' lang='lat' dir='ltr'><strong>Hieronymus</strong></span> <span class='ocrx_word' id='word_1_256' title='bbox 1919 3673 1971 3746; x_wconf 84' lang='lat' dir='ltr'><strong>ad</strong></span> <span class='ocrx_word' id='word_1_257' title='bbox 1994 3681 2068 3747; x_wconf 88' lang='lat' dir='ltr'><strong>Da·</strong></span> 
     </span>
     <span class='ocr_line' id='line_1_28' title="bbox 476 3782 2066 3891; baseline 0.006 -32"><span class='ocrx_word' id='word_1_258' title='bbox 476 3811 614 3860; x_wconf 80' lang='lat' dir='ltr'><strong>mosum</strong></span> <span class='ocrx_word' id='word_1_259' title='bbox 638 3809 772 3884; x_wconf 90' lang='lat' dir='ltr'><strong>papam</strong></span> <span class='ocrx_word' id='word_1_260' title='bbox 797 3783 844 3857; x_wconf 90' lang='lat' dir='ltr'><strong>de</strong></span> <span class='ocrx_word' id='word_1_261' title='bbox 871 3782 960 3856; x_wconf 79' lang='lat' dir='ltr'><strong>Filio</strong></span> <span class='ocrx_word' id='word_1_262' title='bbox 985 3782 1185 3881; x_wconf 77' lang='lat' dir='ltr'><strong>prodig0⁸t</strong></span> <span class='ocrx_word' id='word_1_263' title='bbox 1208 3788 1454 3860; x_wconf 73' lang='lat' dir='ltr'><strong>«Daemonum</strong></span> <span class='ocrx_word' id='word_1_264' title='bbox 1479 3788 1581 3862; x_wconf 86' lang='lat' dir='ltr'><strong>cibus</strong></span> <span class='ocrx_word' id='word_1_265' title='bbox 1603 3805 1657 3863; x_wconf 89' lang='lat' dir='ltr'><strong>est</strong></span> <span class='ocrx_word' id='word_1_266' title='bbox 1681 3792 1840 3866; x_wconf 85' lang='lat' dir='ltr'><strong>carmina</strong></span> <span class='ocrx_word' id='word_1_267' title='bbox 1864 3808 2066 3891; x_wconf 89' lang='lat' dir='ltr'><strong>poetarum,</strong></span> 
     </span>
     <span class='ocr_line' id='line_1_29' title="bbox 477 3903 2066 4009; baseline 0.004 -30"><span class='ocrx_word' id='word_1_268' title='bbox 477 3903 697 3980; x_wconf 85' lang='lat' dir='ltr'><strong>saecrrlarium</strong></span> <span class='ocrx_word' id='word_1_269' title='bbox 713 3903 899 4002; x_wconf 84' lang='lat' dir='ltr'><strong>sapientia,</strong></span> <span class='ocrx_word' id='word_1_270' title='bbox 918 3903 1182 3976; x_wconf 87' lang='lat' dir='ltr'><strong>rhetoricorum</strong></span> <span class='ocrx_word' id='word_1_271' title='bbox 1199 3928 1333 4003; x_wconf 91' lang='lat' dir='ltr'><strong>pompa</strong></span> <span class='ocrx_word' id='word_1_272' title='bbox 1349 3906 1558 3982; x_wconf 88' lang='lat' dir='ltr'><strong>verborum.</strong></span> <span class='ocrx_word' id='word_1_273' title='bbox 1574 3938 1592 3974; x_wconf 75' lang='lat' dir='ltr'><strong>s</strong></span> <span class='ocrx_word' id='word_1_274' title='bbox 1609 3912 1653 3981; x_wconf 83' lang='lat' dir='ltr'><strong>Et</strong></span> <span class='ocrx_word' id='word_1_275' title='bbox 1668 3925 1751 4008; x_wconf 89' lang='lat' dir='ltr'><strong>post</strong></span> <span class='ocrx_word' id='word_1_276' title='bbox 1767 3909 1908 4009; x_wconf 87' lang='lat' dir='ltr'><strong>aliqua:</strong></span> <span class='ocrx_word' id='word_1_277' title='bbox 1925 3944 1943 3981; x_wconf 71' lang='lat' dir='ltr'><strong>r</strong></span> <span class='ocrx_word' id='word_1_278' title='bbox 1953 3913 2066 4001; x_wconf 74' lang='lat' dir='ltr'><strong>absit,</strong></span> 
     </span>
     <span class='ocr_line' id='line_1_30' title="bbox 476 4020 2070 4125; baseline 0.005 -27"><span class='ocrx_word' id='word_1_279' title='bbox 476 4025 604 4123; x_wconf 90' lang='lat' dir='ltr'><strong>inquit,</strong></span> <span class='ocrx_word' id='word_1_280' title='bbox 632 4036 673 4095; x_wconf 89' lang='lat' dir='ltr'><strong>nt</strong></span> <span class='ocrx_word' id='word_1_281' title='bbox 697 4020 743 4094; x_wconf 91' lang='lat' dir='ltr'><strong>de</strong></span> <span class='ocrx_word' id='word_1_282' title='bbox 768 4046 832 4094; x_wconf 93' lang='lat' dir='ltr'><strong>ore</strong></span> <span class='ocrx_word' id='word_1_283' title='bbox 857 4020 1041 4094; x_wconf 90' lang='lat' dir='ltr'><strong>christiani</strong></span> <span class='ocrx_word' id='word_1_284' title='bbox 1064 4036 1169 4094; x_wconf 90' lang='lat' dir='ltr'><strong>sonet</strong></span> <span class='ocrx_word' id='word_1_285' title='bbox 1191 4023 1330 4121; x_wconf 85' lang='lat' dir='ltr'><strong>Jupiter</strong></span> <span class='ocrx_word' id='word_1_286' title='bbox 1356 4025 1614 4124; x_wconf 85' lang='lat' dir='ltr'><strong>omnipotens:</strong></span> <span class='ocrx_word' id='word_1_287' title='bbox 1635 4043 1671 4101; x_wconf 87' lang='lat' dir='ltr'><strong>et</strong></span> <span class='ocrx_word' id='word_1_288' title='bbox 1697 4054 1754 4103; x_wconf 89' lang='lat' dir='ltr'><strong>me</strong></span> <span class='ocrx_word' id='word_1_289' title='bbox 1777 4029 1922 4125; x_wconf 88' lang='lat' dir='ltr'><strong>Hercle,</strong></span> <span class='ocrx_word' id='word_1_290' title='bbox 1947 4046 1982 4105; x_wconf 91' lang='lat' dir='ltr'><strong>et</strong></span> <span class='ocrx_word' id='word_1_291' title='bbox 2011 4058 2070 4106; x_wconf 84' lang='lat' dir='ltr'><strong>ma</strong></span> 
     </span>
     <span class='ocr_line' id='line_1_31' title="bbox 477 4141 2066 4245; baseline 0.005 -28"><span class='ocrx_word' id='word_1_292' title='bbox 477 4148 614 4233; x_wconf 86' lang='lat' dir='ltr'><strong>Castor,</strong></span> <span class='ocrx_word' id='word_1_293' title='bbox 637 4155 673 4214; x_wconf 90' lang='lat' dir='ltr'><strong>ct</strong></span> <span class='ocrx_word' id='word_1_294' title='bbox 690 4155 809 4214; x_wconf 88' lang='lat' dir='ltr'><strong>cetera</strong></span> <span class='ocrx_word' id='word_1_295' title='bbox 826 4141 937 4236; x_wconf 86' lang='lat' dir='ltr'><strong>magis</strong></span> <span class='ocrx_word' id='word_1_296' title='bbox 952 4153 1119 4238; x_wconf 90' lang='lat' dir='ltr'><strong>portenta</strong></span> <span class='ocrx_word' id='word_1_297' title='bbox 1140 4165 1249 4241; x_wconf 85' lang='lat' dir='ltr'><strong>quam</strong></span> <span class='ocrx_word' id='word_1_298' title='bbox 1265 4143 1427 4221; x_wconf 88' lang='lat' dir='ltr'><strong>numina.</strong></span> <span class='ocrx_word' id='word_1_299' title='bbox 1447 4150 1498 4217; x_wconf 77' lang='lat' dir='ltr'><strong>Ac</strong></span> <span class='ocrx_word' id='word_1_300' title='bbox 1515 4171 1613 4221; x_wconf 91' lang='lat' dir='ltr'><strong>nunc</strong></span> <span class='ocrx_word' id='word_1_301' title='bbox 1630 4150 1739 4222; x_wconf 85' lang='lat' dir='ltr'><strong>ctiam</strong></span> <span class='ocrx_word' id='word_1_302' title='bbox 1759 4151 1962 4225; x_wconf 87' lang='lat' dir='ltr'><strong>sacerdotes</strong></span> <span class='ocrx_word' id='word_1_303' title='bbox 1977 4154 2066 4245; x_wconf 87' lang='lat' dir='ltr'><strong>Dei,</strong></span> 
     </span>
     <span class='ocr_line' id='line_1_32' title="bbox 477 4258 2070 4365; baseline 0.006 -30"><span class='ocrx_word' id='word_1_304' title='bbox 477 4262 617 4335; x_wconf 87' lang='lat' dir='ltr'><strong>omissis</strong></span> <span class='ocrx_word' id='word_1_305' title='bbox 641 4258 833 4357; x_wconf 89' lang='lat' dir='ltr'><strong>evangeliis</strong></span> <span class='ocrx_word' id='word_1_306' title='bbox 858 4273 894 4331; x_wconf 88' lang='lat' dir='ltr'><strong>et</strong></span> <span class='ocrx_word' id='word_1_307' title='bbox 918 4260 1124 4358; x_wconf 85' lang='lat' dir='ltr'><strong>prophetis,</strong></span> <span class='ocrx_word' id='word_1_308' title='bbox 1156 4260 1321 4337; x_wconf 89' lang='lat' dir='ltr'><strong>videmus</strong></span> <span class='ocrx_word' id='word_1_309' title='bbox 1346 4264 1538 4338; x_wconf 81' lang='lat' dir='ltr'><strong>comoedias</strong></span> <span class='ocrx_word' id='word_1_310' title='bbox 1561 4266 1699 4365; x_wconf 86' lang='lat' dir='ltr'><strong>legere,</strong></span> <span class='ocrx_word' id='word_1_311' title='bbox 1729 4271 1905 4343; x_wconf 87' lang='lat' dir='ltr'><strong>amatoria</strong></span> <span class='ocrx_word' id='word_1_312' title='bbox 1931 4271 2070 4344; x_wconf 88' lang='lat' dir='ltr'><strong>Bucoli-</strong></span> 
     </span>
     <span class='ocr_line' id='line_1_33' title="bbox 476 4377 2070 4488; baseline 0.005 -32"><span class='ocrx_word' id='word_1_313' title='bbox 476 4407 602 4457; x_wconf 90' lang='lat' dir='ltr'><strong>corum</strong></span> <span class='ocrx_word' id='word_1_314' title='bbox 628 4404 798 4453; x_wconf 90' lang='lat' dir='ltr'><strong>versnum</strong></span> <span class='ocrx_word' id='word_1_315' title='bbox 819 4377 930 4451; x_wconf 88' lang='lat' dir='ltr'><strong>verba</strong></span> <span class='ocrx_word' id='word_1_316' title='bbox 946 4392 1104 4469; x_wconf 87' lang='lat' dir='ltr'><strong>cantare,</strong></span> <span class='ocrx_word' id='word_1_317' title='bbox 1133 4393 1256 4454; x_wconf 88' lang='lat' dir='ltr'><strong>tenere</strong></span> <span class='ocrx_word' id='word_1_318' title='bbox 1278 4383 1479 4480; x_wconf 88' lang='lat' dir='ltr'><strong>Virgilium,</strong></span> <span class='ocrx_word' id='word_1_319' title='bbox 1506 4400 1543 4459; x_wconf 92' lang='lat' dir='ltr'><strong>et</strong></span> <span class='ocrx_word' id='word_1_320' title='bbox 1567 4385 1605 4459; x_wconf 94' lang='lat' dir='ltr'><strong>id</strong></span> <span class='ocrx_word' id='word_1_321' title='bbox 1627 4387 1728 4486; x_wconf 92' lang='lat' dir='ltr'><strong>qnod</strong></span> <span class='ocrx_word' id='word_1_322' title='bbox 1744 4389 1783 4461; x_wconf 91' lang='lat' dir='ltr'><strong>in</strong></span> <span class='ocrx_word' id='word_1_323' title='bbox 1805 4390 1925 4488; x_wconf 90' lang='lat' dir='ltr'><strong>pueris</strong></span> <span class='ocrx_word' id='word_1_324' title='bbox 1949 4415 2070 4464; x_wconf 85' lang='lat' dir='ltr'><strong>ncces·</strong></span> 
     </span>
     <span class='ocr_line' id='line_1_34' title="bbox 477 4497 2066 4607; baseline 0.004 -32"><span class='ocrx_word' id='word_1_325' title='bbox 477 4501 587 4577; x_wconf 88' lang='lat' dir='ltr'><strong>sitatis</strong></span> <span class='ocrx_word' id='word_1_326' title='bbox 601 4514 669 4590; x_wconf 87' lang='lat' dir='ltr'><strong>est,</strong></span> <span class='ocrx_word' id='word_1_327' title='bbox 687 4499 824 4573; x_wconf 90' lang='lat' dir='ltr'><strong>crimen</strong></span> <span class='ocrx_word' id='word_1_328' title='bbox 838 4498 875 4571; x_wconf 92' lang='lat' dir='ltr'><strong>in</strong></span> <span class='ocrx_word' id='word_1_329' title='bbox 892 4521 931 4571; x_wconf 88' lang='lat' dir='ltr'><strong>se</strong></span> <span class='ocrx_word' id='word_1_330' title='bbox 946 4497 1061 4573; x_wconf 84' lang='lat' dir='ltr'><strong>lacere</strong></span> <span class='ocrx_word' id='word_1_331' title='bbox 1077 4500 1285 4574; x_wconf 89' lang='lat' dir='ltr'><strong>voluntatis.</strong></span> <span class='ocrx_word' id='word_1_332' title='bbox 1306 4532 1324 4568; x_wconf 86' lang='lat'><strong>»</strong></span> <span class='ocrx_word' id='word_1_333' title='bbox 1344 4501 1443 4575; x_wconf 87' lang='lat' dir='ltr'><strong>ldem</strong></span> <span class='ocrx_word' id='word_1_334' title='bbox 1459 4529 1568 4604; x_wconf 88' lang='lat' dir='ltr'><strong>super</strong></span> <span class='ocrx_word' id='word_1_335' title='bbox 1581 4507 1770 4607; x_wconf 85' lang='lat' dir='ltr'><strong>epistolam</strong></span> <span class='ocrx_word' id='word_1_336' title='bbox 1795 4507 1847 4581; x_wconf 82' lang='lat' dir='ltr'><strong>ud</strong></span> <span class='ocrx_word' id='word_1_337' title='bbox 1869 4509 2038 4607; x_wconf 72' lang='lat' dir='ltr'><strong>Ephesios</strong></span> <span class='ocrx_word' id='word_1_338' title='bbox 2056 4540 2066 4581; x_wconf 90' lang='lat'><strong>:</strong></span> 
     </span>
     <span class='ocr_line' id='line_1_35' title="bbox 479 4617 2070 4726; baseline 0.006 -35"><span class='ocrx_word' id='word_1_339' title='bbox 479 4622 690 4709; x_wconf 76' lang='lat' dir='ltr'><strong>«Educate,</strong></span> <span class='ocrx_word' id='word_1_340' title='bbox 714 4619 764 4690; x_wconf 84' lang='lat' dir='ltr'><strong>ait</strong></span> <span class='ocrx_word' id='word_1_341' title='bbox 787 4617 1001 4716; x_wconf 64' lang='lat' dir='ltr'><strong>Apostolus,</strong></span> <span class='ocrx_word' id='word_1_342' title='bbox 1027 4617 1121 4692; x_wconf 83' lang='lat' dir='ltr'><strong>filios</strong></span> <span class='ocrx_word' id='word_1_343' title='bbox 1145 4619 1183 4691; x_wconf 89' lang='lat' dir='ltr'><strong>in</strong></span> <span class='ocrx_word' id='word_1_344' title='bbox 1201 4618 1391 4720; x_wconf 90' lang='lat' dir='ltr'><strong>disciplina</strong></span> <span class='ocrx_word' id='word_1_345' title='bbox 1412 4637 1449 4696; x_wconf 90' lang='lat' dir='ltr'><strong>et</strong></span> <span class='ocrx_word' id='word_1_346' title='bbox 1468 4629 1690 4701; x_wconf 89' lang='lat' dir='ltr'><strong>correctione</strong></span> <span class='ocrx_word' id='word_1_347' title='bbox 1714 4629 1910 4705; x_wconf 61' lang='lat' dir='ltr'><strong>Domini.»</strong></span> <span class='ocrx_word' id='word_1_348' title='bbox 1936 4635 2070 4726; x_wconf 85' lang='lat' dir='ltr'><strong>Legant</strong></span> 
     </span>
     <span class='ocr_line' id='line_1_36' title="bbox 476 4736 2071 4849; baseline 0.004 -34"><span class='ocrx_word' id='word_1_349' title='bbox 476 4739 634 4842; x_wconf 90' lang='lat' dir='ltr'><strong>episcopi</strong></span> <span class='ocrx_word' id='word_1_350' title='bbox 650 4752 757 4837; x_wconf 88' lang='lat' dir='ltr'><strong>atque</strong></span> <span class='ocrx_word' id='word_1_351' title='bbox 773 4736 983 4836; x_wconf 89' lang='lat' dir='ltr'><strong>presbyteri,</strong></span> <span class='ocrx_word' id='word_1_352' title='bbox 1009 4739 1073 4836; x_wconf 93' lang='lat' dir='ltr'><strong>qui</strong></span> <span class='ocrx_word' id='word_1_353' title='bbox 1088 4737 1184 4813; x_wconf 85' lang='lat' dir='ltr'><strong>filios</strong></span> <span class='ocrx_word' id='word_1_354' title='bbox 1204 4765 1291 4815; x_wconf 89' lang='lat' dir='ltr'><strong>suos</strong></span> <span class='ocrx_word' id='word_1_355' title='bbox 1305 4742 1531 4817; x_wconf 77' lang='lat' dir='ltr'><strong>saecuaribus</strong></span> <span class='ocrx_word' id='word_1_356' title='bbox 1553 4745 1678 4819; x_wconf 89' lang='lat' dir='ltr'><strong>litteris</strong></span> <span class='ocrx_word' id='word_1_357' title='bbox 1693 4747 1863 4823; x_wconf 91' lang='lat' dir='ltr'><strong>erudiunt</strong></span> <span class='ocrx_word' id='word_1_358' title='bbox 1878 4764 1915 4822; x_wconf 89' lang='lat' dir='ltr'><strong>et</strong></span> <span class='ocrx_word' id='word_1_359' title='bbox 1937 4748 2071 4849; x_wconf 82' lang='lat' dir='ltr'><strong>iaciunt</strong></span> 
     </span>
     <span class='ocr_line' id='line_1_37' title="bbox 474 4857 2067 4961; baseline 0.006 -29"><span class='ocrx_word' id='word_1_360' title='bbox 474 4859 670 4937; x_wconf 78' lang='lat' dir='ltr'><strong>comoedias</strong></span> <span class='ocrx_word' id='word_1_361' title='bbox 699 4857 829 4956; x_wconf 90' lang='lat' dir='ltr'><strong>legere,</strong></span> <span class='ocrx_word' id='word_1_362' title='bbox 851 4868 888 4928; x_wconf 91' lang='lat' dir='ltr'><strong>et</strong></span> <span class='ocrx_word' id='word_1_363' title='bbox 908 4880 1074 4931; x_wconf 89' lang='lat' dir='ltr'><strong>amorum</strong></span> <span class='ocrx_word' id='word_1_364' title='bbox 1098 4859 1231 4959; x_wconf 92' lang='lat' dir='ltr'><strong>scripta</strong></span> <span class='ocrx_word' id='word_1_365' title='bbox 1254 4863 1373 4961; x_wconf 88' lang='lat' dir='ltr'><strong>turpia</strong></span> <span class='ocrx_word' id='word_1_366' title='bbox 1397 4878 1555 4954; x_wconf 84' lang='lat' dir='ltr'><strong>cantare,</strong></span> <span class='ocrx_word' id='word_1_367' title='bbox 1575 4862 1622 4939; x_wconf 93' lang='lat' dir='ltr'><strong>de</strong></span> <span class='ocrx_word' id='word_1_368' title='bbox 1645 4865 1892 4941; x_wconf 86' lang='lat' dir='ltr'><strong>ecclesiasticis</strong></span> <span class='ocrx_word' id='word_1_369' title='bbox 1919 4868 2067 4941; x_wconf 80' lang='lat' dir='ltr'><strong>forsitan</strong></span> 
     </span>
    </p>
   </div>
   <div class='ocr_carea' id='block_1_3' title="bbox 507 5130 1988 5209">
    <p class='ocr_par' dir='ltr' id='par_1_3' title="bbox 507 5130 1988 5209">
     <span class='ocr_line' id='line_1_38' title="bbox 507 5130 1988 5209; baseline 0.005 -20"><span class='ocrx_word' id='word_1_370' title='bbox 507 5138 608 5201; x_wconf 56' lang='lat' dir='ltr'><strong>mesta,</strong></span> <span class='ocrx_word' id='word_1_371' title='bbox 621 5148 675 5200; x_wconf 81' lang='lat' dir='ltr'><strong>cap.</strong></span> <span class='ocrx_word' id='word_1_372' title='bbox 688 5146 774 5195; x_wconf 75' lang='lat' dir='ltr'><strong>saxu,</strong></span> <span class='ocrx_word' id='word_1_373' title='bbox 786 5144 810 5182; x_wconf 83' lang='lat' dir='ltr'><strong>r.</strong></span> <span class='ocrx_word' id='word_1_374' title='bbox 826 5135 848 5182; x_wconf 86' lang='lat' dir='ltr'><strong>t·</strong></span> <span class='ocrx_word' id='word_1_375' title='bbox 861 5155 892 5168; x_wconf 93' lang='lat'><em>-</em></span> <span class='ocrx_word' id='word_1_376' title='bbox 904 5130 998 5196; x_wconf 56' lang='lat' dir='ltr'><strong>&#39;Suam</strong></span> <span class='ocrx_word' id='word_1_377' title='bbox 1010 5145 1064 5197; x_wconf 75' lang='lat' dir='ltr'><strong>up.</strong></span> <span class='ocrx_word' id='word_1_378' title='bbox 1078 5146 1097 5197; x_wconf 84' lang='lat' dir='ltr'><strong>r,</strong></span> <span class='ocrx_word' id='word_1_379' title='bbox 1109 5147 1131 5187; x_wconf 86' lang='lat' dir='ltr'><strong>r.</strong></span> <span class='ocrx_word' id='word_1_380' title='bbox 1148 5141 1185 5187; x_wconf 86' lang='lat' dir='ltr'><strong>tt.</strong></span> <span class='ocrx_word' id='word_1_381' title='bbox 1198 5161 1228 5175; x_wconf 95' lang='lat'><em>-</em></span> <span class='ocrx_word' id='word_1_382' title='bbox 1246 5137 1330 5203; x_wconf 70' lang='lat' dir='ltr'><strong>&#39;opp</strong></span> <span class='ocrx_word' id='word_1_383' title='bbox 1349 5139 1420 5201; x_wconf 73' lang='lat' dir='ltr'><strong>ult,</strong></span> <span class='ocrx_word' id='word_1_384' title='bbox 1432 5154 1459 5205; x_wconf 79' lang='lat' dir='ltr'><strong>p.</strong></span> <span class='ocrx_word' id='word_1_385' title='bbox 1475 5142 1988 5209; x_wconf 71' lang='lat' dir='ltr'><strong>1,eot1sc.-⁴spua.,up.u,r.r.</strong></span> 
     </span>
    </p>
   </div>
   <div class='ocr_carea' id='block_1_4' title="bbox 0 0 2284 6100">
    <p class='ocr_par' dir='ltr' id='par_1_4' title="bbox 0 0 2284 6100">
     <span class='ocr_line' id='line_1_39' title="bbox 0 0 2284 6100; baseline 0 0"><span class='ocrx_word' id='word_1_386' title='bbox 0 0 2284 6100; x_wconf 95' lang='lat' dir='ltr'><strong> </strong></span> 
     </span>
    </p>
   </div>
  </div>
 </body>
</html>
