4559 6100
470 538 542 614 506
1071 537 1194 610 Pffl’lll
1218 535 1450 610 ABAEIARDl

472 689 584 760 menti
601 687 806 759 substantiae
823 711 1018 760 commune
1034 701 1099 759 est.
1128 688 1201 786 lpsi
1223 689 1359 788 quippe
1375 687 1423 762 ad
1440 690 1665 764 identitatem
1682 689 1889 763 substantiae
1902 692 1940 763 in
1957 690 2071 765 tribus

469 808 633 904 personis
658 807 918 904 intelligendae,
948 831 1085 879 novum
1113 832 1249 880 nomen
1275 813 1495 882 Homousion
1516 809 1617 909 quod
1644 824 1696 882 est
1718 810 1827 881 unius
1851 809 2067 896 substantia,

469 928 714 999 instituerunt.
738 930 856 1015 Quam
882 928 1031 1025 quidem
1054 929 1303 1026 acceptionem
1326 930 1568 1028 Hieronymus
1592 954 1740 1029 quoque
1763 946 1905 1004 secutus
1930 929 1980 1001 ad
1997 936 2071 1001 Da·

471 1073 611 1120 masam
627 1047 801 1140 scribens,
820 1049 1023 1121 Omousion
1036 1032 1245 1120 Trinitatem
1264 1049 1378 1147 ipsam
1399 1050 1603 1138 confitetur,
1621 1050 1693 1122 hoc
1710 1064 1763 1123 est
1779 1052 1889 1123 unius
1909 1050 2072 1123 substan·

473 1170 543 1261 tiae,
558 1193 633 1240 non
648 1170 757 1240 unius
773 1193 949 1267 personae.
969 1168 1060 1239 Hinc
1077 1182 1114 1240 et
1128 1165 1340 1240 Gennadius
1355 1167 1399 1239 de
1413 1169 1621 1241 Orthodoxu
1632 1168 1718 1240 Frde
1726 1170 1892 1242 meminit
1906 1169 2065 1242 dicens':

473 1289 707 1360 «Omousion
734 1313 833 1385 ergo,
860 1289 898 1361 id
914 1302 967 1360 est
982 1286 1222 1361 coessentialis
1241 1288 1280 1359 in
1297 1287 1485 1362 divinitate
1501 1291 1594 1361 Patri
1611 1286 1733 1380 Filius,
1752 1291 1955 1362 Omousion
1973 1289 2068 1362 Patri

470 1424 505 1481 et
521 1409 611 1481 Filio
628 1410 779 1507 Spiritus
795 1424 951 1481 sanctus.
966 1439 984 1475 »
1003 1409 1109 1481 Unde
1123 1407 1301 1506 liquidnm
1317 1423 1390 1501 est,
1409 1434 1494 1483 cum
1508 1424 1579 1482 tres
1595 1408 1801 1483 substantiae
1812 1433 1836 1481 a
1851 1408 2067 1507 quibusdam

470 1554 599 1603 eorum
622 1530 804 1621 dicuntur,
833 1529 1049 1602 snbstantias
1071 1554 1138 1629 pro
1155 1528 1318 1627 personis
1335 1528 1489 1602 'abusive
1505 1530 1591 1603 dici.
1612 1534 1731 1619 Quam
1753 1529 1902 1628 quidem
1923 1529 2068 1603 abusio·

469 1675 555 1722 nem
571 1664 695 1749 aperte
711 1675 755 1723 ac
773 1650 905 1723 merito
922 1652 1163 1748 Hieronymus
1181 1647 1428 1746 reprehendit,
1447 1649 1606 1723 scribens
1623 1649 1670 1721 ad
1688 1650 1857 1722 eumdem
1874 1655 2067 1722 Damasum

468 1794 602 1869 papam
619 1770 665 1842 de
685 1795 784 1842 novo
808 1770 957 1842 nomine
982 1770 1092 1841 trium
1116 1768 1371 1867 hypostaseos*
1391 1769 1448 1842 his
1470 1769 1589 1842 verbis
1616 1796 1624 1839 :
1648 1800 1666 1836 α
1679 1773 1956 1867 Interrogamus,
1981 1768 2068 1866 quid

467 1889 689 1987 hypostasis'
700 1914 806 1989 posse
822 1889 1041 1962 arbitrentur
1050 1889 1223 1986 intelligi?
1239 1892 1323 1959 Tres
1339 1914 1512 1987 personas
1528 1889 1759 1962 subsistentes
1775 1889 1889 1961 aiunt.
1906 1893 2066 1988 Respon-

470 2007 598 2081 demus
615 2033 682 2080 nos
696 2009 746 2079 ita
761 2008 921 2081 credere.
942 2015 1022 2081 Non
1038 2008 1171 2081 sufficit
1187 2031 1325 2079 sensus.
1340 2012 1462 2107 lpsum
1477 2033 1613 2081 nomen
1626 2009 1835 2106 efflagitant,
1851 2009 1935 2106 quia
1945 2008 2067 2081 nescio

469 2129 558 2226 quid
573 2129 704 2200 veneni
723 2130 761 2200 in
785 2128 930 2227 syllabis
951 2129 1049 2202 latet.
1071 2132 1108 2201 Si
1130 2130 1212 2226 quis
1237 2141 1358 2200 autem
1376 2129 1601 2229 hypostasim
1620 2129 1737 2201 usiam
1752 2127 1965 2224 intelligens,
1990 2152 2064 2200 non

466 2248 504 2320 io
526 2247 642 2321 tribus
659 2250 821 2348 personis
840 2274 950 2322 unam
967 2248 1190 2349 hypostasim
1214 2246 1319 2336 dicit,
1344 2249 1482 2322 alienus
1498 2274 1519 2320 a
1539 2246 1679 2322 Christo
1702 2262 1803 2321 est.»
1823 2251 1913 2319 Item
1937 2246 2064 2319 idem:

469 2372 585 2442 «Tota
609 2371 832 2443 saecularium
857 2370 1057 2443 litteramm
1081 2368 1205 2444 schola
1228 2372 1319 2445 nihil
1345 2369 1443 2444 aliud
1466 2369 1690 2468 hypostasim
1713 2368 1781 2441 nisi
1807 2368 1923 2441 usiam
1945 2369 2065 2454 novit,

468 2500 503 2559 et
526 2490 607 2585 quis
629 2515 819 2588 umquam,
845 2515 947 2587 rogo,
976 2515 1039 2562 ore
1065 2491 1237 2590 sacrilego
1258 2506 1329 2565 tres
1349 2489 1566 2563 substantias
1582 2487 1811 2588 praedicabit?
1830 2493 1909 2560 Una
1932 2501 1985 2559 est
2001 2488 2068 2559 Dei

466 2606 544 2679 sola
557 2625 705 2702 natura3
720 2611 882 2707 quisquis
899 2611 968 2681 tria
983 2634 1072 2700 esse,
1086 2609 1161 2683 hoc
1174 2627 1228 2684 est
1244 2629 1316 2684 tres
1331 2611 1541 2710 hypostases
1550 2609 1651 2703 dicit,
1667 2623 1739 2680 tres
1754 2621 1899 2680 naturas
1914 2622 2069 2679 conatur

467 2750 638 2800 asserere.
675 2733 719 2798 Et
742 2729 772 2800 si
794 2730 844 2800 ita
869 2742 941 2819 est,
967 2754 1034 2800 cur
1058 2728 1105 2801 ab
1128 2733 1212 2803 Ario
1237 2731 1434 2831 parietibus
1456 2753 1679 2828 separamur,
1708 2727 1857 2827 perfidis
1882 2725 2067 2826 copulati?

467 2845 605 2919 Sufficit
623 2846 730 2919 nobis
747 2847 868 2920 dicere
884 2871 997 2919 unam
1008 2847 1259 2943 substantiam,
1271 2865 1342 2922 tres
1358 2873 1532 2948 personas
1546 2848 1734 2948 perfectas,
1745 2845 1911 2943 aeqtrales,
1924 2860 2069 2918 cooeter·

467 2989 544 3037 nas.
564 2970 645 3039 Non
666 2965 773 3039 bonae
796 2967 1010 3067 suspicionis
1031 2984 1106 3063 est,
1133 2994 1218 3041 cum
1234 2971 1271 3042 in
1295 2969 1427 3042 eodem
1444 2993 1551 3041 sensu
1566 2969 1677 3041 verba
1700 2968 1928 3041 dissentiunt.
1947 2970 2015 3037 Ant
2037 2968 2067 3037 si

466 3100 605 3158 rectum
628 3088 761 3185 putatis
783 3101 854 3159 tres
875 3087 1086 3186 hypostases
1109 3114 1193 3162 cnm
1215 3087 1572 3190 interpretationibus
1592 3090 1666 3161 suis
1689 3087 1823 3160 debere
1841 3112 1909 3159 nos
1926 3085 2063 3175 dicere,

465 3229 540 3276 non
567 3231 753 3304 negamus.
779 3209 850 3281 Sed
868 3207 955 3279 mihi
975 3208 1127 3302 credite,
1145 3235 1328 3283 venenum
1351 3209 1419 3282 snb
1442 3208 1549 3281 melle
1562 3208 1662 3281 latet.
1682 3205 1925 3304 Transfigmat
1944 3231 1983 3279 se
2006 3230 2067 3278 an·

465 3324 565 3422 gelus
583 3328 741 3402 sathanae
756 3329 794 3402 in
813 3327 979 3426 angelum
996 3328 1099 3403 lucis.
1116 3357 1135 3398 n

513 3447 624 3535 Quod
642 3465 765 3523 autem
787 3450 987 3548 opponitur
999 3474 1112 3546 quare
1128 3451 1250 3548 potius
1266 3465 1338 3522 tres
1353 3472 1525 3548 personas
1542 3446 1715 3540 dicimus,
1735 3471 1848 3544 quam
1863 3461 1936 3520 tres
1950 3451 2064 3534 Deos,

464 3581 528 3639 aut
557 3583 629 3641 tres
656 3571 840 3659 essentias,
867 3570 941 3665 jam
971 3568 1128 3643 arbitror
1160 3596 1204 3643 ex
1229 3570 1462 3669 suprapositis
1483 3594 1559 3642 esse
1581 3568 1809 3642 manifestum
1830 3595 1839 3640 t
1858 3569 1944 3666 quia
1966 3567 2064 3640 vide·

383 3675 392 3685 ⁶
463 3686 547 3761 licet
572 3713 809 3787 personarum
837 3688 1022 3760 diversitas
1057 3688 1104 3761 ad
1134 3689 1402 3762 distinctionem
1425 3690 1687 3788 proprietatum
1716 3689 1893 3788 pertinet,
1922 3712 1999 3760 non
2020 3686 2065 3760 ad
2120 3681 2139 3742 i

465 3804 720 3884 discretionem
759 3809 1007 3882 essentiamm.
1043 3807 1203 3906 Ideoque
1226 3823 1297 3881 tres
1319 3825 1403 3881 sunt
1434 3835 1620 3909 personae,
1652 3808 1737 3907 quia
1770 3807 1911 3880 diversa
1944 3809 2067 3880 insunt

465 3928 612 4027 propria
637 3929 756 4001 eidem
783 3928 962 4018 essentiae,
991 3953 1077 4002 cum
1104 3953 1151 4001 ex
1182 3955 1227 4002 eo
1259 3930 1361 4028 quod
1392 3935 1496 4003 Pater
1521 3944 1574 4003 est
1596 3929 1695 4002 aliud
1719 3928 1909 4029 proprium
1933 3926 2066 3999 babeat

465 4046 523 4117 vel
545 4047 645 4120 aliud
667 4049 801 4145 exigat3
827 4062 864 4120 et
884 4047 983 4120 aliud
1007 4073 1051 4120 ex
1072 4072 1117 4121 eo
1140 4048 1242 4146 quod
1262 4063 1316 4121 est
1337 4049 1445 4122 Filius
1468 4050 1526 4123 vel
1552 4050 1705 4149 Spiritus
1724 4063 1882 4121 sanctus.
1908 4046 1990 4118 Tale
2012 4058 2068 4118 est

465 4190 551 4262 ergo
568 4171 687 4240 Deum
712 4182 782 4241 tres
802 4191 987 4268 personas,
1007 4191 1048 4240 ao
1071 4169 1101 4242 si
1123 4168 1286 4243 dicamus
1298 4170 1418 4268 ipsum
1447 4194 1524 4243 esse
1547 4173 1689 4242 Patrem
1712 4184 1747 4242 et
1773 4168 1901 4241 Filium
1921 4181 1959 4239 et
1985 4167 2067 4265 Spi·
2194 4211 2198 4216 -

465 4288 575 4362 ritum
602 4304 779 4361 sanctum.
812 4287 937 4360 Plures
965 4302 1084 4360 antem
1113 4292 1210 4362 Deos
1235 4315 1313 4364 esse
1329 4292 1359 4363 si
1393 4290 1576 4383 dicamus,
1608 4291 1700 4362 sicut
1726 4290 1848 4388 plnres
1878 4287 2065 4377 homines,

466 4406 720 4482 discretionem
753 4433 875 4482 rerum
901 4409 1135 4484 essentialiter
1158 4411 1382 4484 diversarum
1404 4409 1695 4484 demonstramus
1711 4433 1823 4507 quare
1843 4431 2068 4505 unaquaeque

464 4528 510 4598 sit
539 4533 648 4600 Deus.
683 4530 741 4602 Sic
765 4543 802 4601 et
825 4531 1010 4603 Socratem
1040 4531 1240 4603 secundum
1266 4530 1517 4629 grammaticos
1541 4531 1663 4629 plures
1691 4553 1864 4628 personas
1889 4527 2064 4615 dicimus,

464 4647 528 4720 sed
569 4673 644 4720 non
679 4648 799 4747 plures
841 4648 1019 4722 homines.
1049 4650 1185 4724 Eadem
1219 4650 1360 4723 ratione
1393 4674 1462 4722 nec
1500 4647 1622 4750 plures
1657 4650 1836 4722 Dominos
1866 4648 1922 4721 rel
1947 4648 2068 4746 plnres

464 4767 722 4866 potentesdioi
750 4770 936 4862 convenit,
960 4793 1028 4842 nec
1045 4769 1118 4842 ulla
1133 4770 1286 4843 omnino
1302 4768 1518 4868 assignanda
1540 4785 1593 4843 est
1622 4774 1699 4842 Deo
1726 4768 1908 4869 pluralitas
1933 4767 2005 4840 nisi
2030 4766 2066 4837 in

462 4889 639 4985 personis.

493 5159 657 5223 *Gennadtus
677 5162 708 5214 de
725 5163 844 5227 Ducunt.
857 5161 936 5225 Eccl,
947 5176 1000 5226 cap.
1014 5175 1037 5213 v.
1050 5164 1100 5199 -²
1111 5163 1152 5215 stc
1164 5160 1225 5214 sod.
1238 5163 1330 5214 turon.
1343 5188 1372 5199 -
1384 5164 1394 5195 ⁸
1404 5163 1467 5214 cod.
1480 5160 1573 5213 turon.
