4559 6100
461 507 533 583 tet
1061 510 1191 587 rarat
1215 506 1451 585 ABAELARDI

460 655 698 729 mimdantem
714 658 814 756 prius
831 673 867 732 et
880 660 1164 736 sanctificantem
1174 687 1196 736 a
1207 676 1354 761 peccato
1373 674 1525 732 matrem
1540 658 1638 755 ejus,
1659 670 1699 729 nt
1713 657 1760 730 de
1775 657 1912 730 semine
1924 680 2053 755 peom-

460 777 548 848 toris
560 776 677 849 David
693 795 958 853 sacrosanctam
982 807 1127 855 carnem
1143 794 1350 855 assumeret.
1370 778 1425 853 lld
1439 777 1526 850 illud
1540 801 1626 850 vero
1643 777 1741 849 aliud
1767 776 1868 875 quod
1893 776 2053 849 secundo

462 896 677 993 promiserat
695 922 703 966 :
719 899 819 984 «Qui
836 900 1106 999 praedestinatus
1122 916 1175 974 est
1188 900 1295 972 Filius
1308 899 1374 971 Dei
1390 899 1426 969 in
1451 897 1593 987 virtute,
1611 926 1629 961 s
1649 895 1744 968 istud
1766 896 1923 968 annectit
1946 923 1955 966 ε
1975 899 2053 969 «Ex

462 1015 721 1087 resurrectione
737 1031 961 1093 mortuorum
977 1024 1057 1093 lesu
1070 1021 1216 1092 Christi.
1227 1049 1244 1085 »
1256 1023 1306 1090 Ac
1316 1018 1346 1089 si
1359 1016 1493 1089 diceret
1508 1042 1517 1084 :
1532 1019 1581 1086 Ex
1591 1028 1678 1087 tunc
1689 1013 1821 1087 sactum
1837 1029 1892 1087 est
1907 1030 1947 1086 ut
1963 1029 2055 1086 esset
2111 1092 2116 1101 ,

461 1134 574 1205 virtus
592 1157 654 1205 seu
674 1134 846 1210 fortitudo
868 1139 1032 1211 omnium
1050 1163 1115 1238 per
1140 1137 1250 1209 fidem
1264 1137 1297 1209 ei
1309 1135 1581 1224 cohaerentium,
1596 1158 1642 1205 cx
1658 1158 1733 1232 quo
1749 1134 1825 1231 ejus
1840 1134 2054 1206 resurrectio

462 1251 642 1351 completa
663 1267 729 1345 est,
756 1254 941 1329 testificata
955 1282 1022 1356 per
1037 1257 1336 1330 resurrectionem
1360 1269 1587 1326 mortuorum
1609 1252 1738 1325 eodem
1763 1252 1822 1324 dic
1842 1252 1983 1344 lactarm
2006 1251 2054 1324 de

462 1371 593 1468 quibus
621 1373 793 1472 scriptum
821 1390 875 1448 est
901 1376 1007 1474 quia¹
1034 1389 1252 1463 «venerunt
1282 1376 1318 1446 in
1347 1387 1509 1447 sanctam
1531 1373 1710 1445 civitatem
1742 1387 1779 1444 ct
1813 1386 2055 1470 apparuerunt

463 1492 636 1564 multis.»
661 1495 762 1565 Tunc
783 1495 881 1567 cuim
905 1497 1024 1567 omnis
1045 1494 1263 1568 infidelitatis
1287 1493 1464 1566 dubitatio
1493 1493 1679 1585 abscessit,
1707 1517 1786 1590 quae
1814 1491 1861 1563 de
1890 1492 2055 1590 passione

462 1634 608 1707 quoque
634 1609 816 1710 discipulis
836 1613 1037 1701 acciderat,
1060 1639 1219 1711 quorum
1245 1611 1392 1711 quidam
1415 1613 1489 1708 jam
1513 1611 1691 1710 desperati
1710 1610 1899 1683 dicebant¹
1917 1637 1926 1680 :
1946 1639 1965 1680 ι(
1983 1614 2055 1682 Nos

462 1741 581 1800 autem
599 1729 831 1828 sperabamus
853 1732 954 1829 quod
976 1733 1052 1831 ipse
1069 1746 1162 1805 esset
1183 1731 1433 1830 redempturus
1460 1729 1615 1802 lsrael.»
1643 1731 1803 1800 Mortuos
1822 1733 1904 1800 Jesu
1926 1727 2056 1801 Christi

461 1845 560 1939 dicit,
574 1848 613 1921 id
628 1863 693 1939 est,
712 1849 761 1923 ad
771 1849 949 1923 honorem
965 1852 1088 1950 ipsius,
1104 1852 1168 1950 qui
1183 1850 1229 1924 ad
1243 1851 1315 1923 hoc
1329 1850 1461 1922 mortui
1477 1849 1630 1939 fuerant,
1643 1863 1685 1920 ut
1695 1873 1779 1921 euru
1789 1849 2057 1920 resurrectionis

462 1990 533 2038 suae
551 1969 756 2043 testimonio
780 1969 1032 2066 glorificarent.
1057 1973 1247 2045 Possumus
1274 1986 1309 2044 et
1335 1970 1633 2061 resurrectionem
1659 1968 1855 2067 spiritalem
1884 1968 2011 2041 animae
2035 1993 2056 2040 a

462 2084 591 2159 virtute
612 2088 688 2185 ejus
704 2089 885 2187 accipere,
902 2090 949 2163 de
962 2114 1034 2187 qua
1049 2090 1195 2162 Simeon
1218 2091 1268 2161 ait
1281 2089 1386 2188 quia⁸
1401 2118 1419 2155 α
1438 2090 1575 2188 positus
1592 2102 1645 2160 est
1660 2086 1721 2158 hic
1737 2087 1775 2158 in
1793 2087 1935 2159 ruinam
1952 2103 1988 2160 et
2001 2111 2056 2159 re-

462 2207 720 2279 surrectionem
737 2207 947 2281 multorum.
963 2239 980 2276 »
1000 2210 1105 2282 Solus
1118 2210 1253 2309 quippe
1268 2223 1323 2281 cst
1336 2207 1495 2282 Christus
1511 2208 1575 2305 qui
1595 2231 1616 2279 a
1632 2219 1749 2278 morte
1760 2205 1888 2279 animae
1904 2204 2057 2280 liberare

462 2337 593 2420 potest,
611 2330 732 2422 Agnus
748 2326 914 2400 videlicet
925 2329 991 2401 Dei
1003 2330 1067 2426 qui
1082 2330 1175 2402 tollit
1187 2343 1333 2428 peccata
1348 2327 1489 2401 mundi.
1506 2325 1714 2399 Notandum
1725 2350 1812 2398 vero
1822 2324 1936 2424 quod,
1955 2340 1997 2397 nt
2009 2326 2058 2399 ait

461 2439 586 2515 beatus
606 2446 823 2539 Augustinus
844 2447 879 2518 in
903 2446 1150 2538 Enohirrhlion,
1168 2473 1251 2520 cum
1268 2447 1409 2520 dicatur
1420 2447 1581 2519 Christus
1597 2461 1703 2519 natus
1720 2469 1764 2517 ex
1785 2446 1919 2542 Spiritu
1934 2459 2057 2518 sancto

463 2573 498 2631 et
513 2562 638 2656 Maria,
654 2587 729 2635 non
744 2578 866 2637 tamen
884 2564 967 2638 ideo
984 2565 1092 2639 Filius
1106 2568 1256 2665 Spiritus
1268 2567 1383 2639 sancti
1399 2565 1530 2639 dicitur
1545 2567 1636 2637 sicut
1652 2566 1784 2654 Mariae,
1798 2589 1882 2636 oum
1895 2564 2059 2637 videlicet

462 2701 536 2750 non
557 2681 601 2751 sit
623 2696 727 2754 natus
745 2698 806 2755 aut
817 2700 1014 2783 conceptus
1040 2711 1084 2758 ex
1106 2686 1306 2758 substantia
1335 2685 1486 2784 Spiritus
1517 2685 1643 2770 sancti,
1674 2685 1764 2756 sicut
1789 2708 1832 2756 ex
1863 2682 2058 2756 substantia

460 2797 590 2888 Mariae,
614 2799 676 2871 sed
697 2801 815 2897 potius
839 2827 904 2900 per
928 2804 1176 2901 operationem
1195 2804 1359 2902 Spiritus,
1378 2803 1415 2876 id
1428 2818 1493 2893 est,
1513 2803 1643 2876 divinae
1657 2804 1777 2900 gratiae
1792 2802 1967 2876 excellens
1983 2804 2059 2900 ejus

464 2917 652 3015 conceptio
667 2918 742 2990 sive
752 2920 917 2993 nativitas
930 2921 1022 2994 facta
1035 2936 1101 3016 est,
1122 2937 1159 2995 et
1175 2923 1259 2996 ideo
1275 2948 1319 2996 ex
1336 2923 1398 2997 illo
1409 2946 1555 3022 quoque
1569 2937 1687 3014 uatus,
1704 2923 1778 2996 hoc
1792 2938 1844 2996 est
1860 2936 2058 3020 conceptus

462 3033 643 3133 perillum
661 3035 803 3110 dicitur.
823 3042 903 3112 Non
920 3041 1017 3113 enim
1031 3067 1140 3114 omne
1158 3042 1259 3139 quod
1274 3069 1317 3117 ex
1333 3042 1454 3142 aliquo
1473 3043 1631 3117 nascitur
1647 3041 1741 3116 iilius
1761 3030 1837 3140 ejus
1856 3040 2001 3133 dicitur,
2018 3057 2060 3112 ut

462 3152 579 3252 capilli
593 3177 636 3226 ex
652 3156 783 3254 capite,
798 3158 853 3230 vel
869 3158 1024 3258 pediculi
1038 3186 1081 3233 ex
1093 3161 1198 3234 nohis
1212 3176 1410 3237 nascentes.
1430 3165 1479 3236 Ex
1493 3186 1588 3260 aqua
1600 3174 1790 3260 quoqueet
1801 3160 1928 3260 spiritu
1936 3160 2059 3233 denuo

462 3286 700 3361 renascentes,
717 3299 946 3373 nequaquam
963 3278 1027 3352 filii
1042 3304 1143 3379 aquae
1167 3282 1334 3355 dicimur.
1362 3281 1487 3355 Solent
1504 3260 1540 3355 et
1559 3280 1624 3353 filii
1637 3281 1708 3354 dici
1724 3306 1873 3373 eornm,
1891 3280 2059 3378 aquibus

463 3414 539 3461 nun
553 3408 764 3487 nascuntur,
776 3395 890 3469 utfilii
902 3396 1077 3496 adoptivi,
1093 3399 1157 3472 filii
1173 3400 1323 3494 diaboli,
1342 3401 1404 3474 filii
1420 3402 1605 3498 gehennae,
1619 3400 1674 3473 vel
1688 3399 1750 3472 filii
1766 3426 1830 3500 per
1842 3399 2056 3473 doctrinam.

462 3509 594 3607 Siquis
611 3526 732 3585 tamen
746 3514 926 3588 Christum
942 3518 1143 3591 secuudum
1161 3519 1347 3600 hominem
1360 3519 1487 3593 Filium
1503 3522 1569 3592 Dei
1582 3535 1645 3592 aut
1657 3521 1809 3619 Spiritus
1823 3522 1937 3592 sancti
1949 3519 2057 3608 dicat,

464 3651 507 3699 eo
522 3628 670 3725 quidem
686 3630 799 3704 modo
817 3658 891 3730 quo
905 3649 1052 3708 caeteros
1067 3634 1191 3709 fideles
1207 3663 1272 3736 per
1287 3636 1431 3711 filialem
1452 3641 1484 3711 ei
1505 3663 1667 3712 amorem
1683 3639 1878 3737 subjectos,
1904 3663 1980 3712 non
1997 3638 2059 3713 ah-

463 3746 612 3818 surdum
629 3749 797 3822 arbitror.
813 3755 893 3824 Non
910 3768 1029 3826 tamen
1047 3755 1132 3827 ideo
1155 3754 1275 3853 plures
1295 3756 1433 3830 lrabeat
1454 3773 1573 3857 patres
1599 3772 1748 3857 propter
1766 3763 1897 3846 Deum,
1928 3758 2062 3832 scilicet

466 3866 606 3942 Patrem
631 3879 668 3938 ct
692 3867 864 3965 Spiritum
887 3885 1069 3961 sanctum;
1101 3897 1185 3945 cum
1207 3876 1401 3973 praesertim
1418 3900 1486 3948 nec
1502 3878 1618 3949 caeteri
1636 3876 1738 3950 electi
1756 3877 1876 3975 plures
1889 3882 2008 3975 patres
2022 3878 2061 3949 in

464 3984 542 4052 Deo
558 3979 717 4056 habeant
732 3999 879 4083 propter
894 4012 1130 4085 personarum
1147 3991 1399 4067 diversitatem.
1420 3999 1543 4092 Neque
1560 3994 1658 4067 euim
1671 3995 1721 4067 ihi
1739 3996 1859 4095 plures
1874 4009 1994 4095 patres
2005 3995 2063 4068 di·

465 4098 622 4171 cendum
640 4115 707 4192 est,
731 4103 823 4176 sicut
834 4129 902 4177 nec
915 4105 1037 4204 plures
1057 4114 1154 4183 Deos
1178 4125 1240 4184 aut
1260 4114 1455 4201 Domiuos,
1474 4137 1558 4186 cum
1577 4113 1676 4186 nulla
1686 4115 1730 4186 sit
1746 4114 1796 4187 ibi
1810 4138 1932 4187 rerum
1943 4113 2064 4187 direr-

464 4218 562 4307 sitas,
588 4232 651 4290 aut
672 4222 862 4294 nominum
880 4223 1094 4301 differentia.
1120 4230 1157 4299 Si
1182 4254 1270 4302 vero
1287 4246 1467 4328 quaeratur
1483 4245 1604 4303 utrum
1621 4232 1735 4304 homo
1752 4232 1810 4304 illc
1827 4234 1863 4305 in
1882 4231 2022 4303 Christo
2039 4257 2062 4304 a

465 4335 586 4408 Verbo
607 4352 822 4437 assumptus,
842 4342 887 4414 sit
904 4342 1096 4443 adoptivus
1121 4348 1189 4419 Dei
1210 4349 1331 4436 Filius,
1349 4351 1438 4423 siout
1466 4352 1582 4424 caeteri
1599 4350 1714 4442 electi,
1733 4376 1818 4425 cum
1835 4351 1906 4424 hoc
1921 4350 2062 4422 bonum

466 4479 612 4553 quoque
625 4480 689 4555 per
705 4459 856 4554 gratiam
868 4459 1014 4555 haheat,
1030 4490 1105 4539 non
1121 4480 1211 4565 puto
1228 4467 1517 4542 concedendum.
1534 4471 1605 4559 Qui
1615 4472 1712 4542 enim
1731 4470 1951 4571 adoptantur
1962 4482 1998 4542 et
2009 4468 2064 4542 sic

466 4573 528 4645 lilii
542 4573 758 4669 efficiuntur,
775 4578 898 4676 utique
913 4582 1011 4679 prius
1028 4598 1131 4657 crant
1149 4609 1224 4658 non
1235 4611 1280 4659 co
1294 4586 1407 4660 modo
1418 4587 1479 4660 filii
1492 4613 1566 4687 quo
1579 4590 1662 4663 sacti
1675 4603 1771 4663 sunt.
1791 4594 1835 4662 ht
1850 4614 1937 4662 vero
1947 4587 2066 4661 homo

465 4691 523 4764 ille
538 4692 690 4766 aVerbo
700 4712 917 4795 assumptus,
931 4702 1082 4775 omnino
1097 4704 1173 4777 sine
1190 4719 1337 4803 peccato
1350 4721 1386 4779 et
1400 4720 1505 4779 natus
1518 4723 1554 4780 et
1569 4723 1778 4807 conceptus,
1791 4709 1912 4781 statim
1928 4733 1971 4780 ex
1986 4729 2067 4803 quo

465 4812 612 4902 exstitit,
631 4813 739 4886 Filius
752 4815 820 4889 Dei
835 4841 900 4916 per
916 4821 1064 4916 gratiam
1078 4822 1155 4896 suit.
1177 4829 1250 4897 Nos
1265 4847 1352 4898 vero
1373 4825 1433 4899 alii
1452 4825 1515 4924 qui
1535 4850 1620 4898 oum
1644 4841 1793 4925 peccato
1812 4828 2007 4916 nascimur,
2026 4841 2072 4900 et

497 5081 671 5149 'llatttr.,cap.
684 5099 762 5148 aava,
776 5102 796 5138 r.
812 5092 852 5142 tt.
863 5115 892 5127 -
903 5093 912 5122 ²
923 5089 1056 5157 trama
1068 5108 1138 5157 uu,
1151 5110 1174 5147 r.
1187 5100 1228 5148 21.
1238 5097 1356 5155 -2tue..
1365 5111 1419 5161 etp.
1432 5111 1460 5160 n,
1469 5111 1492 5149 v.
1507 5100 1546 5150 n.
