4559 6100
485 519 558 591 tto
1090 520 1219 594 PETRI
1243 520 1478 595 tumtun!

485 695 652 759 monum,
682 694 747 768 per
774 694 931 768 quorsum
959 694 1025 742 ora
1054 672 1110 744 vel
1140 684 1259 770 gestus
1288 670 1440 771 praedari
1471 649 1619 746 miseras
1648 697 1722 745 non
1755 684 1892 744 cessant
1918 668 2079 742 animas?

483 795 618 863 Gravat
639 788 801 888 profecto
825 804 862 863 et
884 789 989 866 taedet
1012 791 1195 864 auditores
1217 789 1318 888 quod
1340 792 1378 863 in
1395 791 1543 864 ecclesia
1559 791 1626 865 Dei
1649 790 1798 880 dicitur;
1817 789 2009 864 molestum
2026 802 2079 861 est

484 911 554 982 illis
579 911 645 1008 qui
666 909 823 984 offerunt
845 911 976 984 Christi
1000 908 1190 1002 altaribus3
1214 934 1284 983 nee
1312 910 1349 982 in
1372 910 1457 1009 ipsis
1474 911 1662 985 missarum
1685 911 1883 1003 solemniis,
1909 907 1956 981 ad
1975 908 2078 981 unius

484 1030 583 1103 horn
603 1030 773 1130 spatium,
791 1030 953 1128 linguam
968 1054 990 1104 a
1004 1030 1222 1128 vaniloquiis
1238 1029 1409 1104 cohibere
1427 1045 1591 1130 possunt.
1610 1035 1718 1104 Totus
1734 1032 1859 1129 flagrat
1879 1043 1915 1103 et
1936 1028 2078 1102 anhelat

484 1149 627 1222 animus
644 1149 740 1222 foras
757 1150 806 1223 ad
826 1151 962 1224 curiam
980 1150 1188 1224 damonum
1207 1164 1241 1224 et
1257 1163 1459 1224 conventus
1475 1148 1706 1244 histrionum,
1726 1150 1789 1223 ubi
1811 1163 1896 1221 sunt
1915 1149 1953 1219 in
1979 1145 2078 1219 obla·

484 1267 643 1341 tionibus
664 1267 819 1368 prodigi,
838 1283 872 1342 et
890 1294 976 1342 cum
992 1294 1137 1344 summo
1152 1268 1295 1343 silentio
1311 1283 1346 1342 et
1368 1283 1445 1343 toto
1464 1267 1644 1342 desiderio
1661 1270 1784 1343 attenti
1800 1268 1865 1355 illi,
1886 1268 2077 1362 undictam

482 1403 548 1481 est,
569 1386 755 1461 diabolicae
772 1388 1029 1487 praedicationi.
1050 1393 1179 1464 Parum
1201 1389 1358 1463 fortassis
1376 1404 1411 1461 et
1428 1389 1500 1462 hoe
1515 1386 1683 1464 diabolus
1698 1401 1841 1488 reputat
1861 1387 1962 1486 quod
1980 1401 2075 1460 extra

482 1532 581 1582 sacra
607 1510 689 1582 loca
714 1508 944 1583 basilicarum
970 1525 1122 1608 gerunt,
1153 1510 1221 1582 nisi
1249 1510 1356 1583 etiam
1381 1511 1539 1583 scenicas
1565 1508 1802 1609 turpitudines
1829 1508 1865 1581 in
1891 1508 2074 1581 ecclesiam

481 1631 547 1701 Dei
571 1626 788 1703 introducat.
816 1630 910 1704 Proh
934 1627 1061 1703 dolorl
1090 1628 1200 1708 audet
1224 1630 1316 1722 hoc;
1345 1644 1380 1702 et
1405 1628 1497 1730 prob
1522 1627 1657 1730 pudori
1683 1627 1836 1728 perficit,
1863 1642 1971 1726 atque
1994 1639 2075 1700 ante

480 1748 558 1847 ipsa
579 1747 713 1822 Christi
727 1749 864 1843 altaria,
884 1748 1055 1824 omnibus
1067 1750 1143 1846 jam
1161 1748 1297 1846 ubique
1317 1747 1531 1822 introductis
1549 1745 1844 1849 turpitudinibus,
1863 1772 1929 1847 per
1944 1746 2073 1820 sokni-

479 1868 633 1941 nitatum
656 1884 856 1943 conventus
873 1868 1007 1970 templa
1023 1869 1239 1946 dedicantur
1261 1867 1499 1959 damonibus,
1518 1883 1555 1941 et
1571 1867 1640 1941 suh
1656 1867 1837 1964 religionis
1852 1882 1887 1939 et
1903 1867 2073 1940 orationis

479 1986 652 2077 obtentu,
681 1988 731 2061 ad
760 1988 974 2088 explendam
1004 1989 1115 2064 libere
1143 1988 1325 2065 lasciviam
1357 1986 1528 2062 omnibus
1555 1987 1716 2085 undique
1757 2002 1830 2060 tam
1857 1987 1940 2059 viris
1964 2010 2072 2085 qnam

480 2107 620 2180 leminis
632 2108 945 2203 convenientibus,
966 2110 1116 2185 Veneris
1130 2108 1356 2184 celebrantur
1373 2109 1511 2205 vigiliae.
