4559 6100
748 525 1003 600 raaotocu
1028 525 1308 600 carreriam.
1716 499 1833 597 'aso

232 688 384 775 Quantae
413 693 534 754 autem
570 677 751 776 religionis
784 702 850 750 seu
883 676 1105 751 abstinentiae
1134 675 1292 776 populus
1322 678 1604 773 Bragmanorum
1635 673 1763 769 luerit,
1793 691 1835 750 ut

232 804 418 878 thianeus
437 824 546 901 supra
562 799 748 874 universas
765 799 930 871 nationes
953 795 1039 870 lidei
1054 819 1163 870 sacrae
1185 795 1457 893 intelligentiam
1474 796 1647 894 inspirare
1658 794 1831 887 deberet,

232 922 397 1023 Epistola
413 920 577 994 Dindimi
593 917 640 994 ad
662 917 905 993 Alexandrum
924 917 1144 1007 continetur,
1168 915 1302 1015 quibus
1316 914 1465 1013 quidem
1490 915 1671 1012 epistolis,
1695 915 1726 987 si
1745 913 1835 987 lides

231 1041 440 1118 adhibenda
456 1040 515 1132 sit,
544 1039 644 1114 nulla
662 1038 854 1113 homiuum
870 1038 943 1111 vita
965 1051 1301 1136 quantumcumque
1324 1035 1597 1133 religiosorum,
1622 1035 1836 1108 innocentiae

231 1178 340 1261 atque
361 1160 587 1235 abstinentiae
605 1157 916 1234 Brachmanorum
942 1157 1197 1257 aequiparanda
1221 1156 1376 1230 videtur.
1407 1158 1483 1227 Hos
1507 1170 1628 1229 autem
1649 1155 1687 1227 in
1714 1179 1835 1228 exem·

231 1283 335 1383 plum
358 1279 582 1354 abstinentiae
606 1278 733 1352 beatus
756 1303 903 1378 quoque
925 1279 1168 1376 Hieronymus
1188 1276 1296 1351 nobis
1313 1276 1499 1377 proponit,
1526 1275 1572 1349 de
1592 1274 1725 1374 quibus
1743 1276 1837 1350 inter

230 1417 349 1478 cetera
376 1402 413 1474 in
438 1399 600 1476 secundo
628 1401 762 1472 Contra
785 1401 1014 1473 Joor‘nr‘onum
1037 1397 1202 1471 meminit
1224 1397 1348 1469 dicens
1376 1422 1384 1467 ε
1418 1425 1436 1465 a
1452 1395 1669 1469 Bardesanes
1691 1395 1746 1466 vir
1771 1400 1833 1467 Bn-

230 1521 399 1621 bylonius
424 1520 462 1592 in
487 1519 568 1593 duo.
586 1519 756 1616 dogmata
776 1518 875 1619 apud
900 1518 1010 1592 lndos
1031 1516 1356 1618 Gymnosophistas
1376 1515 1516 1605 dividit,
1539 1541 1697 1614 quorum
1723 1540 1837 1587 unum

230 1640 388 1743 appellat
413 1639 667 1730 Brachmanas,
695 1639 846 1713 alterum
872 1642 1086 1730 samoneos,
1115 1638 1178 1737 qui
1208 1652 1313 1711 tantae
1337 1637 1565 1710 continentiae
1590 1651 1688 1727 sunt,
1717 1649 1756 1708 ut
1779 1633 1836 1708 vel

231 1764 350 1862 pomis
375 1760 551 1836 arborum
578 1762 679 1859 juxta
704 1764 868 1859 Gangym
896 1759 1067 1853 fluvium,
1094 1759 1151 1832 vel
1176 1758 1323 1857 publico
1351 1759 1456 1831 orizae
1487 1773 1524 1832 et
1550 1758 1670 1831 lamnae
1693 1759 1835 1830 alantur

229 1881 334 1973 cibo;
359 1897 497 1955 etcum
518 1906 582 1954 rex
600 1880 646 1954 ad
670 1906 733 1954 eos
749 1880 899 1969 venerit,
923 1879 1075 1955 adorare
1091 1880 1173 1953 illos
1196 1879 1323 1952 solitus
1339 1878 1400 1968 sit,
1423 1903 1622 1978 pacemque
1641 1876 1834 1976 provinciae

231 2027 304 2075 suae
327 2002 364 2073 in
382 2001 527 2075 illorum
547 2000 713 2100 precibus
727 2000 892 2074 arbitrari
909 2001 1028 2074 sitam.
1043 2029 1061 2068 n
1082 1999 1135 2072 ad
1155 2025 1248 2098 quos
1269 2000 1378 2071 etiam
1393 1998 1515 2072 divina
1531 1999 1642 2096 gratia
1659 1995 1837 2096 praedica·

234 2122 372 2195 tionem
395 2121 577 2219 Evangelii
598 2122 786 2214 directam,
812 2121 887 2220 ipsa
906 2120 1069 2217 ejusdem
1088 2120 1253 2219 Epistola
1277 2119 1324 2192 ad
1342 2144 1513 2218 magnum
1540 2133 1721 2191 oratorem
1748 2141 1836 2217 per-

236 2239 340 2313 hibet
358 2239 413 2313 his
429 2242 569 2315 verbis:
585 2246 793 2313 «Pautenus
813 2242 939 2314 Stoicae
959 2255 1062 2313 sectae
1082 2240 1332 2341 philosophus,
1352 2237 1405 2311 ob¹
1418 2241 1604 2339 praecipuae
1620 2237 1834 2311 eruditionis

235 2358 390 2456 gloriam
406 2385 426 2433 a
446 2362 628 2434 Demetrio
648 2359 868 2438 Alexandria
892 2361 1064 2459 episcopo
1082 2362 1212 2434 missus
1230 2376 1283 2433 est
1307 2359 1458 2453 ludiarn,
1479 2374 1519 2432 ut
1535 2358 1715 2431 Christum
1733 2358 1832 2457 apud

240 2479 483 2556 Brachmanas
499 2497 534 2555 et
550 2481 644 2554 illius
660 2482 775 2579 gentis
791 2480 1028 2580 philosophos
1045 2480 1266 2581 praedicaret.
1289 2512 1307 2548 s

283 2604 402 2676 Restat
424 2601 583 2701 denique
607 2601 652 2675 ad
676 2602 874 2675 maximum
894 2600 995 2674 illum
1016 2601 1212 2674 latinorum
1228 2600 1501 2702 philosophum,
1523 2601 1685 2673 Boetium
1701 2598 1837 2673 scilicet

228 2719 465 2816 descendere,
492 2721 555 2819 qui
575 2746 703 2794 omnes
724 2721 797 2794 fere
818 2720 1019 2794 liberalium
1040 2723 1170 2794 artium
1195 2722 1402 2822 disciplinas
1423 2720 1616 2794 scribendo
1636 2720 1694 2793 vel
1718 2735 1834 2792 trans·

226 2839 395 2931 ferendo,
426 2864 489 2913 scu
518 2842 626 2913 etiam
651 2840 868 2941 exponendo
896 2840 1015 2914 latinis
1041 2841 1203 2935 tradidit,
1233 2867 1275 2914 ac
1294 2841 1482 2938 diligenter
1508 2854 1637 2913 sanctae
1653 2840 1833 2913 Trinitatis

228 2958 343 3032 iidem
368 2958 585 3059 Symmacho
616 2987 743 3035 socero
767 2987 834 3034 suo
857 2976 891 3034 et
915 2962 1150 3062 compatricio
1178 2962 1370 3035 scribendo
1394 2963 1606 3058 edisserens,
1632 2961 1677 3035 de
1697 2962 1834 3034 unitate

224 3105 377 3180 quoque
404 3105 568 3179 personae
594 3080 725 3154 Christi
754 3107 796 3155 ac
824 3081 1027 3155 diversitate
1057 3098 1267 3156 naturarum
1295 3108 1375 3181 quae
1404 3083 1441 3154 in
1470 3085 1549 3181 ipso
1578 3098 1676 3171 sunt,
1705 3082 1836 3156 divinae

223 3200 364 3273 scilicet
392 3216 429 3272 et
458 3198 639 3291 bumanae,
669 3200 716 3273 ad
747 3200 951 3273 iohannem
978 3201 1192 3294 diaconum,
1224 3204 1287 3300 qui
1312 3218 1437 3301 postea
1463 3227 1557 3301 papa
1584 3202 1730 3274 effectus
1759 3216 1831 3291 est,

221 3322 422 3397 scribendo
444 3339 571 3397 contra
592 3324 782 3397 Eutichem
805 3338 841 3397 et
863 3326 1066 3397 Nestorium
1089 3327 1226 3425 optime
1244 3326 1451 3426 disputavit,
1470 3324 1653 3420 iidemque
1673 3339 1833 3397 nostram

222 3458 265 3517 et
289 3467 395 3516 suam
423 3468 470 3515 ne
488 3444 526 3515 in
551 3444 674 3542 aliquo
699 3443 894 3535 vacillaret,
922 3459 995 3517 tam
1020 3444 1067 3518 de
1088 3446 1275 3518 divinitate
1299 3471 1409 3543 quam
1432 3444 1478 3517 de
1498 3444 1691 3517 divinitatis
1719 3450 1834 3518 lncar·

219 3563 377 3637 natione
391 3563 602 3658 tractando,
626 3563 948 3663 inexpugnabiliter
964 3567 1123 3638 astruxit.
1145 3569 1294 3639 Constat
1308 3565 1409 3637 hunc
1424 3564 1605 3663 egregium
1630 3580 1832 3639 senatorem
1864 3591 1869 3601 ·

185 3688 452 3774 ·R0manum,
482 3684 671 3758 consulem
708 3710 856 3785 quoque
891 3700 998 3784 atque
1028 3687 1239 3786 patricium,
1275 3702 1438 3787 tempore
1473 3686 1633 3786 predicti
1659 3687 1833 3760 lobannis

215 3829 329 3905 papae
351 3804 517 3879 floruisse
542 3831 563 3878 a
584 3807 753 3879 Silvestro
780 3832 874 3906 papa
894 3807 1070 3904 vigesimi,
1095 3824 1131 3881 et
1155 3833 1240 3881 eum
1264 3808 1301 3881 in
1325 3808 1384 3881 illa
1403 3810 1651 3909 persecutione
1667 3807 1834 3882 Christia-

212 3949 375 4015 norum,
400 3949 473 4024 qua
500 3926 536 3999 in
563 3927 768 4000 iohannem
793 3952 924 4027 papam
951 3941 1163 4028 ceterosque
1190 3928 1404 4003 christianos
1430 3929 1676 4002 Theodericus
1701 3929 1828 4019 saeviit,

214 4070 301 4120 una
314 4070 399 4118 cum
414 4046 585 4145 praedicto
603 4047 821 4146 Symmacho
839 4047 1062 4122 occubuisse.
1080 4053 1134 4123 De
1152 4075 1227 4148 quo
1244 4051 1280 4123 in
1300 4054 1417 4124 Gestis
1432 4052 1665 4150 Pontificum,
1684 4074 1828 4123 necnon

209 4169 254 4240 in
276 4164 376 4239 libro
395 4160 653 4240 ottracatorom
671 4174 710 4240 Β.
728 4169 910 4242 Benedicti
933 4170 1107 4269 scriptum
1127 4185 1193 4261 est,
1217 4171 1370 4269 qualiter
1387 4170 1551 4244 videlicet
1571 4170 1699 4243 ambos
1713 4171 1829 4242 Theo·

210 4287 368 4361 dericus
385 4312 446 4359 rex
464 4287 669 4360 Gothorum
686 4289 876 4362 interiecit.
897 4293 937 4361 ln
960 4291 1077 4362 Gestis
1094 4289 1243 4388 quidem
1261 4292 1310 4364 ita
1327 4292 1500 4391 scriptum
1517 4293 1695 4392 reperies:
1717 4319 1736 4358 o
1757 4294 1830 4363 Rex

208 4406 413 4479 haereticus
437 4406 677 4481 Theodericus
701 4410 796 4483 duos
820 4424 1004 4485 senatores
1020 4425 1057 4483 et
1077 4412 1244 4484 consules
1265 4425 1301 4485 et
1315 4411 1621 4510 patriciosgladio
1638 4411 1825 4504 interiecit,

205 4526 391 4601 Boetium
407 4540 444 4598 et
460 4530 739 4626 Symmachum,
758 4556 917 4629 quorum
933 4532 1041 4603 etiam
1058 4529 1234 4605 abscondi
1257 4556 1412 4631 corpora
1427 4533 1608 4632 praecepit.
1622 4563 1640 4600 n
1669 4537 1709 4604 ln
1735 4532 1828 4605 libro

204 4661 346 4720 autem
363 4648 627 4721 Miraculornm
641 4650 801 4750 praedicti
817 4652 931 4724 sancti
947 4652 997 4724 ita
1009 4652 1232 4725 continetur:
1245 4652 1514 4726 «Theodericus
1529 4667 1611 4753 post
1622 4653 1827 4725 Odoacrem

201 4770 429 4845 Gothorum
462 4773 706 4873 principatum
730 4800 816 4848 cum
839 4777 939 4873 regio
961 4776 1110 4848 nomine
1133 4776 1344 4876 suscipiens,
1366 4775 1480 4849 homo
1501 4777 1670 4877 pestilens
1693 4776 1828 4848 Arianae

198 4905 341 4986 sectae,
368 4892 527 4990 denique
551 4895 645 4967 inter
668 4910 788 4969 cetera
814 4894 987 4991 facinora,
1014 4895 1217 4971 iohannem
1246 4922 1378 4998 papam
1402 4898 1583 4997 corporali
1608 4896 1729 4969 inedia
1750 4917 1828 4969 ma·

198 5025 385 5085 ceratum
409 5015 563 5108 necavit,
589 5014 754 5113 duosque
782 5017 953 5090 senatorii
980 5016 1116 5089 ordinis
1142 5017 1240 5089 viros
1265 5032 1302 5089 et
1323 5016 1547 5108 exconsules,
1571 5015 1828 5115 Symmachum

195 5131 387 5207 videlicet
398 5147 505 5231 atque
524 5135 689 5209 Boetium
705 5137 742 5209 in
760 5161 904 5211 carcere
922 5136 1042 5236 gladio
1060 5137 1400 5212 transverberavit.»
1413 5140 1505 5210 Cum
1514 5137 1635 5235 itaque
1652 5137 1829 5215 Dominus
