4559 6100
676 627 970 702 lNTRODUCTlO
997 629 1057 701 ΑΙ)
1081 627 1389 701 THEOLOGlAM.
1704 646 1714 676 ·
1763 629 1833 702 139

235 781 357 852 latere.
370 776 475 850 Unde
491 790 527 849 et
544 777 606 850 Dei
622 778 741 871 Filius,
757 779 822 851 Dei
836 778 961 871 virtus,
979 795 1014 852 et
1027 781 1094 851 Dei
1107 777 1282 879 sapientia
1297 777 1439 869 dicitur,
1453 777 1602 868 hocest,
1617 779 1726 853 cavis
1743 780 1833 853 divi-

234 925 289 972 nar
302 899 486 999 potentiae,
504 920 577 997 qua
592 913 722 972 cuncta
735 900 839 998 sapit,
850 899 923 972 hoc
939 899 1179 973 estseraciter
1195 898 1436 992 discernit,ut
1448 899 1486 970 in
1506 897 1620 991 nullo,
1639 912 1680 972 ut
1695 900 1832 975 dictum

234 1034 306 1111 est,
323 1042 444 1091 errare
466 1019 595 1117 possit,
616 1043 683 1093 nec
704 1020 901 1118 quidquam
924 1020 1001 1117 ejus
1028 1019 1202 1093 obsistere
1224 1033 1332 1115 queat
1357 1019 1568 1115 cognitioni.
1588 1023 1671 1091 liaec
1686 1015 1832 1117 quidem

235 1140 312 1236 ejus
327 1139 454 1211 notitia
471 1139 545 1211 sive
562 1139 708 1213 scientia
720 1165 822 1238 aeque
839 1140 980 1235 lutura,
1004 1142 1096 1214 sicut
1122 1141 1309 1239 presentia
1328 1137 1383 1211 vel
1401 1140 1576 1237 praeterita
1594 1140 1834 1240 comprehen-

236 1258 307 1351 dit;
324 1273 359 1330 et
376 1283 480 1356 aeque
497 1258 542 1331 de
560 1258 617 1330 his
633 1260 727 1333 sicut
741 1260 789 1334 de
809 1260 877 1333 illis
898 1274 995 1334 certa
1017 1285 1160 1360 semper
1181 1258 1315 1347 existit,
1336 1272 1371 1331 et
1392 1283 1473 1357 quae
1493 1258 1615 1332 adhuc
1631 1272 1766 1333 natura
1780 1263 1835 1333 in·

236 1380 381 1475 cognita
397 1380 472 1453 sive
488 1379 635 1454 fortuita
658 1380 852 1474 dicuntur,
872 1383 905 1454 ei
918 1383 994 1479 jam
1020 1383 1166 1481 penitus
1193 1395 1290 1454 certa
1309 1392 1392 1452 sunt
1410 1404 1452 1451 ac
1475 1379 1722 1452 determinata.
1740 1381 1835 1453 Nihil

235 1501 368 1599 quippe
379 1500 449 1572 nisi
464 1524 509 1573 ex
524 1501 653 1574 divinae
666 1502 909 1601 dispositionis
923 1502 1151 1575 ordinatione
1165 1502 1373 1597 contingere
1383 1515 1515 1599 potest.
1529 1502 1627 1574 Sicut
1640 1525 1727 1599 ergo
1739 1505 1836 1575 Deus

236 1618 335 1717 quod
354 1620 401 1692 de
422 1619 544 1692 futuro
567 1621 784 1719 praeordinat
800 1623 968 1719 ignorare
984 1646 1059 1694 non
1079 1636 1215 1722 potest,
1233 1622 1281 1695 ita
1299 1646 1365 1693 nec
1381 1645 1507 1693 eorum
1523 1635 1695 1694 eventum
1718 1637 1835 1721 potest

238 1760 313 1811 non
325 1740 502 1839 praescire.
518 1744 605 1829 Quae
622 1743 730 1839 igitur
741 1768 823 1816 casu
833 1798 843 1836 ,
855 1757 1030 1842 quantum
1046 1742 1093 1817 ad
1109 1758 1270 1816 nostram
1283 1741 1548 1834 certitudinem,
1561 1739 1640 1813 fieri
1652 1742 1833 1829 dicuntur,

236 1875 273 1930 et
289 1883 364 1932 non
381 1885 425 1932 ex
436 1859 552 1934 libero
574 1864 764 1962 provenire
780 1863 947 1955 arbitrio,
967 1878 1143 1961 quantum
1157 1861 1203 1935 ad
1220 1863 1338 1961 ipsum
1355 1886 1423 1934 nec
1437 1886 1521 1935 casn
1540 1885 1611 1934 nec
1627 1862 1704 1934 sine
1721 1861 1836 1934 libero

235 1981 452 2077 contingunt
468 1981 630 2055 arbitrio.
642 1988 734 2057 Cum
751 1986 848 2057 enim
864 2010 987 2058 casum
1003 1983 1213 2084 philosophi
1229 1982 1471 2055 describentes
1485 1982 1638 2057 dicunt:
1661 1987 1772 2083 Casus
1785 1998 1838 2054 est

238 2101 445 2197 inopinatus
476 2102 529 2173 rei
558 2118 723 2193 eventus,
747 2131 790 2178 ex
811 2104 1077 2179 confluentibus
1099 2105 1215 2177 causis
1234 2118 1384 2202 propter
1406 2101 1503 2176 aliud
1523 2102 1690 2202 incoeptis
1704 2108 1839 2202 ‘prove-

238 2220 358 2310 niens,
376 2221 603 2319 inopinatum
619 2239 795 2321 quantum
818 2225 866 2300 ad
889 2250 957 2298 nos
978 2225 1032 2297 vel
1049 2238 1294 2297 creaturarum
1321 2238 1488 2296 naturam
1516 2223 1743 2321 intelligunt,
1764 2247 1838 2295 non

236 2355 415 2435 quantum
429 2340 475 2413 ad
492 2340 622 2414 divinae
637 2344 873 2444 providentiae
890 2344 1175 2444 dispositionem.
1189 2342 1277 2421 {lale
1291 2344 1425 2442 quippe
1441 2357 1495 2414 est
1516 2367 1559 2415 ac
1588 2343 1618 2414 si
1636 2342 1836 2415 diceretur:

238 2459 346 2545 Quod
365 2484 449 2532 casu
462 2464 600 2557 everrit,
620 2465 666 2537 ita
684 2467 885 2562 contingit,
897 2476 939 2537 ut
954 2488 997 2535 ex
1014 2462 1113 2535 nulla
1127 2463 1350 2535 institutione
1367 2477 1502 2535 naturae
1515 2486 1743 2560 prenoscere
1756 2486 1839 2560 pos·

237 2602 357 2651 semus
379 2579 479 2678 quod
501 2580 662 2655 sutorum
677 2600 782 2656 esset.
801 2590 891 2658 Nam
912 2599 948 2656 et
964 2585 993 2657 si
1008 2583 1157 2682 eclipses
1178 2581 1264 2654 solis
1284 2580 1339 2653 vel
1360 2581 1453 2653 lunae
1474 2595 1604 2679 praeter
1630 2581 1840 2679 opinionem
1915 2669 1919 2675 ¹

238 2713 400 2771 nostram
425 2703 551 2801 saepius
569 2702 748 2794 accidant,
769 2703 978 2777 naturaliter
1002 2717 1123 2776 umen
1145 2702 1237 2794 hac,
1257 2725 1333 2774 non
1355 2700 1506 2772 fortuitu
1523 2700 1640 2791 fiunt;
1661 2714 1696 2772 et
1721 2701 1758 2772 in
1788 2726 1841 2774 re-

239 2842 320 2889 rum
330 2818 513 2918 praefixum
525 2823 831 2915 estinstitutione,
842 2821 939 2895 unde
954 2823 1031 2894 baeo
1046 2822 1136 2893 scire
1148 2845 1348 2922 possemus.
1364 2825 1503 2893 Atvero
1518 2845 1602 2892 cum
1620 2821 1700 2918 quis
1716 2845 1841 2916 agrum

238 2936 380 3011 fodiens
393 2955 542 3040 propter
553 2943 820 3039 agriculturam,
834 2943 1043 3015 thesaurum
1058 2942 1209 3032 invenit,
1225 2956 1260 3012 et
1272 2939 1348 3013 haec
1359 2941 1521 3012 inventio
1538 2939 1683 3013 fortuita
1696 2939 1839 3013 dicitur.

240 3062 537 3160 Hancquippeex
554 3062 704 3137 dirersis
716 3065 843 3157 causis,
856 3078 1004 3163 propter
1022 3061 1120 3135 aliud
1138 3063 1317 3161 inemptis,
1332 3062 1539 3158 contingere
1555 3076 1711 3152 constat,
1730 3063 1840 3151 etita,

240 3192 280 3249 ut
293 3179 461 3274 diximus,
484 3182 680 3281 inopinate.
702 3188 753 3255 Ex
767 3183 839 3256 hoc
858 3185 953 3256 enim
972 3181 1072 3281 quod
1094 3181 1283 3255 thesaurus
1298 3181 1350 3253 ibi
1365 3179 1574 3253 reconditus
1589 3181 1672 3273 fuir,
1690 3195 1726 3253 et
1743 3183 1843 3277 quod

242 3297 299 3369 ille
314 3324 441 3395 agrum
457 3298 637 3393 fodiebat,
655 3303 831 3400 contingit
846 3303 1056 3375 thesaurum
1068 3301 1234 3374 inveniri.
1251 3300 1304 3371 Ad
1319 3299 1414 3372 hanc
1430 3300 1677 3372 inventionem
1693 3301 1748 3372 hae
1764 3301 1844 3373 duae

240 3442 355 3490 causae
375 3437 643 3515 convenerunt,
661 3424 744 3496 licet
759 3438 909 3522 propter
930 3421 1029 3494 alind
1046 3422 1222 3520 incoeptae.
1243 3424 1367 3515 Neque
1380 3419 1477 3491 enim
1493 3420 1557 3515 qui
1571 3418 1779 3492 thesaurum
1792 3421 1841 3493 ihi

240 3537 456 3632 recondidit,
480 3538 550 3613 hac
565 3542 764 3614 intentione
785 3542 918 3640 posuit,
938 3555 980 3612 ut
998 3540 1056 3611 ille
1075 3564 1160 3611 eum
1176 3538 1371 3631 inveniret;
1396 3561 1463 3610 nec
1479 3537 1538 3609 illc
1554 3537 1624 3610 hac
1643 3538 1843 3613 intentione

241 3656 420 3750 fodiebat,
441 3675 481 3732 ut
497 3660 706 3735 thesaurum
729 3675 919 3759 quaereret,
937 3658 1002 3733 sed
1021 3673 1060 3732 ut
1080 3683 1207 3758 agrum
1224 3657 1370 3730 coleret.
1391 3662 1558 3754 Utraeque
1575 3658 1696 3755 itaque
1714 3684 1840 3750 causa,

238 3800 283 3846 ex
300 3776 433 3874 quibus
449 3778 511 3852 illa
534 3780 696 3853 inventio
713 3780 912 3877 contingit,
932 3779 979 3851 ad
996 3779 1098 3853 aliud
1116 3777 1340 3878 spectabantr
1361 3776 1516 3873 ideoque
1532 3800 1618 3850 casu
1634 3779 1754 3876 potius
1768 3781 1844 3877 ipsa

239 3919 351 3991 quam
371 3921 414 3969 ex
440 3897 557 3971 libero
582 3898 731 3972 arbitrio
753 3899 932 3999 provenit.
960 3904 999 3970 ln
1025 3897 1139 3970 libem
1156 3898 1290 3996 quippe
1306 3896 1477 3986 arbitrio,
1498 3896 1575 3993 ejus
1592 3897 1643 3968 rei
1663 3922 1743 3995 quae
1759 3898 1843 3970 inde

238 4016 434 4115 contingit,
452 4020 605 4092 intentio
617 4019 801 4119 praecedit3
822 4018 930 4092 veluti
946 4017 1186 4090 sideliberem
1205 4018 1257 4090 ire
1273 4017 1321 4090 ad
1337 4014 1530 4089 Ecclesiam
1542 4031 1577 4088 et
1590 4017 1638 4089 ita
1654 4041 1839 4115 exsequar,

237 4158 285 4204 ex
303 4133 465 4209 libertate
490 4137 628 4213 arbitrii
645 4140 716 4213 mei
737 4138 775 4212 id
793 4137 894 4237 quod
909 4136 1142 4211 intendebam
1158 4135 1326 4235 perfici03
1345 4134 1500 4233 ideoque
1517 4132 1555 4207 id
1570 4160 1643 4208 non
1663 4152 1737 4208 tam
1759 4162 1843 4226 casu

239 4277 352 4350 quam
368 4258 508 4331 mnone
529 4257 607 4331 lieri
627 4258 825 4332 dicendum
845 4274 911 4332 est.
931 4263 1105 4331 Neutrum
1125 4271 1245 4329 tamen
1270 4255 1403 4329 horum
1424 4255 1633 4330 naturaliter
1648 4257 1843 4353 contingit,

238 4373 304 4445 sed
324 4389 518 4469 utrumque
535 4379 668 4478 pariter
681 4403 725 4452 ex
739 4379 859 4477 aliqua
877 4390 1000 4452 nostra
1017 4377 1223 4468 voluntate,
1243 4399 1320 4449 non
1336 4399 1381 4448 ex
1401 4373 1522 4472 aliqua
1542 4374 1765 4449 institutione
1785 4400 1846 4448 na·

240 4507 331 4566 turae
347 4494 395 4567 ad
411 4496 485 4569 hoc
499 4523 566 4571 nos
579 4500 837 4599 compellente,
854 4515 894 4572 ut
907 4501 1019 4597 magris
1032 4499 1105 4570 boc
1120 4496 1367 4570 voluntarium
1389 4519 1501 4593 quam
1523 4495 1765 4568 necessarium
1790 4496 1845 4568 di·

240 4626 357 4684 catur.
382 4614 554 4689 Liberum
578 4633 702 4691 autem
726 4618 915 4692 arbitrium
942 4617 1154 4691 definientes
1180 4614 1390 4715 philosophi
1413 4615 1600 4701 dixerunt,
1627 4601 1781 4687 liberum
1799 4616 1845 4688 de

242 4730 430 4806 voluntate
443 4734 635 4831 judicium.
656 4737 851 4811 Arbitrium
866 4739 1000 4839 quippe
1018 4752 1071 4811 est
1087 4738 1165 4835 ipsa
1180 4734 1391 4808 deliberatio
1407 4735 1483 4807 sive
1494 4731 1703 4830 dijudicatio
1719 4734 1842 4824 animi,

241 4875 316 4948 qua
341 4877 380 4926 se
403 4854 540 4954 aliquid
557 4856 672 4931 facere
688 4860 746 4932 vel
761 4857 939 4933 dimittere
961 4856 1111 4957 quilibet
1127 4855 1312 4954 proponit.
1330 4859 1418 4942 Quae
1440 4868 1526 4926 tunc
1545 4853 1691 4950 quidem
1713 4853 1844 4949 dijudi-

243 4972 340 5044 catio
349 4971 463 5048 libera
473 4991 539 5070 est,
552 5001 634 5051 cum
646 4977 693 5050 ad
707 4978 779 5052 boc
792 4980 891 5078 quod
903 4977 1130 5079 proposuerit
1143 4974 1426 5072 exsequendum,
1446 4973 1544 5047 nulla
1556 4974 1591 5046 vi
1603 4987 1738 5045 naturae
1745 4997 1844 5044 com·

245 5089 412 5187 pellitur,
434 5095 497 5168 sed
515 5122 616 5196 aeque
632 5098 669 5169 in
693 5123 757 5171 sua
774 5114 948 5200 potestate
972 5098 1082 5171 habet
1099 5112 1173 5169 tam
1191 5092 1280 5166 illud
1298 5093 1413 5166 lacere
1433 5116 1541 5190 quam
1568 5091 1758 5164 dimittere.
1776 5091 1846 5164 Ubi

246 5234 331 5307 ergo
342 5214 436 5287 ratio
445 5217 556 5288 animi
569 5242 643 5290 non
658 5233 722 5308 est,
737 5243 923 5318 perquam
938 5217 1034 5293 aliud
1053 5214 1244 5289 deliberari
1256 5207 1369 5313 possit
1386 5227 1422 5286 et
1437 5211 1639 5309 dijudicari,
1652 5236 1698 5286 an
1715 5213 1846 5287 sacien-
