4559 6100
452 529 524 603 278
1053 525 1183 597 PE'l'Rl
1209 527 1445 600 ABAEttltut

450 681 587 751 tionem
613 677 679 748 Dei
702 676 739 748 io
763 676 888 773 seipsis
903 676 1150 776 incorruptam
1171 690 1336 773 satagunt
1358 675 1554 763 custodire,
1574 700 1616 748 ac
1639 673 1836 747 reformare
1851 676 2043 774 imaginem

450 798 515 868 Dei
543 797 578 867 in
597 819 669 893 qua
686 796 795 868 creati
814 809 910 882 sunt,
932 797 1086 892 peccatis
1103 821 1184 893 quae
1206 820 1287 868 eam
1305 796 1426 868 delent
1442 795 1496 866 vel
1515 794 1697 867 maculant
1721 809 1903 891 quantum
1927 794 2045 869 valent

451 913 664 988 resistendo.
692 919 735 984 Et
758 939 840 986 vere
869 913 964 984 hauc
991 915 1251 986 revelationem
1277 927 1483 1013 exspectant
1508 913 1649 1003 fideles,
1678 914 1764 1010 quia
1789 929 1939 1011 propter
1963 937 2045 986 eam

451 1048 690 1106 contemnunt
708 1034 788 1106 vitre
806 1034 986 1131 praesentis
1003 1034 1211 1124 vanitatem,
1233 1049 1268 1106 et
1290 1032 1454 1106 nolentes
1469 1056 1550 1105 eam
1569 1033 1768 1126 sustinent3
1787 1034 2046 1132 concupientes

450 1155 558 1228 etiam
575 1154 651 1249 jam
669 1154 788 1250 potius
806 1151 952 1224 dissolvi
971 1168 1006 1225 et
1028 1177 1105 1225 esse
1124 1178 1208 1225 cum
1232 1152 1388 1225 Christo.
1412 1157 1457 1225 Et
1474 1152 1547 1224 hoc
1563 1166 1618 1226 est
1638 1152 1739 1249 quod
1755 1153 1804 1224 ait
1822 1179 1830 1222 ι
1848 1157 2046 1228 «Cr-cature

452 1275 527 1372 ipsa
548 1273 710 1369 subjecta
726 1287 782 1346 est
801 1273 943 1363 notens;
967 1301 984 1340 u
1005 1272 1042 1343 id
1062 1287 1115 1344 est
1131 1272 1226 1348 hanc
1243 1297 1372 1346 venam
1397 1273 1510 1344 vitam
1529 1297 1609 1369 quse
1628 1287 1665 1344 et
1689 1272 1890 1344 transitoria
1913 1286 1982 1360 est,
2009 1287 2046 1343 et

452 1394 621 1465 erumnis
644 1394 772 1490 plena,
792 1393 942 1464 sustinet
958 1393 1082 1478 invita,
1105 1407 1284 1489 quantum
1303 1394 1340 1465 in
1363 1417 1402 1464 se
1418 1405 1486 1464 est.
1512 1391 1614 1464 «Sed
1629 1405 1777 1490 propter
1791 1415 1893 1482 eum,
1911 1390 2047 1464 scilieet

396 1520 409 1534 “
454 1536 533 1583 eam
558 1512 699 1602 tolerat,
723 1512 817 1608 aqui
835 1510 988 1607 subjecit
1010 1536 1090 1583 eam
1110 1513 1148 1583 in
1172 1537 1236 1610 spe
1262 1512 1370 1603 illius,
1386 1543 1404 1577 s
1431 1512 1566 1583 scilicet
1589 1511 1715 1582 futurae
1738 1509 1980 1598 revelationis,
2009 1510 2046 1582 id

453 1647 506 1703 est
527 1632 563 1702 in
586 1630 655 1704 hnc
672 1655 751 1703 eam
773 1630 966 1727 affligendo
989 1629 1169 1718 humiliat,
1195 1646 1235 1702 ut
1259 1631 1373 1703 inilia
1396 1655 1475 1727 quae
1491 1645 1658 1729 speratur
1673 1628 1814 1701 exaltet.
1832 1627 1944 1715 Quod
1962 1652 2047 1702 sero

453 1751 497 1822 sit
522 1775 604 1848 spes
628 1749 687 1822 illa
710 1766 891 1840 creaturae,
912 1750 947 1822 id
972 1766 1025 1822 est
1045 1749 1146 1847 quod
1162 1765 1306 1846 sperent
1324 1751 1382 1821 hic
1404 1749 1527 1821 alllicti
1545 1746 1682 1837 fideles,
1701 1749 1876 1845 supponit
1896 1747 2044 1820 dicens:

458 1870 579 1957 «Quia
603 1884 639 1941 et
660 1870 750 1966 ipsa,
773 1884 860 1957 etc,
875 1898 892 1936 >i
915 1868 953 1942 id
971 1883 1025 1940 est
1042 1866 1101 1939 hic
1124 1883 1271 1966 sperant
1292 1870 1355 1965 qui
1380 1867 1631 1940 liberabuntur
1655 1866 1706 1940 ibi
1729 1890 1750 1937 a
1769 1866 1859 1963 jugo
1876 1865 2049 1963 passibilis

455 2002 490 2059 et
510 1989 752 2086 corruptibilis
775 1991 912 2079 caruis,
936 2012 1011 2084 quo
1029 1988 1087 2057 hic
1106 1987 1363 2085 opprimuntur
1379 1988 1494 2059 inviti.
1518 1987 1733 2060 Libertatem
1755 1984 1843 2058 dicit
1863 1985 1957 2058 illius
1970 1985 2050 2060 ritae

458 2108 630 2203 gloriam,
661 2108 697 2179 in
723 2128 794 2203 qua
821 2107 919 2179 nulla
946 2107 1011 2178 erit
1038 2108 1239 2206 oppressio,
1257 2132 1341 2180 cum
1366 2131 1477 2179 nemo
1506 2107 1643 2205 aliquid
1674 2120 1802 2182 contra
1829 2104 2050 2176 voluntatem

457 2252 557 2300 suam
586 2227 789 2298 incurrerit.

509 2375 527 2414 κ
551 2347 691 2417 Scimus
707 2345 816 2418 euim.
835 2377 853 2411 s
873 2344 1037 2417 Ostendit
1055 2370 1120 2441 per
1140 2361 1259 2444 partes
1282 2362 1484 2420 creaturam
1501 2345 1561 2418 hic
1576 2346 1746 2419 afflictam
1760 2345 1808 2418 ad
1824 2343 1925 2416 illum
1943 2366 2051 2439 quam

459 2465 508 2538 ibi
526 2480 664 2564 sperat,
689 2464 892 2537 libertatem
915 2465 1036 2561 gloriae
1052 2479 1131 2538 toto
1148 2466 1327 2544 desiderio
1346 2466 1535 2556 anhelare,
1560 2466 1645 2562 quis
1661 2464 1829 2538 videlicet
1844 2478 1919 2536 tum
1935 2462 1974 2533 ht
1990 2463 2052 2558 qui

459 2585 553 2655 inter
568 2583 691 2655 fideles
714 2573 799 2656 suut
814 2586 988 2672 minores,
1011 2610 1122 2683 quam
1140 2585 1190 2657 illi
1208 2586 1271 2682 qui
1289 2586 1454 2681 majores.
1474 2586 1634 2656 Minores
1650 2598 1770 2656 autem
1787 2582 1972 2675 distinguit
1988 2605 2053 2679 per

459 2694 531 2765 hoc
559 2694 660 2791 quod
691 2693 790 2785 dicit,
822 2697 982 2765 «Omnis
1012 2709 1188 2767 creatura.
1204 2726 1221 2761 s
1251 2696 1403 2791 Majores
1423 2720 1511 2768 vero
1539 2720 1604 2793 per
1631 2694 1702 2767 boc
1731 2693 1832 2792 quod
1857 2691 2050 2790 supponit,
2085 2749 2091 2760 .

463 2813 664 2912 «primitias
689 2812 832 2910 spiritus
856 2811 1041 2884 lubentes.
1062 2841 1089 2882 u.
1104 2812 1212 2901 Quod
1238 2814 1359 2909 itaque
1381 2814 1524 2904 dicitur,
1559 2845 1576 2880 s
1592 2815 1713 2886 omnis
1736 2826 1913 2902 creatura,
1933 2838 1950 2878 u
1982 2808 2053 2882 tale

461 2948 514 3004 est
531 2955 573 3003 ac
593 2932 623 3001 si
639 2930 774 3002 diceret
795 2957 803 3001 z
829 2932 874 3002 lli
892 2932 955 3028 qui
972 2932 1124 3003 omuino
1143 2945 1230 3003 sunt
1246 2948 1426 3027 creatura,
1446 2934 1502 3005 vel
1518 2934 1581 3031 qui
1602 2935 1669 3006 toti
1685 2948 1770 3006 sunt
1784 2945 1960 3018 creatura,
1977 2954 2054 3002 nou

461 3068 653 3145 creatores,
674 3051 793 3123 nullos
809 3051 976 3124 videlicet
992 3077 1114 3125 creare
1129 3053 1183 3126 vel
1201 3078 1373 3149 generare
1394 3059 1472 3127 Deo
1489 3079 1554 3154 per
1569 3054 1861 3152 praedicationem
1877 3052 2050 3125 volentes.

464 3169 622 3268 Apostoli
635 3195 721 3242 vero
737 3185 771 3243 et
789 3196 915 3243 eorum
931 3172 1051 3244 vicarii
1069 3187 1241 3270 tanquam
1257 3174 1425 3266 aliorum,
1443 3189 1483 3249 ut
1497 3174 1667 3267 diximus,
1683 3187 1862 3246 creatores
1877 3168 2053 3269 quodam·

464 3290 574 3362 modo
595 3303 697 3378 sunt,
714 3290 816 3386 juxta
831 3289 933 3388 quod
950 3290 1035 3363 alibi
1053 3293 1128 3390 ipso
1147 3293 1233 3364 dicit
1256 3294 1489 3391 Apostolus¹z
1511 3324 1529 3360 α
1549 3298 1589 3365 ln
1612 3293 1755 3367 Christo
1776 3294 1875 3369 enim
1892 3294 1976 3362 Jesu
1989 3312 2055 3388 per

465 3407 695 3505 Evangelium
705 3434 772 3506 ego
784 3434 849 3482 vos
862 3411 1008 3505 genui.»
1022 3415 1065 3483 Et
1079 3413 1245 3484 iterum':
1259 3441 1276 3480 «
1291 3412 1405 3486 Filioli
1419 3414 1501 3506 mei,
1516 3439 1609 3511 quos
1621 3415 1752 3489 iterum
1764 3410 1925 3511 pertusio
1936 3408 2055 3481 donec

464 3528 637 3601 formetur
653 3528 812 3600 Christus
828 3529 866 3600 in
881 3529 998 3601 robis.
1010 3561 1027 3597 »
1041 3560 1059 3598 s
1072 3533 1277 3627 ingemiscit
1288 3547 1323 3605 et
1333 3534 1525 3630 parturit,»
1540 3533 1575 3605 id
1589 3548 1643 3606 est
1653 3527 1921 3630 ingemiscendo
1933 3541 2054 3626 partu·

463 3649 520 3719 rit.
542 3650 704 3720 Gemitus
720 3663 840 3720 autem
856 3648 1018 3720 fidelium
1036 3650 1074 3721 hi
1091 3650 1147 3723 vel
1165 3651 1211 3722 de
1227 3667 1368 3723 terrena
1380 3652 1580 3725 'afflictione
1596 3653 1832 3752 proveniunt,
1854 3646 2056 3721 secundum

463 3766 575 3837 istud⁸
595 3793 603 3836 ε
626 3798 643 3831 α
660 3771 792 3839 Euntes
809 3765 911 3838 ibant
924 3781 961 3839 et
982 3767 1130 3856 flebant,
1151 3772 1330 3843 mittentes
1352 3773 1489 3844 semina
1503 3795 1581 3865 sua,
1593 3802 1611 3839 u
1630 3771 1686 3844 vel
1702 3771 1748 3844 de
1764 3768 1915 3842 coelestis
1934 3766 2057 3865 patriae

464 3881 656 3971 desiderio,
676 3884 769 3957 sicut
785 3899 838 3957 est
854 3884 979 3957 illud⁸z
1001 3917 1018 3950 a
1030 3890 1109 3959 Heu
1128 3888 1218 3959 mihi
1235 3890 1320 3984 quia
1335 3890 1514 3962 incolatus
1529 3916 1631 3965 meus
1646 3891 1880 3989 prolonguuis
1897 3899 1963 3959 est.
1981 3889 2057 3956 »Et

464 4005 639 4073 rursnm‘:
655 4033 672 4069 a
685 4005 799 4102 Super
810 4003 960 4076 flumina
970 4004 1163 4102 Babylonis
1172 4008 1244 4080 illic
1256 4009 1414 4082 sedimus
1425 4025 1459 4081 et
1471 4010 1647 4102 flevimus,
1660 4008 1778 4082 donec
1785 4005 2058 4081 recordaremur

464 4119 516 4189 tui
541 4120 642 4191 Sion.
662 4149 680 4189 u
701 4123 906 4194 Parturiunt
927 4139 1061 4217 autem,
1081 4124 1120 4196 id
1137 4142 1191 4198 est
1210 4126 1333 4201 labore
1349 4131 1508 4201 maximo
1531 4127 1686 4201 fructum
1705 4126 1888 4198 bonorum
1905 4147 2058 4222 operum

327 4242 334 4253 '
463 4238 624 4335 prolerre
650 4240 888 4333 meditantur3
913 4256 948 4314 et
972 4258 1137 4343 satagunt
1161 4271 1274 4345 usque
1300 4247 1431 4332 adhuc,
1451 4245 1488 4318 id
1504 4262 1558 4320 est
1579 4272 1654 4319 non
1679 4246 1835 4336 horarie,
1853 4242 1916 4316 sed
1934 4265 2061 4340 quam·

464 4356 527 4429 diu
547 4358 686 4431 vivunt.
710 4361 870 4434 Parturio
886 4363 983 4434 enim
1000 4364 1151 4437 verbum
1171 4381 1224 4439 est
1239 4367 1451 4441 meditativae
1464 4368 1599 4458 formae,
1620 4390 1695 4438 non
1712 4363 1876 4464 perlectae
1895 4389 1904 4432 t
1923 4376 1958 4433 et
1974 4357 2060 4432 ideo

462 4476 557 4551 bene
582 4480 785 4553 minoribus
801 4495 908 4579 atque
924 4482 1139 4582 imperfectis
1161 4500 1319 4586 aptatur,
1342 4487 1405 4583 qui
1421 4490 1523 4584 quasi
1539 4486 1678 4559 suntin
1694 4485 1797 4556 initio
1814 4479 2058 4581 cogitationis,

464 4621 539 4670 non
558 4599 595 4670 in
612 4600 832 4698 perfectione
848 4605 1080 4700 operationis.
1100 4610 1183 4678 llaec
1199 4620 1318 4679 eutem
1337 4605 1497 4703 Apostoli
1513 4604 1623 4679 verba
1638 4628 1722 4677 cum
1738 4604 1788 4678 ait
1801 4630 1810 4674 ι
1823 4633 1841 4670 «
1856 4599 2062 4700 lugemscit

464 4731 500 4790 et
517 4719 693 4818 parturit,
718 4749 735 4789 u
758 4720 826 4794 illis
846 4724 1045 4799 Dominicis
1062 4725 1287 4801 concordent
1311 4723 1429 4799 verbis
1453 4724 1585 4824 quibus
1609 4725 1773 4814 dicitur⁸,
1789 4721 1949 4797 aldrdier
1972 4743 2062 4793 cum

488 5028 524 5081 '⁸1
538 5031 665 5094 ceusu,
675 5046 730 5096 esp.
743 5042 815 5095 rra.
827 5036 864 5086 ts.
878 5059 904 5071 -
915 5034 1032 5095 ’Gom
1047 5048 1101 5099 cup.
1114 5048 1149 5099 rr,
1161 5048 1185 5086 r.
1199 5038 1237 5087 to.
1251 5039 1299 5077 -⁸
1309 5034 1406 5088 emtis.
1421 5034 1731 5099 cxxr,v.t.-⁶1²sam.
1744 5046 1817 5094 mss,
1835 5046 1859 5083 r.
1869 5036 1893 5083 5.
1906 5057 1932 5070 -
1944 5027 2062 5080 ‘Prolu-

466 5123 569 5175 uuit,
582 5112 864 5179 t..t.7-‘lse·.‚esp.
877 5117 1018 5177 rmum.
