4559 6100
759 4 778 35 0

230 66 350 132 lierem
373 85 440 128 non
466 79 614 154 tangere,
641 60 764 128 malum
787 77 837 128 est
860 84 937 152 ergo
964 78 1108 152 tangere.
1134 61 1224 127 Nihil
1248 65 1336 131 enim
1362 64 1452 131 bono
1479 66 1766 135 contradictorium
1791 87 1838 137 est

231 201 356 276 praeter
376 184 510 250 malum.
525 214 540 242 a
561 185 797 274 Argumentum
818 183 882 247 hoc
902 180 961 247 scit
975 204 1042 246 esse
1066 181 1234 262 frivolum,
1251 183 1392 273 quisquis
1413 183 1598 276 disputandi
1624 185 1790 277 disciplina
1804 212 1839 256 se

233 299 406 392 profitetur
427 301 598 366 imbutum.
624 301 708 365 Nam
730 298 873 365 similiter
899 299 1026 364 bonnm
1049 317 1098 366 est
1120 324 1251 368 carnem
1273 326 1340 368 non
1366 302 1554 390 comedere,
1584 322 1617 372 et
1636 306 1748 373 vinnm
1771 328 1839 373 non

232 418 350 485 bibere
370 443 377 485 :
399 442 459 486 nec
480 420 555 486 ideo
578 419 719 509 sequitur
733 418 822 508 quod
842 419 883 484 sit
902 418 1024 485 malum
1047 442 1179 486 carnem
1194 420 1378 505 comedere,
1405 440 1439 489 et
1458 424 1569 490 unum
1588 425 1712 492 bibere.
1738 425 1839 510 Quod

231 538 369 628 quidam
396 556 571 606 asserentes
597 539 682 605 inter
708 538 875 606 haereticos
898 541 1017 630 recepti
1048 556 1135 607 sunt.
1161 540 1226 607 Sed
1250 558 1359 607 tamen
1384 541 1546 634 paulisper
1569 546 1775 629 concedatur,
1801 562 1839 612 ut

229 660 358 725 malum
371 662 423 742 sit,
437 663 530 746 juxta
551 652 802 750 Hieronymum,
821 660 988 727 mulierem
1010 677 1155 752 tangere.
1184 663 1234 726 Ex
1256 685 1321 754 quo
1345 679 1465 751 quanta
1487 681 1639 753 sequatur
1661 665 1839 731 absurditas

231 802 336 844 nexus
356 780 423 870 ipse
445 780 578 846 rationis
594 780 745 845 ostendit.
763 781 794 855 N
796 805 849 847 am
864 781 890 846 si
912 781 1035 847 malum
1051 798 1099 847 est
1113 781 1283 847 mulierem
1304 799 1452 874 tangere,
1470 784 1592 850 malum
1608 802 1657 850 est
1671 807 1746 850 cum
1761 809 1838 850 mu·

229 896 312 966 licre
328 900 427 967 coire.
452 901 566 991 Neque
582 900 668 966 enim
685 916 792 990 potest
810 900 879 966 fieri
901 916 938 966 ut
952 902 1058 967 bonus
1073 901 1113 967 sit
1127 903 1241 987 coitus,
1259 902 1285 967 si
1300 902 1403 968 malus
1418 919 1466 970 est
1487 920 1600 970 tactus.
1619 904 1662 969 Et
1675 906 1703 970 si
1718 904 1839 970 malum

230 1034 282 1082 est
304 1041 379 1084 cum
401 1021 534 1086 muliere
550 1020 655 1102 coire,
673 1019 794 1084 malum
812 1021 877 1110 agit
900 1019 1041 1110 quisquis
1060 1043 1134 1085 cnm
1160 1019 1294 1088 muliere
1316 1021 1392 1088 coit.
1412 1021 1552 1088 Peccant
1573 1046 1651 1114 ergo
1676 1024 1840 1114 conjugati

230 1135 374 1230 legitime
397 1139 519 1206 utendo
539 1140 626 1205 ooitu
647 1139 819 1230 conjugali.
838 1139 1036 1231 Namxetiam
1059 1140 1209 1206 coeundo
1225 1139 1393 1206 mulierem
1410 1157 1557 1232 tangunt.
1581 1142 1681 1233 Igitur
1703 1157 1739 1206 nt
1753 1141 1839 1208 male

229 1274 303 1316 non
324 1270 422 1343 agant
439 1254 563 1337 mariti,
593 1253 793 1320 feriabuntur
818 1254 859 1318 ab
887 1253 1053 1320 uxoribus.
1078 1257 1146 1319 Ant
1172 1256 1198 1319 si
1225 1278 1355 1321 necesse
1375 1255 1436 1321 erit
1460 1256 1562 1338 coire,
1587 1256 1631 1321 ita
1660 1273 1778 1322 coeant
1803 1273 1840 1322 ut

229 1371 403 1438 mulierem
417 1397 485 1439 non
500 1390 646 1466 tangant.
664 1374 729 1440 Sed
743 1375 807 1440 hoc
815 1373 1010 1465 impossibile
1020 1389 1069 1439 est
1083 1372 1163 1440 fieri.
1175 1375 1324 1465 Sequitur
1334 1400 1411 1467 ergo
1426 1375 1600 1467 conjugalis
1609 1377 1689 1442 boni
1703 1377 1838 1442 naufra-

230 1492 339 1581 gium,
359 1494 448 1582 qnod
465 1494 507 1560 ad
527 1493 707 1560 remedium
726 1493 869 1560 mortalis
884 1493 1018 1560 luxuriae
1033 1517 1172 1585 superna
1188 1496 1345 1562 industria
1359 1497 1561 1586 praeparavit.
1580 1497 1665 1561 Nam
1680 1497 1706 1562 si
1721 1499 1838 1583 conju·

229 1610 321 1700 gium
337 1614 458 1678 coitum
473 1636 540 1678 non
562 1629 708 1697 excusat,
727 1630 804 1679 eant
819 1614 937 1697 mariti,
954 1613 1100 1679 certatim
1120 1632 1217 1705 agant
1231 1615 1470 1705 poenitentiam,
1489 1639 1529 1681 eo
1550 1615 1732 1705 quodcum
1752 1640 1837 1681 uxo·

229 1730 320 1796 tibus
341 1733 406 1797 suis
425 1732 596 1822 aliquando
613 1734 770 1799 coierunt.
795 1733 882 1798 Alias
905 1733 937 1797 in
959 1732 1077 1799 ecdem
1096 1732 1182 1798 libro
1207 1734 1423 1824 Hieronymus
1444 1734 1646 1800 inhumanius
1661 1734 1702 1799 de
1719 1734 1837 1825 nuptiis

231 1849 373 1942 disputat
384 1875 479 1942 snper
494 1852 585 1918 illum
605 1852 751 1944 Apostoli
765 1850 912 1919 locum¹2
934 1883 947 1910 a
961 1852 1077 1918 Melius
1098 1853 1241 1936 nubere,
1263 1877 1361 1943 quam
1380 1854 1473 1919 uri.»
1499 1884 1513 1910 ιι
1530 1853 1594 1920 Sed
1610 1854 1636 1919 si
1650 1856 1775 1920 bonum
1789 1870 1838 1919 est

230 1971 374 2053 nubere,
392 1995 490 2062 quare
507 1972 594 2038 malo
610 1971 834 2063 comparatur?
850 1972 957 2037 Nemo
981 1972 1067 2037 enim
1082 1974 1209 2038 ratione
1230 1972 1354 2038 malum
1369 1974 1459 2038 bono
1475 1989 1653 2064 comparat.
1671 1973 1729 2037 Uri
1748 1990 1835 2039 certe

228 2090 352 2156 malum
369 2108 428 2172 est,
446 2108 479 2157 et
501 2092 623 2157 nubere
639 2092 715 2158 mali
729 2095 824 2180 hujus
839 2110 985 2184 respectu
1001 2094 1126 2158 bonnm
1143 2109 1201 2159 est.
1219 2092 1318 2176 Quod
1334 2109 1442 2159 autem
1457 2096 1604 2184 respectu
1620 2094 1697 2159 mali
1712 2095 1838 2160 bonum

230 2209 291 2292 sit,
311 2210 496 2301 simpliciter
520 2212 646 2277 bonnm
669 2236 737 2277 non
761 2228 847 2278 est.»
866 2214 915 2277 Ex
937 2213 987 2278 his
1007 2213 1198 2302 Hieronymi
1218 2211 1323 2277 verbis
1341 2212 1487 2279 distincte
1508 2213 1685 2304 colligimus
1706 2215 1834 2306 nuptias

229 2352 299 2395 non
320 2353 387 2396 esse
408 2330 553 2397 absolute
569 2329 684 2397 bonas.
705 2331 793 2397 Perit
811 2331 907 2424 igitur
923 2332 1066 2422 nuptiale
1085 2332 1223 2398 bonnm.
1246 2332 1332 2397 Nam
1351 2331 1495 2423 nuptiale
1509 2333 1646 2417 bonum,
1661 2332 1838 2399 secundum

231 2449 480 2538 Hieronymum,
500 2474 566 2515 non
583 2468 631 2516 est
646 2452 784 2533 bonnm,
794 2452 854 2516 nisi
864 2453 939 2542 quia
956 2453 1005 2516 uri
1021 2468 1070 2516 est
1083 2453 1186 2537 majus
1201 2450 1322 2516 malum
1339 2475 1438 2540 quam
1454 2453 1571 2541 ipsum.
1588 2452 1709 2517 Multos
1724 2450 1836 2519 fideles

230 2568 318 2633 viros
338 2568 422 2633 inter
442 2593 524 2658 quos
544 2586 580 2635 et
600 2570 808 2637 Pamachium
838 2571 1027 2636 Senatorem
1049 2570 1276 2636 scandalizavit
1297 2570 1367 2635 haec
1388 2570 1487 2635 effera
1509 2588 1696 2661 austeraque
1727 2570 1837 2662 dispu-

230 2687 328 2769 tatio,
345 2687 556 2779 doloremque
571 2713 666 2755 suum
681 2691 804 2781 scriptis
821 2713 916 2781 super
929 2691 994 2755 hoc
1018 2688 1160 2780 epistolis
1176 2688 1282 2754 eidem
1300 2688 1498 2778 Hieronymo
1513 2690 1618 2755 testati
1633 2706 1719 2755 sunt.
1736 2690 1835 2775 Quod

229 2807 258 2873 si
273 2808 385 2874 Petrus
404 2825 472 2875 tam
488 2809 659 2877 crudeliter
673 2826 786 2875 contra
807 2810 936 2901 nuptias
952 2808 1179 2893 declamasset,
1196 2808 1344 2899 proiecto
1361 2807 1542 2875 Bernardus
1563 2811 1598 2873 in
1619 2812 1686 2896 ejus
1701 2810 1835 2875 exitium

231 2929 477 3020 conjugatorum
494 2931 643 2995 cobortes
660 2946 822 2996 armasset.

275 3050 482 3140 Augustinus,
509 3050 670 3116 erroribus
694 3051 759 3115 suis
784 3050 943 3133 inimicus,
968 3073 1025 3116 eos
1045 3048 1129 3115 libro
1147 3050 1421 3115 Retractationum
1438 3048 1624 3140 purgandos
1646 3051 1831 3121 committit.

228 3154 428 3250 Lactantius,
446 3155 488 3223 de
507 3182 571 3247 quo
593 3159 661 3248 ipse
676 3158 873 3248 Augustinus
888 3173 1063 3237 asseverat,
1083 3156 1173 3244 quod
1192 3154 1295 3220 multo
1322 3179 1401 3222 auro
1422 3156 1643 3222 suffarcinatus
1662 3158 1775 3222 exierit
1791 3158 1833 3225 de

227 3270 390 3364 AEgypto,
420 3300 496 3341 cum
514 3290 583 3344 ‘ore
609 3277 765 3343 fulmineo
790 3292 902 3342 contra
929 3277 1049 3342 Gentes
1085 3275 1247 3340 Christum
1271 3276 1441 3357 defendat,
1471 3276 1620 3365 quaedam
1641 3275 1763 3342 absona
1791 3276 1833 3344 de

227 3392 433 3483 dogmatibus
455 3397 607 3463 Ecclesia
631 3414 744 3489 postea
759 3396 909 3462 somniat.
931 3398 1078 3488 Longum
1100 3411 1148 3461 est
1163 3418 1330 3461 recensere
1343 3412 1487 3462 veterum
1511 3398 1692 3489 syngrapha
1722 3413 1836 3464 mcta-

228 3527 353 3596 torum,
380 3539 452 3605 qnae
468 3533 627 3582 non-sunt
648 3518 693 3584 sic
710 3516 752 3582 ad
771 3539 888 3606 purum
905 3531 1057 3598 excocta,
1076 3531 1113 3579 ut
1129 3539 1196 3580 non
1212 3514 1415 3581 inveniantur
1430 3515 1463 3581 in
1480 3518 1525 3582 eis
1540 3517 1642 3583 multa
1658 3538 1730 3607 quaa
1745 3519 1835 3610 virga

229 3635 435 3700 correctionis
451 3653 556 3701 essent
573 3636 767 3730 dignissima.
784 3636 892 3702 Verax
906 3658 1045 3723 namque
1062 3650 1110 3699 est
1124 3634 1141 3698 J
1143 3634 1236 3700 acobi
1252 3635 1400 3725 Apostoli
1414 3635 1612 3702 sententia²z
1631 3669 1645 3695 κ
1658 3638 1696 3701 In
1711 3637 1832 3720 multis,

230 3748 346 3839 inquit,
363 3753 559 3820 offendimus
575 3779 699 3821 omnes.
718 3755 751 3820 Si
766 3756 837 3845 quis
854 3771 961 3820 autem
981 3754 1014 3819 in
1030 3755 1130 3820 verbo
1146 3757 1215 3819 iton
1231 3754 1482 3838 ostenderitque
1497 3756 1656 3846 perfectus
1671 3757 1793 3821 estvir.
1815 3787 1831 3815 ν

228 3867 339 3958 Itaque
366 3872 393 3934 si
416 3871 530 3938 Petrus
555 3875 590 3939 in
615 3876 715 3940 verbo
741 3875 940 3956 offenderat,
960 3873 1154 3960 judicandus
1175 3896 1194 3938 a
1218 3890 1271 3956 te,
1295 3873 1520 3939 misericordiae
1545 3874 1652 3964 potius
1675 3873 1834 3942 blandum

229 3986 364 4054 deberet
386 3977 503 4056 sentire
529 4007 651 4056 tactum
674 4016 772 4081 qnam
803 3992 977 4058 iracundiae
1011 3992 1218 4058 incentivum.
1248 3990 1392 4080 AEqunm
1415 4008 1485 4057 erat
1506 4008 1539 4058 te
1562 3993 1721 4060 reminisci
1744 3993 1834 4083 quod

228 4106 360 4174 Abacuc
382 4111 541 4201 propheta
557 4112 627 4206 Deo
653 4111 824 4194 decantat,
846 4109 977 4177 dicens⁸
999 4135 1007 4177 :
1030 4114 1146 4176 «Cum
1170 4112 1269 4177 iratus
1294 4111 1408 4194 fueris,
1436 4112 1662 4178 misericordiae
1684 4112 1835 4179 recorda-

227 4224 325 4294 beris.
334 4260 350 4288 »
370 4229 455 4296 Vide
470 4231 550 4322 quid
563 4232 659 4298 distet
672 4231 757 4298 inter
773 4231 855 4297 iram
868 4232 940 4311 Dei,
960 4249 992 4299 et
1006 4233 1089 4298 iram
1102 4231 1254 4297 hominis.
1275 4231 1358 4295 Cum
1371 4230 1471 4309 homo
1487 4229 1643 4314 irascitur,
1658 4231 1836 4299 clementiae

263 4506 408 4575 'Gortott.‚
423 4508 448 4570 1,
467 4505 1385 4574 no.vnn.a-2Jaeot,uu111,r.2.-·flrtac‚up.u1,v.a.

391 4619 416 4657 ιι
