4559 6100
769 487 1320 563 Tflsouoottufltttstttut.
1771 492 1843 563 477

252 643 418 717 videlicet
443 641 569 715 eadem
593 641 735 740 penitus
759 641 959 715 substantia
987 643 1096 714 Patris
1116 667 1196 740 quae
1216 641 1293 713 Filii
1315 640 1359 712 sit
1383 654 1419 734 et
1441 640 1592 740 Spiritus
1618 642 1743 734 sancti,
1772 644 1848 742 ipse

248 765 355 838 Filius
378 776 518 836 tantum
539 788 581 834 ex
598 762 797 835 substantia
814 764 926 835 Patris
942 786 1021 860 quae
1037 761 1114 834 Filii
1131 763 1178 834 'sit
1193 775 1229 834 et
1245 762 1396 860 Spiritus
1410 760 1535 853 sancti,
1555 760 1684 834 dicitur
1704 787 1792 852 esse,
1813 779 1848 836 et

251 910 325 957 uon
343 909 385 956 ex
402 882 601 956 substantia
614 883 766 980 Spiritus
781 883 901 956 Sancti
918 883 974 956 vel
990 880 1074 954 sua!

303 1010 373 1076 Aut
398 1028 480 1076 curn
509 1001 671 1074 similiter
695 1027 769 1075 nna
794 1003 994 1102 eademque
1023 1002 1068 1073 sit
1092 1001 1265 1100 sapientia
1294 1000 1403 1072 trium
1433 1024 1669 1099 personarum
1694 1026 1847 1098 quarum

253 1123 652 1222 unaquaeque'sapiens?
666 1146 767 1222 aeque
789 1137 843 1195 est
865 1138 905 1195 ut
929 1123 1017 1211 aliae,
1043 1120 1243 1219 eademque
1265 1120 1392 1193 caritas
1415 1120 1659 1217 singularum
1684 1099 1749 1194 cur
1773 1148 1847 1195 nou

251 1268 352 1341 aeque
369 1242 501 1325 dicitur
523 1242 631 1314 Filius
647 1243 821 1341 sapientia
838 1243 989 1343 Spiritus
1007 1243 1134 1332 sancti,
1156 1240 1210 1313 vel
1226 1242 1280 1312 sui
1296 1241 1419 1339 ipsius,
1445 1241 1535 1312 sicut
1550 1239 1680 1314 dicitur
1701 1243 1848 1341 Sapien-

252 1362 301 1433 tia
323 1363 436 1434 Patris
449 1361 537 1433 luel
561 1360 636 1461 ipse
653 1362 806 1461 Spiritus
828 1386 930 1434 amor
946 1361 1002 1434 sui
1022 1361 1146 1460 ipsius,
1166 1362 1257 1433 sicut
1281 1384 1383 1433 amor
1400 1360 1514 1433 Patris
1532 1360 1586 1432 vel
1613 1360 1718 1432 Filii?
1736 1366 1848 1434 Num-

254 1482 340 1580 quid
357 1484 455 1555 enim
470 1481 526 1554 vel
547 1481 652 1555 Filius
669 1481 725 1555 vel
742 1484 892 1582 Spiritus
910 1495 1055 1577 sanctus
1071 1482 1213 1581 sapiens
1229 1496 1299 1574 est,
1319 1497 1355 1554 et
1369 1505 1444 1553 non
1462 1505 1526 1579 per
1542 1482 1752 1581 sapientiam
1770 1485 1824 1556 sni
1838 1513 1846 1573 3

255 1622 317 1679 aut
339 1608 481 1708 sapiens
502 1622 572 1697 est,
599 1620 636 1679 et
656 1630 731 1679 nou
750 1621 804 1680 est
819 1632 884 1680 sua
900 1606 1094 1705 sapientia,
1118 1605 1182 1678 sed
1204 1606 1297 1679 alia?
1322 1618 1384 1676 aut
1400 1602 1549 1700 diligens
1564 1619 1631 1691 est,
1649 1619 1685 1677 et
1702 1630 1776 1678 non
1798 1620 1850 1678 est

254 1752 319 1799 sua
342 1727 504 1819 dilectiog
531 1728 712 1826 sicutipse
728 1742 780 1800 est
795 1727 954 1825 potentia
971 1750 1049 1820 sua,
1070 1725 1280 1823 magnitudo
1291 1747 1376 1816 sua,
1392 1725 1527 1821 justitia
1545 1748 1622 1818 sua,
1642 1725 1754 1823 pietas
1771 1751 1847 1815 sua,

255 1859 290 1918 et
305 1845 497 1919 voluntas?

303 1964 500 2053 Quomodo
518 1967 625 2038 etiarn
648 1980 767 2064 potest
789 1991 878 2059 esse,
904 1981 944 2039 ut
966 1965 1074 2039 Filius
1092 1991 1135 2039 ex
1153 1969 1254 2036 Patre
1270 1965 1315 2039 sit
1338 1964 1489 2061 genitus,
1513 1963 1570 2036 vel
1593 1989 1635 2036 ex
1653 1968 1753 2039 Patre
1776 1992 1852 2038 esse

254 2083 384 2158 habeat
404 2100 479 2158 tam
496 2085 604 2158 Filius
626 2111 737 2183 quam
760 2086 912 2182 Spiritus
933 2100 1095 2180 sanctus,
1119 2109 1194 2157 non
1216 2088 1320 2157 Pater
1344 2109 1388 2156 ex
1413 2084 1503 2175 illis;
1527 2099 1562 2156 et
1588 2108 1662 2156 non
1689 2086 1732 2157 sit
1753 2091 1854 2159 Pater

256 2204 355 2300 prior
371 2203 464 2276 iltis?

260 2324 368 2395 ῡΗὶε
390 2338 428 2396 et
445 2325 701 2399 >consimilibus
723 2324 872 2424 objectis
894 2325 1217 2426 responderenon
1241 2324 1464 2415 differamus,
1496 2324 1532 2396 in
1558 2325 1635 2424 ipso
1659 2325 1784 2398 conlisi
1809 2327 1854 2399 de

257 2462 336 2539 quo*
352 2443 549 2542 loquimur;
573 2448 706 2547 inipso
727 2448 841 2521 securi
867 2472 934 2546 pro
956 2472 1031 2545 quo
1049 2447 1275 2519 dimicamus.

307 2566 482 2654 Summa,
503 2580 551 2638 ut·
570 2565 737 2657 arbitror,
772 2567 937 2638 omnium
962 2566 1200 2663 quaestionum
1227 2564 1304 2636 baec
1335 2578 1409 2656 est,
1437 2563 1626 2662 quomodo
1661 2565 1795 2638 scilicet
1820 2566 1856 2637 in

260 2697 357 2757 tanta
382 2685 518 2757 unitate
546 2685 739 2759 individuae
764 2710 805 2759 ac
827 2686 971 2786 penitus
995 2709 1100 2758 merae
1122 2683 1329 2757 substantiae
1353 2680 1604 2756 diversitatem
1621 2708 1857 2784 personarum

258 2803 540 2899 consideremus,
564 2831 648 2879 curn
664 2805 795 2879 ¹nullus
816 2804 1025 2878 differentias
1040 2804 1173 2877 modus
1194 2828 1215 2876 a
1237 2802 1463 2902 philosophis
1486 2802 1676 2878 distinctus
1696 2807 1858 2880 videatur

259 2923 318 2996 hic
344 2946 449 3023 posse
472 2928 656 3025 assignari,
683 2926 883 2999 secundum
909 2952 1019 3026 quem
1040 2925 1227 2998 diversitas
1250 2947 1489 3023 personarum
1511 2925 1627 2999 valeat
1652 2926 1805 3000 ostendi.

261 3095 266 3102 .
309 3043 363 3116 td
388 3044 489 3141 quod
517 3044 607 3119 iilud
635 3048 792 3145 primum
819 3044 1115 3144 respondendum
1138 3070 1225 3117 esse
1250 3043 1418 3134 arbitror,
1446 3044 1548 3142 quod
1583 3045 1746 3120 mirabile
1783 3075 1857 3120 non

260 3163 368 3236 debut
380 3164 507 3255 videri,
526 3170 555 3237 si
569 3166 630 3239 illa
645 3164 839 3239 divinitatis
859 3180 989 3238 natura
1008 3167 1099 3237 sicut
1116 3163 1304 3260 singularis
1322 3176 1387 3256 est,
1410 3165 1458 3235 ita
1474 3165 1691 3262 singularem
1708 3168 1860 3240 modum

224 3301 226 3308 ¹
260 3282 434 3379 loquendi
463 3283 606 3357 habeat.
634 3289 790 3384 AEquum
815 3284 985 3384 equidem
1009 3299 1080 3374 est,
1105 3298 1146 3354 ut
1174 3281 1275 3381 quod
1298 3282 1345 3355 ab
1368 3281 1537 3356 omnibus
1559 3285 1730 3357 creaturis
1752 3286 1860 3383 longe

261 3417 441 3476 remotum
466 3418 532 3497 est,
551 3405 658 3503 longe
680 3406 822 3478 diverso
845 3429 975 3502 genere
998 3403 1170 3499 loquendi
1194 3402 1460 3494 efferatur,nec
1483 3403 1542 3475 illa
1566 3405 1673 3478 'unica
1698 3406 1860 3503 majestas

261 3525 505 3597 communiae
522 3524 666 3623 publica
687 3525 872 3598 locutione
889 3538 1110 3615 coerceatur,
1133 3548 1200 3595 nec
1214 3523 1315 3621 quod
1330 3523 1482 3595 omniuo
1498 3525 1860 3625 incomprehensibile

262 3658 315 3716 est
335 3658 442 3740 atque
462 3644 656 3735 ineffabile,
681 3645 763 3717 ullis
785 3644 965 3741 subjaceat
990 3644 1135 3742 regulis,
1162 3645 1221 3716 cui
1240 3658 1321 3715 sunt
1346 3643 1468 3715 omnia
1484 3644 1655 3741 subjecta,
1670 3644 1770 3743 quod
1794 3672 1860 3719 nec

262 3762 308 3835 ab
325 3762 474 3835 homine
494 3763 647 3862 intelligi·
659 3779 790 3864 potest,
811 3765 875 3862 qui
892 3763 938 3836 ad
955 3762 1237 3836 manifestandos
1257 3761 1458 3835 intellectus
1474 3788 1558 3836 suos
1574 3789 1678 3839 voces
1696 3767 1858 3839 instituit.

263 3887 341 3956 Hoc
367 3897 488 3956 autern
513 3908 580 3957 nec
603 3884 905 3985 pbilosophorum
928 3883 1032 3957 latuit
1059 3883 1315 3973 reverentiam,
1340 3884 1403 3979 qui
1428 3897 1604 3981 quantum
1629 3887 1769 3958 reveriti
1794 3888 1861 3958 sint

263 4027 406 4102 semper
428 4017 611 4076 summum
638 4004 727 4077 illud
750 4003 890 4079 bonum
917 4003 1037 4076 verbis
1061 4004 1169 4076 etiam
1196 4002 1388 4098 attingere,
1417 4003 1518 4102 quod
1544 4005 1696 4077 omnino
1725 4007 1864 4079 incom-

263 4123 503 4222 prehensibile
528 4140 636 4225 atque
664 4124 844 4200 ineffabile
871 4123 1101 4224 profitentur,
1140 4149 1183 4197 ex
1210 4125 1444 4224 suprapositis
1468 4124 1646 4222 liquidum
1680 4142 1745 4219 est,
1781 4154 1863 4200 cum

264 4268 428 4318 summus
444 4244 747 4346 pbilosophorum
766 4271 833 4319 nec
848 4245 936 4344 quid
951 4247 996 4318 sit
1013 4244 1132 4317 dicere
1152 4268 1260 4334 ausus
1275 4244 1344 4316 sit:
1369 4243 1442 4318 boo
1465 4244 1584 4318 solum
1600 4245 1648 4320 de
1669 4271 1714 4320 eo
1732 4248 1862 4340 sciens,

265 4361 366 4459 quod
382 4365 557 4437 sciri-non
580 4367 692 4464 possit
712 4366 759 4439 ab
781 4367 1047 4439 homine'flnc
1072 4366 1169 4438 enim
1196 4364 1327 4437 docere
1352 4379 1456 4437 rectae
1480 4366 1622 4465 Sophiae
1635 4367 1863 4440 incarnandae

266 4483 521 4556 reservandum
546 4500 644 4578 erat,
673 4502 713 4559 ut
731 4489 817 4586 ¹ipse
843 4512 910 4584 per
939 4487 1094 4586 seipsum
1120 4486 1175 4558 sui
1203 4485 1368 4557 notitiam
1396 4484 1536 4558 afferret
1562 4490 1659 4559 Deus
1671 4540 1682 4577 ,
1709 4513 1793 4560 cum
1819 4489 1863 4560 ad

267 4599 344 4697 ejus
366 4603 530 4676 notitiam
552 4605 649 4679 nulla
662 4631 858 4704 assurgere
875 4620 1046 4679 creatura*
1057 4605 1224 4678 sufficiat.
1251 4607 1330 4703 lpse
1350 4604 1470 4702 itaque
1492 4605 1590 4678 solus
1613 4605 1702 4705 quid
1722 4608 1799 4707 ipse
1820 4610 1866 4678 sit
1936 4593 1946 4618 ⁸

268 4844 386 4934 Deus,
401 4868 419 4910 n
441 4840 514 4915 boc
540 4858 593 4915 est
615 4844 788 4919 Divinitas
813 4844 1006 4946 spiritualis
1034 4844 1232 4919 substantia
1258 4857 1331 4938 est,
1363 4868 1437 4917 non
1465 4846 1674 4945 corporalis.
1707 4851 1750 4919 At
1779 4872 1863 4920 vero

310 5111 408 5179 Unam,
423 5130 478 5181 cap.
490 5131 526 5183 rr,
544 5130 567 5169 r.
580 5121 623 5173 rt.
