4559 6100
505 412 580 489 746
1114 406 1243 481 PE'llll
1268 407 1505 482 temtator

506 579 627 639 renter
651 558 854 652 considere,
885 571 926 630 ut
950 557 1084 630 nullius
1105 556 1265 630 hominis
1285 558 1511 657 personalem
1534 556 1787 631 discretionem
1813 558 2021 648 attendam,
2044 557 2126 630 hoc
2228 571 2229 580 ’

507 699 561 756 est
576 681 784 780 simpliciter
799 679 987 751 homiuem
1012 678 1190 776 excogim,
1218 681 1254 750 in
1273 704 1317 751 eo
1339 679 1472 752 scilicet
1492 692 1632 751 tantum
1650 677 1749 776 quod
1769 678 1882 751 homo
1901 692 1973 770 est,
2001 678 2043 749 id
2068 693 2123 751 est

508 803 643 879 animal
667 802 842 875 rationale
862 799 1032 892 mortale3
1054 823 1130 872 non
1147 800 1256 871 etiam
1274 800 1311 871 in
1330 825 1375 872 eo
1394 798 1495 898 quod
1519 814 1572 871 est
1587 799 1646 872 hic
1661 798 1775 871 bomo
1791 800 1849 872 vel
1863 799 1936 891 ille,
1963 800 2120 871 univer·

508 924 581 998 sale
600 948 622 997 e
638 921 805 1019 subjectis
821 918 990 992 abstraho
1007 919 1215 992 individuis·
1239 920 1291 990 Sit
1306 920 1426 1019 itaque
1442 918 1634 993 abstractio
1650 921 1877 1020 superiorum
1894 919 1941 992 ab
1958 920 2117 992 inferio·

505 1044 618 1133 ribus,
642 1044 717 1114 sive
734 1041 866 1113 scilicet
882 1040 1136 1112 universalium
1157 1039 1203 1111 ab
1222 1039 1416 1112 individuis
1433 1065 1498 1138 per
1513 1039 1806 1139 praedicationem
1822 1039 2012 1137 subjectis,
2034 1040 2115 1111 sive

507 1165 707 1236 formarum
732 1184 753 1233 a
780 1160 935 1232 materiis
959 1183 1025 1258 per
1055 1157 1304 1249 fundationem
1330 1159 1510 1257 subjectis.
1543 1159 1747 1232 Subtractio
1770 1185 1856 1231 vero
1880 1159 2113 1231 econtrario

507 1284 578 1357 dici
601 1295 735 1381 potest,
758 1280 788 1351 si
810 1277 976 1352 videlicet
992 1278 1151 1376 subjecta
1167 1281 1360 1379 suppositis
1384 1279 1585 1353 substracta
1604 1305 1670 1380 per
1686 1279 1956 1375 intelligentiam
1980 1277 2108 1370 tollat,

506 1428 549 1476 ac
565 1428 630 1501 per
647 1427 685 1474 se
703 1401 773 1473 boc
790 1424 937 1497 quoque
954 1400 1029 1471 sine
1050 1398 1119 1471 illis
1139 1400 1358 1497 conspiciat3
1378 1401 1489 1474 veluti
1505 1425 1588 1472 cum
1604 1400 1732 1499 aliquis
1750 1398 1916 1496 subjectae
1938 1413 2110 1472 naturam

505 1523 665 1595 essentiae
691 1520 826 1618 absque
853 1520 953 1591 omni
979 1520 1094 1591 forma
1117 1520 1242 1591 nititur
1260 1520 1449 1619 speculari.
1470 1525 1627 1618 Uterque
1645 1534 1765 1593 autem
1784 1519 2006 1609 intellectus,
2033 1535 2109 1592 tarn

505 1642 715 1716 abstrahens
733 1641 868 1713 scilicet
883 1664 992 1737 quam
1009 1639 1236 1734 subtrabens,
1253 1639 1354 1713 aliter
1369 1665 1480 1738 quam
1496 1667 1553 1714 res
1569 1666 1607 1714 se
1620 1641 1732 1714 habet
1742 1642 1933 1739 concipere
1945 1640 2106 1732 videtur,

505 1787 588 1836 cum
615 1760 782 1834 videlicet
804 1783 879 1831 non
900 1773 1071 1857 utrasque
1090 1785 1147 1831 res
1165 1760 1378 1857 conjunctas
1396 1760 1538 1834 divisim
1560 1761 1739 1857 intelligo,
1764 1785 1844 1857 quae
1865 1760 2011 1831 divisim
2029 1785 2106 1832 non

504 1881 718 1966 subsistunt,
750 1878 862 1950 modo
888 1877 1053 1951 videlicet
1078 1880 1192 1952 solam
1219 1881 1405 1953 materiam
1432 1906 1575 1980 perse,
1604 1880 1717 1953 modo
1743 1879 1858 1952 solam
1881 1879 2106 1953 attendendo

504 2002 670 2074 formam.
703 2005 875 2072 Praeterea
900 2023 1009 2071 nemo
1034 2025 1118 2072 cum
1145 1999 1303 2097 aliquam
1328 2026 1405 2072 rem
1435 2001 1604 2090 attendit,
1635 2025 1717 2072 eam
1746 2001 1947 2097 excogitare
1975 2000 2108 2074 sufficit

503 2119 704 2193 secundum
723 2143 851 2191 omnes
869 2133 1013 2191 naturas
1036 2120 1112 2215 ejus
1132 2134 1196 2191 aut
1217 2122 1470 2220 proprietates,
1490 2119 1553 2192 scd
1570 2119 1770 2196 secundum
1786 2121 1923 2216 aliquas
1945 2133 2104 2193 tantum.

503 2243 596 2314 Cum
617 2242 738 2338 itaque
757 2264 834 2311 rem
858 2237 1055 2336 quamlibet
1076 2238 1277 2311 secundum
1295 2240 1432 2337 aliquas
1453 2254 1594 2312 tantum
1615 2253 1760 2311 naturas
1775 2239 1851 2335 ejus
1865 2239 1921 2310 vel
1938 2242 2108 2338 proprie·
2227 2319 2229 2348 Ι

507 2375 595 2432 tates
611 2358 842 2450 attendimus,
861 2359 939 2457 ipsa
954 2371 1077 2429 autem
1098 2383 1156 2429 res
1171 2383 1247 2430 non
1265 2358 1464 2431 secundum
1483 2383 1544 2430 eas
1568 2373 1707 2431 tanturn
1725 2381 1815 2454 quas
1831 2360 2107 2432 consideramus
2219 2425 2223 2446 ,

503 2506 579 2554 sese
601 2479 725 2570 habet,
744 2478 906 2577 profecto
926 2478 1028 2550 aliter
1049 2502 1159 2574 quam
1179 2479 1257 2577 ipsa
1276 2481 1322 2551 sit
1342 2505 1422 2552 eam
1443 2478 1727 2552 consideramus,
1747 2477 1856 2550 Verbi
1874 2481 2006 2576 gratia,
2034 2480 2106 2552 hoc
2228 2495 2229 2498 ’

503 2626 636 2700 corpus
652 2615 688 2672 et
701 2622 834 2697 corpus
851 2611 916 2689 est,
936 2613 972 2670 et
984 2596 1112 2692 homo,
1133 2614 1168 2670 et
1183 2600 1314 2690 calens,
1331 2614 1368 2673 et
1383 2599 1594 2693 candidum,
1611 2613 1646 2670 et
1659 2599 1858 2671 innumeris
1873 2598 1950 2671 aliis
1967 2603 2108 2673 naturis

504 2720 561 2791 vel
590 2715 869 2816 proprietatibus
892 2715 1117 2812 subjectum
1142 2733 1179 2788 ct
1203 2717 1398 2815 aliquando
1422 2733 1541 2791 tamen
1567 2719 1686 2817 ipsum
1710 2719 1748 2790 in
1767 2744 1812 2790 eu
1837 2734 1972 2790 tantum
2000 2721 2106 2816 quod

503 2863 636 2938 corpus
649 2852 701 2909 est
716 2835 880 2929 attendo,
900 2861 975 2908 non
990 2837 1027 2907 in
1045 2861 1089 2908 eo
1104 2836 1205 2934 quod
1220 2836 1335 2910 homo
1352 2853 1418 2932 est,
1438 2838 1493 2910 vel
1510 2837 1611 2936 quod
1627 2838 1731 2929 calet,
1751 2840 1806 2911 vel
1823 2839 1921 2937 quod
1934 2838 2102 2930 albescit,
2219 2839 2229 2934 j,

503 2959 605 3031 etsie
623 2959 659 3028 in
678 2955 825 3055 singulis
842 2955 949 3028 rebus
974 2980 1064 3055 quas
1091 2956 1293 3030 intellectus
1313 2974 1436 3031 noster
1453 2959 1618 3058 percipit,
1636 2959 1756 3056 aliqua
1773 2973 1913 3033 tantum
1937 2984 2015 3057 quae
2032 2959 2105 3033 illis
2218 2955 2223 3065 l

503 3078 610 3152 rebus
626 3080 762 3170 insunt,
782 3102 857 3149 non
875 3078 999 3150 omnia
1015 3077 1182 3151 attendit.
1208 3084 1380 3153 Praeterea
1396 3107 1480 3153 cum
1496 3078 1664 3176 quislibet
1679 3104 1814 3179 corpus
1837 3105 1917 3151 eam
1934 3093 2099 3153 naturam
2218 3154 2221 3173 ,

502 3200 710 3298 simpliciter
730 3223 772 3271 ac
787 3223 877 3297 pure
894 3198 1064 3296 concipit,
1083 3199 1120 3269 in
1137 3223 1182 3270 eo
1202 3199 1335 3272 scilicet
1351 3216 1491 3274 tantum
1508 3199 1696 3272 attendens
1720 3201 1820 3297 quod
1838 3213 1891 3272 est
1909 3225 2097 3297 corporea,

503 3318 616 3392 idest
642 3344 791 3418 corpus,
812 3335 875 3391 aut
900 3318 1099 3414 quamlibet
1127 3334 1294 3393 naturam
1320 3336 1358 3392 ut
1377 3321 1616 3393 universalem
1644 3322 1758 3419 capit,
1785 3321 1856 3393 hoc
1884 3335 1937 3393 est
1959 3321 2098 3394 indiile·

502 3455 624 3512 renter
651 3438 788 3536 absque
816 3437 889 3511 ulla
916 3438 1051 3511 scilicet
1071 3438 1251 3536 personali
1273 3438 1492 3513 discretione
1513 3465 1593 3512 eam
1617 3441 1787 3529 attendit,
1815 3440 1976 3539 profecto
2001 3441 2098 3514 aliter

502 3584 582 3631 eam
609 3558 773 3655 intelligit
806 3581 916 3655 quam
946 3556 1126 3630 subsistat.
1165 3563 1349 3658 Nusquam
1379 3562 1478 3633 enim
1509 3561 1559 3632 ita
1590 3586 1678 3658 pure
1705 3560 1866 3633 subsistit
1893 3561 1984 3632 sicut
2012 3587 2097 3658 pure
2217 3562 2221 3649 ζ

502 3679 722 3776 concipitur;
751 3677 831 3771 sed,
857 3674 1075 3775 ubicumque
1100 3678 1163 3770 sit,
1189 3679 1412 3774 innumeras,
1444 3696 1482 3753 ut
1504 3680 1641 3754 dictum
1665 3696 1735 3772 est,
1765 3695 1829 3752 aut
1853 3693 2013 3771 naturas,
2040 3697 2097 3753 aut
2218 3658 2221 3783 Ξ

502 3797 737 3894 proprietates
760 3795 886 3886 habet,
915 3822 993 3893 quae
1017 3799 1166 3871 minime
1187 3800 1433 3872 attenduntur.
1455 3805 1499 3871 Et
1519 3800 1616 3873 nulla
1637 3814 1691 3872 est
1711 3815 1840 3873 natura
1856 3825 1935 3897 quae
1958 3800 2096 3872 indiffe-

502 3930 622 3986 renter
647 3915 832 4007 subsistam
859 3914 923 3987 scd
951 3917 1118 4013 quaelibet
1143 3945 1217 4014 res,
1245 3921 1465 4017 ubicumque
1490 3935 1564 4011 est,
1590 3921 1827 4019 personaliter
1850 3919 2004 3991 discreta
2026 3935 2093 4009 est,

501 4048 609 4131 atque
626 4057 697 4105 una
714 4057 867 4105 numero
888 4037 1076 4134 reperitur.
1102 4041 1287 4137 Corporea
1303 4041 1437 4139 quippe
1452 4038 1651 4112 substantia
1673 4041 1710 4110 in
1732 4039 1805 4112 hoc
1823 4063 1994 4137 corpore,
2013 4039 2095 4136 quid

501 4168 554 4225 est
579 4151 676 4227 aliud
702 4174 811 4250 quam
836 4151 910 4223 hoc
936 4178 1081 4252 corpus,
1109 4156 1166 4227 vel
1192 4157 1350 4231 humana
1376 4173 1504 4230 natura
1531 4159 1568 4230 in
1595 4157 1665 4230 hoc
1690 4158 1855 4251 homine,
1885 4158 1957 4231 boc
1982 4174 2036 4231 est
2060 4159 2094 4230 in

500 4276 660 4365 Socrate,
679 4271 766 4370 quid
783 4271 881 4345 aliud
905 4286 958 4345 est
973 4295 1083 4369 quam
1098 4273 1201 4372 ipse?
1223 4275 1318 4348 Nihil
1340 4278 1464 4374 utique
1481 4277 1592 4371 aliud,
1618 4277 1798 4350 sedidem
1818 4279 1960 4378 penitus
1978 4303 2095 4350 essen·

501 4393 643 4466 tialiter.
669 4395 758 4482 Quis
782 4394 889 4466 etiam
910 4418 966 4466 res
989 4393 1154 4468 absentes
1178 4395 1234 4468 vel
1252 4397 1476 4470 insensibiles
1500 4413 1607 4494 atque
1628 4399 1861 4497 incorporeas
1884 4422 1974 4494 quas
1999 4396 2096 4470 nullo

500 4527 665 4587 attrectat
689 4537 813 4606 sensu,
837 4527 878 4584 ut
894 4514 1046 4610 qualiter
1069 4540 1146 4588 sese
1168 4515 1327 4590 habeant
1342 4542 1560 4615 cognoscere
1582 4533 1703 4614 queat,
1730 4518 1838 4615 longe
1862 4519 1964 4590 aliter
1990 4542 2095 4614 quam

501 4636 572 4706 sint
586 4658 660 4707 non
675 4633 875 4729 excogitet?
894 4637 983 4722 Quis
1003 4636 1100 4709 enim
1119 4663 1203 4709 cum
1226 4638 1385 4735 aliquam
1402 4638 1628 4738 conspexerit
1645 4656 1856 4737 praesentem
1873 4663 1983 4735 qnam
1999 4639 2095 4738 prius

499 4752 684 4825 absentem
702 4754 937 4850 cogitaverat,
956 4779 1030 4826 non
1045 4758 1200 4854 reperiat
1216 4782 1296 4829 cam
1312 4758 1350 4829 in
1368 4759 1490 4830 multis
1503 4759 1685 4832 contrario
1704 4759 1816 4832 modo
1832 4784 1910 4831 sese
1930 4758 2094 4830 babuisse

500 4896 610 4969 quam
633 4895 712 4943 eam
736 4897 846 4969 quam
872 4875 1153 4970 excogitaverat?
1177 4878 1266 4965 Quis
1289 4878 1398 4948 etiam
1425 4902 1481 4950 res
1507 4879 1739 4977 incorporeas
1764 4878 1812 4951 ad
1837 4877 1986 4950 modum
2013 4901 2092 4947 cor·

500 5013 693 5089 porearurn
712 5015 787 5062 non
809 4991 1008 5091 concipiat3
1029 4993 1136 5068 veluti
1150 5021 1234 5068 cum
1253 5000 1370 5068 Deum
1383 5010 1445 5070 aut
1462 4998 1624 5072 animum
1642 5000 1785 5096 cogitat,
1807 5023 1881 5070 non
1897 5022 1974 5070 eam
1990 4996 2090 5091 juxta
