4559 6100
701 472 744 546 IN
769 469 1015 545 urts'rutttt
1040 473 1100 545 tn
1126 472 1355 548 Ronanus,
1753 473 1826 547 ild
1930 399 1945 430 ὓ

231 620 359 696 divinae
381 621 549 719 potentiae
571 621 756 722 accipitur,
777 645 857 719 quae
876 623 1073 722 specialiter
1089 648 1132 696 ex
1155 624 1303 697 nomine
1323 623 1453 716 Patris,
1472 624 1563 695 sicut
1585 645 1682 713 reor,
1703 623 1824 695 innui·

229 756 300 815 tur.
328 745 424 814 Deus
446 744 600 842 quippe,
627 756 714 815 teste
739 739 897 835 Isidoro,
926 747 1009 833 θεός,
1028 743 1066 816 id
1085 758 1138 816 est
1169 743 1278 815 timor
1302 744 1572 841 interpretatur,
1604 756 1640 814 et
1667 756 1826 841 potestas
1930 821 1934 832 ‚

229 861 396 959 quaelihet
424 864 532 937 timor
562 878 615 936 est
648 861 904 961 subjectorum.
938 862 1041 937 Unde
1070 863 1201 936 merito
1230 863 1379 936 nomine
1408 861 1475 935 Dei
1505 862 1578 934 sive
1612 860 1823 951 divinitatis,

227 982 267 1055 id
275 997 342 1055 est²
351 982 503 1077 deitatis,
523 982 644 1090 diuina
665 984 864 1082 specialiter
884 984 1092 1081 exprimitur
1111 984 1285 1084 potentia.
1312 983 1423 1072 Quod
1449 982 1636 1081 diligenter
1653 985 1826 1056 Maximus
1934 1033 1947 1051 ,

228 1103 429 1202 Episcopus
456 1106 493 1175 in
518 1106 748 1202 depositione
772 1103 950 1201 Symbolr',
986 1105 1087 1202 quod
1116 1105 1248 1177 dicitur
1283 1103 1555 1202 Apostolorum,
1591 1127 1671 1201 quae
1699 1103 1827 1201 legitur

228 1223 266 1293 in
284 1226 315 1295 V
332 1222 618 1322 Quadragesimae
640 1223 830 1296 Dominica
851 1222 907 1295 his
929 1224 1050 1296 verbis
1073 1224 1250 1297 insinuat:
1277 1224 1448 1316 «Credis,
1477 1222 1615 1321 inquit,
1645 1224 1682 1295 in
1708 1227 1825 1298 Deum

142 1433 150 1448 ο
230 1346 372 1444 Patrem
394 1343 694 1443 omnipotentem.
724 1348 764 1415 ln
794 1346 872 1415 Deo
890 1358 1027 1434 ,natura
1054 1343 1287 1436 innascibilis,
1315 1344 1353 1415 in
1379 1347 1482 1416 Patre
1506 1342 1654 1441 ingeniti
1680 1345 1823 1434 veritas,
1861 1339 1864 1342 ‘

228 1461 266 1532 in
285 1463 535 1561 omnipotente
556 1461 743 1561 plenitudo
764 1461 917 1550 virtutis,
939 1462 1152 1534 ostenditur.
1176 1467 1239 1534 Est
1263 1486 1421 1560 namque
1437 1487 1502 1562 per
1523 1463 1719 1560 ingenitam
1735 1464 1826 1537 divi-

228 1581 375 1654 nitatem
399 1582 650 1680 omnipotens,
679 1596 715 1655 et
741 1606 807 1681 per
834 1582 1134 1681 omnipotentiam
1159 1586 1310 1655 Pater.»
1334 1586 1389 1655 De
1412 1582 1469 1654 his
1496 1598 1614 1656 autem
1643 1584 1680 1656 in
1706 1586 1825 1685 primo

233 1701 426 1802 Theolugiae
449 1717 579 1775 nostrae
603 1717 711 1801 prout
731 1703 916 1799 potuimus
939 1703 1024 1775 satis
1047 1702 1234 1801 diligenter
1259 1702 1503 1775 disseruimus.
1524 1712 1678 1802 Apparet
1701 1706 1824 1804 itaque

230 1823 382 1896 maxime
400 1848 442 1896 ex
459 1824 537 1922 ipsa
547 1823 738 1896 mundana
752 1821 894 1896 labricae
909 1822 1137 1896 universitate
1149 1837 1222 1895 tam
1234 1821 1444 1896 mirabiliter
1453 1823 1558 1911 iacta,
1569 1838 1642 1896 tam
1656 1823 1825 1900 decenter

228 1956 368 2035 ornata,
387 1957 529 2042 quantae
544 1942 725 2043 potentiae,
744 1955 887 2041 quantae
904 1942 1097 2040 sapientia,
1112 1956 1254 2039 quantae
1270 1940 1443 2013 bonitatis
1456 1941 1533 2038 ejus
1545 1942 1670 2015 artilex
1685 1944 1743 2037 sit,
1758 1948 1819 2044 qui

227 2075 367 2134 tantum
382 2077 419 2135 et
434 2063 503 2135 tale
515 2087 608 2161 opus
622 2062 670 2135 de
683 2062 798 2134 nihilo
814 2061 930 2135 iacere
953 2061 1070 2160 potuit
1085 2074 1122 2133 et
1136 2059 1261 2152 voluit,
1289 2074 1325 2133 et
1348 2074 1421 2132 tam
1449 2061 1599 2134 solerter
1614 2078 1651 2135 et
1666 2065 1822 2140 rationa-

226 2179 347 2254 biliter
375 2196 505 2257 cuncta
532 2183 760 2281 temperavit,
787 2195 827 2253 ut
859 2183 897 2254 in
926 2179 1074 2280 singulis
1103 2179 1192 2252 nihil
1225 2180 1306 2278 plus
1339 2181 1545 2254 autminus
1577 2206 1687 2279 quam
1715 2208 1822 2282 opor·

227 2301 338 2374 tuerit
351 2317 470 2374 actum
488 2302 546 2375 sit.
565 2300 671 2374 Unde
692 2316 729 2374 et
749 2300 851 2374 Plato
869 2302 958 2399 ipse,
980 2324 1065 2373 curn
1079 2299 1126 2372 de
1144 2298 1308 2396 genitura
1324 2298 1452 2372 mundi
1468 2316 1604 2398 ageret,
1619 2302 1657 2375 in
1682 2317 1821 2377 tantum

226 2420 358 2495 divinae
377 2422 545 2522 potentiae
572 2436 607 2496 et
630 2421 810 2520 sapientiae
830 2419 1029 2493 honitatem
1056 2419 1194 2511 extulit,
1221 2431 1262 2489 ut
1280 2431 1454 2492 astrueret
1478 2422 1596 2493 Deum
1622 2422 1824 2500 nullatenus

224 2541 386 2639 potuisse
403 2541 581 2614 mundum
607 2540 794 2614 meliorem
812 2539 928 2612 lacere
945 2561 1057 2637 quam
1073 2537 1206 2612 lecerit.
1227 2541 1307 2611 Non
1325 2538 1445 2611 solum
1469 2552 1590 2614 autem
1615 2542 1822 2644 philosophi

223 2661 396 2734 Gentium
419 2686 461 2734 ex
483 2662 559 2761 ipsa
587 2658 714 2734 mundi
735 2657 997 2758 compositione
1012 2655 1068 2730 vel
1085 2671 1217 2731 ornatu
1235 2658 1388 2731 mirabili
1404 2659 1604 2733 mirabilem
1619 2663 1696 2760 ejus
1711 2665 1823 2738 artili-

219 2805 306 2853 cem
321 2799 572 2880 perceperunt,
589 2804 715 2854 verum
729 2793 764 2851 et
781 2803 824 2852 ex
843 2779 981 2878 optima
996 2777 1073 2876 ejus
1093 2776 1330 2876 dispositione
1347 2778 1522 2876 optimam
1544 2778 1674 2854 dirinae
1699 2783 1825 2881 guber

216 2900 383 2972 nationis
398 2900 667 2999 providentiam
681 2897 881 2972 rationibus
892 2896 1062 2993 congruis
1077 2896 1314 2995 assignarunt.
1334 2901 1500 2986 Quorum
1524 2926 1617 2975 unus
1630 2902 1765 2977 Tullius
1785 2908 1823 2979 in

214 3020 344 3119 primo
367 3018 559 3095 eretorr'cae
585 3043 657 3092 sua
666 3023 689 3110 ¹,
712 3016 891 3091 mundum
918 3016 1038 3117 ipsum
1064 3015 1304 3116 providentia,
1324 3041 1399 3091 non
1428 3019 1577 3094 fortuitu
1601 3023 1675 3120 regi
1701 3023 1818 3099 valida

210 3141 365 3213 ratione
390 3139 630 3231 monstravit,
659 3162 744 3213 cum
767 3136 931 3211 videlicet
954 3162 998 3211 ea
1022 3162 1102 3236 quae
1123 3136 1274 3210 consilio
1302 3160 1346 3210 ac
1372 3139 1599 3236 providentia
1630 3159 1818 3240 reguntur,

209 3260 353 3333 melius
369 3259 692 3359 procederentque
713 3258 954 3333 administrari
970 3271 1192 3357 proponeret
1213 3280 1324 3354 quam
1345 3257 1425 3351 alia,
1444 3261 1620 3334 aestatim
1635 3262 1725 3335 nihil
1741 3289 1821 3337 me-

204 3378 292 3452 lius
319 3394 358 3453 et
384 3380 583 3454 ordinatius
598 3378 839 3453 administrari
865 3376 923 3450 vel
949 3375 1108 3475 disponi,
1133 3400 1243 3474 quam
1270 3376 1450 3449 mundum
1469 3378 1587 3477 ipsum
1610 3400 1818 3474 assumeret,

200 3516 334 3599 atque
350 3500 423 3573 hoc
438 3525 585 3599 quoque
602 3500 697 3574 illico
714 3498 902 3576 manifesta
916 3497 1057 3570 ratione
1072 3495 1318 3586 convinceret,
1338 3496 1533 3571 ostendens
1551 3499 1685 3574 scilicet
1710 3528 1820 3602 quam

198 3621 359 3694 utiliter
375 3635 411 3709 et
424 3619 683 3694 rationabiliter
700 3643 742 3694 ea
758 3643 837 3719 quae
854 3618 892 3691 in
917 3616 1057 3690 mundo
1077 3630 1161 3690 sunt
1180 3616 1218 3688 in
1240 3639 1305 3689 sua
1334 3614 1561 3692 ordinatione
1579 3639 1820 3717 perseverent.

194 3748 422 3815 Possumus
434 3755 469 3815 et
486 3740 587 3841 quod
601 3741 649 3815 ait
661 3738 866 3841 Apostolus,
887 3735 1107 3811 rlnvhibilia
1115 3736 1214 3809 enim
1227 3736 1537 3836 ipsiusacreatura
1550 3739 1688 3835 mundi,
1705 3757 1791 3837 ete,
1803 3772 1821 3813 n

190 3887 295 3937 non
314 3861 437 3935 solum
453 3863 503 3934 ita
516 3886 710 3961 exponere,
729 3859 835 3958 quod·
847 3884 889 3934 ex
903 3857 1168 3958 compositione
1184 3870 1220 3929 et
1237 3880 1280 3928 ex
1297 3871 1427 3930 ornatu
1440 3857 1566 3932 mundi
1583 3863 1740 3959 potuerit
1758 3890 1823 3964 per

186 3984 425 4056 humanam
458 3981 636 4054 rationem
653 3981 731 4079 ipsa
746 3976 890 4053 artificis
908 3978 1083 4079 potentia,
1109 3976 1283 4076 sapientia
1310 3992 1418 4074 atque
1435 3976 1579 4051 bonitas
1594 3983 1743 4082 percipi,
1762 4008 1825 4056 se·

179 4101 388 4178 cundum
414 4123 508 4197 quae,
524 4115 563 4172 ut
580 4100 750 4189 diximus,
780 4113 852 4172 tres
868 4098 904 4170 in
922 4101 1000 4170 Deo
1014 4118 1176 4196 personae
1193 4094 1479 4194 distinguuntur:
1509 4123 1636 4172 verum
1652 4116 1688 4173 et
1704 4101 1826 4177 dicere

175 4246 385 4320 eousque
398 4245 464 4320 per
480 4219 751 4294 similitudinem
762 4216 1005 4317 corporalium
1018 4239 1139 4289 rerum
1150 4213 1348 4288 humanam
1365 4218 1542 4308 rationem
1557 4222 1822 4317 conscendisse,

175 4361 226 4417 ut
266 4345 411 4441 ipsam
435 4341 503 4413 Dei
531 4341 703 4414 unitatem
729 4353 837 4435 atque
858 4338 896 4409 in
913 4359 959 4410 eo
977 4352 1215 4435 personarum
1230 4335 1451 4431 Trinitatem,
1479 4352 1515 4410 et
1535 4341 1722 4435 quomodo
1740 4344 1825 4442 ipsae

170 4484 389 4564 personae
400 4461 554 4532 invicem
567 4484 605 4532 se
616 4457 787 4551 habeant,
803 4456 973 4555 congruis
992 4453 1268 4528 similitudinum
1287 4455 1460 4555 exemplis
1476 4458 1655 4554 assignare
1676 4462 1823 4554 valeret,

166 4579 401 4686 ponendo
416 4579 583 4652 videlicet
597 4593 682 4652 ante
698 4576 827 4652 oeulos
843 4576 1001 4675 aliquam
1023 4573 1151 4649 mundi
1167 4588 1386 4666 creaturam,
1408 4576 1501 4649 sicut
1516 4601 1646 4651 aeream
1662 4579 1826 4654 substan·

165 4710 285 4780 riam
304 4707 345 4794 ἒ,
378 4714 414 4773 et
440 4696 661 4773 attendendo
683 4696 820 4796 aliquid
844 4695 946 4794 quod
964 4692 1027 4768 fiat
1051 4695 1088 4768 in
1112 4695 1190 4793 ipsa
1213 4719 1305 4768 terea
1327 4694 1545 4792 substantia,
1572 4711 1611 4770 ut
1632 4699 1824 4796 imaginem

161 4848 369 4915 mam,
379 4844 460 4918 quae
469 4833 595 4892 nostra
604 4818 815 4917 operatione
826 4841 870 4890 ex
879 4816 959 4916 ipso
966 4838 1035 4889 tere
1047 4815 1201 4889 factaest
1213 4842 1222 4888 τ
1235 4816 1284 4889 ita
1293 4815 1441 4913 quidem
1456 4832 1494 4890 ut
1505 4818 1678 4916 ipsumaes
1689 4834 1724 4889 et
1733 4842 1824 4891 aerea

197 5108 365 5161 ulma.
383 5098 404 5161 l,
413 5111 500 5148 xxrrr.
512 5122 543 5136 -
553 5098 562 5128 ¹
571 5095 598 5148 8.
610 5094 749 5147 Bemartlm
757 5095 821 5147 hanc
831 5094 1014 5158 stntlttudtnern
1023 5092 1119 5144 retsttt.
