4559 6100
455 572 529 647 322
1052 577 1179 651 PETlil
1206 573 1438 651 tumultur

456 721 511 792 vel
529 723 690 820 operatio
707 745 884 820 perversa.
905 728 1120 797 Potestatem
1135 727 1269 824 quippe
1282 750 1304 798 a
1318 730 1395 798 Deo
1412 726 1603 824 accipiunt,
1622 748 1644 795 a
1661 747 1699 795 se
1717 746 1802 795 vero
1820 723 2043 795 voluntatem

456 838 587 913 malam
601 838 750 913 habent.
770 840 874 914 Unde
889 855 925 914 et
935 843 1060 940 iniquo
1075 842 1188 915 Pilato
1200 845 1338 917 Veritas
1350 846 1415 917 ait¹
1433 873 1441 915 ε
1463 874 1480 913 u
1496 846 1574 918 Non
1588 841 1738 916 haberes
1755 843 1793 913 in
1811 864 1869 913 me
1887 853 2042 938 potesta·

455 972 541 1050 tem,
568 960 636 1031 nisi
659 958 784 1034 datum
805 960 870 1034 tibi
886 976 979 1035 esset
997 961 1199 1060 desuper.»
1217 968 1262 1036 Et
1280 963 1447 1037 diabolus
1471 966 1507 1036 in
1525 962 1625 1036 nullo
1640 961 1785 1060 aggredi
1802 959 1873 1033 lob
1888 973 2041 1059 poterat,

455 1075 573 1149 donec
590 1077 696 1176 hujus
711 1082 895 1180 potestatis
913 1080 1059 1156 licentia
1071 1080 1140 1156 sibi
1161 1106 1183 1154 a
1197 1085 1275 1155 Deo
1291 1105 1474 1156 concessa.
1500 1086 1622 1170 uQuae
1637 1095 1758 1154 autem
1773 1091 1858 1152 sunt
1873 1102 1895 1150 a
1912 1080 2004 1162 Deo,
2022 1107 2039 1143 a

455 1194 589 1269 scilicet
612 1197 785 1294 instituta,
804 1198 866 1274 sed
885 1226 962 1274 non
979 1215 1100 1275 tamen
1123 1200 1307 1301 permissa.
1328 1205 1417 1275 Nam
1434 1217 1471 1275 et
1487 1214 1633 1302 peecata
1648 1203 1744 1273 Deus
1760 1200 1836 1298 ipse
1850 1198 2040 1298 permittit,

454 1336 529 1385 non
543 1314 740 1392 instituite
753 1319 928 1394 Ordinata
942 1335 1064 1414 sunt,»
1078 1319 1117 1393 id
1127 1336 1181 1394 est
1190 1322 1448 1412 rationabiliter
1457 1321 1626 1394 instituta.
1643 1324 1791 1417 ultaque
1800 1317 1876 1415 qui.
1887 1343 1905 1385 u
1916 1319 2043 1404 Quan-

455 1431 652 1532 doquidem
674 1440 792 1512 omnis
808 1446 965 1539 potestas
981 1464 1002 1513 a
1017 1444 1094 1536 Deo
1116 1456 1171 1513 est
1190 1442 1362 1516 instituta.
1385 1443 1692 1526 «Damnationem
1712 1437 1876 1537 acquirit,
1894 1466 1912 1503 n
1930 1434 1970 1508 id
1989 1449 2042 1507 est

455 1550 526 1624 hoe
541 1553 707 1630 faciendo
723 1557 889 1632 damnari
902 1573 1098 1654 merentur,
1116 1560 1201 1657 quia
1218 1565 1295 1634 Deo
1312 1562 1431 1660 potius
1449 1582 1559 1657 quam
1574 1558 1717 1632 homini
1733 1557 1911 1630 resistunt.
1936 1551 2040 1625 Aliud

454 1684 507 1741 est
521 1687 642 1747 autem
659 1678 822 1751 resistere
838 1677 1019 1775 tyrannidi
1035 1665 1119 1751 mali
1136 1679 1283 1777 praelati,
1296 1678 1396 1753 aliud
1409 1681 1512 1776 justae
1529 1678 1605 1775 ejus
1617 1676 1785 1776 potestati
1800 1696 1910 1772 quam
1926 1695 1948 1745 a
1964 1676 2040 1744 Deo

453 1795 619 1891 suscepit.
647 1798 739 1869 Cum
761 1797 857 1869 enim
887 1797 1022 1896 aliquid
1047 1823 1112 1897 per
1135 1799 1345 1872 violentiam
1372 1800 1444 1896 agit
1468 1797 1568 1895 quod
1591 1796 1639 1870 ad
1665 1796 1742 1894 ejus
1766 1806 1979 1894 potestatem
2005 1806 2042 1865 et

454 1906 718 1988 institutionem
735 1940 811 1990 non
831 1918 998 2017 pertinet,
1020 1916 1184 2017 prolecto
1200 1918 1334 1991 cumei
1350 1920 1387 1991 in
1405 1916 1478 1991 boc
1500 1917 1711 2006 resistimus,
1729 1911 1913 2011 tyrannidi
1930 1912 2041 2008 magis

453 2054 563 2126 quam
579 2040 746 2133 potestati
762 2039 962 2134 obviamus,
982 2039 1124 2113 homini
1140 2042 1261 2140 potius
1278 2064 1388 2140 quam
1408 2044 1487 2113 Deo
1506 2066 1515 2110 z
1535 2023 1621 2138 quia
1639 2037 1711 2110 hoc
1729 2061 1772 2109 ex
1789 2061 1827 2108 se
1844 2035 2037 2133 praesumit,

452 2172 526 2221 non
543 2177 586 2225 es
604 2159 781 2258 Deonagit.
801 2160 956 2248 Quando
972 2184 1059 2232 vero
1076 2161 1113 2232 in
1135 2158 1193 2232 his
1209 2160 1257 2233 ad
1274 2185 1353 2258 quae
1368 2160 1525 2255 legitime
1541 2157 1754 2231 constitutus
1776 2170 1829 2228 est
1851 2155 1885 2226 ei
1910 2154 2038 2225 resisti·

451 2291 545 2362 mus,
564 2285 649 2347 tune
666 2280 832 2375 potestati
853 2280 1085 2353 contraimus.
1108 2310 1127 2346 α
1142 2283 1232 2352 Nam
1258 2279 1450 2379 Principes,
1467 2309 1484 2344 n
1507 2277 1544 2350 id
1571 2291 1623 2349 est
1644 2299 1771 2348 eorum
1790 2287 1949 2373 potestas
1964 2295 2037 2343 non

450 2401 504 2459 est
528 2390 688 2468 timenda
711 2395 768 2470 bis
787 2397 850 2495 qui
871 2399 963 2473 bene
983 2413 1192 2499 operantur,
1213 2399 1274 2473 sed
1299 2398 1404 2472 male.
1429 2396 1537 2486 Quod
1561 2396 1680 2470 statim
1703 2392 1861 2466 ostendit
1886 2392 2035 2466 dicens:

453 2509 575 2581 «Vis»
598 2528 636 2586 tu
653 2516 792 2614 aliquis,
811 2548 829 2588 u
841 2544 917 2592 non
934 2519 1059 2593 timere
1073 2519 1315 2620 potestatem»
1335 2520 1455 2619 potius
1473 2541 1585 2615 quam
1602 2514 1813 2604 hominem,
1832 2512 1928 2586 bene
1954 2534 2038 2610 ope·

450 2649 541 2720 rare,
563 2646 600 2704 et
620 2635 803 2731 parcendo
829 2637 892 2710 tibi
919 2638 1135 2739 approbabit
1163 2663 1274 2738 opera
1299 2654 1374 2732 tua,
1401 2654 1438 2710 et
1465 2652 1500 2710 te
1527 2634 1621 2708 bene
1647 2658 1751 2732 agere
1779 2630 2034 2705 testificabitur.

453 2774 471 2809 a
485 2746 653 2822 Gladium
678 2768 845 2851 portat,»
873 2755 911 2828 id
936 2771 1086 2829 estnon
1112 2756 1402 2830 irrationabiliter
1428 2755 1477 2828 ad
1504 2753 1744 2828 occidendum
1772 2752 1880 2826 etiarn
1904 2764 1957 2822 est
1982 2752 2038 2820 in-

449 2876 615 2961 structus,
643 2871 728 2968 quia
747 2872 972 2947 videlicet'in
998 2874 1069 2948 hoc
1094 2875 1172 2947 Deo
1195 2875 1363 2967 deservit,
1388 2875 1452 2973 qui
1474 2898 1583 2973 super
1602 2874 1675 2945 hoc
1699 2896 1783 2944 eum
1808 2870 1971 2956 instituit,
2000 2883 2039 2941 ut

448 2981 605 3059 vinceret
627 2989 733 3064 mala.
761 2996 806 3065 Et
826 2992 898 3067 hoe
923 3009 1008 3068 est:
1032 2993 1138 3068 «Dei
1154 2994 1265 3090 enim,
1293 3010 1362 3068 etc.
1391 2993 1523 3069 vindex
1548 2994 1587 3067 in
1615 2994 1719 3083 iram,
1736 3021 1753 3059 n
1771 2989 1810 3063 id
1835 3002 1887 3063 cst
1906 2987 2038 3061 vindex

447 3102 634 3180 irascendo
659 3110 752 3183 male
773 3113 891 3208 agenti
914 3114 1035 3211 potius
1061 3138 1172 3210 quam
1194 3114 1348 3205 homini,
1374 3113 1413 3183 id
1438 3128 1492 3183 est
1518 3111 1660 3182 malitie
1681 3108 1803 3206 potius
1826 3108 1902 3204 ejus
1928 3130 2038 3204 quam

446 3218 663 3300 substantiae.
687 3228 772 3303 ldeo
795 3231 880 3328 quia
904 3230 1039 3303 scilicet
1060 3228 1230 3303 minister
1244 3243 1297 3302 est
1321 3228 1403 3322 Dei,
1429 3227 1638 3301 obedientes
1666 3228 1698 3298 ei
1726 3240 1840 3298 estote
1867 3239 2038 3323 tanquam

446 3342 537 3433 Deo,
560 3359 596 3443 et
619 3345 691 3421 boc
715 3352 967 3441 «necessitate,
982 3381 1000 3417 »
1024 3350 1062 3423 id
1082 3350 1139 3423 est
1153 3374 1222 3449 pro
1247 3349 1432 3423 manifesta
1452 3348 1613 3439 utilitate,
1636 3369 1746 3444 quam
1771 3369 1815 3417 ex
1840 3344 2037 3416 ministerio

445 3462 648 3562 principum
666 3471 859 3570 percipitis,
881 3495 981 3544 «non
998 3471 1116 3544 solum
1134 3485 1284 3570 propter
1295 3471 1413 3542 iram»
1434 3492 1560 3540 eorum
1574 3463 1721 3558 scilicet,
1741 3463 1831 3537 «sed
1843 3478 1879 3535 et
1891 3477 2037 3563 propter

445 3585 700 3659 conscientiam
723 3605 891 3680 vestram,
906 3590 927 3659 'u
946 3589 983 3664 id
1004 3604 1058 3663 est
1077 3613 1154 3661 non
1171 3589 1289 3661 solum
1309 3601 1458 3687 propter
1479 3584 1726 3659 fortitudinem
1751 3581 1917 3656 vindictae
1940 3584 2037 3681 ipso·

444 3724 527 3772 rum
543 3706 605 3800 qui
623 3730 690 3779 nos
706 3708 954 3782 inobedientes
976 3708 1043 3780 sibi
1064 3711 1183 3781 statim
1204 3708 1386 3806 punirent,
1404 3706 1653 3779 verumetiam
1672 3705 1757 3803 quia
1771 3701 2035 3799 vobismetipsis

443 3824 579 3920 conscii
590 3827 674 3897 estis
690 3852 752 3901 eos
770 3829 874 3902 vobis
891 3812 1109 3902 necessarios
1120 3824 1197 3902 esse
1215 3828 1262 3901 ad
1285 3826 1461 3915 malitiam,
1474 3823 1752 3924 reprimendam.
1770 3820 1883 3893 «ldeo
1896 3821 2032 3893 enim.»

445 3940 537 4041 Quia
562 3943 725 4019 videlicet
748 3949 797 4021 ita
821 3949 926 4021 vobis
952 3948 1141 4021 necessarii
1163 3944 1280 4038 sunt,
1296 3943 1515 4018 vindicando
1542 3941 1675 4017 scilicet
1702 3941 1747 4014 de
1769 3939 1826 4013 bis
1852 3941 1915 4037 qui
1943 3938 2035 4010 male

444 4073 566 4153 agunt,
593 4076 632 4134 ut
656 4064 792 4140 dictum
819 4081 890 4161 est,
921 4068 1082 4154 «tributa
1097 4095 1115 4136 u
1147 4068 1198 4139 eis
1221 4064 1440 4165 persolvitis,
1468 4064 1539 4135 «in
1560 4061 1633 4157 hoc
1655 4062 1735 4161 ipsi,
1751 4088 1770 4129 u
1799 4058 1935 4132 scilicet
1958 4060 2034 4128 Deo

444 4184 649 4277 servientes,
673 4186 774 4284 quod
794 4186 991 4273 vindicant,
1005 4185 1111 4278 mala,
1134 4181 1237 4258 ut'de
1259 4182 1336 4256 boc
1350 4187 1428 4282 ipso
1451 4181 1552 4282 quod
1568 4179 1710 4253 tributa
1733 4179 1931 4276 suscipiunt
1958 4175 2035 4246 offi-

443 4288 539 4373 cium
561 4308 666 4376 suum
690 4306 839 4406 implere
861 4307 1030 4396 valeant¹,
1050 4304 1151 4403 quod
1167 4302 1396 4401 nequaquam
1413 4302 1489 4375 sine
1508 4301 1566 4372 his
1585 4298 1748 4397 expensis
1764 4310 1910 4396 possent
1932 4318 2034 4364 erer-

444 4426 538 4513 cere,
555 4438 588 4494 et
606 4423 687 4496 ideo
704 4427 788 4521 quia
799 4414 849 4497 sic
865 4425 1000 4498 conscii
1012 4426 1112 4517 estis,
1131 4422 1189 4496 vel
1206 4422 1291 4520 quia
1307 4421 1432 4513 hicflita
1447 4425 1525 4492 Deo
1542 4418 1716 4491 militant.

496 4570 515 4607 u
530 4541 677 4615 Reddite
699 4542 768 4615 illis
791 4544 993 4617 omnibus»
1013 4568 1091 4642 quae
1112 4567 1180 4642 pro
1201 4536 1279 4614 hoe
1296 4539 1448 4613 debetis.
1469 4567 1489 4609 n
1500 4539 1566 4611 Cui
1592 4537 1796 4609 tributum»
1815 4532 1948 4606 scilicet
1964 4530 2034 4601 de·

445 4659 546 4752 betis,
568 4662 805 4736 «tributum»
824 4662 975 4736 reddite.
993 4664 1189 4761 Origenes:
1214 4646 1389 4751 «Tributa
1412 4675 1511 4731 terrae
1527 4657 1712 4754 vectigalia
1734 4652 2030 4751 negotiationis.»

443 4784 607 4878 Haymo:
632 4783 727 4853 «Cui
746 4781 923 4854 tributum
936 4782 1073 4854 debetis
1094 4780 1259 4871 reddere,
1276 4777 1414 4869 reddite
1433 4805 1441 4848 :
1461 4779 1553 4849 sicut
1568 4791 1602 4847 et
1624 4778 1700 4872 ipse
1714 4771 1883 4845 conditor
1902 4794 1969 4866 pro
1995 4793 2032 4839 se

443 4915 479 4971 et
492 4925 560 4998 pro
586 4905 695 4973 Petro
709 4899 908 4997 didragma.
928 4899 1116 4973 Tributum
1139 4898 1307 4971 dicitura
1328 4894 1496 4988 tribunis,
1512 4909 1547 4969 et
1568 4891 1716 4964 Tribuni
1733 4914 1753 4963 a
1771 4889 1896 4982 tribuS,
1922 4887 2032 4986 siqui·

476 5171 572 5235 'lnam
583 5187 636 5238 cap.
650 5191 702 5240 ux,
713 5192 737 5229 r.
753 5182 789 5232 ll.
803 5208 831 5219 -
843 5182 932 5233 ²Amb.
948 5182 1067 5233 Veientes.
