4559 6100
771 545 1027 619 Tflnotocm
1051 543 1324 618 cnutstttrta.
1773 542 1845 613 525

251 709 371 768 tamen
400 708 484 766 sunt
508 694 725 794 proprietate
750 693 798 766 ab
824 695 979 767 invicem
1006 695 1155 767 materia
1178 692 1253 790 ipsa
1279 704 1315 762 et
1339 689 1583 781 materiatum,
1611 703 1737 788 utpote
1764 716 1846 765 cera

252 821 347 916 ipsa,
383 833 418 890 et
444 842 524 915 quse
548 843 590 890 ex
618 819 695 916 ipsa
722 832 775 891 est
811 818 929 915 imago
959 841 1075 890 cerea.
1101 823 1149 889 Ac
1176 815 1333 912 primum
1367 811 1414 884 de
1446 812 1676 910 generatione
1714 837 1845 912 prose-

253 962 421 1035 quamur.

304 1062 483 1130 Ponamus
503 1081 588 1153 ergo
611 1070 692 1130 ante
716 1056 841 1130 oculos
867 1082 1007 1130 ceream
1025 1060 1235 1157 imaginem,
1254 1075 1291 1131 et
1317 1056 1584 1130 consideremus
1608 1054 1645 1124 iu
1672 1075 1715 1125 ea
1731 1051 1844 1151 ipsam

253 1190 417 1247 naturam
433 1200 536 1268 cerae,
555 1176 626 1248 boc
641 1191 695 1249 est
710 1177 823 1276 ipsam
838 1202 976 1251 ceream
995 1177 1243 1267 substantiam,
1261 1204 1305 1251 ex
1318 1201 1389 1275 qua
1407 1190 1461 1247 est
1476 1176 1595 1269 imago
1614 1197 1730 1263 cerea,
1746 1173 1846 1270 juxta

253 1294 501 1392 philosophos,
529 1310 712 1393 tamquam
733 1297 957 1370 materiatum
975 1323 1018 1369 ex
1035 1300 1204 1387 materia,
1229 1322 1312 1370 cum
1340 1314 1458 1367 tamen
1484 1292 1610 1365 eadem
1634 1293 1785 1364 essentia
1802 1293 1846 1363 sit

253 1439 333 1486 cera
356 1415 433 1513 ipsa
457 1430 491 1487 et
510 1416 629 1512 imago
650 1439 764 1504 cerea,
786 1432 823 1488 ut
845 1418 952 1489 etiam
977 1442 1043 1515 per
1064 1418 1354 1516 praedicationem
1375 1415 1443 1487 sibi
1466 1413 1595 1486 sociari
1611 1425 1746 1509 queant
1765 1435 1847 1483 cera

254 1535 328 1632 ipsa
352 1549 388 1605 et
410 1535 528 1630 imago
551 1536 646 1632 ipsa,
671 1550 705 1606 et
726 1536 795 1607 dici
815 1536 928 1632 possit
954 1536 1053 1632 quod
1077 1537 1195 1633 imago
1218 1560 1320 1608 cerea
1341 1536 1386 1606 sit
1410 1534 1499 1631 ipsa.
1525 1535 1598 1603 Nec
1619 1546 1739 1602 tamen
1762 1529 1846 1602 ideo

254 1655 373 1726 minus
392 1654 543 1725 dicimus
563 1679 703 1727 ceream
723 1656 916 1752 imaginem
932 1680 1009 1727 esse
1026 1681 1068 1729 ex
1086 1681 1188 1749 cera,
1209 1681 1283 1728 non
1305 1678 1424 1726 ceram
1444 1676 1485 1723 ex
1507 1675 1609 1724 cerea
1626 1652 1792 1747 imagine,
1812 1665 1847 1722 et

253 1796 372 1844 ceram
398 1774 512 1871 ipsam
529 1798 604 1845 esse
621 1774 806 1846 materiam
827 1798 937 1846 cereae
961 1776 1138 1871 imaginis,
1164 1800 1238 1847 non
1262 1797 1404 1846 ceream
1426 1771 1615 1866 imaginem
1640 1793 1718 1842 esse
1733 1783 1845 1841 mate-

253 1893 343 1967 riam
366 1894 476 1991 ipsius
496 1918 586 1965 ceree
605 1908 667 1966 aut
689 1919 799 1967 cereae
822 1895 998 1991 imaginis.
1020 1900 1064 1968 Et
1082 1922 1204 1971 rursus
1224 1896 1416 1991 imaginem
1440 1916 1580 1964 ceream
1601 1891 1754 1962 dicimus
1770 1914 1847 1962 esse

254 2013 475 2085 materiatam
499 2037 542 2085 ex
563 2013 640 2111 ipsa
661 2038 762 2101 cera,
789 2039 907 2112 neque
930 2016 1043 2113 ipsam
1066 2039 1185 2087 ceram
1207 2029 1267 2088 aut
1290 2015 1406 2112 ipsam
1430 2012 1622 2107 imaginem
1644 2034 1721 2082 esse
1738 2024 1848 2083 mate·

253 2135 379 2205 riatam
404 2157 448 2205 cx
475 2156 579 2204 cerea
600 2133 766 2229 imagine.
796 2137 836 2204 ln
859 2158 931 2231 qua
955 2132 1103 2231 quidem
1128 2159 1166 2206 re
1191 2130 1496 2205 considerandum
1520 2145 1594 2220 est,
1622 2128 1722 2227 quod
1748 2131 1776 2200 si
1805 2153 1846 2201 ea

254 2253 402 2322 nomina
427 2252 537 2348 ipsius
560 2276 649 2322 cerae
674 2265 710 2323 et
738 2276 849 2324 cereae
871 2253 1035 2348 imaginis
1060 2255 1291 2352 accipiamus,
1318 2276 1396 2350 quae
1413 2250 1575 2323 absolute
1599 2274 1675 2322 non
1702 2249 1848 2321 relative

253 2368 435 2460 dicuntur,
455 2370 537 2442 licet
554 2394 678 2468 caper
698 2370 988 2470 praedicationem
1002 2370 1070 2443 sibi
1083 2373 1260 2445 veraciter
1274 2370 1446 2467 conjungi
1462 2384 1610 2468 propter
1626 2367 1847 2441 identitatem

252 2487 456 2561 substantias
481 2490 591 2588 ipsius
617 2514 706 2563 cerae
729 2506 765 2562 et
790 2515 901 2563 cereae
924 2492 1101 2587 imaginis,
1128 2492 1237 2563 veluti
1263 2516 1346 2563 cum
1370 2514 1452 2563 cera
1468 2491 1551 2588 ipsa
1576 2489 1622 2560 sit
1646 2513 1788 2579 crocea,
1812 2505 1848 2561 et

252 2608 372 2704 imago
392 2609 437 2678 sit
454 2623 563 2700 recta,
585 2633 699 2681 unum
716 2624 770 2681 est
785 2611 903 2709 ipsum
920 2635 1088 2682 croceum
1105 2625 1142 2683 et
1162 2625 1313 2697 rectum,
1332 2609 1388 2681 vel
1408 2632 1632 2682 econverso.
1650 2609 1687 2679 Si
1703 2632 1790 2679 vero
1806 2632 1848 2679 ea

253 2749 438 2799 sumamus
474 2729 643 2819 nomina,
678 2753 757 2826 quae
786 2728 984 2802 secundum
1013 2730 1128 2827 ipsam
1160 2732 1430 2825 generationem
1461 2741 1525 2801 aut
1554 2727 1847 2801 constitutionem

253 2871 363 2918 cereae
385 2847 549 2942 imaginis
572 2872 613 2919 ex
637 2871 718 2919 cera
742 2848 886 2920 relative
904 2848 951 2921 ad
974 2849 1127 2921 invicem
1148 2849 1330 2941 dicuntur,
1351 2861 1476 2946 utpote
1494 2848 1643 2919 materia
1663 2845 1719 2917 vel
1736 2860 1850 2919 mate-

253 2966 402 3041 riatum.
425 2966 498 3039 sire
519 2966 741 3038 constituens
761 2982 798 3040 et
819 2969 1067 3059 constitutum,
1093 2970 1167 3041 sive
1192 2992 1302 3042 causa
1327 2982 1363 3040 et
1386 2968 1550 3058 allectus,
1579 2967 1652 3038 sive
1678 2990 1849 3064 generans

253 3098 288 3155 et
314 3087 491 3180 genitum3
513 3112 588 3158 non
614 3086 697 3159 licet
713 3112 756 3161 ea
781 3088 981 3160 secundum
1006 3114 1088 3161 suas
1111 3091 1348 3189 proprietates
1375 3087 1444 3160 sibi
1470 3113 1535 3187 per
1559 3087 1849 3186 pradicationem

253 3205 399 3293 sociari,
427 3219 468 3275 ut
490 3204 655 3277 videlicet
676 3205 839 3278 dicamus
859 3207 909 3278 ibi
933 3208 1045 3304 ipsam
1073 3210 1257 3280 materiam
1280 3233 1356 3280 esse
1382 3206 1626 3298 materiatum,
1649 3206 1705 3277 vel
1731 3210 1848 3307 ipsum

253 3324 477 3395 materiatum
499 3349 576 3395 esse.
598 3326 801 3418 materiam,
820 3341 889 3398 etc.
912 3326 1022 3414 Quod
1043 3329 1073 3399 si
1094 3327 1203 3422 hujus
1223 3326 1465 3399 similitudinis
1487 3328 1663 3397 rationem
1686 3324 1734 3397 ad
1756 3325 1851 3396 diri-

255 3466 339 3513 nam
360 3445 626 3538 generationem
645 3445 878 3535 reducamus3
898 3445 999 3518 lacile
1016 3461 1068 3517 est
1084 3445 1134 3517 ibi
1154 3461 1282 3518 cuncta
1303 3447 1482 3542 assignare
1500 3468 1541 3515 ac
1560 3442 1752 3516 defendere
1770 3470 1849 3542 quae

253 3563 432 3635 audimus.
461 3570 639 3637 l’onamus
661 3566 781 3663 itaque
802 3571 920 3637 Deum
946 3570 1100 3654 l’atrem,
1130 3582 1171 3638 ut
1196 3592 1305 3664 supra
1327 3565 1571 3653 meminimus,
1599 3563 1758 3636 divinam
1783 3590 1849 3663 po·

254 3683 423 3773 tentiam,
455 3707 497 3754 ac
522 3689 639 3754 Deum
665 3683 793 3755 Filium
821 3686 979 3756 divinam
1005 3686 1256 3784 Sapientiam:
1285 3699 1321 3758 et
1347 3683 1617 3756 consideremus
1646 3682 1745 3779 quod
1773 3685 1849 3782 ipsa

253 3802 432 3900 Sapientia
451 3801 616 3899 quaedam
642 3804 687 3874 sit
708 3805 889 3902 potentia3
916 3829 1000 3876 eum
1024 3805 1070 3875 sit
1092 3805 1168 3903 ipsa
1190 3804 1355 3876 videlicet
1378 3804 1539 3903 potentia
1562 3802 1791 3876 discernendi
1807 3828 1849 3874 ac

255 3920 471 4017 providendi
487 3947 550 3993 seu
572 3921 797 3994 deliberandi
813 3923 988 3995 veraciter
1015 3923 1151 4015 omnia,
1171 3949 1217 3996 nc
1235 3923 1322 4020 quid
1339 3927 1456 3995 Deum
1474 3922 1640 4021 decipere
1660 3922 1774 4019 possit
1789 3938 1850 3993 aut

252 4039 376 4112 latere.
405 4044 465 4111 Est
485 4041 591 4136 igitur
615 4040 737 4114 divina
762 4042 943 4139 Sapientia
968 4067 1010 4114 ex
1037 4042 1159 4116 divina
1181 4044 1363 4131 Potentia3
1392 4042 1581 4139 quomodo
1604 4065 1707 4112 cerea
1731 4042 1849 4138 imago

253 4174 306 4230 cst
319 4185 360 4231 ex
370 4163 479 4254 cera¹‚
496 4173 558 4231 aut
568 4160 881 4258 quomodo,juxta
898 4160 1149 4260 philosophos,
1161 4164 1297 4259 species
1313 4163 1389 4261 ipsa
1405 4186 1448 4233 ex
1465 4185 1596 4256 genere
1611 4185 1687 4232 esse
1703 4159 1846 4248 dicitur,

253 4304 337 4351 cum
354 4293 474 4353 tamen
491 4279 588 4352 idem
606 4281 651 4352 sit
669 4281 804 4379 species
825 4280 926 4378 quod
944 4306 1071 4377 genus,
1090 4295 1130 4352 ut
1144 4282 1258 4354 homo
1281 4280 1379 4353 idem
1395 4280 1496 4378 quod
1512 4279 1659 4371 animal,
1678 4293 1714 4351 et
1731 4281 1848 4376 imago

254 4425 356 4473 cerea
373 4400 469 4472 idem
486 4400 587 4497 quod
604 4425 698 4472 cera.
723 4405 800 4499 lpsa
818 4402 954 4499 quippe
971 4402 1090 4498 imago
1108 4425 1211 4474 cerea
1227 4402 1276 4472 ita
1294 4415 1347 4473 est
1361 4425 1404 4472 ex
1420 4423 1515 4490 cera,
1534 4413 1569 4470 et
1584 4398 1697 4470 homo
1713 4423 1756 4470 ex
1773 4402 1849 4470 ani·

254 4519 351 4607 mali,
372 4519 469 4617 quod
488 4544 528 4591 ex
548 4544 593 4590 co
610 4519 711 4615 quod
727 4544 829 4591 cerea
852 4520 970 4609 imago
988 4537 1059 4609 est,
1079 4522 1187 4617 exigit
1204 4535 1243 4591 ut
1259 4543 1341 4591 cera
1358 4520 1424 4607 sit,
1449 4533 1485 4590 et
1500 4542 1542 4590 ex
1558 4542 1604 4589 eo
1620 4517 1720 4615 quod
1737 4518 1848 4590 bomo

248 4653 321 4728 -est,
345 4654 385 4710 ut
400 4640 446 4710 sit
460 4638 614 4726 animal;
637 4637 701 4709 sed
722 4662 798 4710 non
819 4662 1044 4712 econverso.
1068 4640 1231 4711 Potentia
1249 4640 1383 4737 quippe
1400 4651 1473 4710 tam
1490 4637 1537 4710 ad
1554 4636 1845 4719 discernendum,

251 4783 364 4854 quam
385 4758 433 4831 ad
454 4757 520 4830 alia
542 4757 681 4854 agenda
704 4756 880 4849 sehabet,
903 4759 994 4830 sicut
1012 4783 1092 4831 cera
1117 4774 1191 4831 tam
1214 4760 1261 4832 ad
1285 4782 1424 4831 ceream
1452 4758 1656 4854 imaginem,
1675 4780 1784 4854 quam
1802 4756 1847 4827 ad

286 4990 348 5040 'lite
359 4992 528 5041 autmadremt
543 4990 615 5041 Edm.
627 4988 734 5040 llartene
747 4990 845 5043 Petrum
859 4992 1024 5049 abaelardum,
1073 4998 1130 5041 sunt
1149 4995 1203 5053 eJus
1225 4992 1356 5041 adversari!
1375 4989 1404 5041 S.
1425 4989 1578 5051 Bemardus,
1608 4988 1751 5039 Gulttetmus
1772 4991 1848 5038 abbas

252 5074 280 5120 to
291 5068 472 5121 introductione
490 5073 522 5121 ad
537 5069 705 5132 Tlreotogtam,
719 5072 765 5121 alla
779 5073 937 5122 stmtlltudtna
953 5085 1023 5121 usum
1072 5072 1098 5121 S.
1112 5072 1548 5133 Theodoricl,etabbasbnonymua
1564 5072 1606 5132 qul
1619 5070 1833 5131 tuerarejnsdtset
1914 5135 1916 5140 Ι

250 5151 343 5211 tuisse,
362 5153 454 5201 scillcet
474 5154 528 5201 arta
539 5159 564 5201 et
577 5152 648 5212 urtttt
662 5153 730 5212 arel,
744 5159 829 5202 contra
845 5164 918 5213 quam
935 5152 1023 5202 lorectt
1073 5153 1154 5213 palus.
1167 5151 1222 5201 vid.
1234 5150 1422 5202 Bibll’otntm
1434 5151 1515 5203 enter
1531 5149 1658 5211 mum,
1672 5157 1691 5200 t.
1704 5148 1746 5200 lv.
