4559 6100
524 516 686 589 E'l'HlCA
709 515 791 587 SEU
815 514 943 585 LlBER
967 515 1152 587 DlC'lUS:
1181 514 1304 586 SCl'l'O
1329 514 1529 587 'l'ElPSUM-
1751 511 1823 583 615

233 669 296 764 qui
317 668 487 762 Martyres
503 663 822 764 persequebantur,
846 661 1036 759 dequibus
1052 662 1191 734 Veritas
1213 663 1248 733 in
1266 662 1478 759 Evangelio¹
1498 688 1507 733 t
1523 654 1659 733 «Venit
1674 660 1766 733 hora
1785 677 1823 734 ut

233 787 350 860 omnis
367 786 430 882 qui
441 782 607 857 interficit
624 808 702 870 ros,
723 781 913 855 arbitretur
926 780 1139 878 obsequium
1159 807 1196 853 se
1215 795 1381 879 praestare
1393 784 1484 852 Deo.
1500 808 1518 847 u
1539 780 1707 867 Qualium
1724 781 1825 878 igno·

232 905 355 977 rantiae
363 903 552 1001 Apostolus
561 901 707 998 quidem
713 902 934 1000 compatiens
945 902 1027 972 ait²z
1040 900 1322 972 «Testimonium
1331 900 1399 971 illis
1407 897 1595 998 perhibeo,
1606 897 1703 995 quod
1717 923 1824 972 aemu·

232 1017 404 1095 lationem
420 1023 485 1094 Dei
496 1022 644 1108 habent,
660 1020 722 1093 sed
734 1047 809 1093 non
821 1019 1019 1093 secundum
1031 1020 1237 1111 scientiam,
1255 1018 1356 1089 »hoc
1377 1031 1442 1103 est,
1461 1041 1631 1113 magnum
1648 1017 1825 1091 fervorem

234 1140 369 1213 habent
380 1166 422 1214 ae
433 1140 649 1213 desiderium
665 1142 700 1212 in
716 1141 773 1213 his
787 1139 970 1232 iaciendis,
989 1164 1067 1236 quae
1084 1142 1161 1210 Deo
1178 1137 1320 1236 placere
1335 1136 1507 1225 credunt;
1526 1136 1589 1208 sed
1599 1137 1684 1235 quia
1701 1138 1739 1208 in
1753 1137 1825 1211 hoc

232 1262 343 1331 animi
360 1261 414 1332 sui
430 1262 508 1333 zelo
532 1260 587 1331 vel
607 1259 726 1332 studio
744 1259 986 1359 decipiuntur,
1012 1282 1164 1330 erronea
1185 1272 1238 1330 est
1255 1282 1381 1329 eorum
1406 1256 1570 1344 intentio,
1590 1281 1659 1327 nee
1675 1257 1824 1354 simplex

233 1392 286 1449 est
295 1379 422 1451 oculus
434 1379 567 1467 cordis,
581 1393 621 1451 ut
633 1379 728 1452 clare
740 1378 860 1452 videre
875 1392 995 1475 queat,
1009 1377 1081 1449 hoc
1091 1391 1156 1466 est,
1179 1376 1225 1449 ab
1238 1401 1361 1449 errore
1373 1375 1441 1447 sibi
1453 1376 1658 1474 providere.
1674 1375 1827 1473 Diligen-

235 1510 286 1567 ter
310 1498 431 1594 itaque
447 1499 639 1586 Dominus,
667 1522 751 1569 cum
767 1496 966 1569 secundum
982 1497 1220 1568 intentionem
1237 1510 1372 1568 rectam
1388 1494 1445 1566 vel
1467 1519 1541 1566 non
1560 1509 1693 1567 rectam
1715 1520 1825 1593 opera

233 1615 477 1713 distingueret,
491 1615 867 1704 oculummentis,hoc
883 1629 948 1706 est,
967 1615 1202 1687 intentionem
1221 1614 1449 1712 «simplicem
1469 1643 1486 1679 n
1506 1628 1541 1684 et
1557 1613 1658 1709 quasi
1680 1637 1701 1685 a
1718 1614 1825 1687 sorde

233 1758 382 1832 puram,
409 1749 448 1805 ut
463 1734 557 1806 clare
571 1734 691 1805 videre
709 1748 846 1831 posset,
863 1749 958 1806 aute
974 1733 1154 1805 contrario
1173 1763 1191 1800 u
1210 1731 1436 1804 tenebrosam
1457 1762 1474 1798 ιι
1492 1733 1652 1823 vocavit,
1671 1755 1755 1802 cum
1772 1732 1825 1803 di·

231 1856 341 1924 ceret⁸
354 1881 362 1923 ε
376 1854 412 1923 Si
427 1853 549 1925 oculus
562 1868 645 1925 tuus
655 1853 805 1951 simplex
815 1853 933 1940 fuerit,
947 1866 1062 1924 totum
1075 1867 1319 1950 corpostuum
1329 1851 1492 1924 lucidum
1512 1852 1591 1939 erit,
1604 1882 1621 1917 »
1633 1850 1705 1922 hoc
1717 1855 1825 1943 est,si

234 1971 385 2043 intentio
401 1987 496 2044 recta
515 1972 630 2061 fuerit,
641 1986 716 2043 tota
731 1995 846 2043 massa
866 1995 1018 2068 operum
1034 1969 1118 2041 inde
1134 1971 1435 2070 provenientium,
1445 1994 1524 2066 quae
1540 1993 1641 2041 more
1656 1994 1825 2069 corpora·

233 2089 321 2161 lium
338 2115 458 2163 rerum
471 2089 586 2162 videri
602 2092 726 2188 possit,
745 2091 812 2163 erit
826 2090 907 2162 luce
924 2089 1045 2186 digna,
1060 2089 1133 2161 hoc
1151 2106 1205 2163 est
1219 2090 1317 2161 bona
1336 2116 1345 2159 z
1368 2090 1455 2161 sice
1472 2089 1666 2160 contrario.
1681 2093 1761 2161 Non
1772 2106 1823 2162 est

232 2209 354 2305 itaque
368 2209 519 2281 intentio
535 2208 632 2283 bona
645 2208 810 2302 dicenda,
829 2210 914 2306 quia
932 2208 1028 2281 bona
1042 2208 1197 2298 videtur,
1213 2209 1277 2281 sed
1292 2210 1439 2307 insuper
1454 2210 1537 2306 quia
1551 2208 1630 2280 talis
1646 2224 1712 2297 cst,
1730 2211 1820 2281 sicut

234 2327 476 2418 existimatum
497 2351 582 2399 cum
598 2327 761 2400 videlicet
778 2327 865 2400 illud
889 2327 937 2399 ad
956 2327 1056 2424 quod
1075 2328 1207 2417 tendit,
1230 2329 1260 2400 si
1275 2331 1353 2400 Deo
1378 2327 1518 2426 placere
1541 2328 1673 2419 credit,
1693 2329 1730 2399 in
1753 2328 1823 2401 hac

233 2444 381 2542 insuper
395 2446 656 2518 existimatione
673 2472 735 2518 sua
751 2470 978 2543 nequaquam
994 2445 1146 2519 fallatur.
1168 2445 1333 2544 Alioquin
1352 2447 1420 2546 ipsi
1434 2447 1539 2519 etiam
1557 2445 1719 2519 infideles
1733 2448 1823 2518 siout

232 2574 268 2632 et
293 2587 360 2635 nos
382 2563 481 2636 bona
503 2590 614 2664 opera
639 2565 831 2656 haberent,
850 2590 934 2636 cum
950 2565 1018 2663 ipsi
1038 2565 1147 2637 etiam
1170 2588 1244 2637 non
1263 2565 1382 2637 minus
1405 2588 1514 2662 quam
1536 2590 1604 2638 nos
1622 2591 1688 2665 per
1713 2589 1823 2664 opera

232 2705 298 2754 sua
313 2706 350 2755 se
368 2685 509 2775 salvari,
528 2684 585 2757 vel
604 2690 681 2757 Deo
700 2684 838 2782 placere
854 2684 1013 2757 credant.

856 3013 1038 3104 CAPUT
1066 3015 1190 3104 lllll.

600 3225 687 3298 Quod
708 3239 858 3304 peccatum
880 3245 940 3287 non
964 3238 1007 3285 est
1029 3226 1086 3286 nisi
1108 3240 1210 3287 contra
1230 3227 1447 3288 conscientiam.

279 3411 317 3482 si
341 3410 421 3507 quis
448 3426 566 3483 tamen
594 3426 726 3506 quaerat
760 3426 881 3483 utrum
906 3411 957 3482 illi
991 3412 1188 3509 Martyrum
1212 3413 1268 3485 vel
1291 3413 1421 3483 Christi
1444 3427 1690 3511 persecutores
1714 3413 1751 3485 in
1776 3438 1820 3484 co

233 3544 423 3628 peccarent
445 3530 543 3627 quod
565 3530 704 3629 placere
723 3535 801 3603 Deo
828 3531 1042 3624 credebant3
1060 3545 1120 3603 aut
1147 3531 1235 3603 illud
1260 3532 1336 3604 sine
1356 3547 1503 3630 peccato
1527 3532 1706 3605 dimittere
1731 3558 1821 3632 pos·

232 3664 330 3738 sent,
358 3648 459 3747 quod
483 3648 686 3720 nullatenus
711 3673 787 3721 esse
814 3648 1070 3722 dimittendum
1095 3647 1309 3742 censebant,
1335 3650 1498 3749 prolecto
1524 3649 1722 3723 secundum
1748 3650 1820 3722 hoc

232 3766 332 3864 quod
350 3768 513 3866 superius
537 3782 724 3865 peccatum
747 3793 823 3840 csse
841 3770 1091 3868 descripsimus
1118 3783 1362 3868 contemptum
1378 3771 1457 3861 Dei,
1484 3768 1539 3842 vel
1556 3769 1759 3841 consentire
1782 3771 1819 3841 in

159 3949 167 3963 .
231 3910 289 3976 eo,
304 3887 340 3957 in
353 3886 452 3983 quod
466 3887 579 3959 credit
593 3888 890 3960 consentiendum
909 3913 983 3960 non
997 3912 1085 3980 esse,
1097 3912 1173 3960 non
1190 3912 1378 3986 possumus
1395 3887 1513 3961 dicere
1526 3913 1588 3960 eos
1601 3888 1637 3958 in
1652 3887 1723 3961 hoc
1742 3913 1823 3987 pec·

230 4029 347 4094 casse,
378 4030 444 4077 nec
471 4007 709 4102 ignorantiam
726 4008 958 4105 cujusquam,
988 4005 1044 4078 vel
1071 4008 1184 4106 ipsam
1211 4007 1319 4078 etiam
1344 4005 1609 4096 infidelitatem,
1638 4031 1721 4078 cum
1749 4031 1820 4104 qua

232 4147 340 4195 nemo
366 4123 493 4196 salvari
514 4138 651 4222 potest,
675 4140 861 4222 peceatum
882 4150 970 4197 csse.
998 4126 1069 4214 Qui
1091 4126 1189 4197 enim
1206 4124 1388 4197 Christum
1413 4127 1597 4223 ignorant,
1623 4139 1658 4197 et
1682 4124 1731 4197 ob
1747 4124 1819 4197 hoc

233 4240 340 4315 fidem
361 4244 598 4317 Christianam
619 4260 810 4342 respuunt,
831 4245 915 4342 quia
932 4249 1106 4344 earmDeo
1127 4245 1345 4317 contrariam
1368 4244 1540 4336 credunt,
1561 4269 1670 4343 quem
1693 4245 1729 4316 in
1747 4243 1819 4315 hoc

231 4363 297 4433 Dei
312 4378 559 4460 contemptum
575 4363 708 4436 hahent
722 4365 822 4462 quod
838 4379 986 4464 propter
997 4368 1112 4436 Deum
1128 4363 1274 4456 faciunt,
1285 4379 1320 4436 et
1332 4364 1380 4437 ob
1393 4359 1567 4438 hocbeoe
1579 4390 1616 4436 se
1630 4363 1745 4436 lacere
1761 4387 1817 4435 ar·

232 4478 423 4573 bitrantur,
442 4482 638 4580 praesertim
655 4507 739 4554 cum
755 4485 945 4582 Apostolus
962 4484 1074 4557 dicat⁸
1097 4516 1114 4551 α
1133 4484 1170 4555 si
1187 4508 1251 4556 cor
1270 4498 1459 4556 nostrumn
1482 4509 1530 4556 on
1547 4482 1817 4582 reprehenderit

231 4623 311 4687 nos,
328 4598 497 4671 fiduciam
507 4600 683 4673 habemus
696 4601 794 4700 apud
809 4607 926 4674 Deum
946 4630 954 4674 ε
978 4632 995 4669 u
1010 4618 1181 4701 tanquam
1194 4603 1223 4674 si
1237 4601 1372 4674 diceret
1384 4629 1393 4672 ι
1406 4585 1475 4673 Ubi
1482 4617 1608 4675 contra
1626 4602 1816 4675 conscien-

231 4717 317 4790 tiam
341 4732 500 4791 uostram
527 4745 601 4791 non
626 4723 891 4819 presumimus,
912 4722 1039 4797 frustra
1062 4747 1131 4794 nos
1151 4721 1249 4820 apud
1273 4726 1390 4795 Deum
1410 4721 1456 4795 de
1479 4723 1585 4822 culpa
1608 4747 1688 4794 reos
1712 4720 1817 4791 statui

232 4834 486 4909 lormidamus?
504 4843 572 4910 Aut
585 4842 614 4911 si
631 4840 755 4913 talium
773 4840 973 4938 ignorantia
986 4855 1134 4940 peccato
1153 4840 1302 4913 minime
1318 4854 1372 4913 est
1388 4840 1609 4930 ascribenda,
1629 4837 1816 4936 quomodo

263 5094 268 5120 ¹
279 5087 363 5156 l⁰²¹¹12
377 5108 431 5158 0¹1³·
444 5108 494 5160 ιιι,
509 5110 531 5147 ι.
544 5100 565 5149 1.
581 5125 608 5137 -
620 5099 630 5129 ²
641 5099 723 5160 Rom,
733 5114 788 5163 cap.
803 5113 828 5162 x,
841 5114 864 5150 ι.
875 5104 900 5152 2.
916 5126 942 5138 -
954 5101 964 5133 ⁸
974 5099 1060 5152 lauh.
1070 5139 1076 5164 ,
1088 5115 1143 5164 rap.
1155 5114 1194 5162 ιι,
1208 5113 1233 5150 ι.
1244 5103 1283 5152 tt.
1300 5128 1324 5139 -
1337 5097 1426 5150 ‘loun
1435 5097 1455 5160 l,
1464 5111 1519 5160 cap.
1533 5110 1569 5157 ru,
1581 5109 1605 5145 v.
1617 5099 1656 5147 21.
