4559 6100
881 547 1112 625 utstoous.
1721 560 1792 633 tot

200 706 403 780 animarum
418 703 614 804 quamdam
634 726 759 778 earum
778 700 984 774 inferiorem
1007 700 1276 794 corrosionem,
1295 725 1368 799 qua
1393 702 1440 776 de
1462 706 1681 782 couscientia
1706 732 1791 802 sua,

200 822 450 923 desperatione
469 825 580 897 veniae
603 838 640 896 et
661 822 786 894 futurae
809 844 924 920 poenae
948 834 1141 916 augmento
1156 820 1232 916 Jam
1252 823 1470 918 cruciantur,
1495 848 1537 896 ac
1557 827 1792 923 postmodum

199 942 319 1038 ignem
351 968 426 1041 quo
450 943 639 1042 resumptis
668 939 881 1040 corporibus
905 936 1174 1030 cruciabuntur,
1198 941 1412 1014 intellexisse
1433 943 1612 1043 propbeta
1634 945 1788 1041 dicatur,

199 1061 300 1135 facile
324 1077 377 1135 est
398 1077 473 1136 tam
493 1063 648 1162 spiritale
671 1086 780 1159 quam
801 1057 989 1159 corporale
1010 1072 1231 1131 tormentum
1256 1059 1399 1133 deliniri
1421 1062 1623 1156 infernum,
1645 1089 1793 1164 compa·

197 1182 338 1255 ratione
354 1181 488 1256 scilicet
503 1180 652 1254 aliarum
670 1204 880 1281 poenarum,
899 1179 956 1251 bis
970 1193 1143 1275 tanquam
1160 1178 1293 1251 intimis
1308 1179 1365 1252 vel
1386 1183 1554 1254 extremis
1576 1183 1625 1255 ita
1642 1184 1789 1272 vocatis,

196 1298 272 1368 sive
294 1297 362 1369 sub
385 1298 488 1370 terris
508 1299 583 1371 sire
604 1297 690 1371 alibi
705 1295 1059 1371 dicantur'eserceri.
1080 1297 1173 1366 Cum
1191 1295 1290 1366 enim
1309 1309 1421 1369 terras
1437 1321 1544 1395 super
1568 1321 1680 1396 aquas
1704 1299 1793 1371 fun-

196 1414 299 1488 datas
315 1441 392 1489 esse
409 1430 562 1511 constat,
581 1418 769 1516 quomodo
787 1414 854 1487 sub
872 1415 974 1487 terris
990 1437 1189 1513 corporeus
1204 1413 1332 1511 aliquis
1354 1415 1445 1512 ignis
1460 1439 1537 1488 esse
1553 1416 1706 1510 dicetur,
1726 1419 1794 1489 nisi

195 1535 289 1608 forte
313 1535 380 1608 sub
410 1538 513 1610 terris
537 1536 754 1634 intelligatur
776 1557 1001 1633 quaecunque
1024 1546 1125 1605 terrie
1149 1532 1374 1632 profunditas
1405 1549 1491 1632 post
1515 1534 1630 1629 banc,
1658 1538 1695 1609 in
1721 1561 1794 1634 qua

193 1679 340 1749 sumus,
360 1670 463 1729 terrae
485 1655 737 1755 superficiem?
760 1654 831 1727 Sed
851 1678 994 1726 rursum
1016 1678 1100 1725 oum
1123 1653 1284 1725 infinitus
1299 1653 1538 1753 reproborum
1553 1679 1738 1747 numerus,
1758 1672 1793 1731 et

188 1774 294 1868 juxta
312 1776 478 1848 Veritatis
502 1776 747 1864 assertionem,
769 1799 902 1873 parvus
929 1776 974 1847 sit
998 1773 1195 1846 electorum
1223 1773 1381 1867 iuturus,
1411 1799 1487 1872 non
1511 1775 1614 1847 facile
1638 1775 1794 1848 fortassis

191 1895 389 1993 recipietur
411 1907 553 1967 tanturn
576 1893 708 1966 alicubi
734 1908 835 1967 terrie
860 1896 979 1966 sinum
998 1893 1154 1983 haberi,
1171 1893 1235 1991 qui
1258 1907 1312 1966 tot
1334 1916 1489 1992 corpora
1510 1918 1639 1994 capere
1664 1895 1789 1993 possit.

192 2012 302 2086 Unde
324 2015 354 2086 si
372 2014 516 2087 cuidam
531 2014 697 2087 videatur
719 2027 857 2087 tantam
877 2012 990 2086 divini
1006 2012 1131 2109 judicii
1154 2012 1354 2111 potentiam
1377 2033 1473 2105 esse,
1498 2029 1537 2086 nt
1560 2015 1599 2086 in
1623 2013 1794 2087 omnihus

190 2158 296 2230 aeque
317 2133 419 2227 locis,
438 2155 531 2232 quos
553 2134 726 2228 voluerit,
745 2136 875 2233 punire
896 2134 1022 2233 possit,
1037 2133 1200 2229 nihilque
1221 2131 1267 2204 ad
1285 2150 1431 2230 posnam
1450 2133 1543 2205 sicut
1564 2157 1631 2206 nec
1646 2133 1693 2207 ad
1709 2134 1793 2232 glo·

190 2252 288 2323 riam
317 2252 447 2326 referre
474 2252 662 2350 qualitates
689 2253 879 2347 locorum,
912 2277 988 2324 non
1021 2252 1149 2324 dubito
1178 2251 1216 2322 id
1247 2264 1347 2323 tanto
1384 2250 1580 2324 faciliorem
1609 2276 1793 2324 assensum

190 2361 372 2461 invenire,
388 2388 526 2470 quanto
543 2373 697 2473 amplius
713 2386 750 2446 et
769 2371 930 2445 divinam
946 2371 1147 2471 potentiam
1164 2368 1307 2441 videtur
1328 2369 1585 2443 commendare
1610 2385 1646 2443 et
1661 2372 1793 2444 rationi

190 2492 309 2589 magis
332 2492 590 2590 propinquare.
616 2496 662 2563 Ut
678 2493 775 2564 enim
797 2515 1033 2564 communem
1057 2489 1130 2562 iere
1156 2490 1319 2561 omnium
1341 2513 1534 2587 sequamur
1560 2490 1790 2587 opinionem,

189 2610 259 2707 qui
282 2611 319 2681 in
341 2610 472 2683 eodem
489 2612 570 2708 igne
587 2611 746 2710 positos,
770 2612 859 2684 alios
878 2612 1003 2707 magis,
1031 2610 1120 2682 alios
1143 2610 1282 2701 minus,
1300 2631 1368 2707 pro
1388 2608 1522 2681 meritis
1537 2609 1611 2680 suis
1629 2632 1703 2680 non
1725 2633 1793 2706 pro

193 2731 395 2826 quantitate
427 2730 584 2803 incendii
613 2730 765 2803 cruciari
797 2730 941 2822 dicunt,
968 2753 1043 2801 non
1078 2728 1186 2801 video
1212 2727 1365 2825 qualiter
1388 2727 1549 2823 ejusdem
1577 2727 1670 2825 ignis
1694 2740 1795 2798 tanta

197 2847 399 2921 moderatio
409 2872 475 2947 per
490 2848 651 2921 divinam
664 2849 863 2947 potentiam
879 2850 916 2919 in
934 2871 1040 2946 poena
1052 2846 1128 2918 fieri
1140 2848 1266 2945 possit,
1277 2860 1312 2917 et
1328 2870 1403 2918 non
1416 2846 1536 2945 potius
1547 2844 1695 2919 diversis
1706 2846 1794 2919 locis

195 2967 333 3064 positos
349 2968 510 3040 diversos
531 2967 688 3065 affligere
705 2982 814 3065 queat
834 2967 1034 3057 tormentis,
1059 2966 1116 3039 vel
1133 2964 1314 3064 quoslibet
1333 2966 1459 3059 etiam,
1483 2964 1691 3064 ubicunque
1708 2965 1792 3054 sint,

196 3085 474 3184 quibuscunque
496 3087 583 3158 velit
607 3101 775 3184 torquere
791 3088 929 3184 poenis,
954 3101 989 3157 et
1006 3088 1129 3158 omnia
1146 3087 1197 3158 eis
1219 3087 1255 3156 in
1277 3085 1456 3182 quaslibet
1476 3108 1601 3183 poenas
1616 3084 1793 3156 elementa

197 3219 426 3297 convertere,
449 3206 544 3278 sicut
565 3207 739 3304 scripturn
763 3211 862 3278 est¹:
893 3204 1098 3301 «Pugnabo
1122 3228 1190 3304 pro
1216 3209 1294 3277 Deo
1319 3219 1446 3276 contm
1470 3205 1668 3275 insensatos
1695 3200 1794 3274 orbis

196 3337 386 3395 terrarum.
405 3354 423 3391 »
444 3329 533 3395 Nam
551 3337 586 3395 et
600 3324 700 3421 justa
718 3348 846 3397 eorum
862 3324 1174 3416 existimationem,
1192 3324 1229 3395 in
1249 3325 1328 3422 ipso
1346 3322 1500 3395 aethereo
1517 3321 1623 3414 coelo,
1641 3319 1704 3392 ubi
1718 3345 1793 3417 quo

197 3442 323 3539 purior
347 3456 448 3514 tanto
476 3444 617 3515 acutior
641 3460 676 3516 et
703 3443 951 3517 vehementior
974 3442 1075 3516 ardet
1100 3442 1190 3538 ignis
1222 3455 1258 3513 et
1280 3441 1463 3539 splendet,
1491 3439 1625 3538 absque
1650 3439 1793 3514 laesione

196 3561 269 3633 ulla
288 3561 478 3635 beatorum
494 3587 649 3662 corpora
665 3564 868 3637 communis
885 3561 974 3635 tides
988 3562 1110 3635 asserit
1126 3584 1350 3660 permanere,
1372 3574 1408 3632 et
1422 3561 1495 3633 boc
1511 3560 1562 3632 eis
1576 3573 1659 3659 post
1673 3582 1792 3631 resur-

197 3680 396 3752 rectionem
419 3681 465 3753 ad
490 3682 641 3778 gloriam
662 3681 833 3754 collatum
856 3706 951 3772 esse,
976 3679 1076 3779 quod
1096 3681 1224 3754 animae
1244 3679 1449 3752 nullatenus
1465 3692 1597 3751 nostrae
1619 3678 1793 3750 sustinere

197 3796 385 3872 infirmitas
409 3801 535 3900 possit.
564 3802 624 3873 Sic
653 3802 790 3900 quippe
814 3815 851 3874 et
874 3824 981 3875 sanos
1002 3801 1128 3873 oculos
1150 3797 1212 3871 lux
1241 3814 1378 3871 recreat
1403 3812 1441 3871 et
1467 3796 1629 3869 infirmos
1656 3811 1790 3894 gruem.

197 3919 286 4006 Quis
311 3920 419 3992 etiarn
447 3919 609 4019 quotidie
635 3935 707 3993 tarn
733 3920 890 3994 diversas
916 3922 1125 3995 animalium
1151 3943 1226 3990 nou
1251 3919 1410 4017 experiat
1430 3931 1597 4008 naturas,
1625 3930 1665 3987 ut
1690 3915 1793 4013 quod

197 4037 350 4110 aliorum
370 4039 481 4112 vitam
500 4030 688 4113 construat
702 4039 856 4112 aliorum
873 4040 1067 4137 extinguat,
1091 4050 1129 4110 et
1144 4060 1340 4135 corporum
1353 4034 1494 4109 diversa
1509 4034 1788 4133 complexione,

198 4157 299 4254 quod
317 4159 379 4231 uni
395 4160 531 4258 proluit
545 4156 646 4233 alteri
661 4159 813 4251 obsistit,
830 4175 903 4231 tam
921 4159 1087 4232 animatis
1103 4157 1237 4230 scilicet
1251 4179 1363 4253 quam
1379 4154 1595 4227 inanimatis.
1617 4153 1791 4227 Homines

197 4275 267 4346 sub
288 4300 399 4373 aqua,
416 4281 531 4377 pisces
548 4278 718 4353 subdivo
735 4280 951 4352 moriuntur.
973 4275 1218 4352 salamandria
1235 4275 1285 4348 sic
1308 4275 1391 4371 igue
1406 4274 1526 4347 rivere
1548 4286 1707 4358 constat,
1728 4273 1791 4368 qui

198 4408 380 4473 maturum
404 4399 530 4470 ceteris
551 4398 799 4477 animantibus
819 4399 921 4473 affert
942 4398 1139 4471 interitum.
1166 4399 1356 4467 Venenum
1378 4394 1450 4464 vita
1473 4391 1666 4489 serpentis,
1693 4413 1791 4461 mors

198 4510 379 4607 hominis,
407 4529 443 4586 et
465 4515 592 4587 eadem
617 4517 695 4590 aliis
720 4518 961 4590 animantibus
981 4530 1123 4615 gustum
1148 4510 1310 4612 praebent
1332 4510 1572 4583 necessarium
1600 4507 1677 4580 aliis
1696 4532 1792 4581 mor·

199 4628 356 4702 tilerum.
387 4631 482 4705 Nihil
511 4635 663 4706 omnino
688 4650 758 4729 est,
789 4635 890 4733 quod
921 4633 1089 4707 omnibus
1113 4631 1227 4731 possit
1252 4627 1447 4704 convenire
1473 4627 1623 4701 naturis.
1650 4628 1722 4715 Qui
1747 4650 1790 4698 ex

197 4747 329 4824 eodem
353 4764 470 4846 utero,
495 4777 539 4825 ex
562 4751 690 4826 eodem
713 4767 814 4853 patre
837 4754 945 4850 geniti
967 4763 1234 4852 processerunt,
1260 4771 1489 4847 nequaquam
1515 4747 1641 4820 iisdem
1665 4745 1791 4816 vivunt

198 4867 466 4960 moribus,'nec
487 4870 613 4946 iisdem
634 4874 767 4973 pariter
790 4871 896 4946 rebus
913 4871 1151 4966 oblectantur,
1170 4869 1227 4945 vel
1245 4868 1492 4960 offenduntur,
1511 4890 1580 4938 nec
1604 4861 1790 4937 ineodem

231 5140 325 5205 wan,
341 5146 526 5206 cap.r,r.21.
