4559 6100
794 605 1049 679 tflaotoctt
1082 604 1358 681 CHRlS'l'lANA.
1797 601 1869 674 549

276 757 384 829 etiam
408 758 524 827 Deum
550 778 625 828 esse
649 777 870 846 annuamus,
898 755 928 826 si
953 753 1105 828 omnino
1133 754 1367 828 substantiam
1393 751 1572 843 divinam,
1600 753 1674 826 sive
1698 776 1870 852 personas

276 876 434 975 singulas
455 875 503 948 ab
521 874 579 947 his
594 898 683 972 quas
704 873 840 947 habent
860 874 1138 974 proprietatibus
1163 875 1318 949 relativis
1336 898 1402 975 per
1421 872 1714 972 praedicationem
1738 872 1871 970 disjun-

277 1020 423 1092 gamus,
454 996 545 1067 sicnt
568 994 755 1069 hominem
781 994 837 1067 vel
861 997 1045 1067 Socratem
1072 1018 1095 1067 a
1117 994 1331 1094 paternitate
1349 1016 1459 1091 qnam
1484 991 1615 1084 lrabet;
1642 1017 1726 1065 cum
1749 1007 1870 1064 tamen

277 1116 355 1214 ipsa
374 1115 567 1215 paternitas
587 1139 663 1187 non
684 1115 730 1187 sit
750 1138 806 1187 res
821 1115 890 1187 alia
911 1115 959 1187 ab
975 1115 1077 1213 ipsis,
1095 1139 1166 1188 nec
1187 1114 1345 1189 fortassis
1364 1111 1513 1205 eadem,
1529 1136 1614 1184 cum
1639 1137 1695 1184 res
1720 1113 1871 1187 omnino

276 1249 373 1307 recte
398 1233 469 1307 dici
485 1258 560 1307 non
579 1234 703 1332 possit,
724 1258 803 1330 qnae
826 1235 863 1307 in
887 1258 925 1306 se
941 1258 1063 1308 veram
1084 1259 1159 1307 non
1184 1233 1293 1307 habet
1309 1233 1469 1322 entiam¹,
1494 1246 1533 1303 nt
1550 1231 1595 1303 sit
1612 1232 1649 1302 in
1670 1255 1709 1303 se
1727 1255 1800 1303 una
1815 1255 1872 1304 res

277 1376 431 1424 numero
456 1377 478 1425 a
501 1353 627 1425 ceteris
643 1351 812 1427 omnibus
832 1378 912 1450 quae
927 1354 1004 1451 ipsa
1020 1377 1095 1427 uon
1117 1368 1214 1442 sunt,
1232 1352 1341 1425 rebus
1359 1351 1536 1425 entialiter
1554 1349 1718 1423 discreta.
1740 1347 1810 1421 Sed
1826 1349 1872 1422 de

276 1470 348 1545 hoc
364 1470 586 1569 diligentem,
605 1486 645 1544 ut
659 1471 825 1563 arbitror,
846 1486 1036 1545 tractatum
1053 1473 1090 1544 in
1106 1473 1358 1545 retractatione
1373 1470 1733 1570 praedicamentorum
1749 1484 1870 1543 nostra

276 1593 437 1669 continet
452 1592 695 1695 grammatica.
712 1596 797 1665 Tres
821 1593 941 1688 itaque
957 1593 1207 1690 proprietates,
1225 1617 1301 1667 non
1320 1607 1391 1667 tres
1407 1616 1465 1663 res
1482 1590 1647 1676 dicimus,
1668 1589 1707 1663 id
1725 1603 1779 1663 est
1795 1613 1871 1662 non

277 1722 349 1783 tres
371 1712 559 1799 maentias,
583 1708 647 1784 sed
671 1725 741 1784 tres
765 1712 804 1783 in
828 1735 901 1784 una
925 1712 1077 1787 essentia
1101 1709 1318 1785 relationum
1342 1709 1578 1799 diversitates,
1607 1733 1672 1808 per
1695 1732 1804 1806 quas,
1831 1723 1872 1779 ut

278 1828 415 1901 dictum
439 1843 506 1917 est,
526 1844 596 1901 tres
616 1854 777 1928 persona
795 1830 1007 1905 consistunt.
1031 1834 1123 1904 Cum
1139 1831 1260 1929 itaque
1276 1830 1342 1901 has
1363 1829 1595 1928 proprietates
1616 1852 1673 1900 res
1694 1851 1769 1901 non
1794 1851 1872 1900 esse

276 1970 470 2045 ponamus,
496 1963 533 2020 et
553 1948 690 2025 dictum
708 1951 771 2043 sit,
794 1949 982 2048 Quidquid
1005 1965 1059 2022 est
1074 1950 1112 2021 in
1133 1953 1229 2040 Deo,
1252 1952 1350 2021 Deus
1373 1963 1445 2041 est;
1468 1948 1541 2021 boc
1559 1960 1626 2036 est,
1640 1945 1778 2019 nnllam
1793 1970 1871 2018 rem

275 2090 351 2140 esse
372 2067 522 2165 inipso,
550 2093 631 2165 quae
650 2093 726 2143 non
747 2070 792 2142 sit
812 2070 889 2168 ipse
910 2094 919 2139 ε
940 2069 1101 2168 prolecto
1125 2093 1203 2140 non
1221 2091 1412 2166 possumus
1432 2068 1532 2164 cogi,
1559 2080 1599 2138 ut
1621 2090 1686 2165 per
1710 2064 1782 2137 hoc
1806 2064 1872 2138 has

274 2187 511 2285 proprietates
531 2191 650 2263 Deum
671 2212 747 2261 esse
765 2188 1028 2291 concedamus,
1054 2212 1139 2264 curn
1159 2188 1256 2286 ipsae,
1284 2201 1326 2258 ut
1346 2184 1484 2259 dictum
1504 2200 1574 2276 est,
1600 2202 1725 2259 rerum
1745 2185 1871 2283 aliquae

277 2330 353 2378 non
371 2307 443 2378 sint
458 2308 665 2398 existentiae,
683 2308 801 2383 sedin
819 2333 893 2382 una
910 2334 950 2382 re
965 2310 1200 2381 consistentes
1215 2308 1462 2406 proprietates.

284 2498 289 2501 .
324 2425 362 2496 Si
385 2426 467 2523 quis
483 2426 575 2499 sorte
597 2426 756 2524 objiciat,
774 2428 921 2525 quodsi
939 2452 1014 2500 non
1036 2429 1108 2499 sint
1124 2452 1181 2500 res
1203 2427 1342 2524 aliquae,
1361 2427 1485 2499 omnia
1501 2450 1577 2498 non
1595 2427 1686 2515 sint,
1704 2439 1766 2497 aut
1781 2424 1872 2496 nihil

275 2544 361 2632 sint,
378 2569 463 2618 cum
488 2568 598 2618 omne
621 2545 719 2643 qnod
743 2561 814 2640 est,
834 2572 891 2619 res
911 2546 1031 2643 aliqua
1051 2548 1116 2633 sit;
1136 2547 1300 2645 prolecto
1316 2545 1463 2639 fallitur,
1481 2547 1555 2618 vim
1577 2545 1871 2618 enunciationem

275 2662 492 2759 distinguere
502 2666 676 2738 nesciens.
692 2670 807 2738 «Est»
818 2667 1115 2766 qnippererbunr
1131 2667 1313 2763 aequivoce
1333 2665 1419 2757 dici,
1430 2680 1577 2737 auctore
1588 2664 1868 2763 Porphyrio¹....

277 2782 481 2855 Aristoteles
497 2786 639 2874 asserit,
656 2800 698 2856 ut
712 2786 815 2857 aliter
827 2786 962 2859 scilicet
975 2784 1022 2858 de
1031 2785 1250 2876 substantiis,
1268 2784 1370 2857 aliter
1387 2783 1434 2856 de
1448 2808 1579 2857 eorum
1596 2780 1873 2881 proprietatibus

274 2899 426 2973 dicatur.
446 2904 539 2973 Cum
554 2904 652 2974 enim
665 2903 819 2976 dicimus
834 2933 853 2973 «
875 2928 953 2976 esse
970 2933 1004 2997 n,
1026 2904 1097 2979 tale
1122 2918 1178 2977 est
1203 2928 1246 2976 ac
1273 2904 1303 2975 si
1328 2926 1508 3002 ponamus
1528 2901 1716 2976 hominem
1744 2902 1781 2974 in
1809 2926 1872 2974 sua

275 3044 421 3094 manere
443 3019 661 3114 substantia,
680 3022 752 3097 hoc
774 3039 827 3097 est
849 3024 1005 3121 aliquem
1024 3026 1182 3123 seipsum
1199 3047 1295 3117 esse,
1318 3023 1391 3096 sive
1416 3022 1552 3121 aliquid
1574 3046 1651 3095 esse
1670 3021 1869 3095 hominem.

276 3141 313 3211 Si
329 3165 416 3214 vero
433 3139 596 3214 dicamus
612 3144 864 3242 paternitatem
880 3169 971 3236 esse,
993 3144 1063 3217 tale
1079 3159 1133 3217 est
1148 3169 1191 3216 ac
1207 3146 1236 3215 si
1251 3167 1444 3242 ponamus,
1466 3140 1602 3239 aliquid
1617 3167 1696 3215 esse
1711 3158 1870 3241 patrem,

275 3283 351 3331 non
375 3262 490 3357 ipsam
513 3262 765 3357 paternitatem
786 3287 863 3335 esse
884 3286 988 3335 suam
1010 3264 1215 3336 essentiam.
1235 3263 1336 3335 Unde
1356 3263 1500 3362 penitus
1524 3260 1653 3333 falsum
1679 3277 1732 3333 est
1756 3277 1873 3362 pater-

276 3379 424 3452 nitatem
448 3379 537 3451 nihil
561 3403 656 3468 esse,
680 3381 752 3452 boc
774 3396 827 3452 est
848 3406 924 3452 non
946 3407 1041 3473 esse,
1060 3381 1234 3478 quamdiu
1259 3381 1395 3479 aliquid
1416 3395 1517 3479 pater
1539 3379 1603 3471 sit,
1628 3380 1767 3452 hocest
1792 3405 1872 3453 eam

275 3497 420 3570 habeat.
444 3496 553 3586 Quod
577 3499 686 3570 etiam
711 3497 849 3570 dictum
873 3515 945 3588 est,
974 3500 1153 3598 quidquid
1174 3514 1247 3592 est,
1271 3524 1329 3572 res
1353 3514 1429 3590 est,
1457 3513 1494 3572 et
1514 3498 1598 3570 ideo
1622 3499 1872 3598 paternitatem

275 3641 351 3690 non
363 3642 453 3707 esse,
470 3619 499 3690 si
513 3618 591 3717 ipsa
604 3643 680 3691 non
693 3619 808 3692 sitres
825 3645 833 3690 ε
849 3620 939 3691 nihil
950 3621 998 3693 ad
1011 3620 1165 3693 formam
1179 3620 1306 3693 attinet
1323 3619 1530 3717 syllogismi,
1546 3619 1576 3690 si
1591 3617 1666 3690 vim
1677 3633 1716 3691 et
1727 3643 1873 3692 sensum

273 3740 566 3811 enunciationum
591 3740 704 3837 magis
726 3763 836 3835 quam
854 3765 985 3813 sonum
1006 3739 1246 3814 attendamus.
1264 3740 1347 3813 Tale
1371 3741 1506 3839 quippe
1526 3738 1703 3837 estquod
1726 3738 1869 3830 dicitur,

275 3858 456 3955 Quicquid
475 3873 542 3944 est,
561 3883 618 3931 res
634 3874 705 3944 est;
725 3861 814 3932 acsi
832 3861 985 3953 dicatur,
1005 3866 1250 3959 Quascumque
1268 3886 1326 3934 res
1340 3874 1405 3952 est,
1425 3862 1503 3959 ipsa
1519 3874 1574 3933 est
1587 3884 1665 3950 res;
1683 3884 1769 3932 cum
1786 3883 1872 3932 vero

271 3975 429 4066 additur,
448 3979 643 4051 Patemitas
660 4003 736 4050 non
753 3994 806 4052 est
821 4005 891 4073 res,
910 3996 1005 4053 etex
1022 3981 1078 4053 his
1094 3979 1274 4077 colligitur
1289 3981 1485 4079 paternitas
1501 4004 1576 4051 non
1594 4003 1689 4070 esse3
1709 3979 1788 4051 talis
1804 3993 1869 4070 est,
1897 3995 1900 4010 ⁴

276 4109 315 4167 ut
337 4094 506 4190 diximus,
532 4099 775 4173 conclusionis
797 4125 940 4194 sensus,
963 4101 1058 4173 acsi
1081 4099 1245 4173 dicamus
1266 4125 1343 4175 non
1368 4125 1446 4174 esse
1467 4100 1605 4197 aliquid
1627 4111 1780 4197 patrem.
1808 4101 1872 4174 Re·

275 4213 399 4287 solutis
423 4216 543 4313 itaque
564 4241 629 4315 per
653 4220 915 4319 expositionem
938 4217 1269 4319 propositionibus,
1296 4220 1374 4293 talis
1397 4215 1465 4293 erit
1481 4206 1757 4317 argumentatio,
1784 4220 1874 4290 acsi

275 4333 325 4405 ita
350 4334 490 4407 dicatur
510 4362 519 4406 ε
539 4339 667 4410 Omnis
690 4363 748 4410 res
772 4364 852 4436 qnae
874 4354 941 4427 est,
961 4355 1014 4413 est
1029 4364 1108 4428 res3
1133 4339 1198 4412 sed
1214 4341 1410 4439 paternitas
1432 4364 1507 4411 non
1525 4352 1579 4411 est
1595 4362 1672 4428 res,
1694 4361 1781 4435 ergo
1797 4361 1872 4409 non

274 4450 384 4525 habet
406 4455 540 4552 aliquid
566 4457 831 4554 paternitatem,
850 4459 951 4556 quod
976 4459 1128 4531 omnino
1153 4484 1230 4531 non
1247 4460 1428 4558 provenit.
1447 4459 1485 4531 Si
1508 4458 1696 4555 quievero
1721 4456 1873 4553 graviter

275 4571 442 4667 accipiat,
468 4572 569 4670 quod
592 4575 663 4647 boc
686 4576 768 4649 loco
792 4577 964 4650 lectorem
984 4578 1031 4651 ad
1053 4579 1342 4651 retractationem
1362 4578 1726 4677 praedicamentorum
1744 4573 1873 4648 invita·

275 4690 446 4781 serimus,
473 4705 581 4788 atque
603 4695 702 4766 hunc
719 4694 788 4766 sibi
811 4711 1002 4770 tractatum
1024 4696 1187 4770 sufficere
1209 4721 1286 4769 non
1308 4721 1415 4796 posse
1435 4695 1551 4789 dicat,
1573 4709 1611 4767 et
1632 4694 1683 4767 ob
1698 4694 1770 4766 boc
1787 4715 1872 4766 eum

276 4808 378 4904 quasi
391 4810 639 4908 imperfectum
652 4829 778 4910 arguat
797 4839 806 4885 t
825 4814 981 4888 breviter
995 4815 1043 4888 de
1057 4816 1312 4914 predicatione
1328 4817 1440 4913 patris
1457 4830 1494 4888 et
1505 4815 1729 4915 paternitatis
1744 4811 1871 4883 instrui

276 4928 420 5023 poterit,
430 4952 541 5027 quare
556 4931 733 5022 videlicet,
752 4957 837 5006 cum
857 4935 1035 5007 diversam
1058 4959 1136 5007 rem
1154 4934 1375 5034 paternitatis
1390 4959 1411 5008 a
1427 4927 1529 5033 patre
1546 4933 1702 5006 nolimus
1718 4955 1807 5021 esse,
1829 4953 1872 5003 ea

310 5197 433 5254 'Stccod
441 5199 652 5266 Fortctegeodum
662 5206 901 5260 ermion-’Sto
911 5206 1076 5261 Godtledttts
1082 5215 1185 5262 anctore
1189 5206 1496 5276 por....snnontn.tte.
1504 5205 1714 5270 munerator·
1721 5203 1782 5269 0²1³·
1790 5216 1818 5269 ¹¹2
1830 5205 1872 5257 ³²·
