4559 6100
683 603 728 675 ΙΝ
752 599 999 673 EPISTOLAM
1024 602 1084 674 AD
1109 601 1333 678 ROMANOS.
1729 603 1801 676 247

207 758 353 847 mortui,
381 781 446 855 per
465 756 612 853 gratiam
634 754 767 826 seilicet
794 752 900 825 nohis
930 754 1097 826 collatam
1123 752 1169 825 de
1191 751 1400 824 remissione
1423 752 1531 822 etiam
1555 766 1799 848 peccatorum.

211 881 299 950 «An
325 875 545 973 ignoratis.»
571 879 619 945 Ac
639 874 668 943 si
693 871 855 944 diceret:
886 874 1002 944 Etiam
1022 874 1100 971 ipso
1121 879 1344 944 sacramento
1367 884 1401 941 et
1428 869 1660 941 similitudine
1679 873 1805 946 mortis

209 997 351 1087 Christi,
373 1018 482 1090 quam
499 992 685 1090 accepistis
701 992 738 1061 in
756 990 950 1090 baptismo,
967 991 1227 1078 admonemini,
1246 1005 1439 1089 postquam
1460 988 1593 1061 mortui
1617 989 1698 1061 lacti
1722 994 1811 1064 estis·

209 1129 372 1216 peccato,
384 1133 458 1186 non
474 1137 550 1185 esse
564 1111 759 1183 vivendum
777 1113 815 1182 in
834 1110 909 1183 illo.
930 1111 1028 1183 Sicut
1041 1113 1137 1184 enim
1152 1107 1211 1182 ille
1227 1109 1337 1182 semel
1350 1122 1513 1180 mortuus
1528 1132 1681 1206 corpore
1695 1112 1806 1184 semel

210 1234 402 1307 resurrexit
418 1255 439 1303 a
456 1245 587 1321 morte,
616 1255 691 1302 non
718 1230 811 1302 ultra
835 1231 969 1303 scilicet
992 1231 1214 1303 moriturus:
1234 1231 1283 1302 ita
1301 1244 1337 1301 et
1354 1253 1419 1301 vos
1435 1254 1457 1302 a
1472 1241 1589 1301 morte
1607 1228 1749 1319 animae,
1767 1230 1805 1302 id

209 1368 263 1425 est
277 1366 441 1451 peccato,
463 1351 689 1449 pergratiam
706 1349 875 1447 baptismi
893 1350 1037 1440 Christi,
1054 1375 1128 1422 non
1149 1350 1310 1442 loannis,
1336 1349 1488 1437 liberati,
1508 1346 1625 1420 redire
1646 1347 1693 1419 ad
1716 1372 1805 1446 pec·

210 1485 330 1544 catum
346 1496 422 1543 non
440 1468 593 1543 debetis.
615 1473 657 1540 Et
672 1467 745 1541 hoc
762 1484 815 1541 est
835 1496 844 1541 ι
866 1470 1037 1567 Nunquid
1052 1495 1118 1543 vos
1134 1470 1198 1567 qui
1215 1469 1264 1541 ita
1280 1468 1474 1567 opponitis,
1500 1467 1671 1562 ignoratis
1686 1491 1807 1542 sacra·

210 1605 385 1679 mentum,
412 1588 450 1660 id
477 1604 530 1661 est
558 1587 877 1661 sanctificationem
900 1588 1067 1687 baptismi
1090 1588 1235 1677 Christi,
1263 1586 1301 1659 id
1318 1601 1372 1658 est
1392 1587 1562 1683 ignoratis
1576 1586 1677 1684 quod
1694 1591 1812 1686 equi..

209 1734 352 1806 cunque
377 1707 549 1807 baptizati
572 1732 696 1779 sumus
716 1708 753 1779 in
773 1707 914 1779 Christo
931 1712 1028 1799 lesu,
1046 1738 1063 1776 n
1091 1708 1129 1780 id
1146 1723 1199 1780 est
1219 1706 1432 1804 baptismate
1455 1707 1531 1802 ejus
1552 1707 1671 1804 potius
1697 1731 1805 1805 qnam

209 1829 368 1921 loannis,
390 1857 409 1895 u
426 1852 550 1899 sumus
562 1827 732 1926 baptizati
746 1829 784 1898 in
803 1842 917 1899 morte
930 1828 1062 1927 ipsius?
1078 1856 1097 1896 u
1115 1827 1154 1899 id
1172 1841 1239 1918 est,
1259 1828 1297 1898 in
1319 1825 1551 1898 similitudine
1574 1841 1610 1899 et
1629 1826 1807 1921 significa·

210 1946 306 2019 tione
318 1946 516 2046 corporalis
535 1948 676 2035 mortis,
695 1948 787 2019 sicut
804 1945 939 2019 dietum
955 1962 1022 2040 est,
1035 1961 1076 2017 ut
1090 1945 1257 2019 videlieet
1272 1946 1363 2018 sicut
1378 1945 1438 2017 ille
1454 1944 1562 2018 semel
1576 1960 1739 2018 mortuus
1753 1961 1806 2020 est

210 2090 361 2165 corpore
378 2080 415 2138 et
430 2068 646 2156 resurrexit,
665 2068 714 2138 ita
732 2079 768 2138 et
784 2091 851 2138 uos
865 2065 973 2137 semel
990 2066 1084 2137 mori
1100 2081 1249 2163 peccato
1266 2067 1436 2156 nitamur,
1454 2079 1491 2138 et
1512 2089 1586 2140 non
1605 2065 1698 2138 ultra
1717 2066 1807 2139 velle

208 2209 369 2282 peccare,
397 2186 540 2257 etiamsi
561 2210 627 2283 per
647 2186 894 2282 poenitentiam
919 2184 1100 2258 valeamus
1132 2210 1331 2282 resurgere.
1370 2213 1388 2253 n
1414 2183 1623 2283 Consepulti
1648 2186 1758 2259 enim.
1785 2217 1803 2254 a
1924 2225 1932 2240 ·

209 2308 292 2375 Post
309 2304 580 2377 similitudinem
595 2308 720 2377 mortis
737 2320 773 2376 et
788 2304 981 2403 sepulturae
999 2304 1161 2402 adjungit
1178 2307 1285 2378 etiam
1297 2304 1582 2393 resurrectionis,
1600 2303 1724 2377 dicens
1739 2331 1807 2379 nos

211 2422 346 2495 adhoc
362 2424 398 2493 in
415 2422 597 2522 baptismo
611 2423 840 2522 consepultos
857 2448 934 2496 esse
950 2423 1092 2496 Christo
1111 2425 1148 2495 in
1165 2439 1281 2495 morte
1295 2424 1446 2521 peccati,
1458 2421 1497 2494 id
1512 2436 1566 2494 est
1573 2423 1807 2497 similitudine

211 2541 331 2614 tridua
347 2543 422 2638 ejus
438 2543 642 2643 sepulturae,
658 2568 723 2642 per
738 2567 848 2641 quam
863 2543 1038 2615 morimur
1051 2558 1199 2641 peceato
1216 2544 1425 2640 accepisse¹,
1441 2541 1573 2615 adhoc
1589 2544 1737 2641 inquam
1751 2559 1803 2635 ut,

214 2662 435 2759 «quomodo
452 2664 615 2735 Christus
632 2662 742 2735 semel
765 2664 968 2752 resurrexit,
986 2693 1003 2729 a
1022 2667 1119 2734 non*
1135 2664 1266 2735 iterum
1282 2687 1427 2734 casurus
1448 2663 1486 2733 in
1510 2675 1678 2753 mortem,
1707 2692 1725 2734 n
1743 2689 1808 2763 per

212 2780 360 2876 gloriam
380 2785 449 2854 Dei
477 2783 602 2876 Patris,
621 2812 639 2849 s
660 2781 698 2854 id
717 2797 770 2855 est
792 2783 1077 2881 perpotentiam
1100 2783 1308 2871 divinitatis,
1335 2806 1414 2878 quae
1436 2780 1634 2879 specialiter
1660 2784 1808 2856 nomine

212 2901 321 2972 Patris
338 2903 562 3000 exprimitur,
581 2903 631 2975 ita
652 2927 720 2974 nos
743 2902 968 2974 ambulemus
991 2927 1055 2999 per
1075 2902 1206 2999 gradus
1225 2903 1410 2993 virtutum,
1429 2924 1508 2996 quae
1528 2925 1665 2974 novum
1687 2901 1807 2976 homi·

213 3042 294 3091 nem
310 3020 459 3113 sariunt,
479 3046 554 3095 non
572 3035 788 3095 revertentes
810 3019 857 3094 ad
873 3021 958 3095 vitia
977 3046 1056 3119 quae
1081 3035 1165 3094 sunt
1186 3046 1284 3094 mors
1299 3021 1441 3095 animae.
1470 3050 1487 3090 u
1508 3020 1544 3092 Si
1561 3022 1672 3094 enirn.
1688 3050 1707 3090 u
1726 3023 1808 3095 Dixi

213 3160 277 3210 uos
293 3142 474 3239 accepisse
491 3141 766 3215 similitudinem
782 3143 908 3213 mortis
919 3156 954 3213 et
971 3143 1160 3239 sepulturae
1175 3142 1306 3214 Christi
1318 3143 1354 3213 in
1368 3141 1561 3240 baptismo,
1581 3155 1621 3211 ut
1644 3142 1808 3217 similitu·

212 3256 332 3330 dinem
353 3262 623 3333 resurrectionis
648 3286 714 3359 per
736 3262 934 3333 novitatem
961 3262 1041 3332 ritae
1068 3275 1266 3333 teneamus.
1291 3265 1335 3331 Et
1360 3261 1502 3351 merit0,
1526 3292 1544 3329 α
1557 3261 1651 3348 Quia
1664 3261 1693 3331 si
1706 3284 1807 3331 eom·

209 3374 360 3473 plantati
377 3379 549 3452 fuerimus
563 3379 787 3452 similitudini
803 3379 941 3468 mortis,
957 3378 1087 3450 Christi
1107 3407 1125 3447 n
1150 3378 1187 3449 id
1206 3393 1271 3470 est,
1293 3380 1323 3449 si
1343 3379 1456 3475 gratia
1466 3376 1702 3476 baptismatis,
1725 3402 1805 3473 quae

209 3509 264 3566 est
287 3496 485 3570 similitudo
505 3500 633 3571 mortis
653 3499 798 3591 Christi,
827 3496 977 3569 firmiter
1001 3496 1150 3571 radicati
1175 3497 1366 3588 fuerimus,
1396 3496 1488 3571 sicut
1515 3495 1574 3568 ille
1602 3495 1806 3571 ohedientia

208 3615 336 3685 mortis
357 3615 425 3687 sibi
441 3617 610 3713 injunctae
625 3632 760 3713 apatre
778 3596 1142 3706 immobilis'erstitit3
1160 3640 1238 3713 quae
1254 3614 1401 3714 quidem
1419 3640 1517 3689 mors
1533 3617 1609 3713 ejus
1625 3615 1689 3687 tuit
1702 3619 1805 3713 quasi

207 3732 385 3830 plantatio
409 3736 510 3829 grani
533 3735 772 3808 fructificandi
792 3750 827 3808 et
851 3735 1124 3835 multiplicandi,
1144 3736 1236 3807 sicut
1258 3737 1334 3835 ipse
1358 3734 1491 3809 dicit⁸z
1517 3764 1535 3805 u
1557 3736 1631 3807 Nisi
1653 3760 1805 3832 granum

204 3850 395 3946 frumenti,
414 3869 500 3946 ete,
516 3885 534 3922 >r
557 3885 575 3921 α
595 3855 701 3927 simul
720 3858 854 3928 erimus
870 3871 907 3927 et
919 3856 1190 3928 resurrectionis
1207 3855 1296 3951 ejus,
1318 3884 1337 3925 a
1355 3855 1392 3927 id
1409 3871 1464 3935 est
1478 3855 1727 3954 perveniemus
1743 3879 1808 3953 per

204 3971 346 4067 gradus
358 3974 531 4045 virtutum
553 3973 601 4047 ad
623 3976 894 4048 resurrectionis
914 3975 991 4071 ejus
1014 3975 1178 4073 gloriam,
1203 3975 1277 4047 sive
1295 3974 1342 4050 ad
1358 3978 1472 4073 ipsam
1498 3974 1697 4049 novitatem
1714 3975 1806 4065 vitae,

201 4106 358 4188 quaeest
373 4092 480 4165 etiarn
497 4094 533 4165 in
551 4095 655 4166 terris
672 4094 837 4192 quaedam
855 4095 1054 4167 similitudo
1073 4095 1199 4167 suturae
1212 4095 1303 4183 vitae,
1316 4119 1427 4192 quam
1438 4093 1658 4191 resurgendo
1672 4095 1810 4193 primus

200 4209 377 4282 Christus
391 4213 580 4285 nuntiavit.
601 4214 745 4287 Novitas
761 4214 842 4287 vitae
858 4228 923 4306 est,
942 4228 984 4286 ut
999 4215 1048 4288 ait
1065 4214 1252 4312 Origenes,
1268 4212 1331 4288 ubi
1344 4230 1501 4287 veterem
1516 4214 1703 4286 hominem
1726 4239 1810 4286 eum

199 4328 355 4401 actibus
373 4333 446 4403 suis
471 4331 700 4430 deponimus,
724 4348 760 4405 et
790 4334 973 4406 induimus
996 4360 1134 4408 novum
1156 4336 1220 4431 qui
1246 4348 1444 4408 renovatur
1463 4335 1501 4406 iu
1525 4334 1707 4432 agnitione
1728 4335 1806 4406 Dei.

197 4449 386 4537 Quotidie
402 4450 453 4524 sio
466 4450 536 4523 dici
553 4466 670 4551 potest
683 4452 761 4552 ipsa
777 4453 918 4526 novitas
934 4454 1144 4527 innovanda
1154 4479 1244 4527 esse.
1260 4454 1317 4527 Sic
1329 4454 1427 4527 enim
1442 4453 1529 4526 dicit
1541 4457 1572 4524 *ι
1596 4457 1716 4526 «Nam
1732 4453 1811 4525 etis

195 4567 277 4666 qui
297 4567 384 4641 foris
399 4572 456 4642 est'
464 4568 578 4641 homo
593 4583 716 4643 noster
731 4573 989 4671 corrumpitur,
1007 4574 1072 4646 sed
1089 4575 1152 4671 qui
1166 4575 1262 4647 intus
1275 4587 1471 4646 renovatur
1483 4571 1530 4645 de
1546 4572 1605 4646 die
1616 4572 1653 4644 in
1666 4572 1774 4645 diem.
1788 4600 1807 4639 a

191 4687 287 4775 Qui
302 4688 341 4760 in
358 4687 429 4761 fide
445 4688 652 4788 proficiunt,
671 4715 814 4790 semper
830 4690 935 4765 bonis
951 4693 1122 4793 operibus
1136 4693 1312 4792 adjiciunt
1326 4693 1488 4766 meliora.

261 4835 287 4878 ι
299 4811 379 4881 Hoc
400 4809 564 4902 seientes,
584 4838 603 4877 u
630 4809 670 4882 id
689 4825 743 4883 est
764 4811 987 4886 attendentes
1011 4829 1046 4888 et
1070 4813 1337 4887 considerantes
1362 4814 1399 4885 in
1426 4813 1504 4911 ipso
1529 4835 1659 4909 genere
1684 4809 1809 4881 mortis

229 5113 314 5167 ¹810
327 5113 484 5169 autumus.
505 5117 604 5179 sitque
624 5119 709 5170 deesse
727 5120 825 5171 ridetur
845 5126 902 5173 ente
921 5134 992 5173 uere
1039 5120 1290 5175 traam-’torm
1303 5136 1325 5174 e.
1338 5134 1386 5186 ιιι,
1399 5133 1423 5171 ι.
1432 5117 1555 5173 2t.-⁴ll
1566 5116 1696 5179 cortun,
1709 5127 1764 5178 0⁸1)-
1774 5128 1808 5173 lv.

174 5197 274 5264 pisce
293 5230 305 5259 ,
324 5201 353 5245 ιιι
371 5196 486 5260 mutium
506 5195 638 5261 baptismi.
658 5225 688 5239 -
710 5198 791 5253 ’Mate
809 5199 883 5254 dnh.
908 5201 992 5253 Semel
1038 5216 1062 5254 ι.
1079 5204 1117 5254 tt.
