4559 6100
612 562 904 656 ruruouucuo
931 586 992 657 tu
1016 584 1319 659 rusotocmu.
1712 596 1751 665 tt

167 729 382 803 aeternaliter
397 728 575 821 subsistit,
596 744 705 827 atque
724 731 829 804 initio
844 747 957 823 caret,
982 757 1050 805 nec
1065 748 1224 806 creatum
1246 760 1314 807 nec
1338 734 1469 807 lactum
1488 738 1656 810 convenit
1672 737 1755 813 dici.

169 849 293 923 Solum
314 850 437 947 itaque
459 855 599 921 Patrem
616 850 814 945 ingenitum
831 851 1001 944 dicimus,
1021 851 1094 924 hoc
1119 866 1172 925 est
1197 879 1219 925 a
1242 855 1360 953 seipso
1383 879 1459 927 non
1482 853 1529 926 ab
1553 854 1636 927 alio.
1654 856 1758 930 Unde

169 970 385 1065 Augustinus
396 968 567 1041 adversus
585 969 805 1040 Felieiaaum
821 973 1041 1042 Arrirnum‘:
1063 975 1235 1044 «Patrem
1251 973 1449 1070 ingenitum
1462 972 1565 1059 dico,
1583 973 1757 1069 quianon

170 1090 341 1185 processit
355 1089 535 1161 exaltem.
551 1116 569 1156 a
585 1088 744 1161 Isidorus
757 1090 913 1186 Etymol.
931 1089 995 1162 lib.
1009 1094 1066 1161 vr'
1082 1118 1091 1163 z
1109 1120 1127 1157 <c
1148 1096 1268 1180 Pater,
1287 1093 1424 1190 inquit,
1442 1092 1540 1165 solus
1555 1116 1631 1163 non
1648 1106 1702 1164 est
1713 1093 1759 1167 de

169 1205 256 1300 alio,
270 1207 355 1281 ideo
369 1207 469 1280 solus
484 1209 682 1307 appellatur
698 1210 891 1307 ingenitus.
904 1236 922 1277 a
937 1208 1039 1281 Aliud
1055 1210 1176 1307 itaque
1186 1209 1304 1283 dicere
1314 1227 1366 1283 est
1380 1217 1521 1284 Patrem
1537 1211 1752 1307 ingenitum,
1825 1254 1829 1259 ν

169 1326 265 1399 alind
286 1353 362 1400 non
385 1331 568 1425 genitum,
590 1329 679 1401 sicut
694 1328 791 1401 aliud
808 1344 861 1400 est
880 1328 1000 1401 dicere
1020 1328 1156 1427 aliquid
1173 1331 1364 1427 injustum,
1387 1330 1485 1403 aliud
1510 1354 1585 1402 non
1603 1333 1754 1426 justum.

168 1447 311 1545 Quippe
331 1447 432 1545 quod
453 1449 624 1546 injustum
644 1461 699 1519 est
724 1472 870 1520 neeesse
896 1463 951 1520 est
974 1473 1052 1520 esse
1077 1472 1154 1520 non
1168 1449 1323 1545 justum,
1343 1448 1407 1521 sed
1430 1473 1504 1521 non
1521 1473 1542 1520 e
1559 1473 1755 1522 converso:

167 1564 256 1663 lapis
268 1567 404 1669 quippe
421 1591 497 1637 non
512 1565 627 1662 justus
635 1620 647 1654 ‚
669 1590 738 1640 nec
754 1582 873 1639 tamen
893 1568 1044 1664 injustus
1060 1582 1126 1641 est.
1145 1568 1204 1639 Sic
1219 1582 1255 1640 et
1268 1593 1352 1640 cum
1365 1572 1461 1639 Deus
1477 1573 1580 1639 Pater
1599 1567 1645 1638 sit
1660 1567 1758 1664 inge·

168 1684 279 1775 nitus,
297 1699 439 1758 constat
455 1686 620 1784 prolecto
639 1711 724 1758 eum
749 1710 828 1760 esse
850 1711 925 1759 non
942 1689 1115 1784 genitum,
1134 1687 1245 1759 idest
1266 1712 1340 1759 non
1360 1711 1436 1759 esse
1452 1686 1591 1759 Filium.
1607 1687 1758 1784 Spiritus

42 1814 45 1823 “
168 1825 253 1875 vero
271 1818 416 1877 sanctus
437 1805 514 1903 ipse
531 1820 744 1903 quoqueest
761 1830 835 1877 non
854 1809 1013 1903 genitus,
1034 1832 1119 1879 cum
1142 1808 1218 1906 ipse
1233 1809 1340 1879 etiam
1364 1831 1439 1879 non
1455 1805 1501 1876 sit
1514 1805 1671 1898 genitus,
1689 1804 1760 1876 hoc

167 1935 219 1993 est
231 1945 309 1994 non
324 1924 371 1996 sit
384 1924 504 2016 Filius,
520 1946 588 1997 nec
605 1939 724 1998 tamen
741 1925 825 1998 ideo
842 1941 895 1998 est
910 1927 1101 2025 ingenitus,
1120 1928 1291 2024 cumipse
1306 1926 1355 1999 ab
1366 1926 1437 1998 alio
1453 1925 1512 2017 sit,
1528 1934 1602 1996 tam
1618 1949 1640 1995 a
1656 1928 1759 1997 Patre
1854 2009 1859 2019 ,

168 2041 298 2114 scilicet
316 2066 427 2141 quam
446 2068 466 2115 a
480 2043 570 2116 Filio
589 2044 802 2143 procedens.
822 2048 927 2117 Solus
942 2047 1063 2144 itaque
1080 2051 1185 2118 Pater
1201 2046 1379 2144 ingenitus
1395 2044 1539 2136 dicitur,
1558 2045 1649 2116 sicut
1665 2043 1761 2117 solus

169 2159 272 2234 Filius
289 2164 441 2258 genitus.
468 2165 621 2262 Spiritus
643 2190 732 2237 vero
758 2168 917 2256 sanctus,
946 2191 1014 2239 nec
1037 2167 1175 2263 genitus
1202 2181 1271 2257 est,
1300 2191 1368 2238 nec
1397 2166 1595 2262 ingenitus,
1629 2163 1694 2237 sed
1721 2177 1759 2235 ut

168 2278 303 2352 dictum
326 2296 396 2374 est,
421 2307 498 2355 nou
522 2286 675 2379 genitus.
703 2285 807 2357 Unde
838 2288 1054 2383 Augustinus
1076 2284 1128 2356 ad
1142 2288 1330 2373 Orestam,
1354 2308 1434 2383 cap.
1457 2287 1524 2356 11³:
1548 2283 1758 2381 «Spiritum

167 2414 331 2471 sanetum
358 2425 424 2472 nec
449 2402 611 2496 genitum
639 2426 708 2475 nec
737 2405 935 2500 ingenitum
959 2404 1047 2476 tides
1077 2419 1173 2475 certa
1195 2403 1375 2492 declarat,
1400 2403 1487 2498 quia
1511 2402 1551 2485 si,
1566 2401 1759 2472 dixerimus

167 2518 502 2616 ingenitum,·duos
534 2534 654 2618 patres
673 2520 852 2594 affirmare
874 2522 1099 2595 ridebimur:
1119 2523 1172 2594 sin
1202 2535 1322 2594 autem
1348 2520 1527 2617 genitum,
1548 2518 1641 2591 duos
1667 2516 1760 2591 lilios
1867 2523 1876 2531 '

168 2637 362 2710 affirmaret
378 2639 578 2738 culpamur.
592 2640 663 2713 Sed
684 2640 784 2737 quod
803 2654 899 2712 certa
915 2639 1004 2714 fides
1020 2654 1134 2731 tenet,
1149 2664 1218 2713 nec
1235 2640 1416 2737 ingenitus
1431 2628 1507 2727 est',
1520 2661 1588 2709 nec
1601 2639 1757 2734 genitus,

168 2756 281 2829 sedab
293 2758 453 2855 utrisque
471 2759 682 2857 procedens,
699 2759 738 2831 id
754 2775 808 2833 est
822 2783 844 2831 a
861 2765 964 2832 Patre
977 2774 1013 2832 et
1029 2760 1132 2832 Filio.
1148 2787 1166 2828 a
1178 2758 1279 2830 Idem
1291 2772 1327 2830 et
1336 2755 1557 2849 Gennadius,
1574 2754 1617 2827 de
1634 2754 1759 2827 Orthe

167 2872 258 2946 doxa
268 2875 350 2968 fide
377 2878 705 2951 ceclesiasticorum
726 2877 948 2978 dogmatum,
967 2903 1048 2978 cap.
1070 2904 1104 2967 1,
1125 2879 1249 2951 asserit
1269 2876 1326 2947 his
1343 2875 1489 2947 verbis:
1517 2904 1535 2942 κ
1555 2879 1658 2949 Pater
1673 2892 1759 2971 ergo

168 2995 381 3094 principium
396 2996 550 3093 deitatis,
564 3024 585 3072 a
598 3023 672 3096 quo
689 2998 796 3070 Filius
812 3012 866 3072 est
878 3012 996 3090 natus,
1009 3021 1113 3096 aquo
1126 2998 1276 3097 Spiritus
1290 3009 1434 3069 sancurs
1450 3018 1526 3067 non
1540 3007 1659 3083 natus,
1675 2994 1759 3092 quia

170 3114 270 3187 ritius
279 3141 357 3188 non
372 3130 438 3207 est,
452 3143 520 3190 nec
533 3120 724 3215 ingenitus,
738 3119 822 3215 quia
835 3142 911 3190 non
927 3134 979 3191 est
991 3124 1107 3190 Pater.
1125 3149 1143 3185 s
1156 3117 1249 3189 Hinc
1265 3130 1301 3188 et
1316 3115 1441 3187 beatus
1457 3119 1552 3211 Papa
1567 3113 1760 3209 Gregorius

170 3233 382 3328 inSymboIo
398 3236 566 3333 Epistolis
582 3238 654 3309 suis
670 3239 875 3336 praescripto
885 3238 1049 3308 meminit
1058 3236 1220 3308 diceus⁸t
1238 3235 1457 3306 «Credimus
1473 3231 1645 3330 Spiritum
1659 3255 1760 3304 sanc·

170 3365 244 3423 tum
258 3377 327 3425 nec
336 3355 497 3450 genitum
509 3381 576 3428 uec
587 3358 800 3453 ingenitum,
812 3355 876 3427 sed
888 3369 1106 3428 coaeternum
1122 3355 1169 3425 de
1182 3361 1285 3426 Patre
1297 3367 1334 3424 et
1348 3351 1438 3423 Filio
1454 3350 1724 3448 procedentem.
1740 3381 1757 3415 >›

168 3473 261 3542 Cum
277 3487 397 3544 autem
413 3497 636 3573 unaquaeque
651 3498 808 3574 persona
822 3472 955 3545 harum
968 3474 1012 3544 sit
1029 3477 1127 3543 Deus
1140 3486 1203 3543 aut
1218 3469 1396 3541 Dominus
1412 3468 1487 3538 sive
1498 3469 1669 3554 Creator,
1692 3490 1759 3538 nec

169 3611 238 3660 una
250 3587 410 3687 'persona
431 3594 478 3664 sit
496 3594 628 3685 altera3
647 3617 723 3666 non
748 3607 869 3665 tamen
893 3590 977 3663 ideo
993 3591 1115 3689 plures
1130 3590 1190 3660 Dii
1208 3587 1264 3660 vel
1288 3585 1428 3659 domini
1445 3598 1548 3675 sunt,
1568 3583 1642 3655 sive
1660 3607 1761 3656 crea·

169 3720 279 3798 tores,
299 3711 392 3782 sicut
407 3712 528 3810 plures
545 3728 631 3785 sunt
646 3736 819 3811 personae.
840 3712 985 3809 Quippe
1000 3735 1084 3783 cum
1109 3710 1264 3781 dicimus
1288 3710 1404 3793 Deos,
1428 3717 1490 3776 aut
1511 3703 1681 3778 dominos
1697 3729 1758 3780 seu

168 3843 361 3915 creatores,
385 3855 505 3903 rerum
529 3831 726 3929 quemdam
752 3855 947 3903 numerum
975 3829 1221 3916 ostendimus,
1244 3850 1397 3924 quarum
1421 3848 1644 3921 unaquaque
1663 3828 1759 3898 Dete

168 3944 226 4036 sit,
247 3962 309 4020 aut
325 3949 495 4024 dominus
512 3953 587 4025 sive
599 3966 755 4046 creator,
773 3973 857 4022 cum
873 3950 911 4021 in
927 3949 1175 4023 individuitate
1191 3946 1426 4018 nulla-rerum
1442 3943 1647 4041 possitesse
1663 3942 1757 4016 mul·
1882 3971 1883 3974 ¹

168 4063 302 4156 titudo,
330 4068 429 4141 unde
456 4085 491 4142 et
514 4069 739 4143 individuam
755 4069 909 4141 dicimus
924 4069 1141 4140 Trinitatem.
1163 4070 1256 4137 Cum
1274 4087 1361 4136 vero
1380 4062 1510 4134 multas
1532 4062 1569 4132 in
1587 4065 1664 4133 Deo
1679 4084 1760 4158 pro·

167 4182 309 4256 fitemur
323 4211 517 4284 personas,
532 4179 795 4290 proprietatum
806 4213 881 4261 non
892 4212 1014 4260 rerum
1030 4185 1317 4273 multitudinem,
1336 4197 1377 4254 ut
1392 4204 1500 4278 supra
1515 4178 1756 4269 meminimus,

168 4301 503 4380 demonstravimus.
520 4308 694 4397 Quaedam
708 4310 828 4407 itaque
844 4307 891 4381 de
904 4305 1050 4404 singulis
1061 4319 1207 4377 tantum
1223 4303 1393 4375 dicuntur
1407 4300 1587 4398 personis,
1606 4310 1645 4369 ut
1660 4297 1758 4393 inge·

168 4422 262 4495 nitus
273 4424 323 4496 de
338 4424 416 4497 solo
432 4433 549 4521 Patre,
565 4428 707 4525 genitus
719 4429 796 4501 sive
812 4428 1020 4530 incarnatus
1032 4424 1077 4497 de
1091 4423 1169 4496 solo
1186 4422 1293 4513 Filio,
1310 4419 1511 4519 procedens
1526 4417 1573 4490 ab
1588 4429 1755 4514 utroque,

169 4540 214 4612 de
227 4542 306 4614 solo
318 4545 451 4642 Spiritu
463 4561 611 4620 sancto:
631 4546 797 4645 quaedam
810 4546 1034 4643 conjunctim
1045 4556 1233 4616 tantumet
1243 4565 1319 4612 non
1329 4538 1550 4635 singillatim,
1567 4549 1607 4607 ut
1622 4534 1760 4606 trinitas

170 4657 218 4730 de
234 4660 347 4733 tribus
364 4677 504 4737 tantum
525 4666 692 4764 personis
703 4694 717 4738 t·
733 4666 898 4766 quaedam
915 4679 990 4738 tam
1005 4663 1152 4737 divisim
1164 4684 1276 4760 quarn
1291 4658 1514 4755 conjunctim
1527 4655 1574 4728 de
1588 4656 1641 4728 eis
1660 4677 1760 4751 aeque

166 4775 355 4874 dicuntur,
366 4787 511 4856 utDeus
521 4840 531 4876 ,
541 4785 735 4875 Dominus,
747 4788 914 4874 Creator,
927 4778 1377 4881 omnipotens‚sapientia,
1389 4772 1676 4869 rirttu,justitia,
1688 4785 1756 4844 ete.

201 4995 292 5060 ¹opp,
306 5006 324 5048 ¹·
349 4998 419 5062 llll,
431 5002 507 5066 App„
518 5003 566 5055 ⁰⁰¹.
578 5006 618 5057 tt.
632 5030 661 5041 -
672 5003 744 5054 tttn.
763 5003 817 5066 vu,
830 5017 882 5067 cap.
900 5016 935 5065 tr,
989 4999 1041 5051 lloc
1058 4999 1218 5051 conlemlonts
1233 4998 1290 5048 ute
1308 4996 1443 5058 symbolum
1461 4993 1569 5044 creditur
1581 5006 1595 5041 a
1606 4997 1690 5042 saneto
1701 4988 1749 5039 Cre

64 5095 70 5106 ¹
165 5074 243 5141 θρμ.
260 5084 279 5127 t.
300 5077 351 5140 111,
370 5095 396 5143 p.
420 5085 517 5135 ttt.-
529 5083 584 5135 ’De
600 5086 703 5148 trinit..
721 5088 764 5137 tttr.
784 5085 837 5137 111.
856 5086 936 5150 opp,
990 5080 1058 5140 corto
1079 5079 1263 5140 prenuottatum
1282 5075 1357 5124 lutme
1377 5077 1402 5123 tn
1418 5076 1473 5136 tpso
1489 5085 1539 5123 sua
1557 5067 1717 5120 ordtratlonts
1736 5077 1760 5118 et

163 5161 182 5202 t.
201 5152 271 5216 vul,
288 5159 334 5207 cot.
354 5161 424 5211 111110.
435 5187 463 5198 -
474 5161 567 5212 ‘Aliter
582 5165 689 5214 medere.
707 5191 736 5202 -
747 5168 756 5197 ⁸
767 5165 844 5228 Opp,
859 5171 878 5213 t.
893 5162 936 5214 111.
990 5161 1181 5221 lusururatlonts
1195 5158 1296 5208 sotemnt
1311 5159 1367 5222 rttu.
1447 5155 1450 5161 “
