4559 6100
643 517 924 591 INTRODUCllO
949 515 1010 591 Ab
1034 519 1323 593 THEOLOGIAM.
1738 525 1778 595 5l

187 693 263 743 ratu
289 666 479 758 habemus,
509 681 546 741 et
570 682 695 741 contra
722 682 888 740 naturam
905 668 1008 757 vitia,
1033 693 1117 740 cum
1143 669 1189 741 sit
1203 670 1330 743 vitium
1353 670 1537 768 corruptio
1560 684 1708 744 naturae.
1731 674 1788 744 De

187 795 264 862 Deo
276 802 313 861 et
328 800 448 861 utente
463 788 585 859 anima
595 788 817 879 nominatur,
833 789 920 886 quia
933 802 1008 865 tam
1023 788 1135 860 Patris
1149 803 1185 860 et
1199 787 1276 860 Filii
1290 788 1386 860 idem
1399 802 1452 860 est
1463 789 1626 886 Spiritus,
1641 814 1726 861 cum
1739 789 1786 864 ab

188 923 343 1005 utroque
365 906 553 1005 procedat.
574 907 677 979 Unde
692 908 821 996 etiam,
840 921 881 980 ut
895 908 947 980 ait
970 908 1185 1004 Augustinus
1205 911 1282 998 XV,
1301 906 1344 979 de
1363 908 1549 996 Trinitate,
1571 931 1652 1005 cap.
1676 915 1752 980 ιιι*
1772 935 1782 982 z
1851 966 1854 971 .

193 1029 314 1115 «Quia
331 1028 407 1123 ipse
421 1016 576 1124 Spiritus
589 1028 792 1100 communis
808 1042 862 1100 est
878 1026 1068 1120 ambobus,
1086 1027 1124 1099 id
1139 1042 1290 1100 vocatur
1305 1029 1381 1127 ipse
1400 1027 1546 1126 proprie
1558 1028 1660 1125 quod
1676 1028 1786 1102 ambo

142 1232 148 1239 ⁶
190 1148 440 1234 communiter,
476 1170 562 1217 cum
585 1145 752 1219 videlicet
772 1163 848 1220 tam
871 1150 974 1220 Pater
1000 1148 1077 1246 ipse
1105 1172 1214 1245 quarn
1241 1149 1348 1220 etiarn
1375 1146 1483 1219 Filius
1509 1148 1660 1247 Spiritus
1683 1149 1728 1221 sit
1751 1163 1787 1221 et

189 1270 350 1340 Sanctus.
363 1297 381 1332 >2
394 1268 487 1337 Cum
502 1279 623 1338 autem
640 1266 686 1338 de
701 1270 779 1338 Deo
789 1266 847 1338 vel
861 1271 959 1363 noy·
977 1268 1088 1358 nasci,
1103 1281 1166 1341 ant
1176 1268 1288 1340 creari
1300 1268 1375 1339 sive
1392 1267 1469 1339 fieri
1484 1269 1605 1340 anima
1621 1269 1785 1365 quando·

188 1399 257 1472 que
278 1398 298 1445 a
316 1371 546 1470 philosophis
568 1372 711 1463 dicitur,
738 1373 867 1444 abusio
886 1388 941 1446 est
955 1373 1151 1445 verborum
1175 1376 1287 1471 magis
1311 1398 1420 1471 quarn
1433 1376 1640 1487 sententia.
1665 1376 1785 1448 Creari

187 1516 343 1591 namque
356 1490 414 1563 vel
432 1489 510 1561 lieri
524 1485 638 1562 recte³
654 1516 729 1562 non
745 1491 875 1564 dicitnr
887 1493 956 1565 nisi
972 1494 1009 1565 in
1028 1493 1085 1565 his
1099 1518 1179 1590 quae
1193 1508 1392 1592 coeperunt,
1410 1492 1480 1567 boc
1496 1509 1549 1566 est
1561 1509 1692 1566 aeterna
1708 1518 1784 1566 nou

187 1628 282 1686 suut.
302 1611 405 1685 Nasci
421 1634 526 1700 vero,
545 1611 617 1684 hoc
637 1625 691 1687 est
706 1610 752 1683 de
769 1611 968 1686 substantia
983 1615 1062 1712 ipsa
1078 1614 1191 1687 Patris
1208 1614 1380 1703 existere,
1400 1614 1589 1712 proprium
1612 1629 1665 1686 est
1681 1613 1782 1705 Filii,

188 1733 331 1831 dequo
356 1757 424 1805 suo
452 1733 536 1807 loco
554 1730 788 1830 postmodum
814 1733 927 1805 serius
954 1732 1181 1827 disseremus.
1203 1734 1324 1807 Creari
1350 1748 1472 1806 tamen
1499 1734 1573 1808 sive
1597 1735 1696 1806 nasci
1721 1756 1784 1806 seu

187 1852 263 1926 lieri
287 1875 355 1951 pro
380 1878 459 1927 esse
488 1853 610 1949 aliquo
633 1851 841 1952 philosophi
864 1877 1128 1952 nonnunquam
1153 1868 1310 1952 ponunt,
1338 1868 1512 1953 utsupra
1537 1855 1781 1927 meminimus.

189 1972 290 2045 Unde
304 1987 342 2045 et
357 1973 564 2065 Macrobius
579 1987 653 2045 tam
669 1978 809 2068 Noym⁸
824 1974 939 2073 ipsam
956 1997 978 2045 a
994 1979 1072 2046 Deo
1085 1996 1197 2070 qnam
1214 1975 1373 2047 animam
1383 1998 1404 2047 a
1414 1980 1510 2072 Nos
1517 1988 1673 2048 creatam
1682 1974 1781 2069 dicit,
1883 2050 1887 2066 ι

188 2091 256 2164 hoc
282 2108 335 2165 est
360 2116 403 2165 er
432 2094 515 2192 ipso
537 2115 627 2165 esse.
653 2092 695 2165 ln
721 2093 849 2167 eadam
875 2118 1022 2192 quoqne
1049 2092 1310 2191 significatione
1334 2096 1443 2195 nasci¹
1458 2095 1531 2168 hoc
1557 2095 1639 2167 loco
1668 2094 1785 2168 abuti·

188 2237 280 2284 mur.
314 2216 469 2295 Hermes
491 2236 639 2311 qnoque
663 2214 828 2312 superius
856 2237 940 2286 cum
967 2213 1095 2287 dixerit
1120 2214 1223 2311 qnod
1255 2219 1353 2287 Deus
1374 2215 1573 2286 secundum
1609 2215 1692 2287 fecit
1718 2214 1785 2286 Dei

187 2332 328 2419 Filium,
346 2334 465 2432 ipsum
488 2358 531 2405 ex
555 2338 633 2404 Deo
652 2337 755 2405 Patre
770 2358 846 2406 esse
867 2334 1044 2424 ostendit;
1063 2333 1201 2406 fontem
1221 2336 1405 2433 sapientiae
1421 2336 1652 2433 purissimum
1670 2335 1785 2434 ipsam

186 2453 290 2547 Noy⁸
305 2452 475 2550 appellat,
496 2453 568 2547 hoc
585 2466 639 2525 est
658 2454 869 2551 sapientiam
888 2453 1010 2542 Patris,
1029 2477 1139 2549 quam
1156 2453 1261 2543 nihil,
1278 2467 1614 2551 quantumcumque
1631 2455 1677 2525 sit
1696 2452 1785 2525 obs-

185 2595 328 2662 cumm,
353 2572 464 2644 latere
487 2585 619 2671 potest.
637 2576 692 2645 De
706 2574 811 2672 copia
826 2571 935 2669 hujus
953 2573 1062 2645 fontis
1078 2574 1155 2672 ipsa
1169 2574 1235 2645 Dei
1248 2571 1392 2646 bonitas
1406 2574 1578 2645 animavit
1591 2574 1690 2672 prins
1703 2573 1785 2646 coeli

134 2704 140 2721 '
186 2715 339 2791 corpora
360 2717 403 2765 ac
419 2693 595 2785 siderum,
613 2691 687 2765 hoc
704 2707 758 2765 est
780 2694 877 2792 ipsos
894 2692 1041 2791 angelos
1057 2694 1113 2765 vel
1130 2692 1290 2766 coelestes
1308 2694 1469 2792 spiritns,
1488 2695 1550 2791 qui
1567 2708 1650 2767 ante
1667 2692 1786 2765 homi·

185 2836 269 2883 nem
287 2813 425 2885 conditi
447 2827 549 2907 sunt,
569 2813 768 2886 secundum
791 2813 890 2912 quod
913 2815 1086 2914 scriptum
1101 2818 1172 2886 est⁷
1191 2840 1200 2884 :
1222 2819 1311 2887 «De
1328 2813 1551 2914 plenitudine
1566 2814 1642 2911 ejus
1659 2838 1786 2886 omnes

185 2932 400 3030 accepimus.
418 2961 437 3001 n
454 2935 543 3007 Coeli
556 2958 598 3006 ac
615 2933 775 3006 siderum
791 2933 927 3006 dictum
937 2950 1004 3027 est,
1023 2932 1225 3007 secundum
1239 2934 1420 3031 dignitatis
1433 2934 1684 3026 differentiam,
1701 2959 1786 3007 cum

184 3048 273 3124 alios
295 3054 441 3153 spiritus
457 3055 535 3127 aliis
552 3055 717 3155 praelatos
733 3079 776 3129 ac
792 3056 997 3155 superiores
1014 3058 1219 3148 credamus,
1242 3057 1341 3130 unde
1358 3070 1394 3130 et
1409 3057 1556 3154 angelos
1572 3070 1608 3128 et
1629 3054 1787 3128 areban-

183 3171 283 3266 gelos
297 3173 450 3246 dicimus
470 3200 533 3249 seu
547 3176 833 3249 Domiuationes.
852 3176 1160 3274 Corpora'summi
1177 3177 1330 3276 Spiritus
1346 3176 1416 3249 dici
1431 3190 1582 3276 possunt
1597 3177 1706 3250 etiam
1723 3199 1786 3247 an·

181 3290 266 3388 geli,
283 3293 330 3366 ab
349 3318 408 3389 eo,
429 3310 471 3367 ut
486 3294 706 3388 dictumest,
725 3295 957 3395 spiritualiter
973 3295 1152 3393 vivificati.
1172 3298 1239 3369 Vel
1256 3300 1363 3369 etiam
1381 3320 1537 3400 corpora
1552 3294 1651 3388 dicit,
1664 3319 1787 3367 secun·
1883 3321 1886 3334 ·

179 3410 274 3483 dum
298 3412 401 3512 quod
428 3438 575 3488 omnem
597 3432 799 3489 creaturam
824 3439 1039 3514 corpoream
1071 3415 1241 3507 dicimus,
1283 3415 1356 3487 hoc
1383 3430 1437 3487 est
1463 3415 1781 3512 circumscriptam.

177 3528 290 3604 Unde
304 3534 516 3624 Gennadius
532 3537 570 3608 iu
584 3534 679 3607 libro
701 3532 745 3606 de
768 3532 974 3606 orthodoxa
997 3532 1088 3633 fide,
1115 3558 1196 3632 cap.
1216 3559 1239 3605 x
1257 3560 1266 3604 ε
1287 3562 1305 3603 r<
1321 3533 1438 3627 Nihil,
1457 3534 1592 3631 inquit,
1612 3534 1783 3631 incorpo-

173 3674 287 3723 reum
304 3666 341 3725 et
357 3654 537 3726 invisibile
552 3657 588 3727 in
604 3670 734 3730 natura
750 3649 973 3727 credendum
988 3667 1042 3726 est
1057 3654 1126 3725 nisi
1148 3658 1267 3726 Deum
1288 3650 1428 3746 solum,
1454 3653 1517 3750 qui
1543 3677 1588 3725 ex
1604 3676 1648 3723 eo
1665 3653 1784 3724 incor-

169 3796 317 3870 poreus
333 3772 511 3868 creditur,
530 3777 615 3874 quia
631 3773 768 3872 ubique
783 3788 849 3867 est,
868 3788 904 3845 et
921 3775 1045 3846 omnia
1059 3773 1240 3873 complet,
1261 3788 1298 3845 et
1314 3774 1399 3846 ideo
1414 3772 1598 3846 invisibilis
1615 3771 1785 3845 omuibus

168 3894 374 3985 creaturis,
394 3895 480 3991 quia
495 3895 732 3993 incorporeus
752 3905 818 3965 est.
837 3897 1008 3966 Creatura
1024 3895 1143 3965 omnis
1159 3917 1355 3992 corporea,
1376 3894 1493 3991 angeli
1509 3907 1545 3965 et
1563 3917 1688 3964 omnes
1713 3916 1785 3964 coe·

166 4009 288 4084 lentes
302 4013 469 4085 virtutes⁸
484 4038 688 4113 corporeae,
719 4013 803 4086 licet
828 4037 903 4085 non
929 4036 1037 4087 carne
1062 4012 1268 4085 subsistant.
1299 4017 1421 4085 Exeo
1447 4027 1568 4085 autem
1593 4036 1785 4111 corporeas

164 4130 367 4203 credimus
382 4156 458 4206 esse
474 4133 730 4207 intellectuales
753 4147 920 4226 naturas,
949 4132 1049 4230 quod
1066 4132 1229 4206 localiter
1245 4133 1609 4226 circumscribuntur,
1640 4134 1733 4204 sicut
1749 4144 1786 4203 et

161 4252 308 4323 anima
324 4250 487 4326 humana
500 4278 580 4350 quae
598 4277 706 4326 carne
719 4252 918 4346 clauditur,
947 4267 984 4326 et
999 4253 1182 4326 daemones
1200 4254 1274 4349 qui.
1285 4250 1603 4351 persubstantiam
1617 4251 1785 4350 angelice

159 4385 322 4446 uaturae
331 4387 416 4444 sunt
431 4374 609 4472 corporei.
634 4401 652 4441 u
670 4377 765 4446 Bene
780 4387 903 4445 autem
913 4371 1051 4445 dictum
1066 4386 1120 4446 est
1134 4397 1178 4445 ex
1193 4374 1272 4471 ipsa
1285 4373 1464 4471 Sapientia
1480 4395 1545 4444 eos
1558 4394 1635 4444 esse
1646 4372 1785 4445 anima·

157 4505 243 4586 tos,
267 4491 363 4590 quia
378 4490 455 4565 haec
472 4506 526 4564 est
538 4492 613 4565 vita
627 4505 779 4585 aeterna,
798 4506 839 4564 ut
854 4516 1115 4590 cognoscamus
1131 4493 1224 4566 sicut
1238 4505 1273 4564 et
1292 4490 1429 4588 cogniti
1451 4516 1597 4582 sumus,
1626 4491 1715 4565 facie
1737 4489 1786 4563 ad

155 4611 314 4686 faeiem
328 4614 447 4684 Detnn
466 4610 641 4688 videntes.
659 4613 788 4684 Haurit
802 4605 955 4711 Spiritus
971 4611 1016 4684 de
1033 4612 1132 4684 fonte
1150 4610 1227 4706 illo,
1246 4636 1331 4685 cum
1347 4636 1416 4684 nos
1432 4609 1479 4684 de
1492 4609 1623 4684 divinae
1639 4612 1788 4712 Sapien-

11 4707 13 4770 l
151 4734 217 4806 tiae
235 4730 490 4827 intelligentia
505 4731 653 4826 imbuit,
672 4731 874 4808 secundnm
889 4732 990 4829 quod
1005 4732 1143 4805 dictum
1160 4734 1254 4805 est⁹2
1276 4760 1294 4801 n
1314 4736 1369 4804 De
1384 4756 1468 4805 meo
1485 4733 1637 4833 accipiet
1662 4747 1698 4804 et
1719 4755 1785 4803 an·

182 4944 279 4998 'Illa
297 4941 334 5006 t,
349 4944 533 5009 annom..
545 4950 567 4996 t.
577 4943 639 5005 tut,
651 4945 699 4996 col.
713 4948 769 4999 839.
783 4944 879 4997 -2ne
895 4945 957 4997 eod.
1012 4944 1179 4997 -·sucou
1192 4943 1253 4995 vui.
1267 4941 1318 4996 nn
1337 4944 1782 5008 amu-’tosn.,up.1,r.1n.-

145 5026 220 5080 t‘tct
236 5026 321 5091 Νυῷ
330 5025 404 5077 tub.
414 5024 513 5077 -⁸Stc
524 5024 585 5079 Cod.
603 5025 667 5078 Vtct.
683 5028 830 5079 Necessario
844 5027 917 5079 tub.
927 5053 957 5065 -
1010 5028 1053 5079 ⁸lu
1065 5027 1125 5079 cod.
1138 5027 1199 5078 un.
1208 5034 1235 5078 et
1246 5029 1272 5078 tu
1281 5027 1353 5078 tub.
1364 5025 1473 5078 cimaea
1487 5027 1556 5077 deest
1567 5026 1675 5077 mate·
1685 5022 1782 5088 ’losn.,

142 5107 203 5162 ἐι
215 5107 305 5160 cod.
322 5102 384 5155 Vtct.
396 5107 463 5157 Νοῦν
478 5106 551 5158 Amb.
562 5132 593 5146 ·-
604 5107 656 5159 ’δίο
668 5105 731 5160 ch.
744 5106 807 5159 l’tet.
818 5107 875 5173 Νοῷ
884 5108 956 5160 tmb.
1011 5123 1066 5173 cap.
1077 5121 1127 5168 nr,
1139 5121 1164 5159 v.
1180 5108 1217 5159 tt.
