4559 6100
418 454 491 528 l»32
1022 447 1151 519 PETlll
1177 446 1411 521 tumeant

418 599 571 701 pulchra
588 615 685 675 casta
699 598 880 698 generatio
897 622 981 670 cum
998 596 1178 672 claritate:
1198 597 1413 671 Immortalis
1429 612 1485 670 est
1499 597 1596 671 enim
1613 597 1788 671 memoria
1805 596 1914 689 illius,
1926 619 2022 695 quo·

419 725 516 796 niam
540 722 637 821 apud
662 725 778 793 Deum
797 733 883 791 nota
902 733 971 811 est,
990 733 1025 790 et
1046 720 1143 818 apud
1155 719 1334 792 homines.
1352 748 1371 787 a
1392 724 1485 792 Bene
1499 732 1621 791 autem
1637 718 1725 791 dicit
1740 718 1836 791 hane
1851 716 2021 789 virtutem

419 868 494 915 uon
520 841 639 914 solum
656 841 754 939 apud
773 843 888 912 Deum
904 853 1046 929 notam,
1066 840 1169 937 quasi
1185 839 1384 938 specialiter
1400 837 1652 938 approbatam,
1677 838 1778 937 quod
1794 839 1828 912 ei
1844 838 1881 909 in
1899 841 2022 910 Evan-

419 962 511 1059 gelio
536 961 772 1034 centesimum
794 961 949 1057 assignat
968 957 1136 1048 linctum,
1164 975 1200 1032 et
1221 984 1301 1033 earn
1324 959 1361 1032 in
1383 960 1576 1059 semetipso
1593 959 1640 1033 de
1661 960 1806 1057 Virgine
1823 972 1929 1030 natus
1946 971 2020 1030 tam

420 1082 531 1156 verbo
558 1106 668 1181 quam
694 1079 861 1179 exemplo
880 1080 1074 1179 praedicare
1090 1080 1221 1171 voluit,
1242 1106 1351 1180 quem
1368 1105 1495 1153 verum
1519 1084 1659 1179 Agnum
1676 1094 1712 1153 et
1731 1081 1809 1153 sine
1825 1077 1964 1151 macula
1983 1077 2021 1149 hi

361 1207 366 1214 “
419 1206 483 1303 qui
508 1206 586 1276 sine
611 1202 751 1275 macula
771 1215 868 1292 sunt,
891 1200 999 1273 idest
1021 1202 1192 1299 virgines,
1212 1203 1315 1301 sequi
1332 1202 1515 1294 dicuntur,
1532 1227 1765 1301 quocumque
1784 1202 1889 1273 ierit:
1910 1224 2022 1298 aquo

421 1326 530 1398 etiam
555 1323 739 1419 virginitas
760 1334 845 1393 octo
869 1320 1102 1419 sybillarum,
1128 1321 1236 1395 beato
1260 1335 1449 1395 attestante
1475 1326 1715 1421 Hieronymo,
1743 1321 1909 1420 spiritum
1935 1345 2021 1419 pro-

421 1444 550 1543 phetiae
574 1443 826 1541 promeruerit.
863 1446 997 1515 Verum
1021 1457 1056 1515 et
1081 1443 1178 1542 apud
1203 1442 1383 1534 homines,
1408 1466 1493 1515 cum
1514 1442 1599 1515 solae
1619 1442 1773 1539 virgines
1795 1444 1873 1513 Deo
1898 1465 2022 1514 conse-

420 1562 562 1636 crandae
586 1587 696 1635 mauu
723 1563 857 1634 summi
884 1563 1080 1636 sacerdotis
1101 1563 1280 1652 velentur,
1308 1577 1344 1635 et
1369 1562 1653 1636 diaconissarum
1678 1560 1864 1634 obtineant
1888 1561 2022 1661 prinei·

368 1711 371 1720 ¹
419 1698 564 1783 patum,
594 1685 629 1755 in
655 1697 792 1780 quanto
819 1684 927 1755 etiam
953 1682 1094 1756 honore
1116 1684 1214 1783 apud
1236 1683 1395 1756 Gentiles
1411 1687 1421 1723 ¹
1440 1696 1476 1757 et
1497 1682 1649 1756 infidelis
1674 1683 1856 1781 virginitas
1880 1706 2022 1780 semper

422 1803 543 1876 habita
559 1805 617 1891 sit,
635 1809 671 1875 Β.
693 1804 933 1901 Hieronymus
949 1804 985 1875 in
1002 1805 1122 1903 primo
1142 1807 1276 1877 Contra
1292 1806 1521 1877 lucinianum
1531 1804 1697 1904 exposuit
1713 1803 1862 1876 dicens:
1888 1830 1907 1871 a
1918 1806 2022 1875 Certe

423 1927 605 1997 Romanus
623 1923 780 2023 populus
803 1937 941 2021 quanto
961 1923 1104 1997 honore
1120 1924 1275 2023 virgines
1294 1950 1438 2024 semper
1455 1925 1634 2018 habuerit,
1655 1922 1742 1996 hine
1758 1937 1906 2023 apparet
1922 1922 2022 2021 quod

420 2043 587 2116 consules
604 2058 640 2115 et
662 2046 910 2141 imperatores,
930 2056 968 2114 ct
987 2042 1024 2115 in
1042 2042 1208 2117 curribus
1225 2046 1503 2145 triumphantes,
1523 2045 1586 2143 qui
1603 2044 1650 2117 de
1667 2044 1842 2143 superatis
1858 2042 2024 2141 gentibus

419 2164 579 2263 trophaea
596 2163 811 2256 referebant,
825 2179 861 2236 et
873 2163 992 2235 omnis
1008 2163 1189 2259 dignitatis
1207 2165 1351 2261 gradus,
1371 2166 1422 2238 eis
1438 2164 1484 2238 de
1497 2165 1555 2238 via
1571 2164 1700 2238 cedere
1712 2164 1838 2236 solitus
1856 2163 1915 2236 sit.
1934 2167 2024 2236 Nam

418 2284 519 2382 quod
537 2286 644 2356 ctiam
668 2285 762 2356 inter
779 2283 974 2357 duodecim
993 2284 1094 2381 signa
1109 2284 1204 2377 coeli,
1224 2287 1358 2382 quibus
1380 2286 1558 2359 mundum
1575 2286 1673 2358 volvi
1690 2298 1830 2384 putant,
1848 2284 2023 2381 virginem

419 2395 652 2497 collocarint,
671 2404 760 2477 nulli
781 2402 933 2476 dubium
949 2420 1019 2492 est;
1042 2405 1139 2477 unde
1155 2429 1284 2504 magna
1301 2407 1433 2504 injuria
1453 2408 1677 2505 nuptiarum,
1698 2420 1739 2478 ut
1754 2430 1801 2478 ne
1816 2404 1910 2478 iuter
1925 2428 2023 2477 seor·

420 2526 500 2622 pios
515 2525 677 2623 quidem,
694 2540 729 2598 et
741 2539 943 2613 centauros,
963 2538 1000 2598 et
1015 2550 1178 2616 cancros,
1194 2541 1229 2598 et
1245 2528 1371 2625 pisces,
1389 2542 1426 2602 et
1442 2542 1659 2625 aegocerotas
1669 2549 1819 2598 uxorem
1837 2524 2023 2597 maritum-

420 2668 492 2739 que
517 2645 795 2716 construxerint.
819 2674 836 2709 »
856 2644 918 2714 His
934 2659 969 2716 et
986 2645 1236 2718 consimilibus
1261 2647 1460 2720 rationibus
1486 2647 1623 2718 incitati
1647 2644 1874 2745 philosophi,
1906 2645 2023 2716 conti·

422 2764 552 2835 nentiae
576 2762 645 2834 sibi
669 2778 938 2862 proposuerunt
960 2765 1085 2855 vitam,
1113 2778 1192 2837 tum
1221 2781 1260 2838 ut
1284 2766 1522 2868 philosophiae
1544 2769 1686 2867 penitus¹
1706 2790 1833 2839 vacare
1854 2779 2022 2865 possent,

421 2898 501 2955 turn
523 2881 722 2982 plurimum
745 2908 793 2955 ne
809 2908 936 2955 eorum
960 2884 1134 2957 fortitudo
1156 2886 1388 2961 muliebrium
1411 2888 1662 2960 illecebrarum
1684 2885 1843 2959 mollitiis
1859 2901 2025 2961 enervata

421 3003 686 3092 succumberet,
710 3004 767 3077 vel
791 3002 947 3077 filiorum
967 3005 1097 3079 affectu
1118 3006 1165 3079 ad
1183 3006 1305 3081 illicita
1321 3006 1378 3082 vel
1400 3007 1518 3111 turpia
1536 3007 1701 3107 quaedam
1725 3021 1951 3106 cogerentur,
1970 3006 2025 3079 vel

421 3124 542 3198 labem
567 3127 725 3224 aliquam
754 3125 919 3216 insamiae,
948 3152 1057 3225 quam
1084 3154 1128 3202 ex
1156 3131 1304 3229 propria
1331 3156 1406 3203 non
1434 3130 1609 3204 haberent
1634 3131 1721 3223 vita,
1753 3129 1846 3201 vitiis
1872 3154 2025 3201 uxorum

421 3247 688 3319 contraherent.
715 3250 878 3335 Quarum
907 3248 1138 3348 impudentiae
1164 3249 1398 3348 petulantiam
1423 3266 1459 3323 et
1476 3254 1641 3324 Socrates
1666 3264 1845 3349 expertus,
1872 3250 1956 3322 satis
1974 3263 2027 3322 est

421 3367 547 3440 ceteris
564 3369 601 3439 in
618 3368 799 3469 exemplu,
826 3385 1001 3466 quantum
1017 3384 1183 3468 oporteat
1203 3369 1462 3470 philosophum
1480 3371 1560 3443 vitae
1582 3369 1794 3442 munditiam
1819 3369 2023 3456 observare,

423 3511 489 3559 nec
505 3486 755 3587 philosophiae,
770 3489 828 3559 cui
847 3514 885 3560 se
897 3490 1056 3587 copulat,
1076 3489 1222 3563 alterius
1239 3493 1339 3590 quasi
1357 3490 1528 3565 adulterae
1544 3491 1714 3590 copulam
1729 3488 2022 3590 superinducere.

424 3612 470 3678 Ut
487 3609 585 3679 enim
604 3609 641 3679 in
667 3608 786 3705 primo
808 3610 944 3679 Contra
962 3612 1190 3681 lovininnum
1209 3611 1335 3682 beatus
1356 3613 1518 3684 meminit
1538 3613 1778 3710 Hieronymus
1798 3639 1807 3683 r
1830 3613 2026 3684 «Socrates

422 3724 662 3824 Xanthipem,
685 3738 722 3796 et
743 3728 834 3797 Miro
859 3741 1006 3826 neptem
1034 3729 1195 3801 Aristidis
1218 3730 1307 3803 duas
1332 3731 1488 3804 habebat
1517 3757 1670 3805 uxores:
1691 3757 1770 3830 quae
1792 3756 1878 3804 cum
1898 3731 2025 3805 crebm

422 3846 516 3916 inter
530 3868 568 3916 se
577 3846 819 3942 jurgarentur,
838 3860 875 3920 et
886 3847 945 3920 ille
962 3869 1022 3920 eas
1033 3848 1182 3923 irridere
1198 3865 1289 3924 esset
1303 3851 1443 3947 solitus,
1459 3851 1560 3951 quod
1573 3868 1723 3952 propter
1736 3877 1775 3926 se
1791 3851 2026 3925 l'oedissimum

422 3961 611 4036 hominem
638 3965 737 4037 simis
758 3966 926 4052 naribus,
946 3969 1087 4043 recalva
1107 3970 1237 4065 fronte,
1265 3972 1389 4072 pilosis
1406 3973 1578 4061 humeris,
1604 3986 1640 4046 et
1661 3972 1830 4073 repandis
1846 3972 2024 4065 cruribus,

423 4082 703 4183 disceptassent3
731 4086 925 4159 novissime
942 4101 1126 4161 verterunt
1142 4091 1179 4162 in
1197 4115 1282 4164 eum
1302 4094 1495 4192 impetum3
1520 4107 1556 4165 et
1573 4093 1665 4165 male
1681 4093 1874 4167 multatum
1892 4091 2027 4190 lugien-

424 4217 570 4303 temque
594 4204 655 4276 diu
682 4221 887 4303 persecutae.
908 4208 1075 4297 Quodam
1093 4225 1212 4284 autem
1228 4226 1404 4311 tempore,
1423 4237 1508 4284 cum
1529 4212 1668 4287 infinita
1686 4214 1844 4285 convitia
1859 4236 1905 4285 ex
1920 4237 2027 4311 supe·

424 4325 510 4396 riori
540 4324 623 4396 loco
649 4326 824 4422 ingerenti
851 4330 1037 4429 Xantippae
1059 4333 1254 4423 restitisset,
1279 4356 1372 4429 aqua
1398 4330 1564 4431 profusus
1590 4332 1799 4424 immunda,
1828 4331 1919 4405 nihil
1946 4356 2027 4405 res-

423 4446 555 4543 pondit
566 4444 733 4544 amplius,
748 4472 857 4544 quam
872 4449 988 4548 capite
1002 4449 1167 4524 deterso:
1188 4451 1389 4532 «Sciebam,
1401 4452 1531 4550 inquit,
1544 4453 1718 4541 futurum,
1736 4466 1777 4524 ut
1790 4453 1854 4525 ista
1868 4452 2027 4525 tonitrua

427 4595 444 4629 a
465 4565 585 4637 imber
611 4581 873 4662 sequeretur.»
901 4573 972 4642 Has
1000 4571 1163 4668 prolecto
1180 4573 1361 4645 molestias
1385 4584 1492 4671 atque
1507 4571 1768 4673 turpitudines,
1794 4572 2028 4669 assiduasque

423 4684 696 4781 inquietudines
707 4687 882 4786 conjugiis
891 4688 1009 4763 inesse
1019 4690 1286 4789 Theophrastus
1297 4708 1461 4786 noverat,
1475 4694 1537 4790 qui
1550 4718 1644 4794 pene
1656 4692 1826 4766 omnibus
1837 4691 2029 4789 diligenter

423 4806 607 4904 expositis,
622 4830 770 4878 uxorem
787 4809 938 4910 sapienti
955 4836 1030 4884 nou
1044 4836 1121 4884 esse
1137 4811 1342 4886 ducendam
1360 4812 1521 4913 plurimis
1538 4815 1664 4887 astruit
1680 4812 1880 4888 rationibus
1897 4838 1907 4887 r
1923 4815 2028 4912 quasi

460 5083 519 5135 'ch
530 5087 597 5147 apud
609 5085 716 5136 Hartene
727 5087 881 5135 interseritur
893 5097 988 5148 quom,
999 5099 1054 5150 que
1064 5101 1110 5137 mx
1123 5089 1227 5140 delenda
1238 5106 1291 5142 esse
1304 5092 1408 5143 ridetur.
