4559 6100
705 573 750 645 ΙΝ
775 569 1022 643 EPlSTOLAM
1048 569 1108 641 At)
1135 570 1356 645 ROMANOS.
1759 572 1831 646 333

235 748 345 824 quam
376 736 564 812 nostrum,
593 721 644 793 sic
677 735 714 792 et
736 718 927 816 judicare.'
942 721 986 790 Et
1013 733 1198 816 postremo
1216 720 1318 792 »sicut
1345 720 1481 792 omnia
1502 719 1549 793 ad
1577 721 1727 817 gloriam
1756 723 1832 819 ejus

235 844 410 918 debemus
429 842 559 935 facere,
585 841 634 913 ita
657 841 732 939 ipse
753 841 874 938 potius
898 862 965 937 per
990 863 1058 910 nos
1080 853 1211 912 cuncta
1231 839 1308 911 haec
1334 839 1475 939 operari
1499 837 1608 912 debet
1629 865 1738 936 quam
1765 865 1832 914 nos

235 964 444 1064 ipsi-'lunc
466 986 553 1035 vero
578 965 675 1034 Deus
694 958 872 1058 judicium
889 958 973 1031 lacit
996 958 1115 1057 potius
1137 982 1247 1055 quam
1265 958 1392 1049 homo,
1421 958 1578 1056 quando
1594 959 1670 1059 ipse
1691 959 1758 1032 relv
1771 986 1833 1058 per

235 1084 349 1181 legem
364 1082 521 1180 aliquam
539 1080 595 1155 vel
610 1079 884 1178 inspirationem
904 1079 1083 1151 internam
1097 1076 1186 1176 quid
1200 1076 1396 1149 dicendum
1414 1079 1459 1150 sit
1476 1102 1544 1150 nos
1564 1078 1730 1171 instruit,
1753 1094 1792 1151 ut
1812 1106 1833 1152 a

236 1202 343 1275 nobis
359 1202 584 1274 recitandum
601 1213 726 1300 postea
741 1198 786 1270 sit
802 1200 878 1295 ejus
891 1197 1085 1294 judicium,
1103 1222 1179 1270 non
1197 1197 1414 1271 laciendum.
1433 1198 1561 1272 Tribus
1580 1200 1701 1297 itaque
1717 1200 1834 1286 modis

237 1326 285 1399 de
295 1326 418 1425 aliquo
428 1326 526 1425 prius
542 1325 655 1399 dubio
670 1324 823 1422 judicari
839 1322 995 1414 videtur,
1008 1323 1285 1421 per-Dominum
1300 1320 1465 1396 videlieet
1479 1323 1609 1423 ipsum,
1621 1325 1712 1397 sicut
1724 1350 1834 1423 expo-

237 1447 386 1533 suimus,
408 1470 473 1545 per
487 1443 646 1545 aliquam
662 1445 714 1518 rei
732 1443 1070 1535 manifestationem,
1091 1467 1157 1542 per
1174 1442 1360 1516 hominem
1376 1443 1422 1516 de
1435 1467 1500 1518 sua
1516 1443 1653 1517 scilicet
1663 1445 1835 1543 opinione

237 1579 526 1665 praesumentem.
549 1568 641 1637 Cum
658 1578 778 1638 autem
798 1562 919 1663 aliquo
937 1562 1138 1636 eventurei
1154 1562 1256 1660 quod
1269 1562 1420 1636 dubium
1441 1563 1555 1636 luerat
1576 1562 1833 1655 manifestatur,

238 1688 314 1783 ipsa
335 1708 392 1757 res
409 1682 593 1780 judicare,
620 1708 696 1756 non
717 1682 831 1757 homo
854 1682 1000 1756 dicitur.
1025 1685 1066 1754 ln
1090 1681 1209 1755 dubiis
1231 1683 1352 1779 itaque
1377 1695 1517 1756 tantum
1539 1682 1653 1755 homo
1671 1682 1836 1780 ‘judicare

237 1803 381 1895 dicitur,
402 1801 502 1901 quod
526 1802 678 1875 omnino
695 1801 922 1901 prohibetur,
943 1801 1090 1901 quando
1109 1801 1273 1876 videlicet
1289 1803 1473 1902 propriam
1494 1816 1635 1878 tantum
1658 1804 1834 1878 existima·

239 1924 375 1995 tionem
399 1946 571 2019 sequens,
592 1922 774 2019 praesumit
793 1920 964 2006 definire,
986 1946 1071 1994 eum
1093 1946 1161 1994 nec
1184 1946 1249 2021 per
1264 1924 1380 1995 Deum
1397 1921 1535 2014 adhuc,
1557 1946 1624 1994 nee
1640 1947 1705 2020 per
1721 1924 1835 2020 ipsam

238 2043 289 2116 rei
304 2041 560 2141 experientiam
576 2041 754 2137 contingit
770 2067 854 2115 eum
872 2057 1009 2115 certum
1028 2066 1117 2115 esse.
1143 2041 1364 2133 astabimus,
1381 2071 1399 2112 n
1419 2041 1522 2131 dicit,
1541 2045 1643 2139 quasi
1661 2044 1782 2133 erecti,
1799 2060 1838 2115 ut

238 2161 407 2259 cognosci
425 2160 471 2233 ab
487 2160 657 2234 omnibus
683 2162 875 2261 possimus,
897 2192 914 2232 n
936 2177 1018 2235 ante
1036 2161 1211 2255 tribunal,
1228 2191 1246 2230 n
1266 2162 1302 2233 id
1320 2175 1373 2234 est
1390 2161 1512 2235 sedem
1527 2161 1753 2258 judiciariam
1770 2166 1836 2236 Dei

239 2282 358 2380 potius
382 2282 445 2379 qui
466 2280 538 2353 falli
563 2305 639 2354 non
659 2296 797 2379 potest,
823 2297 859 2354 et
873 2283 989 2378 justus
1008 2297 1074 2375 est,
1094 2307 1205 2381 quam
1227 2280 1397 2354 hominis.
1417 2286 1519 2354 Hane
1540 2282 1689 2381 quidem
1714 2283 1837 2356 sedem

239 2399 306 2472 Dei
330 2398 516 2473 hominem
541 2425 563 2474 a
581 2400 703 2475 Verbo
725 2415 949 2501 assumptum
969 2402 1139 2498 intellige.
1171 2407 1274 2474 Pater
1293 2401 1390 2474 enim
1413 2426 1522 2473 omne
1541 2400 1718 2497 judicium
1737 2403 1837 2475 dedit

240 2516 341 2611 Filio,
362 2522 447 2618 quia
461 2520 568 2592 Filius
582 2521 658 2616 ejus
669 2534 735 2594 est.
751 2525 790 2593 ln
804 2520 876 2594 hoc
887 2522 1021 2620 quippe
1037 2521 1186 2594 homine
1203 2507 1386 2620 assumpto
1396 2521 1502 2592 Filius
1511 2521 1576 2593 Dei
1589 2534 1662 2594 tam
1674 2535 1836 2593 mortuus

240 2653 292 2711 est
309 2664 418 2736 quam
435 2641 639 2732 resurrexit,
659 2641 751 2715 sicut
768 2666 866 2714 nunc
888 2640 1061 2733 diximus,
1079 2657 1115 2716 et
1132 2641 1217 2715 inde
1235 2642 1387 2714 maxime
1394 2640 1579 2737 ‘judicium
1597 2640 1837 2714 damnationis

240 2757 416 2852 imminet,
436 2759 467 2831 si
484 2774 629 2833 mortuo
647 2785 714 2860 pro
733 2761 855 2856 nobis,
876 2776 915 2835 ut
931 2761 1067 2836 dictum
1083 2777 1149 2857 est,
1167 2776 1204 2835 et
1220 2762 1427 2838 resuscitato
1443 2786 1510 2860 pro
1527 2759 1634 2833 nobis
1649 2775 1723 2834 tam
1740 2786 1838 2835 mors

240 2891 362 2951 nostra
377 2903 487 2977 quam
503 2879 578 2953 vita
594 2880 877 2981 inseparabiliter
891 2908 967 2955 non
982 2881 1174 2977 adhaereat,
1190 2897 1297 2982 atque
1314 2881 1360 2955 ad
1377 2881 1622 2955 obediendum
1638 2896 1762 2980 parata
1778 2883 1835 2954 sit.

291 3027 309 3065 a
322 2999 501 3098 Scriptum
517 3013 570 3073 est
585 3001 729 3073 enim.»
745 3002 843 3075 lsaiae
858 3004 1065 3076 testimonio
1080 3005 1090 3040 ¹
1106 3001 1237 3102 probat
1252 3001 1354 3103 quod
1369 3026 1498 3076 omnes
1512 3026 1534 3075 a
1550 3006 1628 3076 Deo
1649 3003 1721 3075 sint
1737 3000 1840 3099 judi·-

240 3117 359 3189 candi.
377 3148 395 3187 n
411 3119 503 3191 Vivo
519 3144 600 3216 ego.
618 3151 635 3186 x
657 3126 704 3194 Ac
720 3122 751 3193 si
770 3122 916 3211 diceret,
933 3147 999 3220 per
1015 3123 1267 3221 memetipsum
1284 3122 1531 3196 indeficienter
1549 3123 1726 3196 viventem
1740 3122 1837 3218 juro.

240 3236 345 3307 Genu
361 3234 515 3308 flectitur
527 3236 654 3333 judici,
667 3240 815 3337 quando
827 3241 1013 3339 suppletur
1028 3242 1104 3337 ejus
1119 3241 1315 3345 sententia3
1331 3254 1555 3339 exspectatur
1566 3242 1751 3314 euiresisti
1763 3265 1836 3313 non

240 3366 370 3450 potest.
391 3354 517 3428 Omnis
532 3355 655 3452 lingua
672 3358 709 3429 in
728 3357 790 3431 illo
802 3359 940 3455 judicio
957 3359 1221 3433 confessionem
1233 3358 1349 3432 laudis
1365 3363 1443 3431 Deo
1460 3358 1576 3451 saciet,
1601 3361 1687 3455 quia
1706 3355 1839 3427 nullius

240 3474 458 3547 conscientia
472 3488 597 3548 contra
616 3476 708 3549 illius
720 3476 853 3574 judicis
868 3478 1119 3551 rectitudinem
1136 3503 1363 3552 murmurare
1379 3479 1527 3583 poterit,
1538 3471 1641 3545 Unde
1657 3470 1740 3545 mali
1752 3499 1840 3571 quo·

242 3613 311 3685 que
328 3591 579 3687 poenitentiam
596 3595 689 3665 inter
703 3621 742 3666 se
758 3611 904 3689 agentes
917 3612 956 3665 et
973 3598 1257 3688 ingemiscentes,
1279 3597 1349 3664 hoc
1363 3592 1443 3691 ipso
1461 3591 1562 3689 quod
1584 3592 1713 3666 facient
1729 3606 1837 3667 attes÷

245 3705 415 3779 labuntur
428 3708 561 3805 justam
575 3733 614 3783 se
629 3709 871 3784 damnationis
889 3711 1052 3811 accipere
1066 3712 1292 3784 sententiam.
1315 3715 1355 3783 In
1373 3711 1435 3783 illo
1462 3712 1582 3809 itaque
1600 3710 1739 3807 judicio
1756 3727 1838 3785 tam

240 3826 440 3922 judicantes
455 3853 565 3926 quam
579 3829 779 3926 judicandi,
798 3830 853 3903 vel
872 3832 935 3929 qui
951 3831 1027 3928 jam
1044 3832 1152 3904 etiarn
1170 3831 1320 3928 judicati
1335 3845 1437 3921 sunt,
1458 3833 1726 3929 genuflectent,
1746 3858 1839 3931 quo-

243 3946 339 4019 niam
365 3971 492 4021 omnes
516 3948 573 4021 vel
603 3950 730 4023 timore
759 3974 950 4049 poenarum
970 3951 1037 4025 vel
1050 3965 1226 4051 perceptae
1251 3952 1370 4049 gratiae
1396 3950 1572 4025 beneficio
1594 3951 1661 4025 sub
1685 3966 1785 4027 tanto
1802 3980 1839 4028 se

240 4065 623 4161 judicehumiliabunt.
636 4073 799 4168 «ltaque,
811 4100 828 4137 r
836 4070 1091 4166 quiavidelicet
1100 4072 1283 4144 itaomnes
1291 4070 1485 4144 astabimus
1494 4086 1578 4145 ante
1587 4071 1741 4145 tribunal
1753 4076 1841 4146 tanti

240 4184 378 4281 judieii.
401 4215 419 4255 a
433 4188 619 4260 Rationem
634 4188 774 4285 reddet,
787 4218 805 4258 x
821 4188 858 4261 id
874 4204 941 4279 est,
952 4205 1127 4288 quantum
1144 4190 1235 4263 ratio
1250 4191 1404 4286 exegerit
1416 4191 1562 4289 recipiet
1577 4216 1599 4265 a
1616 4193 1772 4265 Domino
1796 4194 1841 4265 de

244 4304 419 4401 poenarel
435 4306 596 4403 praemio.
615 4337 633 4377 n
647 4312 727 4380 Non
744 4330 843 4405 ergo.
860 4337 878 4377 a
894 4309 988 4399 Quia
1005 4308 1172 4383 videlicet
1194 4310 1270 4409 ipse
1295 4311 1345 4383 ita
1372 4310 1419 4383 de
1441 4310 1610 4385 omnibus
1631 4325 1667 4384 et
1689 4312 1841 4383 maxime

246 4421 291 4496 de
306 4422 363 4496 his
379 4448 536 4521 quorum
552 4424 663 4500 dubia
679 4443 733 4501 est
750 4429 901 4501 intentio
915 4428 1077 4525 judicare
1094 4428 1217 4503 habet.
1236 4431 1441 4529 «Amplius,
1457 4460 1476 4500 n
1496 4430 1534 4501 id
1547 4442 1600 4502 est
1615 4444 1697 4528 post
1713 4431 1840 4504 admo-

246 4543 421 4616 nitionem
446 4544 541 4619 banc
564 4563 724 4621 nostram
740 4573 803 4621 sen
820 4550 1112 4649 praeceptionem.
1135 4579 1153 4614 α
1171 4550 1342 4642 Invicem,
1360 4579 1378 4614 x
1397 4547 1487 4621 alter
1510 4548 1675 4622 videlicet
1690 4549 1842 4624 alterum
1962 4618 1965 4623 ,

246 4684 311 4757 pro
328 4659 459 4735 talibus
475 4664 725 4739 damnandum
740 4691 817 4740 esse
832 4667 1047 4767 reputando.
1064 4697 1083 4737 a
1096 4666 1168 4740 Sed
1179 4666 1251 4738 hoc
1266 4668 1392 4765 magis,
1408 4699 1425 4734 x
1441 4659 1481 4741 id
1496 4684 1560 4761 est,
1579 4670 1699 4768 potius
1715 4668 1841 4742 obser-

247 4779 405 4853 vandum
424 4798 581 4857 censete.
602 4813 621 4855 a
637 4788 688 4865 Ne
704 4786 848 4884 ponatis
870 4786 1130 4860 offendiculum
1153 4785 1264 4877 fratri,
1282 4816 1300 4853 s
1320 4785 1359 4859 id
1385 4801 1439 4860 est
1461 4812 1508 4861 ne
1532 4787 1667 4886 aliquid
1693 4788 1839 4882 faciatis,

246 4899 348 4996 cujus
364 4903 529 5001 exemplo
542 4917 733 5002 corruptus
743 4905 819 5004 ipse
832 4921 990 4998 corruat,
1007 4905 1062 4981 vel
1079 4904 1337 4981 scandalizatus
1353 4920 1388 4980 et
1401 4923 1627 5006 exasperatus
1648 4906 1842 5007 reprehen-

279 5175 357 5240 dat,
366 5191 423 5243 cap.
434 5193 490 5245 xxx,
506 5195 530 5235 r.
543 5185 584 5235 ²4.
