4559 6100
1101 496 1227 569 PETRI
1255 494 1487 569 tammum

1135 852 1314 942 CAPUT
1347 853 1446 944 vll.

907 1074 966 1127 Cur
990 1074 1067 1128 Deus
1089 1069 1202 1127 dicatur
1227 1069 1372 1148 inspector
1393 1068 1487 1127 camis
1513 1081 1542 1127 et
1565 1088 1678 1127 renum.

545 1259 647 1326 Juxta
663 1253 768 1349 igitur
785 1252 859 1324 haec
875 1253 963 1341 duo,
983 1252 1309 1352 concupiscentiam
1326 1257 1441 1327 carnis
1460 1263 1495 1325 et
1511 1245 1838 1354 concupiscentiam
1857 1259 1995 1345 animae,
2007 1283 2088 1355 quae

497 1373 746 1471 praemisimus,
767 1371 940 1471 probator
962 1373 1081 1445 cordis
1098 1386 1133 1443 et
1153 1397 1282 1444 renum
1298 1371 1414 1444 dictus
1431 1386 1484 1444 est
1499 1377 1608 1459 Deus,
1632 1373 1704 1444 hoc
1722 1389 1792 1460 est,
1828 1375 2008 1471 inspector
2028 1377 2088 1446 in-

497 1492 699 1565 tentionum
717 1491 773 1562 vel
791 1515 1030 1562 consensuum
1048 1490 1133 1562 inde
1155 1492 1458 1589 provenientium.
1483 1497 1554 1563 Nos
1570 1516 1656 1563 vero
1675 1492 1737 1589 qui
1758 1492 1830 1564 hoc
1849 1493 2027 1565 discutere
2042 1519 2085 1567 ac

493 1609 655 1704 judicare
670 1635 745 1680 non
766 1609 939 1697 valemus,
965 1610 1012 1681 ad
1032 1634 1143 1707 opera
1167 1611 1321 1682 maxima
1343 1610 1520 1707 judicium
1544 1625 1707 1682 nostrum
1734 1614 1993 1704 convertimus,
2019 1639 2085 1685 nec

498 1744 568 1801 tam
595 1728 717 1827 culpas
739 1753 849 1824 quam
874 1753 983 1826 opera
1000 1729 1185 1827 punimus,
1205 1752 1272 1801 nec
1293 1730 1330 1800 in
1352 1729 1475 1826 aliquo
1498 1744 1572 1801 tam
1594 1730 1693 1825 quod
1716 1730 1792 1826 ejus
1814 1731 1941 1802 animae
1962 1747 2081 1824 nocet,

495 1872 602 1945 quarn
615 1847 712 1944 quod
727 1848 802 1918 aliis
815 1872 946 1919 nocere
960 1848 1072 1944 possit
1085 1846 1267 1919 vindicare
1277 1848 1475 1939 studemus,
1492 1863 1528 1920 ut
1547 1848 1656 1944 magis
1670 1848 1813 1946 publica
1827 1852 2082 1946 praeveniamus

495 1968 646 2057 damna,
678 1991 787 2063 quam
811 1965 1001 2062 singularia
1026 1967 1258 2062 corrigamus,
1282 1968 1383 2062 justa
1408 1967 1507 2063 quod
1532 1982 1567 2039 et
1592 1969 1767 2039 Dominus
1784 1973 1888 2039 Petro
1905 1971 1968 2040 ait¹
1988 1997 1996 2039 ε
2014 2001 2032 2035 α
2047 1973 2081 2042 si

493 2087 693 2184 peccaverit
713 2087 750 2157 iu
765 2100 800 2157 te
816 2086 924 2158 frater
940 2100 1038 2178 tuus,
1054 2086 1196 2183 corripe
1218 2085 1318 2157 illum
1336 2087 1430 2158 inter
1446 2102 1482 2159 te
1498 2101 1533 2157 et
1556 2090 1674 2185 ipsum
1691 2087 1817 2160 solum.
1840 2116 1858 2155 a
1880 2088 1977 2175 Quid
2000 2105 2052 2162 est
2070 2120 2078 2160 ε

496 2206 726 2277 «peccaverit
742 2206 779 2277 in
796 2219 844 2288 te,
855 2235 872 2272 u
889 2205 993 2302 quasi
1005 2230 1080 2276 non
1096 2205 1133 2275 in
1148 2203 1274 2293 alium,
1291 2219 1330 2276 nt
1347 2207 1457 2302 magis
1470 2206 1617 2301 injurias
1634 2205 1739 2277 nobis
1755 2231 1866 2302 quam
1883 2206 1961 2279 aliis
1971 2207 2081 2281 illatas

492 2324 669 2419 corrigere
683 2324 740 2395 vel
756 2324 938 2395 vindicare
953 2322 1173 2394 debeamus?
1191 2323 1288 2394 Absit
1308 2351 1316 2393 z
1336 2352 1354 2391 u
1365 2324 1401 2394 si
1413 2325 1613 2421 peccaverit
1623 2325 1659 2395 in
1673 2338 1722 2416 te,
1733 2353 1750 2388 a
1764 2324 1854 2396 dixit
1868 2349 1951 2395 cum
1970 2327 2081 2399 mani·

492 2443 578 2515 leste
595 2445 666 2539 agit
684 2443 782 2515 unde
798 2457 833 2514 tc
849 2468 913 2541 per
933 2442 1136 2539 exemplum
1153 2466 1383 2540 corrumpere
1403 2443 1525 2541 possit.
1545 2442 1654 2529 Quod
1670 2443 1700 2514 si
1716 2443 1814 2514 enim
1832 2443 1867 2513 in
1885 2468 1923 2515 se
1942 2459 2079 2517 tantum

491 2576 627 2658 peccat,
647 2586 729 2632 curn
747 2561 853 2658 culpa
868 2562 944 2657 ejus
960 2562 1100 2634 occulta
1116 2586 1199 2631 eum
1216 2562 1333 2632 solum
1350 2587 1453 2632 reum
1469 2561 1667 2653 constituit,
1685 2587 1760 2633 non
1777 2561 1824 2633 ad
1840 2577 1978 2635 reatum
1994 2563 2079 2636 alios

491 2693 666 2773 quantum
694 2679 731 2748 in
755 2702 793 2748 se
817 2692 872 2748 est
897 2702 961 2775 per
986 2677 1189 2774 exemplum
1214 2679 1336 2749 trahit.
1368 2680 1440 2750 Etsi
1469 2680 1565 2751 enim
1590 2676 1719 2750 desunt
1751 2681 1813 2775 qui
1846 2680 1978 2752 malam
2006 2683 2078 2778 ejus

491 2798 668 2866 actionem
691 2797 874 2866 imitentur
893 2796 950 2867 vel
967 2795 1073 2866 edam
1090 2797 1344 2890 cognoverint,
1370 2798 1464 2869 actio
1480 2811 1598 2868 tamen
1615 2798 1693 2896 ipsa
1709 2798 1821 2893 magis
1836 2822 1947 2894 quam
1970 2801 2076 2872 animi

491 2914 597 3011 culpa
621 2914 825 3010 castiganda
849 2927 903 2984 est
926 2912 1025 3009 apud
1046 2912 1238 2985 homines:
1262 2916 1347 3011 quia
1373 2915 1452 3013 plus
1480 2915 1624 2987 ollensae
1648 2916 1861 2988 contrahere
1886 2919 2016 3015 potuit,
2043 2936 2076 2991 et

491 3033 723 3132 perniciosius
738 3057 803 3130 per
811 3031 1013 3129 exemplum
1030 3030 1128 3123 fieri,
1147 3058 1256 3130 quam
1272 3033 1377 3133 culpa
1397 3033 1510 3106 latens
1525 3035 1650 3106 animi.
1671 3036 1789 3107 Omne
1805 3060 1963 3132 namque
1979 3038 2076 3135 quod

490 3156 526 3225 in
556 3177 788 3225 communem
805 3152 1018 3250 perniciem,
1048 3151 1104 3224 vel
1135 3153 1172 3223 in
1202 3151 1386 3250 publicum
1415 3152 1617 3226 redundare
1637 3167 1755 3252 potest
1782 3155 2072 3247 incommodum,

490 3271 719 3368 castigatione
741 3270 869 3367 majori
889 3285 940 3342 est
959 3271 1199 3369 puniendum.
1223 3285 1258 3343 et
1276 3271 1374 3368 quod
1397 3270 1577 3344 contrahit
1595 3273 1767 3368 majorem
1792 3272 1981 3364 offensam,
2001 3299 2074 3370 gra-

489 3395 624 3464 viorem
654 3393 747 3464 inter
773 3415 841 3462 nos
867 3383 1093 3489 promeretur
1117 3414 1279 3490 poenam,
1308 3405 1345 3462 et
1373 3391 1485 3487 majus
1508 3390 1700 3464 hominum
1728 3391 1937 3464 scandalum
1964 3392 2075 3490 majus

488 3514 580 3583 inter
600 3512 768 3583 homines
788 3510 938 3581 incurrit
954 3509 1188 3608 supplicium,
1217 3510 1281 3581 etsi
1305 3509 1419 3582 levior
1437 3509 1614 3608 praecessit
1634 3509 1753 3607 culpa.
1778 3513 1958 3583 Ponamus
1979 3514 2074 3584 enim

487 3630 642 3729 aliquem
668 3631 763 3702 coitu
793 3654 860 3700 suo
886 3627 1071 3700 mulierem
1099 3628 1259 3725 aliquam
1287 3628 1489 3727 corrupisse
1512 3629 1550 3699 in
1581 3628 1729 3701 ecclesia
1757 3656 1765 3699 :
1792 3630 1893 3725 quod
1920 3633 2073 3704 eumad

488 3774 589 3821 aures
609 3748 735 3848 populi
758 3747 915 3818 delatum
941 3746 1063 3837 luerit,
1086 3770 1163 3817 non
1181 3760 1322 3817 tanturn
1344 3745 1390 3818 de
1407 3745 1600 3818 violatione
1616 3747 1755 3818 feminae
1779 3772 1823 3820 ac
1849 3748 1925 3821 veri
1946 3751 2069 3847 templi

487 3870 565 3957 Dei,
580 3882 755 3963 qnantum
767 3867 813 3939 de
824 3867 1035 3938 infractione
1046 3864 1245 3964 corporalis
1259 3864 1381 3963 templi
1395 3880 1686 3955 commoventur;
1700 3891 1784 3938 cum
1796 3880 1916 3939 tamen
1931 3869 2071 3963 gravius

488 3988 585 4058 sitin
609 3986 813 4074 mulierem,
832 4009 941 4082 quam
965 3986 1002 4057 in
1019 3987 1173 4084 parietes
1197 4008 1429 4082 presumere,
1454 3998 1489 4055 et
1505 3984 1646 4055 homini
1670 4009 1781 4080 quam
1804 3985 1886 4058 loco
1904 3987 2069 4082 injuriam

488 4107 628 4178 inferre.
654 4110 698 4176 Et
716 4104 882 4177 incendia
901 4104 1094 4176 domorum
1114 4104 1241 4200 majori
1258 4127 1367 4202 poeua
1381 4100 1627 4193 vindicamus,
1647 4127 1756 4200 quam
1777 4106 1812 4175 in
1832 4118 1980 4203 peracta
1999 4106 2069 4177 lor·

489 4226 679 4316 nicatione,
697 4248 782 4296 cum
795 4222 902 4317 longe
918 4222 1016 4320 apud
1033 4226 1150 4293 Deum
1166 4222 1242 4293 haec
1259 4221 1328 4293 illis
1342 4220 1521 4294 habentur
1538 4223 1712 4318 graviora.

536 4350 580 4416 Et
596 4344 675 4415 haec
691 4342 838 4442 quidem
855 4366 930 4414 non
951 4356 1024 4414 tam
1034 4341 1176 4439 justitiae
1191 4340 1329 4430 debito,
1347 4363 1457 4436 quam
1475 4339 1748 4437 dispensationis
1763 4357 1918 4437 aguntur
1933 4356 2068 4441 tempe·

486 4478 662 4554 ramento,
692 4477 733 4533 ut
759 4461 1067 4560 quemadmodum
1094 4459 1261 4548 diximus,
1277 4457 1423 4556 publica
1446 4459 1696 4556 praeveniendo
1723 4460 1856 4532 damna
1886 4464 2068 4533 communi

486 4581 714 4654 consulamus
730 4580 885 4653 utilitati.
906 4583 1005 4679 Saepe
1029 4579 1137 4676 igitur
1154 4578 1301 4649 minima
1318 4591 1464 4673 peccata
1484 4576 1678 4673 majoribus
1692 4579 1809 4677 poenis
1824 4578 2064 4667 vindicamus,

486 4725 560 4773 non
579 4715 650 4771 tam
668 4700 830 4797 aequitate
846 4700 986 4797 justitiae
1002 4695 1250 4784 adtendentes,
1268 4717 1347 4789 quae
1363 4694 1467 4791 culpa
1485 4697 1713 4792 praecesserit,
1731 4720 1841 4793 quam
1856 4695 2067 4769 discretione

485 4820 715 4919 providentiae
739 4820 952 4915 cogitantes,
970 4831 1104 4915 quanta
1124 4814 1211 4887 hinc
1226 4814 1434 4908 contingere
1450 4815 1561 4911 possit
1581 4815 1870 4908 incommoditas,
1895 4817 1926 4888 si
1946 4817 2067 4888 leviter

518 5074 787 5140 ¹12r1u.,cap.xmr‚
806 5089 830 5124 v.
845 5077 884 5127 15.
