4559 6100
657 474 950 552 tttt'ttottucuo
976 473 1036 546 tu
1060 472 1366 546 Tfluutoutttt.
1763 472 1810 544 83

218 655 234 693 a
252 626 388 696 tionem
399 624 476 722 ejus
490 651 508 693 u
519 622 556 696 id
570 638 622 698 est
635 626 779 720 Christi,
800 656 816 693 α
832 627 913 724 quis
927 618 1132 698 enarrabit?
1143 650 1161 689 n
1175 623 1272 695 ldem
1284 648 1392 720 super
1410 621 1615 694 Mattbaeum
1625 648 1709 695 cum
1720 623 1809 697 illud

215 749 442 844 exponeret¹=
456 774 474 814 a
490 744 595 819 Liber
611 747 851 844 generationis
862 750 943 819 Jesu
955 744 1104 817 Christi:
1120 771 1138 812 n
1161 770 1179 812 a
1195 747 1235 815 ln
1250 744 1352 840 lsaja,
1372 742 1505 841 inquit,
1526 740 1686 838 legimus,
1707 772 1725 812 u
1739 748 1810 816 Ge·

217 865 441 936 neratiouem
460 865 536 963 ejus
553 866 634 964 quis
648 864 884 941 emerabitt»
903 870 983 937 Nou
1000 889 1085 962 crgo
1098 879 1267 964 putemus
1280 862 1512 962 Evangelium
1533 863 1719 962 Prophetas
1735 889 1810 939 esse

215 985 449 1075 contrarium,
465 1000 505 1061 ut
517 986 618 1082 quod
632 986 690 1059 ille
706 985 926 1086 impossibile
942 985 1030 1058 dicit
1044 984 1166 1077 ellatu,
1189 982 1251 1055 bic
1269 1007 1414 1055 narrare
1442 982 1612 1081 incipiat;
1638 997 1675 1055 et
1699 982 1810 1056 ibide

216 1104 444 1199 generatione
460 1103 671 1198 divinitatis,
698 1105 759 1179 bic
778 1105 825 1178 de
850 1106 1099 1179 incarnatione
1116 1104 1254 1177 dictum
1271 1118 1338 1176 est.
1360 1132 1376 1173 n
1396 1108 1439 1175 Et
1452 1102 1579 1176 beatus
1597 1105 1811 1201 Augustinus

215 1219 306 1294 banc
326 1224 443 1321 ipsam
456 1223 567 1298 Verbi
582 1226 850 1321 generationem
870 1224 1045 1324 profitens
1062 1226 1192 1298 frustra
1212 1224 1281 1324 legi
1297 1224 1353 1297 vel
1369 1224 1514 1324 exponi,
1534 1224 1608 1296 sive
1624 1221 1771 1321 intelligi
1790 1248 1811 1296 a

216 1342 348 1430 multis,
368 1345 476 1416 etiam
491 1359 686 1444 antequam
707 1359 921 1445 exponatur,
941 1345 1090 1443 intelligi
1112 1369 1218 1445 posse
1237 1359 1426 1418 asseverat.
1449 1343 1552 1417 Unde
1568 1345 1645 1442 ipse
1661 1368 1745 1416 cum
1763 1345 1810 1417 ad

214 1462 308 1535 banc
320 1465 573 1563 exponendam
588 1456 750 1559 veniens,
766 1465 878 1538 verba
894 1466 953 1539 illa
973 1467 1121 1538 loannis
1145 1467 1411 1565 praemisisset':
1436 1495 1454 1534 «
1475 1468 1517 1537 ln
1542 1466 1718 1565 principio
1737 1479 1812 1537 erat

216 1582 387 1676 Verbum,
404 1599 440 1659 et
450 1585 612 1658 Verbum
623 1601 700 1660 erat
715 1586 813 1685 apud
827 1591 958 1681 Deum,
977 1602 1014 1659 et
1025 1592 1123 1659 Deus
1136 1602 1213 1659 erat
1224 1585 1398 1679 Verbum,
1417 1614 1435 1654 n
1450 1586 1570 1658 statim
1582 1608 1730 1657 exorsus
1746 1586 1808 1674 ait,

214 1717 253 1773 ut
268 1728 377 1802 supra
393 1729 542 1804 quoque
555 1706 808 1779 meminimus:
832 1736 849 1775 a
874 1709 951 1781 Hoc
973 1706 1136 1781 animalis
1151 1706 1264 1781 bomo
1285 1731 1359 1781 nou
1376 1707 1538 1806 percipit.
1556 1734 1574 1774 n
1594 1704 1691 1793 Quid
1708 1729 1807 1802 ergo,

214 1820 357 1911 fiatres,
386 1822 569 1896 silebimus
591 1823 702 1899 binc?
731 1829 852 1913 Quare
875 1849 960 1923 ergo
985 1827 1126 1923 legitur,
1156 1828 1186 1898 si
1210 1826 1345 1919 siletur,
1373 1842 1435 1899 aut
1457 1851 1569 1925 quare
1590 1824 1754 1911 auditur,
1783 1827 1812 1896 si

215 1967 287 2014 non
301 1943 521 2042 exponitur?
534 1945 604 2018 Sed
615 1959 654 2017 ut
665 1944 752 2042 quid
770 1946 974 2044 exponitur,
991 1948 1109 2019 sinon
1125 1944 1354 2045 intelligitur?
1370 1952 1491 2044 ltaque
1504 1947 1678 2045 quonium
1691 1970 1813 2017 rursus

215 2087 289 2135 esee
305 2088 381 2135 uon
407 2063 538 2137 dubito
560 2066 598 2136 in
616 2086 772 2138 numero
788 2081 915 2139 nostro
933 2067 1124 2165 quosdam,
1154 2091 1176 2140 a
1199 2068 1331 2167 quibus
1349 2092 1422 2139 non
1440 2069 1558 2139 solum
1575 2067 1688 2166 possit
1701 2091 1812 2165 expo·

214 2184 323 2255 situm
338 2185 431 2284 oapi,
449 2183 564 2258 sedet
584 2201 780 2283 antequam
807 2201 1010 2287 exponatur
1029 2188 1189 2287 intelligi,
1213 2213 1288 2260 uon
1303 2187 1477 2260 fraudabo
1496 2187 1640 2285 eosqui
1661 2200 1812 2285 possunt

215 2325 359 2400 capere,
394 2303 480 2376 dum
500 2304 611 2377 timeo
638 2302 862 2406 superlluum
884 2331 960 2379 esse
989 2309 1137 2380 auribus
1155 2332 1283 2380 corum
1306 2309 1368 2403 qui
1395 2329 1469 2377 nou
1492 2319 1644 2403 possunt
1668 2327 1808 2402 capere.

215 2421 312 2509 Quid
328 2424 425 2495 enim
437 2423 506 2496 huc
519 2425 651 2498 mirum
663 2449 683 2497 a
697 2424 864 2499 fidelibus
878 2427 1099 2517 Christianis,
1113 2441 1195 2526 post
1211 2440 1264 2498 tot
1281 2426 1513 2513 documenta,
1532 2424 1678 2521 intelligi
1690 2446 1809 2522 posse,

215 2566 306 2639 quae,
328 2543 507 2616 revelante
528 2548 619 2636 Deo,
643 2543 868 2641 agentilibus
894 2571 1041 2644 quoque
1065 2545 1242 2645 reprobis,
1265 2560 1303 2616 ut
1326 2545 1433 2616 etiam
1456 2569 1565 2643 supra
1586 2544 1723 2616 dictum
1744 2558 1810 2633 est,

218 2662 343 2735 Paulus
355 2663 504 2763 intelligi
521 2679 556 2737 et
573 2667 744 2764 cognosci
757 2665 943 2740 manifeste
960 2679 1110 2739 testatur
1124 2667 1268 2739 dicens⁸
1279 2668 1364 2763 quia
1375 2697 1393 2732 ι(
1408 2664 1506 2763 quod
1519 2679 1647 2736 uotum
1665 2679 1717 2736 est
1732 2666 1811 2756 Dei,

216 2781 442 2855 manifestum
456 2785 557 2857 estin
575 2785 655 2858 illis.
673 2786 879 2859 Deusuuim
891 2785 958 2858 illis
970 2786 1152 2878 revelavit,
1164 2801 1233 2858 etc.
1250 2817 1266 2853 >2
1283 2791 1327 2857 Et
1339 2789 1500 2859 rursum*
1515 2786 1599 2883 quia
1617 2814 1636 2853 u
1648 2810 1731 2856 cum
1746 2808 1815 2855 co·

213 2903 415 2995 guorissent
426 2908 556 2996 Deum,
572 2927 646 2977 uon
659 2905 752 2978 sicut
763 2905 1188 3002 Deumglorificaveruut,
1204 2921 1273 2979 etc.
1286 2936 1304 2973 n
1314 2905 1384 2978 Sed
1392 2905 1549 2978 fortassis
1559 2905 1712 3002 inquies,
1726 2904 1815 3000 quid

212 3045 295 3118 ergo
311 3024 526 3122 prosuerunt
541 3039 596 3099 tot
610 3041 817 3101 sauctorum
838 3030 983 3100 Patrum
1000 3026 1046 3100 de
1071 3027 1145 3102 fide
1161 3040 1343 3119 tractatus,
1364 3026 1392 3099 si
1407 3025 1528 3099 adbuc
1548 3025 1674 3124 aliquae
1690 3047 1813 3122 super-

211 3142 280 3213 sint
292 3143 549 3235 dubitationes,
567 3145 700 3244 quibus
716 3145 882 3219 nondum
897 3147 1114 3224 satisfactum
1133 3146 1202 3221 sit?
1223 3147 1314 3220 Audi
1329 3145 1417 3218 illud
1435 3151 1551 3219 Poetae
1567 3146 1722 3217 dictum⁸
1742 3172 1750 3214 ε

564 3354 621 3419 Est
636 3352 802 3443 quoddam
817 3353 948 3443 prodire
963 3370 1055 3420 tenus
1070 3356 1097 3420 si
1113 3377 1180 3420 non
1197 3352 1288 3419 dater
1303 3352 1395 3418 ultra.

211 3550 416 3626 sufficiebat
437 3552 488 3626 cis
521 3555 735 3652 quaestiones
757 3581 846 3656 quas
868 3556 1075 3652 audiebant,
1103 3557 1311 3648 dissolvere,
1336 3572 1372 3629 et
1387 3559 1443 3630 sui
1468 3555 1641 3654 temporis
1666 3551 1813 3634 dubita·

211 3674 326 3745 tiones
349 3673 555 3766 terminare,
578 3678 802 3777 posterisque
823 3677 1029 3777 exemplum
1049 3677 1266 3774 relinquere,
1283 3675 1543 3767 consimilibus,
1562 3675 1591 3746 si
1608 3674 1700 3745 torte
1717 3674 1814 3744 acci-

208 3790 343 3884 derint,
363 3816 511 3892 operam
527 3792 629 3867 dare.
657 3800 765 3894 Bene,
785 3796 937 3896 inquies,
958 3797 988 3869 si
1005 3796 1217 3890 acciderint,
1237 3810 1272 3868 et
1299 3812 1384 3869 tuuc
1406 3819 1506 3869 arma
1522 3792 1711 3883 sumenda,
1729 3813 1812 3863 cum

204 3907 323 3982 hostis
339 3911 576 3986 imminuerit.
598 3917 728 3987 Auuuo
754 3931 843 3988 tunc
859 3914 1006 4013 quidem
1026 3940 1102 3988 csse
1127 3914 1321 4009 sumenda,
1341 3914 1406 3988 sed
1431 3929 1514 3988 ante
1536 3910 1745 3986 fabricanda
1771 3933 1813 3982 ac

199 4032 457 4130 pmparauda.
489 4031 587 4120 Quid
612 4034 642 4106 si
663 4034 777 4110 bostis
804 4050 897 4108 esset
918 4037 1080 4136 semper?
1100 4034 1283 4134 Numquid
1309 4036 1393 4107 setis
1414 4033 1589 4106 debemus
1605 4031 1713 4104 uobis
1736 4053 1813 4103 esse

196 4166 332 4222 nostra
349 4150 514 4226 obtinere
530 4153 663 4249 quiete,
680 4169 715 4226 et
725 4180 802 4228 non
822 4155 1003 4252 acquisitis
1016 4156 1092 4230 aliis
1109 4154 1349 4255 amplificare?
1368 4160 1480 4253 Atque
1492 4154 1629 4225 utinam
1647 4150 1735 4223 illud
1749 4148 1815 4230 sal·

196 4285 279 4344 tem
299 4296 502 4370 possemus,
521 4272 551 4344 si
569 4273 664 4346 istud
681 4275 878 4348 maximum
896 4276 1037 4373 assequi
1053 4301 1128 4380 nou
1151 4273 1364 4375 possumus!
1383 4273 1454 4354 Sed
1470 4272 1628 4361 attende,
1646 4270 1811 4356 obsecro,

194 4390 296 4462 illud
315 4415 464 4488 quoque
483 4393 707 4491 poeticum⁶z

869 4546 1025 4615 Nuudum
1039 4546 1100 4612 tibi
1116 4546 1219 4614 defluit
1233 4548 1343 4614 hostis.

184 4760 447 4831 t'raetermitto
467 4758 610 4834 tudaeos
634 4775 672 4834 et
692 4760 876 4835 Etbnicos.
898 4762 950 4835 td
966 4762 1152 4836 baereticos
1168 4763 1275 4836 venio
1291 4762 1354 4861 qui
1370 4776 1507 4859 quanto
1530 4759 1811 4848 domesticiores,

173 5041 216 5052 -
239 5019 250 5046 ¹
280 5010 381 5074 flattu,
396 5012 1193 5080 emus1.-¹toan.,up.1,v.t.—³ttom.,up.1,v.te.
1214 5041 1242 5053 -
1255 5014 1346 5073 utta,
1358 5028 1381 5066 r.
1394 5018 1432 5065 at.
1442 5016 1486 5051 -⁸
1499 5011 1592 5075 liunt..
1605 5010 1686 5076 Epist.
1698 5024 1716 5070 t,
1729 5010 1773 5061 tib.
1789 5008 1811 5071 l,

169 5113 203 5148 v.
221 5096 283 5147 ³2.
300 5094 351 5129 ..a
365 5092 500 5157 Pheraei,
513 5091 539 5154 l,
551 5106 574 5143 r.
587 5095 627 5145 21.
