4559 6100
487 485 560 555 ll2
1090 479 1224 559 Putat,
1242 482 1480 561 ABAELARDl

485 634 557 707 dici
575 647 706 734 potest.
725 661 743 701 u
764 631 861 721 Quid
882 634 1005 731 itaque
1026 632 1160 703 mirum
1176 656 1259 704 curn
1281 632 1426 706 dnobus
1447 633 1565 706 modis
1583 635 1755 734 Spiritum
1770 635 1968 735 procedere
1984 637 2079 712 dica·

484 779 583 844 mus,
610 755 639 825 si
666 751 867 823 secundum
892 751 1044 826 alterum
1070 752 1310 849 processionis
1333 752 1486 825 modum
1514 752 1653 827 dicatur
1677 755 1828 854 Spiritus
1857 754 2030 849 anobis,
2046 775 2079 831 et

349 954 364 977 l
484 871 685 947 secundum
704 871 857 943 alterum
874 885 1023 944 vocetur
1039 870 1161 942 anima
1177 894 1197 941 a
1213 868 1463 971 pbilosophis?
1480 870 1572 944 lllud
1588 896 1674 968 ergo
1687 873 1839 972 Spiritus
1854 875 2078 967 aeternaliter,

483 993 554 1064 hoc
572 988 816 1089 temporaliter
835 989 958 1082 habet,
979 989 1077 1062 unde
1095 1003 1130 1062 et
1146 989 1264 1062 statim
1282 989 1469 1069 incudem
1490 989 1588 1062 idem
1612 992 1769 1064 annectit
1791 992 1958 1069 dicens¹:
1981 1027 1999 1060 ι
2013 1000 2081 1068 Nee

484 1125 627 1183 moreat
647 1108 748 1208 quod
771 1110 923 1209 Spiritus
947 1123 1105 1202 sauctus,
1123 1132 1207 1181 cum
1227 1110 1272 1180 sit
1295 1122 1494 1182 coaeternus
1511 1111 1606 1182 Patri
1621 1125 1656 1183 et
1676 1110 1780 1205 Filio,
1798 1112 1941 1186 dicatur
1961 1128 2080 1188 tamen

483 1229 618 1328 aliquid
627 1253 678 1325 ,ex
694 1243 871 1329 tempore,
889 1229 1001 1302 veluti
1023 1227 1095 1301 hoc
1113 1229 1232 1327 ipsum
1251 1227 1351 1324 quod
1367 1227 1561 1321 donatum,
1585 1253 1670 1302 narn
1691 1231 1909 1329 sempiterne
1931 1234 2081 1331 Spiritu

483 1349 624 1422 donum
636 1404 645 1440 ,
670 1348 915 1449 temporaliter
939 1362 1059 1421 autem
1085 1347 1275 1421 donatum.
1303 1350 1394 1423 Nam
1418 1362 1454 1419 et
1478 1349 1508 1419 si
1532 1349 1710 1420 Dominus
1738 1374 1812 1422 non
1840 1350 1987 1438 dicitur,
2016 1357 2082 1425 nisi

483 1494 566 1541 cum
589 1467 724 1541 habere
741 1468 866 1567 incipit
886 1491 1043 1558 servum,
1063 1468 1172 1540 etiam
1192 1468 1258 1539 ista
1280 1466 1472 1566 appellatio
1489 1467 1635 1540 relativa
1661 1493 1705 1540 ex
1723 1483 1886 1567 tempore
1911 1486 1965 1543 est
1988 1476 2077 1544 Deo.

483 1589 563 1660 Non
581 1588 679 1661 enim
695 1588 912 1687 sempiterna
927 1600 1090 1661 creatura
1106 1600 1172 1679 est,
1191 1586 1249 1658 cui
1267 1599 1321 1657 est
1336 1584 1395 1658 ille
1411 1586 1603 1657 Dominus.
1622 1616 1639 1652 n
1665 1591 1768 1659 Item*
1784 1614 1792 1657 ε
1815 1618 1833 1654 α
1849 1591 1941 1661 Ecce
1958 1593 2080 1662 Dorm-

484 1732 572 1780 num
592 1733 667 1781 esse
685 1733 760 1781 non
779 1709 1039 1806 sempiternum
1059 1704 1192 1799 habet,
1218 1729 1265 1776 ne
1287 1728 1462 1800 cogamur
1486 1706 1596 1778 etiam
1623 1705 1742 1779 dicere
1766 1724 1970 1781 creaturam
1994 1735 2082 1785 seru·

482 1828 674 1925 pitemam,
688 1827 773 1925 quia
784 1825 843 1899 ille
853 1826 1069 1924 sempiterne
1079 1849 1154 1897 non
1167 1822 1434 1912 dominaretur,
1449 1824 1517 1896 uisi
1532 1825 1639 1897 etiam
1652 1825 1720 1897 ista
1731 1827 1950 1926 sempiterne
1967 1828 2081 1902 famo·

481 1946 627 2020 laretur.
644 1978 661 2013 u
673 1948 746 2035 Qui
755 1948 864 2049 etiam
877 1946 915 2017 in
930 1943 1059 2019 eodem
1070 1944 1180 2037 libro,
1193 1945 1232 2017 in
1245 1943 1422 2042 superiori
1436 1941 1606 2042 capitulo,
1617 1944 1789 2042 Spiritum
1800 1946 1909 2018 etiam
1919 1965 2081 2023 sanctum

486 2066 654 2140 effectum
670 2067 857 2140 manifeste
875 2079 999 2156 vocat,
1019 2089 1103 2137 cum
1119 2064 1153 2136 ei
1169 2062 1387 2162 principium
1404 2062 1572 2160 assignat.
1595 2063 1647 2134 dit
1663 2077 1785 2135 autem
1810 2065 1886 2136 sic⁸
1906 2094 1915 2136 ε
1944 2096 1962 2133 ι
1975 2069 2082 2156 Quod

482 2185 609 2260 datum
635 2200 707 2277 est,
727 2201 764 2260 et
784 2185 933 2259 adeum
955 2169 1017 2283 qui
1035 2182 1136 2256 dedit
1153 2182 1317 2275 refertur,
1341 2180 1450 2253 et'ad
1474 2206 1538 2253 eos
1563 2180 1695 2279 quibus
1712 2181 1825 2256 dedit
1856 2188 1908 2257 lta
1933 2188 2082 2284 Spiritus

481 2325 627 2382 sanctus
649 2309 781 2382 dicitur
803 2323 839 2382 et
857 2309 922 2381 Dei
946 2308 1009 2406 qui
1029 2306 1151 2396 dedit,
1174 2318 1211 2377 et
1228 2306 1340 2377 nostri
1365 2304 1429 2402 qui
1446 2305 1655 2404 accipimus.
1674 2335 1692 2371 ι)
1716 2305 1819 2378 Unde
1837 2310 2012 2407 scriptum
2031 2327 2083 2383 est

481 2427 529 2500 de
553 2433 713 2525 Joanne,
750 2427 871 2528 quod*
894 2427 931 2500 in
955 2426 1081 2525 spiritu
1104 2423 1213 2496 Heliae
1235 2424 1383 2537 veniret.
1418 2427 1497 2496 Hoc
1524 2437 1560 2496 et
1590 2423 1637 2496 de
1663 2427 1788 2522 Moyse
1811 2426 2082 2526 intelligendum

482 2561 547 2640 est,
574 2573 658 2621 cum
681 2549 730 2621 ait
753 2549 787 2620 ei
810 2546 1028 2619 Dominus⁸t
1048 2574 1066 2610 α
1081 2544 1220 2616 ‘tollam
1240 2541 1431 2641 dessspiritu
1451 2557 1529 2630 tuo,
1559 2558 1595 2615 et
1622 2542 1719 2617 dabo
1741 2546 1806 2638 eis,
1826 2574 1843 2613 u
1866 2547 1936 2620 hoc
1962 2564 2016 2621 est
2038 2550 2082 2623 de

482 2666 616 2763 Spiritu
636 2681 762 2738 sancto
780 2690 889 2764 quem
913 2663 979 2737 tibi
996 2660 1093 2734 dedi.
1113 2663 1151 2732 Si
1172 2686 1258 2759 ergo
1277 2676 1314 2735 et
1329 2660 1428 2758 quod
1452 2661 1560 2734 datur
1580 2664 1801 2763 principium
1826 2665 1934 2738 habet
1956 2693 2083 2743 cuma
2213 2676 2217 2683 '

482 2807 556 2881 quo
574 2783 693 2875 datur,
712 2785 797 2883 quia
817 2806 892 2854 nun
914 2779 1059 2853 aliunde
1075 2781 1214 2879 accepit
1230 2779 1318 2852 illud
1334 2779 1436 2877 quod
1452 2779 1499 2852 ab
1515 2781 1595 2879 ipso
1621 2782 1804 2878 procedit,
1824 2784 2011 2859 fatendum
2029 2806 2083 2861 est

484 2906 624 2976 Patrem
639 2919 676 2977 et
688 2904 817 2976 Filium
833 2901 1050 3002 principium
1068 2922 1145 2973 esse
1159 2900 1311 2999 Spiritus
1326 2902 1454 2993 sancti,
1473 2915 1593 2973 tamen
1618 2926 1693 2974 uon
1712 2902 1788 2977 duo
1805 2906 2000 3005 principia,
2019 2910 2082 2981 sed

482 3047 597 3116 unum
610 3024 841 3124 principium.
855 3023 981 3120 Liquet
997 3022 1119 3119 itaque
1138 3020 1373 3118 augustinum
1390 3018 1461 3093 hoc
1475 3017 1559 3093 loco
1571 3021 1744 3121 Spiritum
1760 3027 1941 3123 accepisse
1959 3053 2084 3101 secun-

480 3141 569 3213 dum
577 3142 715 3235 ellectu,
729 3167 814 3215 curu
823 3142 909 3215 dicit
920 3138 1060 3233 datum,
1071 3142 1184 3238 magis
1193 3163 1304 3238 quam
1313 3138 1514 3212 secundum
1523 3139 1724 3214 naturalem
1733 3167 1805 3215 suae
1814 3143 1985 3220 bonitatis
1992 3147 2082 3220 affe·

479 3276 578 3335 ctum
594 3263 651 3337 vel
666 3262 908 3360 benignitatis.
923 3259 1025 3333 Unde
1040 3258 1135 3332 bene
1151 3259 1352 3333 secundum
1367 3258 1495 3332 effecta
1507 3263 1610 3332 Pater
1625 3274 1661 3333 et
1674 3261 1782 3335 Filius
1799 3265 1937 3364 priores
1946 3267 2079 3366 Spiritu

480 3381 662 3479 dicuntum,
697 3397 735 3456 et
760 3383 863 3480 quasi
886 3378 1105 3481 principium
1133 3380 1230 3477 ejus,
1261 3380 1346 3477 quia
1372 3402 1416 3450 ex
1438 3381 1612 3477 potentia,
1645 3381 1859 3457 moderante
1892 3387 2079 3485 sapientia,

479 3502 625 3575 effectus
648 3505 766 3601 gratiae
791 3500 997 3592 descendit,
1015 3525 1058 3572 ex
1082 3523 1158 3596 quo
1183 3501 1293 3572 etiam
1312 3499 1465 3597 Spiritus
1490 3499 1663 3573 hocloco
1685 3502 1899 3602 appellatur,
1923 3519 1959 3577 et
1979 3508 2081 3605 prius

478 3623 678 3717 potentiam
690 3636 727 3692 et
739 3620 953 3717 sapientiam
964 3642 1041 3690 esse
1053 3634 1210 3715 oportet,
1221 3631 1263 3690 ut
1276 3631 1403 3716 postea
1414 3617 1550 3716 aliquid
1570 3619 1608 3690 in
1625 3620 1795 3695 ellectum
1811 3622 1975 3696 ducatur.
1994 3626 2080 3697 Tale

478 3755 531 3810 est
547 3764 633 3835 ergo
649 3741 790 3811 Patrem
806 3751 842 3808 et
858 3734 988 3807 Filium
1003 3759 1079 3807 esse
1094 3735 1314 3834 principium
1323 3734 1477 3833 Spiritus
1487 3738 1614 3827 sancti,
1629 3762 1671 3811 ac
1685 3740 1715 3810 si
1730 3739 1890 3813 dicamus
1905 3741 2084 3839 Spiritum

476 3883 519 3931 ex
546 3856 725 3931 ambobus
751 3880 817 3956 per
840 3853 1006 3928 effectum
1031 3854 1252 3953 procedere,
1272 3854 1345 3926 hoc
1372 3870 1444 3948 est,
1466 3858 1628 3954 potentia
1655 3860 1720 3931 Dei
1746 3859 1975 3953 moderante,
2005 3862 2085 3959 ejus

477 3979 616 4052 ratione
638 3977 685 4051 ad
700 3990 823 4050 actum
844 3974 995 4075 perduci
1006 3976 1028 4045 ⁸.
1057 3977 1100 4044 Et
1118 3973 1191 4046 hoc
1209 3973 1356 4072 quidem
1372 3973 1485 4047 modo
1506 3976 1536 4046 si
1558 3977 1641 4074 quis
1657 4000 1792 4051 nomeu
1810 3979 1963 4077 Spiritus
1986 3983 2084 4053 acci·

476 4099 565 4196 piat,
590 4097 791 4171 secundum
807 4095 941 4168 scilicet
958 4118 1029 4166 suae
1051 4094 1171 4191 gratiae
1197 4093 1336 4184 effecta,
1361 4118 1436 4165 non
1459 4108 1556 4167 reete
1585 4095 1717 4168 dicitur
1732 4098 1885 4196 Spiritus
1908 4114 2081 4194 aeternus,

477 4219 569 4290 sicut
588 4242 656 4290 nec
666 4218 844 4317 Dominus
862 4229 923 4288 aut
936 4228 1089 4307 creator,
1111 4214 1197 4311 quia
1214 4228 1253 4286 ut
1271 4212 1438 4306 diximm,
1458 4238 1533 4287 non
1551 4238 1693 4314 semper
1708 4217 1860 4314 Spiritus
1873 4218 2083 4292 secundum

476 4337 603 4409 edecta
617 4338 760 4427 exstitit,
789 4334 944 4408 undeet
969 4333 1063 4405 bene
1083 4332 1306 4429 Evangelista
1327 4335 1483 4405 Joannes
1506 4331 1553 4405 ab
1571 4335 1767 4418 eternitate
1792 4336 1858 4408 Dei
1882 4336 2082 4430 inchoans,

477 4481 561 4528 cum
581 4456 738 4528 Verbum
768 4453 866 4552 apud
893 4457 1013 4540 Deum
1036 4450 1250 4526 eternaliter
1277 4450 1482 4524 ostenderet
1506 4451 1670 4526 dicens':
1694 4485 1712 4521 α
1727 4459 1766 4526 ln
1794 4454 1972 4554 principio
1998 4475 2087 4531 erat

476 4575 649 4664 Verbum,
662 4589 697 4648 et
707 4572 867 4646 Verbum
881 4587 957 4645 erat
971 4572 1070 4671 apud
1085 4575 1217 4663 Deum,
1232 4584 1268 4643 et
1282 4572 1380 4642 Deus
1401 4583 1478 4643 erat
1498 4570 1670 4644 Verbum.
1687 4603 1706 4640 »
1725 4576 1804 4646 Et⁸z
1827 4576 1992 4648 «Omnia
2012 4600 2089 4676 per

475 4699 594 4796 ipsum
615 4696 705 4768 facta
727 4708 833 4784 sunt,
850 4721 868 4760 a
889 4691 1025 4765 unllam
1045 4692 1199 4790 Spiritus
1216 4690 1437 4763 mentionem
1452 4691 1618 4766 habuisse
1634 4693 1789 4787 ridetur,
1807 4718 1880 4794 qua
1897 4718 1983 4768 eum
1999 4720 2091 4771 esse

507 4925 560 4977 ¹170
574 4924 708 4987 musaeu,
725 4924 769 4974 un.
787 4921 817 4971 V.
829 4948 861 4960 -
875 4920 967 4981 ΠΜ,
983 4934 1040 4984 cap.
1056 4935 1109 4982 xrr,
1124 4923 1171 4973 ml
1190 4925 1246 4973 stt.
1300 4922 1462 4974 Vtetetedtt.
1473 4923 2099 4993 Amb.Peresettpropereuet,amu.-ttmn.,

376 5013 384 5018 ·
474 5003 687 5068 artemi).
707 5003 963 5065 m-‘tucnu
983 5015 1001 5063 r,
1018 5016 1042 5053 r.
1061 5002 1244 5053 t't.-⁸Nuru.
1299 5014 1380 5064 capt,
1393 5015 1415 5050 r.
1432 5002 1670 5067 t.-¹!bid.‚r.a.

473 5096 530 5146 eeu.
544 5098 580 5146 ιι,
594 5100 617 5135 r.
639 5087 859 5138 tr.-·Aeetum
873 5095 919 5145 pru
932 5088 1019 5133 coum
1034 5080 1125 5142 teritur
1142 5081 1168 5130 tn
1184 5080 1244 5131 Coo.
