4559 6100
921 487 1153 563 ammons.
1230 453 1236 465 ’
1758 489 1833 569 aaa

247 635 384 725 transit,
404 649 621 733 praeoeptum
637 635 759 732 utique
771 636 807 707 iu
826 658 870 708 ea
885 636 1121 728 transcendit,
1140 636 1188 710 ad
1204 661 1314 736 quam
1330 663 1375 712 ex
1392 654 1570 737 praesepto
1586 663 1660 711 non
1679 640 1830 736 cogitur.

248 751 351 824 Unde
372 754 467 825 idem
491 754 654 826 meminit
666 754 890 851 Apostolus:
905 784 923 823 a
932 759 985 826 De
1001 755 1197 852 virginibus
1213 771 1333 829 autem
1349 774 1565 856 praeceptum
1586 759 1734 831 Domini
1756 785 1832 833 non

246 869 376 962 habeo,
388 873 578 944 consilinm
594 887 715 945 autem
724 872 811 945 do.»
829 872 898 946 Sed
909 874 945 945 in
955 872 1140 966 bisetium,
1160 876 1222 971 qui
1231 876 1345 972 legem
1353 876 1629 976 adimpleverint
1638 901 1705 948 nec
1720 892 1832 950 traus-

245 990 444 1082 cenderint,
471 972 587 1090 impar
619 1016 696 1065 ease
725 994 852 1067 caritas
879 1007 1014 1089 potest,
1048 1018 1131 1066 curn
1164 996 1201 1066 iu
1234 995 1363 1067 eodem
1389 995 1555 1071 videlicet
1587 1020 1697 1093 opere
1720 999 1833 1093 major

245 1108 365 1206 hujus,
379 1136 488 1207 quam
498 1112 591 1184 illius
600 1113 647 1184 sit<
654 1114 815 1185 caritatis
830 1112 990 1215 effeetus.
1004 1114 1110 1202 Quod
1122 1116 1230 1187 etiam
1248 1115 1432 1209 objectum
1443 1130 1496 1189 est
1511 1140 1556 1189 err
1572 1115 1635 1191 illo
1647 1117 1830 1211 Augustini

246 1226 342 1300 dioto
372 1257 380 1300 r
411 1231 524 1302 etthi
547 1233 747 1305 estcaritas
770 1232 937 1329 quidem,
969 1231 1069 1329 quod
1090 1235 1202 1330 possit
1222 1232 1345 1309 deesse
1367 1248 1453 1326 etc,
1480 1265 1499 1300 rr
1532 1259 1640 1309 nemo
1663 1249 1737 1319 est,
1771 1238 1833 1332 qui
1912 1235 1917 1245 “

246 1346 297 1417 sic
313 1370 397 1419 eum
414 1350 591 1449 accepisse
605 1351 679 1423 boc
695 1352 859 1443 aestimet,
880 1366 920 1423 ut
937 1350 1106 1423 omnibus
1122 1376 1248 1424 omnes
1265 1352 1304 1425 in
1322 1352 1512 1425 virtutibus
1529 1366 1565 1425 et
1580 1354 1716 1437 meritis
1731 1355 1834 1429 unire

245 1465 341 1559 velit,
365 1469 465 1563 quod
489 1478 562 1541 tam
588 1471 786 1542 Dominum
805 1496 914 1568 quarn
933 1472 1141 1569 Apostolum
1159 1486 1319 1560 secutus,
1346 1471 1419 1545 lere
1445 1471 1580 1569 ubique
1604 1472 1830 1545 contradicit

246 1583 327 1655 Tale
349 1600 403 1656 est
425 1588 549 1684 utique
568 1588 667 1683 quod
690 1591 757 1677 ait,
778 1588 879 1687 quod
903 1589 1051 1685 quidem
1069 1590 1182 1688 possit
1202 1589 1325 1665 deesse
1339 1589 1386 1663 ad
1408 1588 1578 1680 salutem,
1605 1590 1668 1663 sed
1692 1614 1767 1663 non
1786 1592 1831 1664 ad

246 1703 418 1776 virtutum
445 1705 714 1803 perlectionem.
737 1712 852 1781 Nemo
876 1709 1012 1807 quippe
1037 1733 1121 1780 cum
1147 1707 1205 1781 illa
1231 1710 1342 1807 perit,
1372 1708 1436 1782 sed
1460 1733 1536 1781 nou
1560 1733 1688 1782 omnes
1713 1710 1751 1782 in
1776 1710 1834 1783 illa

243 1839 442 1918 aquantur.

293 1946 434 2015 Pmos.
450 1948 512 2015 'Ne
532 1960 654 2040 gravet
679 1961 713 2019 te
742 1947 870 2019 multas
898 1969 967 2017 uos
991 1946 1184 2017 sententias
1210 1971 1273 2018 seu
1298 1948 1488 2045 opiniones
1513 1948 1697 2039 inducere,
1727 1964 1766 2022 ut
1790 1975 1834 2024 ex

245 2060 414 2133 omuibus
435 2063 619 2136 veritatem
646 2065 784 2137 ratione
805 2064 983 2162 possimus
1012 2063 1153 2135 elicere.
1176 2065 1247 2151 Qui
1279 2067 1375 2138 enim
1396 2091 1503 2163 quem
1525 2065 1645 2145 adhuc
1667 2067 1835 2164 ignorant

243 2177 366 2249 locum
391 2180 581 2274 vestigant,
601 2182 730 2253 multas
753 2182 938 2279 explorare
957 2196 1135 2277 coguntur
1153 2183 1244 2274 vias,
1264 2199 1304 2256 ut
1319 2187 1508 2258 rectiorem
1527 2186 1665 2257 valeant
1680 2186 1830 2282 eligere,

244 2297 335 2367 sicut
350 2321 448 2367 nunc
471 2322 652 2370 summum
675 2298 890 2395 inquirendo
910 2298 1049 2371 bonum
1067 2299 1182 2371 lacere
1199 2302 1408 2398 compellor,
1433 2302 1521 2374 dum
1539 2302 1702 2375 videlicet
1717 2305 1831 2401 majo·

245 2438 325 2485 rum
343 2426 551 2489 nostrorum
568 2419 762 2491 sententias
776 2418 833 2490 vel
850 2419 1046 2517 propriam,
1066 2442 1087 2490 a
1105 2431 1139 2490 te
1156 2419 1338 2509 invitatus,
1356 2445 1538 2519 propono.

292 2539 494 2608 Crrursrmn.
527 2540 606 2609 Nou
632 2552 813 2633 gravaret,
842 2539 870 2608 si
899 2536 968 2609 tale
994 2536 1082 2634 quid
1108 2562 1175 2633 pro
1202 2542 1376 2613 sententia
1404 2540 1648 2632 induceretur,
1677 2541 1834 2638 quodsi

242 2677 368 2725 verum
393 2678 468 2725 non
493 2669 598 2746 esset,
619 2655 755 2753 aliquid
776 2656 901 2729 saltem
923 2654 1110 2754 probitatis
1135 2654 1295 2728 baberet.
1326 2662 1405 2731 Non
1428 2658 1524 2729 enim
1547 2657 1647 2754 quod
1670 2673 1832 2757 patenter

245 2770 371 2844 falsum
389 2788 455 2861 est,
473 2774 592 2869 aliqua
610 2773 721 2847 refelli
738 2775 876 2847 ratione
893 2799 985 2871 opus
1000 2787 1066 2849 est.

291 2894 432 2964 Furnos.
451 2891 549 2980 Quid
565 2893 596 2964 si
620 2916 802 2965 summum
821 2892 981 2965 bominis
999 2890 1139 2963 bonum
1155 2891 1316 2965 dieamus
1339 2906 1470 2965 statum
1494 2892 1595 2968 illum
1612 2893 1737 2966 futurae
1752 2897 1832 2968 vitae

242 3011 511 3107 comparatione
534 3025 674 3084 tantum
700 3011 881 3085 bonorum
907 3011 1088 3110 praesentis
1111 3009 1217 3082 vitaei
1242 3014 1331 3083 Nam
1354 3026 1389 3085 et
1414 3035 1498 3084 eum
1520 3032 1586 3085 ros
1611 3011 1717 3086 nobis
1740 3012 1832 3088 duos

242 3127 331 3200 lines
352 3151 374 3200 a
394 3133 471 3200 Deo
488 3131 692 3227 propositos
710 3130 847 3216 dicatis,
871 3154 1054 3202 summum
1068 3128 1232 3201 videlicet
1248 3129 1388 3200 bonum
1402 3130 1438 3200 in
1455 3128 1559 3213 caelo,
1578 3131 1634 3202 vel
1648 3155 1829 3204 summum

242 3244 376 3318 malurn
399 3248 436 3317 in
462 3248 621 3334 inl'erno‚
650 3272 724 3320 non
751 3250 853 3321 aliter
873 3248 946 3321 boc
971 3248 1146 3345 accipitis,
1178 3248 1246 3318 nisi
1271 3261 1446 3343 quantum
1473 3246 1519 3319 ad
1547 3248 1627 3320 vitoe
1652 3252 1832 3346 prmsentis

240 3379 371 3442 statum
394 3364 534 3437 bonurn
551 3365 608 3438 vel
630 3365 777 3439 malum.
803 3367 872 3439 Sex
897 3367 1031 3466 quippe
1054 3365 1246 3440 bominum
1271 3378 1381 3440 status
1403 3364 1511 3437 nobis
1535 3367 1626 3442 ratio
1649 3370 1824 3462 suggerit,

240 3502 312 3559 tres
327 3488 492 3560 videlicet
503 3489 541 3560 in
560 3488 629 3561 hac
645 3489 730 3578 vita,
750 3503 786 3561 et
802 3488 1002 3562 seeundum
1017 3488 1102 3576 boc,
1123 3503 1194 3560 tres
1212 3487 1373 3559 similiter
1387 3486 1475 3559 alios
1488 3488 1524 3560 in
1542 3487 1670 3560 fumra.
1691 3490 1830 3564 Primus

239 3606 375 3704 quippe
394 3605 552 3679 hominis
576 3621 688 3679 status
708 3607 812 3679 estin
830 3631 906 3705 quo
926 3608 1097 3700 nascitur,
1117 3607 1204 3680 dum
1222 3606 1390 3678 nondum
1405 3607 1441 3677 in
1461 3629 1507 3678 eo
1523 3606 1674 3680 excitata
1689 3609 1829 3682 radone

240 3723 392 3796 liberum
418 3740 471 3796 est
490 3724 641 3823 adeptus
660 3723 864 3813 arbitrium,
888 3740 948 3817 ut,
966 3725 1167 3799 secundum
1190 3723 1290 3822 quod
1312 3724 1471 3819 elegerit,
1493 3723 1754 3814 bonushomo,
1773 3728 1829 3800 vel

241 3843 355 3915 malus
367 3845 542 3917 dicendus
556 3846 613 3935 sit,
632 3847 796 3943 quamvis
816 3847 892 3944 ipse
907 3846 1007 3919 bona
1021 3869 1078 3917 res
1092 3844 1149 3916 vel
1168 3844 1265 3916 bona
1283 3844 1328 3916 sit
1348 3841 1545 3918 substantia
1557 3843 1632 3916 sive
1648 3858 1825 3919 creatura.

239 3967 293 4034 De
309 3963 380 4035 boe
397 3963 543 4061 quidem
560 3968 680 4063 priore
698 3980 789 4038 statu
805 3965 977 4055 bominis,
996 3987 1079 4037 eum
1092 3964 1138 4036 ad
1155 3964 1377 4037 discretionis
1390 3971 1529 4036 aetat'em
1544 3964 1620 4061 ipse
1635 3965 1829 4061 perductus

239 4084 391 4156 scienter
413 4107 451 4155 se
473 4082 521 4155 ad
545 4082 683 4156 bonum
706 4085 780 4156 sive
801 4081 849 4156 ad
871 4084 1008 4155 malum
1030 4082 1272 4173 inclinaverit,
1293 4082 1368 4182 jam
1392 4080 1513 4153 bonus
1536 4081 1613 4179 ipse
1632 4080 1747 4155 bomo
1770 4086 1827 4158 vel

239 4202 354 4273 malus
370 4201 531 4291 effectus,
551 4201 691 4275 bonum
705 4202 862 4274 bominis
878 4217 1007 4275 statum
1022 4201 1231 4273 vel‘malum
1247 4202 1425 4297 ingressus
1441 4213 1506 4272 est.
1524 4202 1664 4273 Primus
1679 4202 1827 4297 quidem

236 4317 394 4390 bominis
419 4335 531 4393 status
550 4323 652 4418 quasi
670 4321 895 4414 indifferens,
915 4346 984 4394 nec
1000 4321 1120 4393 bonus
1140 4319 1327 4407 videlicet,
1348 4342 1414 4391 nec
1437 4319 1552 4390 malus
1566 4318 1742 4392 &dendus
1758 4337 1821 4394 est.

238 4436 441 4525 Secundus,
469 4438 499 4509 si
515 4438 562 4510 ad
577 4442 723 4512 virtutes
743 4439 989 4512 conscenderit
1006 4439 1146 4526 bonus,
1170 4439 1200 4509 si
1216 4436 1264 4509 ad
1280 4436 1365 4508 vitia
1381 4434 1604 4508 descenderit
1620 4436 1749 4511 mabrs.
1768 4441 1825 4513 Sic

236 4553 345 4640 etiam
370 4554 487 4626 futura
511 4557 581 4629 vita
612 4572 682 4629 tres
707 4557 814 4629 babet
834 4571 947 4630 status
973 4583 981 4627 :
1017 4581 1131 4627 unum
1157 4553 1304 4652 quidem
1330 4552 1431 4649 quasi
1458 4551 1734 4648 indifferentem,
1761 4583 1827 4664 nec

129 4681 133 4690 ’
238 4669 384 4760 beatum
406 4675 551 4770 proprie
576 4674 639 4745 sed
659 4700 726 4747 nec
746 4676 930 4767 miserum,
957 4675 1020 4771 qui
1046 4673 1210 4748 videlicet
1233 4694 1361 4744 eorum
1382 4683 1449 4759 est,
1475 4694 1631 4768 quorum
1654 4674 1761 4746 edam
1788 4678 1825 4750 iri

240 4789 309 4863 bac
332 4791 404 4865 vita
430 4791 649 4881 indifferens,
676 4808 717 4865 ut
741 4791 908 4886 diximus,
938 4807 1049 4865 status
1079 4792 1212 4866 exstitit
1235 4788 1422 4881 omnibus,
1452 4789 1616 4863 videlicet
1639 4790 1827 4870 destitutus

287 5063 416 5129 corinth„
432 5065 626 5128 nannum
655 5070 678 5118 s
