<?xml version="1.0" encoding="UTF-8"?>
<!DOCTYPE html PUBLIC "-//W3C//DTD XHTML 1.0 Transitional//EN"
    "http://www.w3.org/TR/xhtml1/DTD/xhtml1-transitional.dtd">
<html xmlns="http://www.w3.org/1999/xhtml" xml:lang="en" lang="en">
 <head>
  <title>
</title>
<meta http-equiv="Content-Type" content="text/html;charset=utf-8" />
  <meta name='ocr-system' content='tesseract 3.04.00' />
  <meta name='ocr-capabilities' content='ocr_page ocr_carea ocr_par ocr_line ocrx_word'/>
</head>
<body>
  <div class='ocr_page' id='page_1' title='image "./petriablardiope00despgoog_0678.png"; bbox 0 0 4559 6100; ppageno 0'>
   <div class='ocr_carea' id='block_1_1' title="bbox 435 438 1426 515">
    <p class='ocr_par' dir='ltr' id='par_1_1' title="bbox 435 438 1426 515">
     <span class='ocr_line' id='line_1_1' title="bbox 435 438 1426 515; baseline 0.003 -7"><span class='ocrx_word' id='word_1_1' title='bbox 435 440 506 513; x_wconf 78' lang='lat'>620</span> <span class='ocrx_word' id='word_1_2' title='bbox 1035 438 1164 509; x_wconf 74' lang='lat' dir='ltr'>Putat</span> <span class='ocrx_word' id='word_1_3' title='bbox 1191 439 1426 515; x_wconf 79' lang='lat' dir='ltr'>ABAELAlllll</span> 
     </span>
    </p>
   </div>
   <div class='ocr_carea' id='block_1_2' title="bbox 434 587 2035 1774">
    <p class='ocr_par' dir='ltr' id='par_1_2' title="bbox 434 587 2035 1774">
     <span class='ocr_line' id='line_1_2' title="bbox 437 587 2035 689; baseline 0.004 -32"><span class='ocrx_word' id='word_1_4' title='bbox 437 611 509 682; x_wconf 89' lang='lat' dir='ltr'>que</span> <span class='ocrx_word' id='word_1_5' title='bbox 533 587 684 660; x_wconf 84' lang='lat' dir='ltr'>latemur</span> <span class='ocrx_word' id='word_1_6' title='bbox 701 611 778 659; x_wconf 89' lang='lat' dir='ltr'>non</span> <span class='ocrx_word' id='word_1_7' title='bbox 795 587 912 659; x_wconf 90' lang='lat' dir='ltr'>solum</span> <span class='ocrx_word' id='word_1_8' title='bbox 934 588 971 661; x_wconf 89' lang='lat' dir='ltr'>in</span> <span class='ocrx_word' id='word_1_9' title='bbox 996 611 1190 679; x_wconf 88' lang='lat' dir='ltr'>consensu,</span> <span class='ocrx_word' id='word_1_10' title='bbox 1209 591 1460 662; x_wconf 82' lang='lat' dir='ltr'>verumetiam</span> <span class='ocrx_word' id='word_1_11' title='bbox 1485 590 1523 662; x_wconf 91' lang='lat' dir='ltr'>in</span> <span class='ocrx_word' id='word_1_12' title='bbox 1546 590 1763 687; x_wconf 73' lang='lat' dir='ltr'>cogitatione</span> <span class='ocrx_word' id='word_1_13' title='bbox 1780 614 1945 689; x_wconf 86' lang='lat' dir='ltr'>peccare,</span> <span class='ocrx_word' id='word_1_14' title='bbox 1962 590 2035 665; x_wconf 90' lang='lat' dir='ltr'>hoc</span> 
     </span>
     <span class='ocr_line' id='line_1_3' title="bbox 434 708 2030 810; baseline 0.003 -30"><span class='ocrx_word' id='word_1_15' title='bbox 434 709 517 780; x_wconf 91' lang='lat' dir='ltr'>loco</span> <span class='ocrx_word' id='word_1_16' title='bbox 544 734 619 781; x_wconf 93' lang='lat' dir='ltr'>non</span> <span class='ocrx_word' id='word_1_17' title='bbox 644 710 790 807; x_wconf 82' lang='lat' dir='ltr'>proprie</span> <span class='ocrx_word' id='word_1_18' title='bbox 814 734 880 807; x_wconf 90' lang='lat' dir='ltr'>pro</span> <span class='ocrx_word' id='word_1_19' title='bbox 908 708 1014 807; x_wconf 87' lang='lat' dir='ltr'>culpa</span> <span class='ocrx_word' id='word_1_20' title='bbox 1037 709 1228 807; x_wconf 88' lang='lat' dir='ltr'>ponimus,</span> <span class='ocrx_word' id='word_1_21' title='bbox 1255 709 1319 783; x_wconf 89' lang='lat' dir='ltr'>sed</span> <span class='ocrx_word' id='word_1_22' title='bbox 1343 710 1439 808; x_wconf 88' lang='lat' dir='ltr'>large</span> <span class='ocrx_word' id='word_1_23' title='bbox 1463 711 1683 810; x_wconf 84' lang='lat' dir='ltr'>accipimus,</span> <span class='ocrx_word' id='word_1_24' title='bbox 1714 735 1781 810; x_wconf 89' lang='lat' dir='ltr'>pro</span> <span class='ocrx_word' id='word_1_25' title='bbox 1807 735 1852 785; x_wconf 92' lang='lat' dir='ltr'>eo</span> <span class='ocrx_word' id='word_1_26' title='bbox 1877 710 2030 803; x_wconf 85' lang='lat' dir='ltr'>scilicet,</span> 
     </span>
     <span class='ocr_line' id='line_1_4' title="bbox 435 828 2031 930; baseline 0.003 -30"><span class='ocrx_word' id='word_1_27' title='bbox 435 828 533 928; x_wconf 92' lang='lat' dir='ltr'>quod</span> <span class='ocrx_word' id='word_1_28' title='bbox 557 854 625 902; x_wconf 90' lang='lat' dir='ltr'>nos</span> <span class='ocrx_word' id='word_1_29' title='bbox 643 830 758 901; x_wconf 85' lang='lat' dir='ltr'>facere</span> <span class='ocrx_word' id='word_1_30' title='bbox 772 829 920 914; x_wconf 83' lang='lat' dir='ltr'>minime</span> <span class='ocrx_word' id='word_1_31' title='bbox 942 830 1126 921; x_wconf 82' lang='lat' dir='ltr'>convenit,</span> <span class='ocrx_word' id='word_1_32' title='bbox 1146 829 1219 902; x_wconf 86' lang='lat' dir='ltr'>sive</span> <span class='ocrx_word' id='word_1_33' title='bbox 1240 828 1278 900; x_wconf 93' lang='lat' dir='ltr'>id</span> <span class='ocrx_word' id='word_1_34' title='bbox 1298 854 1363 927; x_wconf 90' lang='lat' dir='ltr'>per</span> <span class='ocrx_word' id='word_1_35' title='bbox 1386 854 1559 924; x_wconf 87' lang='lat' dir='ltr'>errorem,</span> <span class='ocrx_word' id='word_1_36' title='bbox 1584 831 1744 930; x_wconf 76' lang='lat' dir='ltr'>siveper</span> <span class='ocrx_word' id='word_1_37' title='bbox 1759 831 2031 927; x_wconf 76' lang='lat' dir='ltr'>negligentiam,</span> 
     </span>
     <span class='ocr_line' id='line_1_5' title="bbox 434 947 2028 1049; baseline 0.001 -29"><span class='ocrx_word' id='word_1_38' title='bbox 434 948 491 1021; x_wconf 91' lang='lat' dir='ltr'>vel</span> <span class='ocrx_word' id='word_1_39' title='bbox 506 974 736 1047; x_wconf 88' lang='lat' dir='ltr'>quocumque</span> <span class='ocrx_word' id='word_1_40' title='bbox 752 948 864 1021; x_wconf 91' lang='lat' dir='ltr'>modo</span> <span class='ocrx_word' id='word_1_41' title='bbox 880 949 1151 1021; x_wconf 82' lang='lat' dir='ltr'>inconvenienti</span> <span class='ocrx_word' id='word_1_42' title='bbox 1165 947 1242 1021; x_wconf 89' lang='lat' dir='ltr'>fiat.</span> <span class='ocrx_word' id='word_1_43' title='bbox 1257 948 1340 1021; x_wconf 83' lang='lat' dir='ltr'><strong>Tale</strong></span> <span class='ocrx_word' id='word_1_44' title='bbox 1356 964 1409 1022; x_wconf 88' lang='lat' dir='ltr'>est</span> <span class='ocrx_word' id='word_1_45' title='bbox 1424 973 1509 1046; x_wconf 90' lang='lat' dir='ltr'>ergo</span> <span class='ocrx_word' id='word_1_46' title='bbox 1528 975 1594 1048; x_wconf 90' lang='lat' dir='ltr'>per</span> <span class='ocrx_word' id='word_1_47' title='bbox 1610 951 1848 1047; x_wconf 85' lang='lat' dir='ltr'>ignorantiam</span> <span class='ocrx_word' id='word_1_48' title='bbox 1865 974 2028 1049; x_wconf 90' lang='lat' dir='ltr'>peccare,</span> 
     </span>
     <span class='ocr_line' id='line_1_6' title="bbox 435 1072 2030 1174; baseline 0.002 -29"><span class='ocrx_word' id='word_1_49' title='bbox 435 1099 510 1146; x_wconf 90' lang='lat' dir='ltr'>uon</span> <span class='ocrx_word' id='word_1_50' title='bbox 529 1073 672 1174; x_wconf 88' lang='lat' dir='ltr'>culpam</span> <span class='ocrx_word' id='word_1_51' title='bbox 689 1073 725 1145; x_wconf 91' lang='lat' dir='ltr'>in</span> <span class='ocrx_word' id='word_1_52' title='bbox 747 1076 818 1148; x_wconf 90' lang='lat' dir='ltr'>hoc</span> <span class='ocrx_word' id='word_1_53' title='bbox 835 1072 981 1165; x_wconf 86' lang='lat' dir='ltr'>habere,</span> <span class='ocrx_word' id='word_1_54' title='bbox 1001 1073 1065 1146; x_wconf 91' lang='lat' dir='ltr'>sed</span> <span class='ocrx_word' id='word_1_55' title='bbox 1082 1073 1182 1172; x_wconf 91' lang='lat' dir='ltr'>quod</span> <span class='ocrx_word' id='word_1_56' title='bbox 1201 1073 1308 1147; x_wconf 91' lang='lat' dir='ltr'>nobis</span> <span class='ocrx_word' id='word_1_57' title='bbox 1324 1098 1399 1147; x_wconf 91' lang='lat' dir='ltr'>non</span> <span class='ocrx_word' id='word_1_58' title='bbox 1415 1075 1585 1147; x_wconf 85' lang='lat' dir='ltr'>convenit</span> <span class='ocrx_word' id='word_1_59' title='bbox 1606 1075 1733 1168; x_wconf 78' lang='lat' dir='ltr'>faeere,</span> <span class='ocrx_word' id='word_1_60' title='bbox 1757 1076 1814 1148; x_wconf 89' lang='lat' dir='ltr'>vel</span> <span class='ocrx_word' id='word_1_61' title='bbox 1830 1096 1979 1174; x_wconf 80' lang='lat' dir='ltr'>peccone</span> <span class='ocrx_word' id='word_1_62' title='bbox 1994 1076 2030 1148; x_wconf 91' lang='lat' dir='ltr'>in</span> 
     </span>
     <span class='ocr_line' id='line_1_7' title="bbox 436 1193 2031 1292; baseline -0.001 -24"><span class='ocrx_word' id='word_1_63' title='bbox 436 1197 666 1292; x_wconf 87' lang='lat' dir='ltr'>cogitatione,</span> <span class='ocrx_word' id='word_1_64' title='bbox 687 1195 758 1268; x_wconf 88' lang='lat' dir='ltr'>hoc</span> <span class='ocrx_word' id='word_1_65' title='bbox 780 1210 847 1286; x_wconf 89' lang='lat' dir='ltr'>est,</span> <span class='ocrx_word' id='word_1_66' title='bbox 867 1193 1071 1285; x_wconf 87' lang='lat' dir='ltr'>voluntate,</span> <span class='ocrx_word' id='word_1_67' title='bbox 1092 1194 1194 1290; x_wconf 91' lang='lat' dir='ltr'>quod</span> <span class='ocrx_word' id='word_1_68' title='bbox 1216 1218 1285 1266; x_wconf 89' lang='lat' dir='ltr'>nos</span> <span class='ocrx_word' id='word_1_69' title='bbox 1299 1193 1390 1267; x_wconf 87' lang='lat' dir='ltr'>velle</span> <span class='ocrx_word' id='word_1_70' title='bbox 1414 1195 1563 1267; x_wconf 91' lang='lat' dir='ltr'>minime</span> <span class='ocrx_word' id='word_1_71' title='bbox 1587 1198 1770 1284; x_wconf 82' lang='lat' dir='ltr'>convenit,</span> <span class='ocrx_word' id='word_1_72' title='bbox 1788 1194 1844 1267; x_wconf 88' lang='lat' dir='ltr'>vel</span> <span class='ocrx_word' id='word_1_73' title='bbox 1870 1195 1907 1266; x_wconf 88' lang='lat' dir='ltr'>in</span> <span class='ocrx_word' id='word_1_74' title='bbox 1931 1194 2031 1267; x_wconf 90' lang='lat' dir='ltr'>locu·</span> 
     </span>
     <span class='ocr_line' id='line_1_8' title="bbox 435 1314 2030 1415; baseline -0.002 -27"><span class='ocrx_word' id='word_1_75' title='bbox 435 1318 547 1409; x_wconf 89' lang='lat' dir='ltr'>tione,</span> <span class='ocrx_word' id='word_1_76' title='bbox 566 1316 681 1389; x_wconf 86' lang='lat' dir='ltr'>autin</span> <span class='ocrx_word' id='word_1_77' title='bbox 698 1316 922 1415; x_wconf 85' lang='lat' dir='ltr'>operatione,</span> <span class='ocrx_word' id='word_1_78' title='bbox 942 1314 1042 1411; x_wconf 90' lang='lat' dir='ltr'>loqui</span> <span class='ocrx_word' id='word_1_79' title='bbox 1068 1340 1136 1388; x_wconf 92' lang='lat' dir='ltr'>nos</span> <span class='ocrx_word' id='word_1_80' title='bbox 1152 1315 1209 1388; x_wconf 84' lang='lat' dir='ltr'>vel</span> <span class='ocrx_word' id='word_1_81' title='bbox 1233 1339 1338 1412; x_wconf 88' lang='lat' dir='ltr'>agere</span> <span class='ocrx_word' id='word_1_82' title='bbox 1353 1314 1454 1412; x_wconf 88' lang='lat' dir='ltr'>quod</span> <span class='ocrx_word' id='word_1_83' title='bbox 1475 1338 1552 1385; x_wconf 90' lang='lat' dir='ltr'>non</span> <span class='ocrx_word' id='word_1_84' title='bbox 1569 1327 1731 1412; x_wconf 85' lang='lat' dir='ltr'>oportet,</span> <span class='ocrx_word' id='word_1_85' title='bbox 1757 1316 1823 1387; x_wconf 86' lang='lat' dir='ltr'>etsi</span> <span class='ocrx_word' id='word_1_86' title='bbox 1844 1339 1911 1413; x_wconf 91' lang='lat' dir='ltr'>per</span> <span class='ocrx_word' id='word_1_87' title='bbox 1932 1315 2030 1411; x_wconf 90' lang='lat' dir='ltr'>igno·</span> 
     </span>
     <span class='ocr_line' id='line_1_9' title="bbox 435 1433 2030 1533; baseline -0.001 -27"><span class='ocrx_word' id='word_1_88' title='bbox 435 1436 588 1509; x_wconf 80' lang='lat' dir='ltr'>rentiam</span> <span class='ocrx_word' id='word_1_89' title='bbox 614 1433 719 1507; x_wconf 90' lang='lat' dir='ltr'>nobis</span> <span class='ocrx_word' id='word_1_90' title='bbox 747 1436 866 1506; x_wconf 87' lang='lat' dir='ltr'>invitis</span> <span class='ocrx_word' id='word_1_91' title='bbox 894 1434 981 1506; x_wconf 92' lang='lat' dir='ltr'>illud</span> <span class='ocrx_word' id='word_1_92' title='bbox 1018 1435 1170 1506; x_wconf 85' lang='lat' dir='ltr'>eveniat.</span> <span class='ocrx_word' id='word_1_93' title='bbox 1201 1434 1259 1506; x_wconf 87' lang='lat' dir='ltr'>Sic</span> <span class='ocrx_word' id='word_1_94' title='bbox 1283 1447 1318 1506; x_wconf 89' lang='lat' dir='ltr'>et</span> <span class='ocrx_word' id='word_1_95' title='bbox 1342 1433 1422 1506; x_wconf 91' lang='lat' dir='ltr'>illos</span> <span class='ocrx_word' id='word_1_96' title='bbox 1448 1434 1478 1505; x_wconf 91' lang='lat' dir='ltr'>si</span> <span class='ocrx_word' id='word_1_97' title='bbox 1508 1434 1818 1533; x_wconf 82' lang='lat' dir='ltr'>persequebantur</span> <span class='ocrx_word' id='word_1_98' title='bbox 1851 1435 2030 1506; x_wconf 84' lang='lat' dir='ltr'>Christum</span> 
     </span>
     <span class='ocr_line' id='line_1_10' title="bbox 435 1552 2025 1654; baseline -0.001 -26"><span class='ocrx_word' id='word_1_99' title='bbox 435 1555 493 1628; x_wconf 86' lang='lat' dir='ltr'>vel</span> <span class='ocrx_word' id='word_1_100' title='bbox 518 1579 602 1627; x_wconf 92' lang='lat' dir='ltr'>suos</span> <span class='ocrx_word' id='word_1_101' title='bbox 630 1580 723 1652; x_wconf 90' lang='lat' dir='ltr'>quos</span> <span class='ocrx_word' id='word_1_102' title='bbox 746 1554 1017 1654; x_wconf 88' lang='lat' dir='ltr'>persequendos</span> <span class='ocrx_word' id='word_1_103' title='bbox 1040 1553 1263 1642; x_wconf 88' lang='lat' dir='ltr'>credebant,</span> <span class='ocrx_word' id='word_1_104' title='bbox 1297 1578 1363 1652; x_wconf 89' lang='lat' dir='ltr'>per</span> <span class='ocrx_word' id='word_1_105' title='bbox 1390 1556 1638 1652; x_wconf 87' lang='lat' dir='ltr'>operationem</span> <span class='ocrx_word' id='word_1_106' title='bbox 1666 1577 1831 1652; x_wconf 88' lang='lat' dir='ltr'>peccasse</span> <span class='ocrx_word' id='word_1_107' title='bbox 1858 1552 2025 1647; x_wconf 88' lang='lat' dir='ltr'>dicimus,</span> 
     </span>
     <span class='ocr_line' id='line_1_11' title="bbox 435 1674 1932 1774; baseline -0.001 -25"><span class='ocrx_word' id='word_1_108' title='bbox 435 1678 634 1774; x_wconf 83' lang='lat' dir='ltr'>quitamen</span> <span class='ocrx_word' id='word_1_109' title='bbox 651 1675 792 1772; x_wconf 77' lang='lat' dir='ltr'>gravius</span> <span class='ocrx_word' id='word_1_110' title='bbox 807 1674 951 1772; x_wconf 87' lang='lat' dir='ltr'>culpam</span> <span class='ocrx_word' id='word_1_111' title='bbox 969 1689 1190 1773; x_wconf 84' lang='lat' dir='ltr'>peccassent,</span> <span class='ocrx_word' id='word_1_112' title='bbox 1209 1674 1240 1746; x_wconf 92' lang='lat' dir='ltr'>si</span> <span class='ocrx_word' id='word_1_113' title='bbox 1255 1689 1382 1747; x_wconf 86' lang='lat' dir='ltr'>contre</span> <span class='ocrx_word' id='word_1_114' title='bbox 1398 1674 1655 1746; x_wconf 88' lang='lat' dir='ltr'>conscientiam</span> <span class='ocrx_word' id='word_1_115' title='bbox 1664 1675 1715 1747; x_wconf 93' lang='lat' dir='ltr'>eis</span> <span class='ocrx_word' id='word_1_116' title='bbox 1730 1688 1932 1773; x_wconf 85' lang='lat' dir='ltr'>parcerent.</span> 
     </span>
    </p>
   </div>
   <div class='ocr_carea' id='block_1_3' title="bbox 1081 2009 1390 2099">
    <p class='ocr_par' dir='ltr' id='par_1_3' title="bbox 1081 2009 1390 2099">
     <span class='ocr_line' id='line_1_12' title="bbox 1081 2009 1390 2099; baseline 0.003 -2"><span class='ocrx_word' id='word_1_117' title='bbox 1081 2009 1268 2099; x_wconf 81' lang='lat' dir='ltr'><strong>CAPUT</strong></span> <span class='ocrx_word' id='word_1_118' title='bbox 1302 2010 1390 2099; x_wconf 80' lang='lat' dir='ltr'>xv.</span> 
     </span>
    </p>
   </div>
   <div class='ocr_carea' id='block_1_4' title="bbox 889 2221 1572 2303">
    <p class='ocr_par' dir='ltr' id='par_1_4' title="bbox 889 2221 1572 2303">
     <span class='ocr_line' id='line_1_13' title="bbox 889 2221 1572 2303; baseline -0.001 -20"><span class='ocrx_word' id='word_1_119' title='bbox 889 2227 995 2284; x_wconf 81' lang='lat' dir='ltr'>Utrum</span> <span class='ocrx_word' id='word_1_120' title='bbox 1024 2243 1112 2283; x_wconf 86' lang='lat' dir='ltr'>omne</span> <span class='ocrx_word' id='word_1_121' title='bbox 1136 2235 1287 2303; x_wconf 86' lang='lat' dir='ltr'>peccatum</span> <span class='ocrx_word' id='word_1_122' title='bbox 1312 2223 1350 2282; x_wconf 86' lang='lat' dir='ltr'>sit</span> <span class='ocrx_word' id='word_1_123' title='bbox 1374 2221 1572 2282; x_wconf 86' lang='lat' dir='ltr'>interdictum.</span> 
     </span>
    </p>
   </div>
   <div class='ocr_carea' id='block_1_5' title="bbox 434 2406 2029 2987">
    <p class='ocr_par' dir='ltr' id='par_1_5' title="bbox 434 2406 2029 2987">
     <span class='ocr_line' id='line_1_14' title="bbox 484 2406 2029 2508; baseline 0.001 -27"><span class='ocrx_word' id='word_1_124' title='bbox 484 2411 662 2499; x_wconf 71' lang='lat' dir='ltr'>Quaeritur</span> <span class='ocrx_word' id='word_1_125' title='bbox 691 2425 831 2502; x_wconf 88' lang='lat' dir='ltr'>autem,</span> <span class='ocrx_word' id='word_1_126' title='bbox 864 2424 986 2482; x_wconf 85' lang='lat' dir='ltr'>utrum</span> <span class='ocrx_word' id='word_1_127' title='bbox 1017 2434 1127 2482; x_wconf 87' lang='lat' dir='ltr'>omne</span> <span class='ocrx_word' id='word_1_128' title='bbox 1154 2423 1340 2508; x_wconf 83' lang='lat' dir='ltr'>peccatum</span> <span class='ocrx_word' id='word_1_129' title='bbox 1374 2412 1469 2481; x_wconf 89' lang='lat' dir='ltr'>Deus</span> <span class='ocrx_word' id='word_1_130' title='bbox 1496 2406 1603 2480; x_wconf 89' lang='lat' dir='ltr'>nobis</span> <span class='ocrx_word' id='word_1_131' title='bbox 1629 2407 1840 2482; x_wconf 68' lang='lat' dir='ltr'>interdicat?</span> <span class='ocrx_word' id='word_1_132' title='bbox 1866 2409 1978 2498; x_wconf 87' lang='lat' dir='ltr'>Quod</span> <span class='ocrx_word' id='word_1_133' title='bbox 2000 2412 2029 2483; x_wconf 93' lang='lat' dir='ltr'>si</span> 
     </span>
     <span class='ocr_line' id='line_1_15' title="bbox 435 2528 2029 2627; baseline 0.002 -29"><span class='ocrx_word' id='word_1_134' title='bbox 435 2530 661 2627; x_wconf 87' lang='lat' dir='ltr'>recipiamus,</span> <span class='ocrx_word' id='word_1_135' title='bbox 686 2529 828 2601; x_wconf 84' lang='lat' dir='ltr'>videtur</span> <span class='ocrx_word' id='word_1_136' title='bbox 850 2528 921 2600; x_wconf 90' lang='lat' dir='ltr'>boc</span> <span class='ocrx_word' id='word_1_137' title='bbox 946 2528 1235 2601; x_wconf 87' lang='lat' dir='ltr'>irrationabiliter</span> <span class='ocrx_word' id='word_1_138' title='bbox 1260 2553 1383 2625; x_wconf 86' lang='lat' dir='ltr'>agere,</span> <span class='ocrx_word' id='word_1_139' title='bbox 1411 2553 1495 2601; x_wconf 91' lang='lat' dir='ltr'>cum</span> <span class='ocrx_word' id='word_1_140' title='bbox 1522 2552 1751 2626; x_wconf 84' lang='lat' dir='ltr'>nequaquam</span> <span class='ocrx_word' id='word_1_141' title='bbox 1771 2529 1843 2600; x_wconf 79' lang='lat' dir='ltr'>rita</span> <span class='ocrx_word' id='word_1_142' title='bbox 1864 2529 1931 2603; x_wconf 82' lang='lat' dir='ltr'>ista</span> <span class='ocrx_word' id='word_1_143' title='bbox 1953 2530 2029 2602; x_wconf 89' lang='lat' dir='ltr'>sine</span> 
     </span>
     <span class='ocr_line' id='line_1_16' title="bbox 434 2646 2029 2748; baseline 0.002 -29"><span class='ocrx_word' id='word_1_144' title='bbox 434 2648 589 2746; x_wconf 87' lang='lat' dir='ltr'>peccatis</span> <span class='ocrx_word' id='word_1_145' title='bbox 609 2647 734 2719; x_wconf 85' lang='lat' dir='ltr'>saltem</span> <span class='ocrx_word' id='word_1_146' title='bbox 756 2646 956 2719; x_wconf 79' lang='lat' dir='ltr'>venialibus</span> <span class='ocrx_word' id='word_1_147' title='bbox 980 2649 1127 2743; x_wconf 86' lang='lat' dir='ltr'>transigi</span> <span class='ocrx_word' id='word_1_148' title='bbox 1152 2649 1278 2747; x_wconf 90' lang='lat' dir='ltr'>possit.</span> <span class='ocrx_word' id='word_1_149' title='bbox 1306 2648 1343 2718; x_wconf 88' lang='lat' dir='ltr'>Si</span> <span class='ocrx_word' id='word_1_150' title='bbox 1368 2648 1467 2719; x_wconf 88' lang='lat' dir='ltr'>enim</span> <span class='ocrx_word' id='word_1_151' title='bbox 1488 2649 1612 2721; x_wconf 89' lang='lat' dir='ltr'>omnia</span> <span class='ocrx_word' id='word_1_152' title='bbox 1641 2672 1709 2720; x_wconf 91' lang='lat' dir='ltr'>nos</span> <span class='ocrx_word' id='word_1_153' title='bbox 1732 2671 1858 2721; x_wconf 86' lang='lat' dir='ltr'>cavere</span> <span class='ocrx_word' id='word_1_154' title='bbox 1884 2663 2029 2748; x_wconf 88' lang='lat' dir='ltr'>peecata</span> 
     </span>
     <span class='ocr_line' id='line_1_17' title="bbox 434 2767 2029 2867; baseline 0.003 -28"><span class='ocrx_word' id='word_1_155' title='bbox 434 2767 613 2865; x_wconf 72' lang='lat' dir='ltr'>precepit,</span> <span class='ocrx_word' id='word_1_156' title='bbox 642 2790 710 2837; x_wconf 90' lang='lat' dir='ltr'>nos</span> <span class='ocrx_word' id='word_1_157' title='bbox 736 2781 856 2839; x_wconf 86' lang='lat' dir='ltr'>autem</span> <span class='ocrx_word' id='word_1_158' title='bbox 883 2768 1005 2838; x_wconf 87' lang='lat' dir='ltr'>omnia</span> <span class='ocrx_word' id='word_1_159' title='bbox 1028 2790 1154 2839; x_wconf 86' lang='lat' dir='ltr'>cavere</span> <span class='ocrx_word' id='word_1_160' title='bbox 1178 2790 1254 2840; x_wconf 93' lang='lat' dir='ltr'>non</span> <span class='ocrx_word' id='word_1_161' title='bbox 1280 2792 1487 2865; x_wconf 85' lang='lat' dir='ltr'>possumus,</span> <span class='ocrx_word' id='word_1_162' title='bbox 1511 2769 1637 2866; x_wconf 88' lang='lat' dir='ltr'>utique</span> <span class='ocrx_word' id='word_1_163' title='bbox 1661 2792 1911 2867; x_wconf 88' lang='lat' dir='ltr'>nequaquam,</span> <span class='ocrx_word' id='word_1_164' title='bbox 1939 2770 2029 2843; x_wconf 90' lang='lat' dir='ltr'>sicut</span> 
     </span>
     <span class='ocr_line' id='line_1_18' title="bbox 435 2885 2027 2987; baseline 0.004 -32"><span class='ocrx_word' id='word_1_165' title='bbox 435 2886 511 2983; x_wconf 87' lang='lat' dir='ltr'>ipse</span> <span class='ocrx_word' id='word_1_166' title='bbox 533 2885 710 2984; x_wconf 88' lang='lat' dir='ltr'>promisit,</span> <span class='ocrx_word' id='word_1_167' title='bbox 721 2887 848 2984; x_wconf 88' lang='lat' dir='ltr'>jugum</span> <span class='ocrx_word' id='word_1_168' title='bbox 864 2910 974 2959; x_wconf 83' lang='lat' dir='ltr'>suave</span> <span class='ocrx_word' id='word_1_169' title='bbox 988 2886 1110 2979; x_wconf 89' lang='lat' dir='ltr'>nobis,</span> <span class='ocrx_word' id='word_1_170' title='bbox 1127 2887 1186 2958; x_wconf 80' lang='lat' dir='ltr'>vel</span> <span class='ocrx_word' id='word_1_171' title='bbox 1207 2910 1301 2960; x_wconf 86' lang='lat' dir='ltr'>onus</span> <span class='ocrx_word' id='word_1_172' title='bbox 1320 2886 1399 2959; x_wconf 80' lang='lat' dir='ltr'>lere</span> <span class='ocrx_word' id='word_1_173' title='bbox 1417 2887 1591 2986; x_wconf 87' lang='lat' dir='ltr'>imponit,</span> <span class='ocrx_word' id='word_1_174' title='bbox 1611 2887 1675 2961; x_wconf 89' lang='lat' dir='ltr'>sed</span> <span class='ocrx_word' id='word_1_175' title='bbox 1691 2887 1793 2986; x_wconf 88' lang='lat' dir='ltr'>quod</span> <span class='ocrx_word' id='word_1_176' title='bbox 1807 2889 1916 2987; x_wconf 88' lang='lat' dir='ltr'>longe</span> <span class='ocrx_word' id='word_1_177' title='bbox 1937 2889 2027 2962; x_wconf 76' lang='lat' dir='ltr'>vires</span> 
     </span>
    </p>
   </div>
   <div class='ocr_carea' id='block_1_6' title="bbox 422 3006 2030 4904">
    <p class='ocr_par' dir='ltr' id='par_1_6' title="bbox 422 3006 2030 4786">
     <span class='ocr_line' id='line_1_19' title="bbox 435 3006 2026 3107; baseline 0.003 -29"><span class='ocrx_word' id='word_1_178' title='bbox 435 3006 691 3079; x_wconf 84' lang='lat' dir='ltr'>transcendens</span> <span class='ocrx_word' id='word_1_179' title='bbox 716 3021 857 3080; x_wconf 84' lang='lat' dir='ltr'>nostras</span> <span class='ocrx_word' id='word_1_180' title='bbox 883 3007 1033 3080; x_wconf 89' lang='lat' dir='ltr'>minime</span> <span class='ocrx_word' id='word_1_181' title='bbox 1056 3021 1201 3107; x_wconf 89' lang='lat' dir='ltr'>portare</span> <span class='ocrx_word' id='word_1_182' title='bbox 1221 3006 1408 3080; x_wconf 84' lang='lat' dir='ltr'>valemus:</span> <span class='ocrx_word' id='word_1_183' title='bbox 1433 3007 1525 3081; x_wconf 91' lang='lat' dir='ltr'>sicut</span> <span class='ocrx_word' id='word_1_184' title='bbox 1551 3023 1588 3082; x_wconf 90' lang='lat' dir='ltr'>et</span> <span class='ocrx_word' id='word_1_185' title='bbox 1611 3007 1658 3081; x_wconf 91' lang='lat' dir='ltr'>de</span> <span class='ocrx_word' id='word_1_186' title='bbox 1677 3008 1766 3107; x_wconf 85' lang='lat' dir='ltr'>jugo</span> <span class='ocrx_word' id='word_1_187' title='bbox 1790 3010 1877 3107; x_wconf 87' lang='lat' dir='ltr'>legis</span> <span class='ocrx_word' id='word_1_188' title='bbox 1903 3012 2026 3083; x_wconf 85' lang='lat' dir='ltr'>Petrus</span> 
     </span>
     <span class='ocr_line' id='line_1_20' title="bbox 435 3125 2025 3228; baseline 0.004 -31"><span class='ocrx_word' id='word_1_189' title='bbox 435 3127 626 3226; x_wconf 81' lang='lat' dir='ltr'>Apostolus</span> <span class='ocrx_word' id='word_1_190' title='bbox 650 3126 851 3224; x_wconf 78' lang='lat' dir='ltr'>profitetur.</span> <span class='ocrx_word' id='word_1_191' title='bbox 878 3129 968 3216; x_wconf 90' lang='lat' dir='ltr'>Quis</span> <span class='ocrx_word' id='word_1_192' title='bbox 991 3129 1088 3200; x_wconf 87' lang='lat' dir='ltr'>euim</span> <span class='ocrx_word' id='word_1_193' title='bbox 1110 3151 1131 3199; x_wconf 92' lang='lat' dir='ltr'>a</span> <span class='ocrx_word' id='word_1_194' title='bbox 1153 3125 1269 3201; x_wconf 82' lang='lat' dir='ltr'>verbo</span> <span class='ocrx_word' id='word_1_195' title='bbox 1292 3128 1417 3201; x_wconf 86' lang='lat' dir='ltr'>saltem</span> <span class='ocrx_word' id='word_1_196' title='bbox 1442 3129 1560 3201; x_wconf 89' lang='lat' dir='ltr'>otioso</span> <span class='ocrx_word' id='word_1_197' title='bbox 1583 3153 1726 3228; x_wconf 88' lang='lat' dir='ltr'>semper</span> <span class='ocrx_word' id='word_1_198' title='bbox 1747 3128 1816 3202; x_wconf 92' lang='lat' dir='ltr'>sibi</span> <span class='ocrx_word' id='word_1_199' title='bbox 1832 3129 2025 3228; x_wconf 80' lang='lat' dir='ltr'>praevidere</span> 
     </span>
     <span class='ocr_line' id='line_1_21' title="bbox 431 3247 2022 3346; baseline 0.001 -27"><span class='ocrx_word' id='word_1_200' title='bbox 431 3261 561 3345; x_wconf 87' lang='lat' dir='ltr'>potest,</span> <span class='ocrx_word' id='word_1_201' title='bbox 578 3262 617 3318; x_wconf 91' lang='lat' dir='ltr'>ut</span> <span class='ocrx_word' id='word_1_202' title='bbox 624 3248 661 3319; x_wconf 92' lang='lat' dir='ltr'>io</span> <span class='ocrx_word' id='word_1_203' title='bbox 674 3271 719 3320; x_wconf 95' lang='lat' dir='ltr'>eo</span> <span class='ocrx_word' id='word_1_204' title='bbox 727 3271 912 3346; x_wconf 86' lang='lat' dir='ltr'>nunquam</span> <span class='ocrx_word' id='word_1_205' title='bbox 923 3247 1099 3321; x_wconf 80' lang='lat' dir='ltr'>excedens</span> <span class='ocrx_word' id='word_1_206' title='bbox 1109 3248 1366 3346; x_wconf 87' lang='lat' dir='ltr'>perfectionem</span> <span class='ocrx_word' id='word_1_207' title='bbox 1374 3247 1471 3321; x_wconf 91' lang='lat' dir='ltr'>illam</span> <span class='ocrx_word' id='word_1_208' title='bbox 1479 3261 1612 3339; x_wconf 86' lang='lat' dir='ltr'>teneat,</span> <span class='ocrx_word' id='word_1_209' title='bbox 1623 3248 1670 3321; x_wconf 91' lang='lat' dir='ltr'>de</span> <span class='ocrx_word' id='word_1_210' title='bbox 1684 3249 1759 3346; x_wconf 85' lang='lat' dir='ltr'>qua¹</span> <span class='ocrx_word' id='word_1_211' title='bbox 1771 3249 1929 3322; x_wconf 85' lang='lat' dir='ltr'>tacobus</span> <span class='ocrx_word' id='word_1_212' title='bbox 1938 3251 2022 3323; x_wconf 86' lang='lat' dir='ltr'>ait¹:</span> 
     </span>
     <span class='ocr_line' id='line_1_22' title="bbox 435 3368 2028 3467; baseline 0.005 -33"><span class='ocrx_word' id='word_1_213' title='bbox 435 3396 454 3434; x_wconf 88' lang='lat'>«</span> <span class='ocrx_word' id='word_1_214' title='bbox 472 3368 510 3439; x_wconf 84' lang='lat' dir='ltr'>Si</span> <span class='ocrx_word' id='word_1_215' title='bbox 521 3369 602 3465; x_wconf 91' lang='lat' dir='ltr'>quis</span> <span class='ocrx_word' id='word_1_216' title='bbox 611 3369 648 3440; x_wconf 90' lang='lat' dir='ltr'>in</span> <span class='ocrx_word' id='word_1_217' title='bbox 658 3368 770 3441; x_wconf 84' lang='lat' dir='ltr'>verbo</span> <span class='ocrx_word' id='word_1_218' title='bbox 787 3393 862 3442; x_wconf 90' lang='lat' dir='ltr'>non</span> <span class='ocrx_word' id='word_1_219' title='bbox 877 3368 1043 3459; x_wconf 78' lang='lat' dir='ltr'>offendit,</span> <span class='ocrx_word' id='word_1_220' title='bbox 1055 3368 1116 3440; x_wconf 90' lang='lat' dir='ltr'>bic</span> <span class='ocrx_word' id='word_1_221' title='bbox 1132 3369 1375 3467; x_wconf 83' lang='lat' dir='ltr'>perfectuscst</span> <span class='ocrx_word' id='word_1_222' title='bbox 1391 3368 1470 3440; x_wconf 80' lang='lat' dir='ltr'>vir?</span> <span class='ocrx_word' id='word_1_223' title='bbox 1488 3396 1507 3434; x_wconf 73' lang='lat' dir='ltr'>s</span> <span class='ocrx_word' id='word_1_224' title='bbox 1526 3369 1598 3456; x_wconf 90' lang='lat' dir='ltr'>Qui</span> <span class='ocrx_word' id='word_1_225' title='bbox 1611 3369 1720 3442; x_wconf 88' lang='lat' dir='ltr'>etiam</span> <span class='ocrx_word' id='word_1_226' title='bbox 1739 3393 1823 3442; x_wconf 92' lang='lat' dir='ltr'>cum</span> <span class='ocrx_word' id='word_1_227' title='bbox 1840 3370 2028 3466; x_wconf 78' lang='lat' dir='ltr'>praemisis-</span> 
     </span>
     <span class='ocr_line' id='line_1_23' title="bbox 432 3487 2025 3588; baseline 0.001 -29"><span class='ocrx_word' id='word_1_228' title='bbox 432 3501 504 3559; x_wconf 86' lang='lat' dir='ltr'>set:</span> <span class='ocrx_word' id='word_1_229' title='bbox 518 3518 536 3553; x_wconf 75' lang='lat' dir='ltr'>r</span> <span class='ocrx_word' id='word_1_230' title='bbox 551 3492 592 3558; x_wconf 91' lang='lat' dir='ltr'>ln</span> <span class='ocrx_word' id='word_1_231' title='bbox 605 3487 954 3560; x_wconf 84' lang='lat' dir='ltr'>multisollendimus</span> <span class='ocrx_word' id='word_1_232' title='bbox 969 3512 1115 3582; x_wconf 78' lang='lat' dir='ltr'>omnes3</span> <span class='ocrx_word' id='word_1_233' title='bbox 1129 3517 1149 3556; x_wconf 74' lang='lat' dir='ltr'>rr</span> <span class='ocrx_word' id='word_1_234' title='bbox 1160 3502 1197 3559; x_wconf 86' lang='lat' dir='ltr'>et</span> <span class='ocrx_word' id='word_1_235' title='bbox 1209 3487 1300 3578; x_wconf 75' lang='lat' dir='ltr'>alius</span> <span class='ocrx_word' id='word_1_236' title='bbox 1313 3511 1449 3585; x_wconf 85' lang='lat' dir='ltr'>magnae</span> <span class='ocrx_word' id='word_1_237' title='bbox 1462 3488 1559 3560; x_wconf 89' lang='lat' dir='ltr'>dicat</span> <span class='ocrx_word' id='word_1_238' title='bbox 1570 3488 1799 3588; x_wconf 80' lang='lat' dir='ltr'>perfectionis</span> <span class='ocrx_word' id='word_1_239' title='bbox 1809 3489 2025 3588; x_wconf 57' lang='lat' dir='ltr'>Apostolus:</span> 
     </span>
     <span class='ocr_line' id='line_1_24' title="bbox 436 3607 2026 3707; baseline 0.002 -28"><span class='ocrx_word' id='word_1_240' title='bbox 436 3637 453 3671; x_wconf 72' lang='grc' dir='ltr'>α</span> <span class='ocrx_word' id='word_1_241' title='bbox 472 3608 509 3679; x_wconf 86' lang='lat' dir='ltr'>si</span> <span class='ocrx_word' id='word_1_242' title='bbox 522 3607 718 3680; x_wconf 78' lang='lat' dir='ltr'>dixerimm</span> <span class='ocrx_word' id='word_1_243' title='bbox 733 3609 817 3705; x_wconf 91' lang='lat' dir='ltr'>quia</span> <span class='ocrx_word' id='word_1_244' title='bbox 833 3622 1021 3707; x_wconf 88' lang='lat' dir='ltr'>peccatum</span> <span class='ocrx_word' id='word_1_245' title='bbox 1040 3632 1113 3680; x_wconf 89' lang='lat' dir='ltr'>non</span> <span class='ocrx_word' id='word_1_246' title='bbox 1130 3607 1321 3698; x_wconf 86' lang='lat' dir='ltr'>habemus,</span> <span class='ocrx_word' id='word_1_247' title='bbox 1349 3631 1425 3680; x_wconf 90' lang='lat' dir='ltr'>noo</span> <span class='ocrx_word' id='word_1_248' title='bbox 1442 3609 1539 3707; x_wconf 92' lang='lat' dir='ltr'>ipsos</span> <span class='ocrx_word' id='word_1_249' title='bbox 1557 3607 1776 3698; x_wconf 85' lang='lat' dir='ltr'>seducimus,</span> <span class='ocrx_word' id='word_1_250' title='bbox 1792 3622 1829 3681; x_wconf 91' lang='lat' dir='ltr'>et</span> <span class='ocrx_word' id='word_1_251' title='bbox 1844 3611 1976 3683; x_wconf 84' lang='lat' dir='ltr'>veritas</span> <span class='ocrx_word' id='word_1_252' title='bbox 1991 3612 2026 3682; x_wconf 91' lang='lat' dir='ltr'>in</span> 
     </span>
     <span class='ocr_line' id='line_1_25' title="bbox 431 3725 2026 3826; baseline 0.003 -29"><span class='ocrx_word' id='word_1_253' title='bbox 431 3725 538 3798; x_wconf 91' lang='lat' dir='ltr'>uobis</span> <span class='ocrx_word' id='word_1_254' title='bbox 555 3751 631 3799; x_wconf 90' lang='lat' dir='ltr'>non</span> <span class='ocrx_word' id='word_1_255' title='bbox 645 3741 718 3815; x_wconf 82' lang='lat' dir='ltr'>est3</span> <span class='ocrx_word' id='word_1_256' title='bbox 742 3756 760 3793; x_wconf 87' lang='lat'>»</span> <span class='ocrx_word' id='word_1_257' title='bbox 779 3751 889 3824; x_wconf 86' lang='lat' dir='ltr'>quarn</span> <span class='ocrx_word' id='word_1_258' title='bbox 904 3726 1061 3819; x_wconf 88' lang='lat' dir='ltr'>difficile,</span> <span class='ocrx_word' id='word_1_259' title='bbox 1079 3728 1153 3798; x_wconf 91' lang='lat' dir='ltr'>imo</span> <span class='ocrx_word' id='word_1_260' title='bbox 1169 3726 1390 3826; x_wconf 85' lang='lat' dir='ltr'>impossibile</span> <span class='ocrx_word' id='word_1_261' title='bbox 1407 3742 1537 3801; x_wconf 75' lang='lat' dir='ltr'>nosuae</span> <span class='ocrx_word' id='word_1_262' title='bbox 1558 3727 1758 3801; x_wconf 82' lang='lat' dir='ltr'>infirmitati</span> <span class='ocrx_word' id='word_1_263' title='bbox 1768 3727 1946 3817; x_wconf 81' lang='lat' dir='ltr'>rideatur,</span> <span class='ocrx_word' id='word_1_264' title='bbox 1966 3731 2026 3802; x_wconf 88' lang='lat' dir='ltr'>im·</span> 
     </span>
     <span class='ocr_line' id='line_1_26' title="bbox 432 3846 2027 3947; baseline 0.002 -30"><span class='ocrx_word' id='word_1_265' title='bbox 432 3870 559 3918; x_wconf 84' lang='lat' dir='ltr'>munes</span> <span class='ocrx_word' id='word_1_266' title='bbox 584 3847 735 3918; x_wconf 90' lang='lat' dir='ltr'>omnino</span> <span class='ocrx_word' id='word_1_267' title='bbox 751 3871 771 3920; x_wconf 90' lang='lat' dir='ltr'>a</span> <span class='ocrx_word' id='word_1_268' title='bbox 788 3861 936 3947; x_wconf 89' lang='lat' dir='ltr'>peccato</span> <span class='ocrx_word' id='word_1_269' title='bbox 959 3871 1124 3939; x_wconf 89' lang='lat' dir='ltr'>manere,</span> <span class='ocrx_word' id='word_1_270' title='bbox 1140 3847 1324 3919; x_wconf 87' lang='lat' dir='ltr'>neminem</span> <span class='ocrx_word' id='word_1_271' title='bbox 1338 3846 1448 3920; x_wconf 87' lang='lat' dir='ltr'>latere</span> <span class='ocrx_word' id='word_1_272' title='bbox 1465 3872 1559 3920; x_wconf 87' lang='lat' dir='ltr'>reor.</span> <span class='ocrx_word' id='word_1_273' title='bbox 1580 3852 1645 3942; x_wconf 87' lang='lat' dir='ltr'>lta,</span> <span class='ocrx_word' id='word_1_274' title='bbox 1664 3850 1830 3946; x_wconf 80' lang='lat' dir='ltr'>inquam,</span> <span class='ocrx_word' id='word_1_275' title='bbox 1848 3849 1877 3920; x_wconf 89' lang='lat' dir='ltr'>si</span> <span class='ocrx_word' id='word_1_276' title='bbox 1893 3849 2027 3947; x_wconf 87' lang='lat' dir='ltr'>peccati</span> 
     </span>
     <span class='ocr_line' id='line_1_27' title="bbox 429 3964 2029 4066; baseline 0.002 -29"><span class='ocrx_word' id='word_1_277' title='bbox 429 3964 647 4038; x_wconf 85' lang='lat' dir='ltr'>vocabulum</span> <span class='ocrx_word' id='word_1_278' title='bbox 657 3965 767 4062; x_wconf 91' lang='lat' dir='ltr'>large,</span> <span class='ocrx_word' id='word_1_279' title='bbox 777 3981 818 4039; x_wconf 91' lang='lat' dir='ltr'>ut</span> <span class='ocrx_word' id='word_1_280' title='bbox 828 3965 996 4058; x_wconf 81' lang='lat' dir='ltr'>diximus,</span> <span class='ocrx_word' id='word_1_281' title='bbox 1007 3965 1235 4064; x_wconf 88' lang='lat' dir='ltr'>accipientes,</span> <span class='ocrx_word' id='word_1_282' title='bbox 1249 3965 1310 4039; x_wconf 85' lang='lat' dir='ltr'>illa</span> <span class='ocrx_word' id='word_1_283' title='bbox 1321 3967 1428 4039; x_wconf 88' lang='lat' dir='ltr'>etiam</span> <span class='ocrx_word' id='word_1_284' title='bbox 1439 3991 1611 4040; x_wconf 82' lang='lat' dir='ltr'>vocemus</span> <span class='ocrx_word' id='word_1_285' title='bbox 1625 3982 1783 4066; x_wconf 82' lang='lat' dir='ltr'>peccata,</span> <span class='ocrx_word' id='word_1_286' title='bbox 1793 3991 2029 4066; x_wconf 82' lang='lat' dir='ltr'>quaecumque</span> 
     </span>
     <span class='ocr_line' id='line_1_28' title="bbox 428 4086 2029 4185; baseline 0.002 -30"><span class='ocrx_word' id='word_1_287' title='bbox 428 4108 503 4156; x_wconf 89' lang='lat' dir='ltr'>non</span> <span class='ocrx_word' id='word_1_288' title='bbox 522 4086 779 4159; x_wconf 88' lang='lat' dir='ltr'>convenienter</span> <span class='ocrx_word' id='word_1_289' title='bbox 801 4086 960 4159; x_wconf 83' lang='lat' dir='ltr'>lecimus.</span> <span class='ocrx_word' id='word_1_290' title='bbox 987 4088 1024 4158; x_wconf 88' lang='lat' dir='ltr'>Si</span> <span class='ocrx_word' id='word_1_291' title='bbox 1046 4100 1168 4159; x_wconf 87' lang='lat' dir='ltr'>autem</span> <span class='ocrx_word' id='word_1_292' title='bbox 1185 4087 1331 4185; x_wconf 88' lang='lat' dir='ltr'>proprie</span> <span class='ocrx_word' id='word_1_293' title='bbox 1346 4103 1534 4185; x_wconf 85' lang='lat' dir='ltr'>peccatum</span> <span class='ocrx_word' id='word_1_294' title='bbox 1559 4088 1795 4185; x_wconf 88' lang='lat' dir='ltr'>intelligentes</span> <span class='ocrx_word' id='word_1_295' title='bbox 1818 4087 1938 4160; x_wconf 90' lang='lat' dir='ltr'>solum</span> <span class='ocrx_word' id='word_1_296' title='bbox 1963 4088 2029 4160; x_wconf 89' lang='lat' dir='ltr'>Dei</span> 
     </span>
     <span class='ocr_line' id='line_1_29' title="bbox 429 4206 2030 4306; baseline 0.002 -30"><span class='ocrx_word' id='word_1_297' title='bbox 429 4220 679 4304; x_wconf 89' lang='lat' dir='ltr'>contemptum</span> <span class='ocrx_word' id='word_1_298' title='bbox 696 4206 857 4278; x_wconf 86' lang='lat' dir='ltr'>dieamus</span> <span class='ocrx_word' id='word_1_299' title='bbox 872 4221 1074 4305; x_wconf 89' lang='lat' dir='ltr'>peccatum,</span> <span class='ocrx_word' id='word_1_300' title='bbox 1093 4221 1212 4305; x_wconf 88' lang='lat' dir='ltr'>potest</span> <span class='ocrx_word' id='word_1_301' title='bbox 1229 4229 1350 4277; x_wconf 79' lang='lat' dir='ltr'>revera</span> <span class='ocrx_word' id='word_1_302' title='bbox 1368 4207 1445 4278; x_wconf 89' lang='lat' dir='ltr'>sine</span> <span class='ocrx_word' id='word_1_303' title='bbox 1461 4207 1534 4281; x_wconf 91' lang='lat' dir='ltr'>hoc</span> <span class='ocrx_word' id='word_1_304' title='bbox 1550 4209 1623 4280; x_wconf 84' lang='lat' dir='ltr'>vita</span> <span class='ocrx_word' id='word_1_305' title='bbox 1640 4209 1705 4280; x_wconf 89' lang='lat' dir='ltr'>ista</span> <span class='ocrx_word' id='word_1_306' title='bbox 1720 4207 1882 4305; x_wconf 81' lang='lat' dir='ltr'>transigi,</span> <span class='ocrx_word' id='word_1_307' title='bbox 1904 4231 2030 4306; x_wconf 86' lang='lat' dir='ltr'>quam-</span> 
     </span>
     <span class='ocr_line' id='line_1_30' title="bbox 428 4324 2030 4427; baseline 0.002 -32"><span class='ocrx_word' id='word_1_308' title='bbox 428 4326 482 4396; x_wconf 80' lang='lat' dir='ltr'>vis</span> <span class='ocrx_word' id='word_1_309' title='bbox 504 4350 588 4399; x_wconf 89' lang='lat' dir='ltr'>cum</span> <span class='ocrx_word' id='word_1_310' title='bbox 607 4327 761 4399; x_wconf 81' lang='lat' dir='ltr'>maxima</span> <span class='ocrx_word' id='word_1_311' title='bbox 783 4324 1003 4400; x_wconf 86' lang='lat' dir='ltr'>difficultate.</span> <span class='ocrx_word' id='word_1_312' title='bbox 1026 4331 1097 4398; x_wconf 88' lang='lat' dir='ltr'>Nec</span> <span class='ocrx_word' id='word_1_313' title='bbox 1114 4325 1278 4425; x_wconf 80' lang='lat' dir='ltr'>prolecto</span> <span class='ocrx_word' id='word_1_314' title='bbox 1297 4324 1399 4416; x_wconf 90' lang='lat' dir='ltr'>illud,</span> <span class='ocrx_word' id='word_1_315' title='bbox 1421 4341 1584 4427; x_wconf 86' lang='lat' dir='ltr'>utsupra</span> <span class='ocrx_word' id='word_1_316' title='bbox 1610 4327 1859 4419; x_wconf 83' lang='lat' dir='ltr'>meminimus,</span> <span class='ocrx_word' id='word_1_317' title='bbox 1887 4325 2030 4399; x_wconf 88' lang='lat' dir='ltr'>nobisa</span> 
     </span>
     <span class='ocr_line' id='line_1_31' title="bbox 429 4444 2029 4545; baseline 0.001 -28"><span class='ocrx_word' id='word_1_318' title='bbox 429 4449 506 4517; x_wconf 83' lang='lat' dir='ltr'>[leo</span> <span class='ocrx_word' id='word_1_319' title='bbox 529 4445 753 4545; x_wconf 87' lang='lat' dir='ltr'>prohibitum</span> <span class='ocrx_word' id='word_1_320' title='bbox 773 4462 839 4540; x_wconf 89' lang='lat' dir='ltr'>est,</span> <span class='ocrx_word' id='word_1_321' title='bbox 863 4447 931 4519; x_wconf 87' lang='lat' dir='ltr'>nisi</span> <span class='ocrx_word' id='word_1_322' title='bbox 948 4470 1147 4519; x_wconf 84' lang='lat' dir='ltr'>consensus</span> <span class='ocrx_word' id='word_1_323' title='bbox 1167 4444 1265 4535; x_wconf 87' lang='lat' dir='ltr'>mali,</span> <span class='ocrx_word' id='word_1_324' title='bbox 1279 4469 1363 4543; x_wconf 89' lang='lat' dir='ltr'>quo</span> <span class='ocrx_word' id='word_1_325' title='bbox 1381 4449 1499 4519; x_wconf 88' lang='lat' dir='ltr'>Deum</span> <span class='ocrx_word' id='word_1_326' title='bbox 1518 4447 1799 4538; x_wconf 88' lang='lat' dir='ltr'>contemnimus,</span> <span class='ocrx_word' id='word_1_327' title='bbox 1818 4446 1928 4519; x_wconf 87' lang='lat' dir='ltr'>etiam</span> <span class='ocrx_word' id='word_1_328' title='bbox 1946 4470 2029 4519; x_wconf 90' lang='lat' dir='ltr'>cum</span> 
     </span>
     <span class='ocr_line' id='line_1_32' title="bbox 428 4564 2030 4665; baseline 0.002 -29"><span class='ocrx_word' id='word_1_329' title='bbox 428 4564 476 4637; x_wconf 90' lang='lat' dir='ltr'>de</span> <span class='ocrx_word' id='word_1_330' title='bbox 500 4589 610 4664; x_wconf 90' lang='lat' dir='ltr'>opere</span> <span class='ocrx_word' id='word_1_331' title='bbox 634 4567 823 4665; x_wconf 69' lang='lat' dir='ltr'>pmoeptio</span> <span class='ocrx_word' id='word_1_332' title='bbox 849 4565 927 4638; x_wconf 79' lang='lat' dir='ltr'>lieri</span> <span class='ocrx_word' id='word_1_333' title='bbox 951 4565 1106 4658; x_wconf 87' lang='lat' dir='ltr'>videtur,</span> <span class='ocrx_word' id='word_1_334' title='bbox 1128 4564 1219 4636; x_wconf 91' lang='lat' dir='ltr'>sicut</span> <span class='ocrx_word' id='word_1_335' title='bbox 1242 4566 1406 4665; x_wconf 90' lang='lat' dir='ltr'>superius</span> <span class='ocrx_word' id='word_1_336' title='bbox 1427 4567 1671 4665; x_wconf 81' lang='lat' dir='ltr'>exposuimus,</span> <span class='ocrx_word' id='word_1_337' title='bbox 1693 4566 1761 4644; x_wconf 86' lang='lat' dir='ltr'>nbi</span> <span class='ocrx_word' id='word_1_338' title='bbox 1783 4567 1892 4639; x_wconf 89' lang='lat' dir='ltr'>etiam</span> <span class='ocrx_word' id='word_1_339' title='bbox 1915 4580 2030 4639; x_wconf 88' lang='lat' dir='ltr'>osten·</span> 
     </span>
     <span class='ocr_line' id='line_1_33' title="bbox 422 4679 1662 4786; baseline 0.002 -32"><span class='ocrx_word' id='word_1_340' title='bbox 422 4679 546 4756; x_wconf 64' lang='lat' dir='ltr'>‘dimus</span> <span class='ocrx_word' id='word_1_341' title='bbox 563 4682 665 4759; x_wconf 87' lang='lat' dir='ltr'>aliter</span> <span class='ocrx_word' id='word_1_342' title='bbox 680 4708 907 4783; x_wconf 87' lang='lat' dir='ltr'>nequaquam</span> <span class='ocrx_word' id='word_1_343' title='bbox 924 4708 945 4756; x_wconf 88' lang='lat' dir='ltr'>a</span> <span class='ocrx_word' id='word_1_344' title='bbox 961 4683 1067 4757; x_wconf 90' lang='lat' dir='ltr'>nobis</span> <span class='ocrx_word' id='word_1_345' title='bbox 1083 4698 1261 4783; x_wconf 83' lang='lat' dir='ltr'>praecepta</span> <span class='ocrx_word' id='word_1_346' title='bbox 1275 4709 1381 4786; x_wconf 85' lang='lat' dir='ltr'>posse</span> <span class='ocrx_word' id='word_1_347' title='bbox 1397 4709 1463 4759; x_wconf 86' lang='lat' dir='ltr'>sua</span> <span class='ocrx_word' id='word_1_348' title='bbox 1478 4685 1662 4759; x_wconf 87' lang='lat' dir='ltr'>custodiri.</span> 
     </span>
    </p>

    <p class='ocr_par' dir='ltr' id='par_1_7' title="bbox 477 4801 2028 4904">
     <span class='ocr_line' id='line_1_34' title="bbox 477 4801 2028 4904; baseline 0.002 -30"><span class='ocrx_word' id='word_1_349' title='bbox 477 4809 708 4877; x_wconf 87' lang='lat' dir='ltr'>Peccatorum</span> <span class='ocrx_word' id='word_1_350' title='bbox 725 4816 845 4877; x_wconf 89' lang='lat' dir='ltr'>autem</span> <span class='ocrx_word' id='word_1_351' title='bbox 861 4802 931 4876; x_wconf 85' lang='lat' dir='ltr'>alia</span> <span class='ocrx_word' id='word_1_352' title='bbox 946 4802 1099 4876; x_wconf 84' lang='lat' dir='ltr'>venialia</span> <span class='ocrx_word' id='word_1_353' title='bbox 1112 4801 1296 4898; x_wconf 89' lang='lat' dir='ltr'>dicuntur,</span> <span class='ocrx_word' id='word_1_354' title='bbox 1317 4819 1353 4878; x_wconf 88' lang='lat' dir='ltr'>et</span> <span class='ocrx_word' id='word_1_355' title='bbox 1373 4805 1475 4904; x_wconf 88' lang='lat' dir='ltr'>quasi</span> <span class='ocrx_word' id='word_1_356' title='bbox 1491 4806 1603 4899; x_wconf 88' lang='lat' dir='ltr'>levia,</span> <span class='ocrx_word' id='word_1_357' title='bbox 1622 4804 1693 4879; x_wconf 81' lang='lat' dir='ltr'>alia</span> <span class='ocrx_word' id='word_1_358' title='bbox 1715 4805 1937 4880; x_wconf 86' lang='lat' dir='ltr'>damnabilia</span> <span class='ocrx_word' id='word_1_359' title='bbox 1953 4806 2028 4878; x_wconf 80' lang='lat' dir='ltr'>sive</span> 
     </span>
    </p>
   </div>
   <div class='ocr_carea' id='block_1_7' title="bbox 459 5058 1104 5124">
    <p class='ocr_par' dir='ltr' id='par_1_8' title="bbox 459 5058 1104 5124">
     <span class='ocr_line' id='line_1_35' title="bbox 459 5058 1104 5124; baseline 0.005 -14"><span class='ocrx_word' id='word_1_360' title='bbox 459 5058 571 5121; x_wconf 76' lang='lat' dir='ltr'>&#39;lacob.,</span> <span class='ocrx_word' id='word_1_361' title='bbox 580 5073 634 5122; x_wconf 76' lang='lat' dir='ltr'>cup.</span> <span class='ocrx_word' id='word_1_362' title='bbox 648 5072 686 5121; x_wconf 93' lang='lat' dir='ltr'>m,</span> <span class='ocrx_word' id='word_1_363' title='bbox 697 5074 720 5110; x_wconf 84' lang='lat' dir='ltr'>r.</span> <span class='ocrx_word' id='word_1_364' title='bbox 730 5064 755 5111; x_wconf 76' lang='lat'>2.</span> <span class='ocrx_word' id='word_1_365' title='bbox 767 5087 796 5097; x_wconf 96' lang='lat'>—</span> <span class='ocrx_word' id='word_1_366' title='bbox 810 5062 818 5091; x_wconf 83' lang='lat'>²</span> <span class='ocrx_word' id='word_1_367' title='bbox 830 5058 900 5111; x_wconf 81' lang='lat' dir='ltr'>toan.</span> <span class='ocrx_word' id='word_1_368' title='bbox 912 5058 932 5122; x_wconf 90' lang='lat' dir='ltr'>l,</span> <span class='ocrx_word' id='word_1_369' title='bbox 944 5073 998 5123; x_wconf 78' lang='lat' dir='ltr'>cap.</span> <span class='ocrx_word' id='word_1_370' title='bbox 1013 5072 1035 5124; x_wconf 85' lang='lat' dir='ltr'>r,</span> <span class='ocrx_word' id='word_1_371' title='bbox 1046 5062 1104 5113; x_wconf 68' lang='lat' dir='ltr'>ut.</span> 
     </span>
    </p>
   </div>
   <div class='ocr_carea' id='block_1_8' title="bbox 0 0 2284 6100">
    <p class='ocr_par' dir='ltr' id='par_1_9' title="bbox 0 0 2284 6100">
     <span class='ocr_line' id='line_1_36' title="bbox 0 0 2284 6100; baseline 0 0"><span class='ocrx_word' id='word_1_372' title='bbox 0 0 2284 6100; x_wconf 95' lang='lat' dir='ltr'> </span> 
     </span>
    </p>
   </div>
  </div>
 </body>
</html>
