4559 6100
473 514 545 586 trs
1054 557 1059 572 ι
1086 507 1211 583 Pll'l’lll
1235 507 1463 581 tunulum

473 665 705 752 Quinetiam
736 660 966 762 philosophia
994 661 1041 734 de
1070 662 1224 764 poeticis
1248 662 1397 733 estimet
1430 659 1560 753 muns,
1593 675 1628 733 et
1661 675 1837 757 quantum
1866 660 2075 759 indignetur

473 784 630 883 aliquem
649 785 838 859 alumnum
866 808 980 855 suum
993 782 1039 855 ad
1057 782 1302 857 meretriculas
1325 781 1402 855 illas
1425 806 1586 881 unquam
1603 779 1792 873 divertere,
1811 783 1953 882 inipso
1975 782 2076 856 aditu

473 904 553 978 libri
577 906 688 977 Boetii
711 903 755 975 de
783 903 1032 975 Consolatione
1049 903 1286 1002 philosophiae
1312 901 1502 1001 diligenter
1526 903 1749 1000 exprimitur,
1776 902 1907 975 ubide
1930 904 2007 1003 ipsa
2029 903 2075 977 ad

472 1025 746 1098 consolandum·
758 1023 1016 1124 philosophum
1034 1022 1227 1096 accedente
1250 1039 1286 1096 et
1307 1024 1518 1121 inspiciente
1543 1046 1663 1095 musas
1679 1020 1899 1122 philosopho
1920 1022 2072 1096 illiassi·

474 1160 620 1240 stantes,
644 1147 794 1244 ipsemet
820 1144 868 1216 ait
891 1142 1159 1243 philosophus:
1182 1148 1298 1231 «Quae
1322 1143 1384 1216 ubi
1407 1143 1566 1242 poeticas
1587 1168 1708 1217 musas
1730 1142 1820 1216 vidit
1840 1160 1965 1217 nostro
1988 1146 2076 1217 assi·

474 1279 606 1338 etentes
628 1264 750 1357 thoro,
776 1263 988 1362 fletibusque
1009 1263 1098 1337 meis
1123 1261 1234 1336 verba
1257 1262 1445 1355 dictantes,
1470 1277 1654 1336 commota
1675 1262 1871 1363 paulisper,
1900 1289 1942 1337 ac
1967 1266 2077 1336 torvis

474 1385 695 1458 inflammata
715 1382 926 1477 luminibus,
950 1383 1043 1481 quis,
1062 1382 1192 1480 inquit,
1213 1381 1279 1454 has
1305 1383 1465 1455 scenicas
1484 1384 1726 1457 meretriculas
1747 1383 1795 1456 ad
1818 1381 2077 1480 buncaegrnm

473 1506 635 1602 permisit
658 1503 841 1598 accedere,
863 1528 943 1602 quae
959 1501 1104 1576 dolores
1119 1503 1196 1599 ejus
1216 1519 1291 1573 non
1313 1502 1425 1574 modo
1444 1502 1551 1574 nullis
1567 1503 1734 1575 remediis
1756 1502 1930 1595 soverent,
1951 1527 2077 1576 verum

475 1623 640 1697 dulcibus
665 1625 813 1724 insuper
836 1623 974 1697 alerent
1000 1623 1167 1695 venenis?
1195 1626 1258 1694 Hae
1284 1636 1369 1694 sunt
1392 1623 1490 1695 enini
1516 1649 1607 1721 quae.
1625 1623 1858 1696 infructuosis
1884 1623 2076 1697 allectuum

474 1745 585 1843 spinis
607 1745 755 1818 uberem
779 1744 953 1817 fructibus
976 1744 1126 1816 rationis
1150 1755 1305 1840 segetem
1329 1757 1473 1834 necant,
1504 1742 1768 1840 hominumque
1793 1757 1932 1817 mentes
1956 1768 2077 1817 assue-

475 1864 608 1936 faciunt
634 1864 778 1954 morbo,
806 1887 881 1936 non
907 1864 1072 1937 liberant.
1105 1867 1147 1934 At
1172 1864 1202 1935 si
1224 1887 1332 1960 quem
1358 1861 1564 1960 profanum,
1585 1863 1636 1934 uti
1653 1862 1762 1959 vulgo
1787 1863 1948 1952 solitum,
1974 1864 2078 1937 nobis

474 1980 656 2056 blanditias
677 1998 803 2056 vestrae
825 1982 1065 2073 detraherent,
1093 1984 1213 2055 minus
1236 1983 1384 2057 moleste
1410 1981 1596 2055 ferendum
1622 1998 1800 2082 putarem.
1828 1983 1920 2055 Nihil
1945 1986 2078 2084 qnippe

476 2102 512 2172 in
539 2125 583 2174 eo
607 2119 736 2176 nostrae
766 2127 883 2203 operae
901 2102 1125 2176 laederentur.
1154 2106 1259 2175 Hunc
1282 2127 1369 2176 vero
1395 2103 1559 2176 Eleaticis
1580 2116 1689 2202 atque
1714 2101 1934 2176 Academicis
1955 2104 2079 2176 studiis

358 2217 361 2226 ’
475 2221 713 2295 innutritum?
733 2223 803 2295 Sed
822 2224 871 2296 ite
891 2225 1012 2323 potius
1027 2224 1159 2295 Sirenae
1174 2248 1288 2322 usque
1311 2223 1357 2297 ad
1377 2224 1511 2296 exitum
1530 2222 1666 2312 dulces,
1690 2225 1851 2323 meisque
1870 2249 1955 2296 eum
1970 2225 2079 2297 musis

475 2343 691 2416 curandum
712 2342 986 2443 sanandumque
1017 2342 1237 2441 relinquite.
1253 2347 1316 2416 His
1345 2343 1403 2417 ille
1433 2344 1567 2417 chorus
1599 2345 1795 2444 increpitus
1823 2342 1953 2441 dejecit
1978 2344 2079 2418 humi

476 2463 631 2536 maestior
657 2463 818 2557 vultum,
849 2464 1103 2563 consessusque
1130 2463 1265 2535 rubore
1291 2464 1559 2557 verecundiam,
1592 2465 1711 2536 tristis>
1726 2466 1888 2537 excessit.
1906 2494 1924 2532 n

459 2613 489 2650 .·
524 2580 673 2673 Quanto
689 2585 796 2658 etiam
820 2584 950 2657 allecttt
974 2584 1155 2657 subditam
1176 2582 1322 2683 plebem
1347 2600 1504 2657 rectores
1529 2585 1713 2657 civitatum
1739 2586 2013 2684 amplectantur,
2037 2599 2078 2656 ut

476 2705 533 2776 eis*
551 2706 661 2803 magis
687 2730 752 2804 per
780 2693 942 2777 amoreni
970 2704 1107 2795 adesse,
1135 2697 1339 2802 quarn'per
1364 2705 1543 2777 damnum
1571 2729 1720 2803 praeesse
1743 2717 2013 2802 recognoscant,
2044 2719 2081 2777 et

476 2847 514 2896 se
539 2826 659 2924 potius
682 2824 864 2896 ministros
886 2829 997 2921 quam
1024 2821 1208 2912 dominos,
1237 2838 1377 2895 certum
1403 2823 1631 2924 praefixerunt
1649 2825 1856 2924 philosophi
1880 2824 2078 2916 decretum,

476 2967 560 3016 curn
588 2944 675 3018 tales
701 2968 764 3016 eos
788 2941 1069 3041 descripserunt,
1094 2944 1157 3041 qui
1178 2943 1277 3040 juata
1308 2942 1396 3016 illud
1422 2942 1547 3034 Tullii,
1576 2970 1645 3044 pro
1670 2944 1835 3018 libertate
1859 2945 1983 3043 patriae
2005 2970 2080 3016 non

477 3066 594 3138 solum
620 3088 793 3166 pugnare,
821 3071 949 3137 verum
964 3079 999 3135 et
1025 3065 1134 3136 vitam
1158 3076 1293 3163 ponere
1316 3090 1392 3137 non
1420 3065 1640 3140 formidante
1665 3067 1824 3139 certide
1847 3064 1908 3139 illa
1931 3064 2081 3139 coelestis

476 3185 709 3258 beatitudiuis
729 3184 826 3278 sede,
851 3209 930 3282 quae
953 3183 1114 3284 Scipioni
1131 3185 1286 3259 revelata
1307 3187 1541 3285 promittitur.
1561 3191 1615 3259 De
1636 3208 1712 3286 quo
1727 3202 1762 3259 et
1784 3186 1959 3260 nonnulla
1978 3185 2075 3285 apud

476 3307 626 3406 gentiles
653 3308 750 3406 ipsos
767 3307 804 3378 in
830 3321 958 3406 praesto
978 3296 1083 3379 nobis
1102 3320 1189 3381 sunt
1211 3308 1387 3407 exempla,
1413 3309 1475 3406 qui
1499 3310 1654 3409 propriae
1670 3309 1775 3381 saluti
1793 3332 1942 3381 suorum
1959 3309 2076 3407 sospi-

477 3442 585 3501 tatem
611 3442 874 3527 praeponerent,
901 3440 938 3499 et
963 3422 1045 3527 plns
1072 3448 1157 3499 suos
1180 3448 1288 3525 quarn
1316 3429 1451 3527 seipsos
1477 3453 1515 3501 aa
1546 3428 1691 3527 diligere
1717 3429 1941 3520 exhiberent,
1979 3427 2079 3527 quod

477 3550 514 3620 in
533 3548 678 3620 duobus
694 3548 826 3637 Deciis,
845 3546 947 3645 quod
963 3548 1000 3620 in
1017 3547 1165 3629 Platone
1176 3551 1199 3642 ¹,
1220 3547 1321 3647 quod
1339 3549 1375 3620 in
1395 3548 1516 3621 multis
1533 3548 1609 3621 aliis
1634 3551 1755 3623 mirari
1777 3546 2009 3622 vehementer
2023 3573 2081 3622 oo·

478 3670 607 3766 gimnr.
626 3673 716 3739 Nam
731 3683 770 3738 'et
786 3666 837 3738 illi
852 3691 921 3766 pro
940 3667 1053 3740 salute
1070 3656 1226 3740 *suorum
1243 3669 1355 3740 morti
1373 3693 1411 3741 se
1428 3667 1627 3763 devovisse,
1643 3685 1678 3743 et
1697 3670 1846 3743 viriliter
1869 3694 1948 3742 earn
1976 3671 2081 3742 susti·

479 3789 598 3860 nuisse
612 3786 827 3877 referuntur,
845 3799 882 3856 et
903 3785 963 3857 bic
979 3786 1035 3858 siti
1051 3787 1254 3886 periclitans
1282 3786 1439 3860 oblatam
1473 3813 1606 3887 aquam
1629 3791 1808 3890 suscipere
1831 3790 2020 3877 recusarit,
2047 3804 2081 3861 et

480 3906 666 3980 communi
687 3905 847 4004 periculo
878 3904 1004 3978 maluit
1032 3904 1219 3985 cumanis
1251 3907 1487 3999 occumbere,
1513 3934 1623 4006 quarn
1647 3935 1686 3985 se
1708 3909 1826 3983 solum
1856 3910 2080 4009 superstitem

479 4030 609 4103 haustu
643 4027 879 4101 refocillatum
908 4053 1145 4118 eonservare;
1174 4029 1275 4127 quod
1300 4044 1334 4102 et
1358 4031 1508 4105 dilectus
1546 4034 1706 4105 Domino
1720 4076 1722 4081 >
1737 4033 1852 4107 David
1876 4046 1982 4106 antea
2011 4058 2081 4105 suae

481 4148 613 4223 indolis
642 4147 834 4247 reliquerat
856 4151 1072 4249 exemplum.
1101 4150 1322 4224 Erubescant
1340 4152 1387 4223 ad
1410 4152 1486 4225 haec
1510 4153 1618 4251 hujus
1641 4155 1812 4253 temporis
1834 4153 1981 4226 abbates
2002 4154 2081 4252 qui-

481 4266 548 4342 bus
573 4293 712 4342 summu
735 4269 917 4367 religionis
942 4271 1144 4343 monasticae
1171 4294 1258 4342 cura
1283 4273 1472 4346 commissa
1496 4288 1568 4368 est,
1600 4273 1826 4366 embe‘seant,
1854 4262 2032 4373 inquam,
2046 4288 2081 4344 et

482 4391 693 4492 resipiscant
714 4390 839 4464 saltem
864 4391 1060 4463 Gentilium
1087 4391 1253 4489 exemplo
1281 4396 1467 4485 commoti,
1493 4394 1592 4492 quod
1616 4397 1654 4467 in
1678 4395 1791 4467 ocrrlis
1822 4397 1970 4468 fratrum
1997 4395 2081 4467 vilia

481 4512 752 4613 pulmentorum
776 4510 908 4610 pabula
930 4511 1208 4599 ruminantium,
1239 4513 1413 4609 exquisita
1441 4500 1574 4587 fercula
1596 4539 1638 4588 ac
1662 4514 1872 4615 multiplicia
1891 4513 2082 4613 impuden·

483 4648 537 4705 ter
553 4631 741 4705 devorant.
761 4629 956 4705 Attendant
972 4642 1008 4701 et
1022 4628 1209 4702 christiani
1224 4631 1405 4732 principes
1420 4650 1558 4732 quanto
1576 4635 1794 4708 fortitudinis
1819 4636 1896 4707 nelo
1908 4634 2082 4732 justitiam

483 4756 615 4826 Gentes
631 4750 802 4851 amplexae
815 4750 900 4838 sint,
915 4764 950 4820 et
963 4747 1049 4821 illud
1066 4748 1157 4820 inter
1173 4764 1290 4824 cetera
1304 4751 1435 4825 Valerii
1450 4755 1590 4826 Maximi
1603 4756 1705 4853 quasi
1719 4780 1791 4854 prae
1808 4756 1921 4828 oculis
1934 4754 2082 4828 affixum

483 4895 624 4968 semper
638 4872 673 4941 in
689 4868 854 4967 exemplo
870 4882 1015 4964 gerant,
1041 4866 1153 4959 illud,
1178 4870 1344 4969 iuquam,
1365 4872 1410 4946 de
1433 4898 1506 4971 quo
1528 4874 1700 4972 scripturn
1719 4877 1786 4971 est?
1805 4903 1814 4945 ε
1836 4904 1854 4943 a
1871 4873 2082 4967 Zaleuchus,

517 5157 673 5218 ‘terendum
684 5157 768 5219 potius
778 5158 879 5209 canno.
892 5157 939 5192 -¹
965 5150 1048 5207 t'ater.
1068 5159 1132 5208 loe.
1142 5194 1149 5217 ‚
1161 5161 1206 5209 un.
1216 5156 1256 5221 tt,
1269 5172 1323 5222 rap.
1337 5173 1359 5211 r.
