<?xml version="1.0" encoding="UTF-8"?>
<!DOCTYPE html PUBLIC "-//W3C//DTD XHTML 1.0 Transitional//EN"
    "http://www.w3.org/TR/xhtml1/DTD/xhtml1-transitional.dtd">
<html xmlns="http://www.w3.org/1999/xhtml" xml:lang="en" lang="en">
 <head>
  <title>
</title>
<meta http-equiv="Content-Type" content="text/html;charset=utf-8" />
  <meta name='ocr-system' content='tesseract 3.04.00' />
  <meta name='ocr-capabilities' content='ocr_page ocr_carea ocr_par ocr_line ocrx_word'/>
</head>
<body>
  <div class='ocr_page' id='page_1' title='image "./petriablardiope00despgoog_0602.png"; bbox 0 0 4559 6100; ppageno 0'>
   <div class='ocr_carea' id='block_1_1' title="bbox 452 478 1444 556">
    <p class='ocr_par' dir='ltr' id='par_1_1' title="bbox 452 478 1444 556">
     <span class='ocr_line' id='line_1_1' title="bbox 452 478 1444 556; baseline -0.004 0"><span class='ocrx_word' id='word_1_1' title='bbox 452 482 521 556; x_wconf 76' lang='lat' dir='ltr'>stt</span> <span class='ocrx_word' id='word_1_2' title='bbox 1054 482 1185 555; x_wconf 79' lang='lat' dir='ltr'>PETRI</span> <span class='ocrx_word' id='word_1_3' title='bbox 1209 478 1444 555; x_wconf 76' lang='lat' dir='ltr'>assmtlnnt</span> 
     </span>
    </p>
   </div>
   <div class='ocr_carea' id='block_1_2' title="bbox 442 630 2048 4918">
    <p class='ocr_par' dir='ltr' id='par_1_2' title="bbox 442 630 2048 4802">
     <span class='ocr_line' id='line_1_2' title="bbox 452 630 2046 730; baseline -0.001 -24"><span class='ocrx_word' id='word_1_4' title='bbox 452 632 593 723; x_wconf 86' lang='lat' dir='ltr'>melius,</span> <span class='ocrx_word' id='word_1_5' title='bbox 610 631 740 727; x_wconf 89' lang='lat' dir='ltr'>inquit,</span> <span class='ocrx_word' id='word_1_6' title='bbox 759 646 932 728; x_wconf 88' lang='lat' dir='ltr'>geruntur</span> <span class='ocrx_word' id='word_1_7' title='bbox 945 658 989 707; x_wconf 90' lang='lat' dir='ltr'>ea</span> <span class='ocrx_word' id='word_1_8' title='bbox 1004 657 1083 729; x_wconf 74' lang='lat' dir='ltr'>quae</span> <span class='ocrx_word' id='word_1_9' title='bbox 1099 631 1249 706; x_wconf 89' lang='lat' dir='ltr'>consilio</span> <span class='ocrx_word' id='word_1_10' title='bbox 1263 655 1464 730; x_wconf 78' lang='lat' dir='ltr'>quamque</span> <span class='ocrx_word' id='word_1_11' title='bbox 1480 631 1557 703; x_wconf 90' lang='lat' dir='ltr'>sine</span> <span class='ocrx_word' id='word_1_12' title='bbox 1567 630 1719 704; x_wconf 90' lang='lat' dir='ltr'>consilio</span> <span class='ocrx_word' id='word_1_13' title='bbox 1735 630 2046 723; x_wconf 77' lang='lat' dir='ltr'><strong>administrantur,</strong></span> 
     </span>
     <span class='ocr_line' id='line_1_3' title="bbox 454 749 2046 850; baseline -0.001 -25"><span class='ocrx_word' id='word_1_14' title='bbox 454 751 543 825; x_wconf 92' lang='lat' dir='ltr'>nihil</span> <span class='ocrx_word' id='word_1_15' title='bbox 560 765 680 822; x_wconf 89' lang='lat' dir='ltr'>autem</span> <span class='ocrx_word' id='word_1_16' title='bbox 697 753 861 824; x_wconf 89' lang='lat' dir='ltr'>omnium</span> <span class='ocrx_word' id='word_1_17' title='bbox 878 778 1000 825; x_wconf 90' lang='lat' dir='ltr'>rerum</span> <span class='ocrx_word' id='word_1_18' title='bbox 1016 752 1144 826; x_wconf 90' lang='lat' dir='ltr'>melius</span> <span class='ocrx_word' id='word_1_19' title='bbox 1157 777 1267 850; x_wconf 88' lang='lat' dir='ltr'>quam</span> <span class='ocrx_word' id='word_1_20' title='bbox 1283 752 1402 825; x_wconf 89' lang='lat' dir='ltr'>omnis</span> <span class='ocrx_word' id='word_1_21' title='bbox 1418 749 1575 827; x_wconf 90' lang='lat' dir='ltr'>mundns</span> <span class='ocrx_word' id='word_1_22' title='bbox 1590 749 1855 827; x_wconf 87' lang='lat' dir='ltr'>administratur</span> <span class='ocrx_word' id='word_1_23' title='bbox 1871 779 1879 821; x_wconf 74' lang='grc' dir='ltr'><strong>ε</strong></span> <span class='ocrx_word' id='word_1_24' title='bbox 1896 752 2046 826; x_wconf 83' lang='lat' dir='ltr'>consilio</span> 
     </span>
     <span class='ocr_line' id='line_1_4' title="bbox 453 869 2046 967; baseline 0.001 -24"><span class='ocrx_word' id='word_1_25' title='bbox 453 872 560 967; x_wconf 90' lang='lat' dir='ltr'>igitur</span> <span class='ocrx_word' id='word_1_26' title='bbox 576 871 735 945; x_wconf 90' lang='lat' dir='ltr'>mundus</span> <span class='ocrx_word' id='word_1_27' title='bbox 749 872 1030 947; x_wconf 85' lang='lat' dir='ltr'>administratur.</span> <span class='ocrx_word' id='word_1_28' title='bbox 1048 905 1065 939; x_wconf 68' lang='lat' dir='ltr'>s</span> <span class='ocrx_word' id='word_1_29' title='bbox 1086 877 1230 960; x_wconf 89' lang='lat' dir='ltr'>Quanta</span> <span class='ocrx_word' id='word_1_30' title='bbox 1244 884 1365 943; x_wconf 85' lang='lat' dir='ltr'>autern</span> <span class='ocrx_word' id='word_1_31' title='bbox 1380 872 1519 943; x_wconf 85' lang='lat' dir='ltr'>ratione</span> <span class='ocrx_word' id='word_1_32' title='bbox 1537 885 1666 943; x_wconf 86' lang='lat' dir='ltr'>cuncta</span> <span class='ocrx_word' id='word_1_33' title='bbox 1684 872 1721 943; x_wconf 93' lang='lat' dir='ltr'>in</span> <span class='ocrx_word' id='word_1_34' title='bbox 1739 871 1878 945; x_wconf 88' lang='lat' dir='ltr'>mundo</span> <span class='ocrx_word' id='word_1_35' title='bbox 1898 869 1987 944; x_wconf 81' lang='lat' dir='ltr'>siant</span> <span class='ocrx_word' id='word_1_36' title='bbox 2004 896 2046 945; x_wconf 88' lang='lat' dir='ltr'>ac</span> 
     </span>
     <span class='ocr_line' id='line_1_5' title="bbox 454 989 2042 1090; baseline -0.003 -24"><span class='ocrx_word' id='word_1_37' title='bbox 454 992 705 1089; x_wconf 75' lang='lat' dir='ltr'><strong>disponantur,</strong></span> <span class='ocrx_word' id='word_1_38' title='bbox 733 993 909 1065; x_wconf 85' lang='lat' dir='ltr'>maximus</span> <span class='ocrx_word' id='word_1_39' title='bbox 925 994 1095 1069; x_wconf 91' lang='lat' dir='ltr'>omnium</span> <span class='ocrx_word' id='word_1_40' title='bbox 1111 989 1414 1090; x_wconf 88' lang='lat' dir='ltr'>pbilosophorum</span> <span class='ocrx_word' id='word_1_41' title='bbox 1435 989 1532 1063; x_wconf 89' lang='lat' dir='ltr'>Plato</span> <span class='ocrx_word' id='word_1_42' title='bbox 1556 989 1742 1089; x_wconf 75' lang='lat' dir='ltr'>diligenter</span> <span class='ocrx_word' id='word_1_43' title='bbox 1762 990 1949 1063; x_wconf 90' lang='lat' dir='ltr'>attendens</span> <span class='ocrx_word' id='word_1_44' title='bbox 1965 993 2013 1065; x_wconf 89' lang='lat' dir='ltr'>ait</span> <span class='ocrx_word' id='word_1_45' title='bbox 2034 1019 2042 1061; x_wconf 91' lang='lat'>:</span> 
     </span>
     <span class='ocr_line' id='line_1_6' title="bbox 457 1109 2044 1209; baseline 0.003 -30"><span class='ocrx_word' id='word_1_46' title='bbox 457 1144 474 1177; x_wconf 78' lang='lat' dir='ltr'>n</span> <span class='ocrx_word' id='word_1_47' title='bbox 486 1110 628 1184; x_wconf 87' lang='lat' dir='ltr'>Nihilfit</span> <span class='ocrx_word' id='word_1_48' title='bbox 642 1111 744 1208; x_wconf 91' lang='lat' dir='ltr'>cujus</span> <span class='ocrx_word' id='word_1_49' title='bbox 756 1126 877 1185; x_wconf 86' lang='lat' dir='ltr'>ortum</span> <span class='ocrx_word' id='word_1_50' title='bbox 887 1137 962 1184; x_wconf 92' lang='lat' dir='ltr'>nnn</span> <span class='ocrx_word' id='word_1_51' title='bbox 972 1112 1128 1208; x_wconf 88' lang='lat' dir='ltr'>legitima</span> <span class='ocrx_word' id='word_1_52' title='bbox 1144 1132 1251 1183; x_wconf 90' lang='lat' dir='ltr'>causa</span> <span class='ocrx_word' id='word_1_53' title='bbox 1261 1124 1298 1182; x_wconf 88' lang='lat' dir='ltr'>et</span> <span class='ocrx_word' id='word_1_54' title='bbox 1315 1110 1407 1183; x_wconf 88' lang='lat' dir='ltr'>ratio</span> <span class='ocrx_word' id='word_1_55' title='bbox 1415 1109 1634 1209; x_wconf 68' lang='lat' dir='ltr'>praecedatis</span> <span class='ocrx_word' id='word_1_56' title='bbox 1655 1115 1743 1199; x_wconf 84' lang='lat' dir='ltr'>Quae</span> <span class='ocrx_word' id='word_1_57' title='bbox 1756 1112 1854 1184; x_wconf 93' lang='lat' dir='ltr'>enim</span> <span class='ocrx_word' id='word_1_58' title='bbox 1866 1125 2044 1208; x_wconf 88' lang='lat' dir='ltr'>quantum</span> 
     </span>
     <span class='ocr_line' id='line_1_7' title="bbox 454 1230 2047 1328; baseline -0.001 -23"><span class='ocrx_word' id='word_1_59' title='bbox 454 1231 502 1305; x_wconf 90' lang='lat' dir='ltr'>ad</span> <span class='ocrx_word' id='word_1_60' title='bbox 527 1255 595 1304; x_wconf 88' lang='lat' dir='ltr'>nos</span> <span class='ocrx_word' id='word_1_61' title='bbox 621 1232 765 1305; x_wconf 82' lang='lat' dir='ltr'>fortuita</span> <span class='ocrx_word' id='word_1_62' title='bbox 786 1231 968 1324; x_wconf 89' lang='lat' dir='ltr'>dicuntur,</span> <span class='ocrx_word' id='word_1_63' title='bbox 989 1247 1097 1328; x_wconf 90' lang='lat' dir='ltr'>atque</span> <span class='ocrx_word' id='word_1_64' title='bbox 1118 1230 1304 1328; x_wconf 84' lang='lat' dir='ltr'>inopinate</span> <span class='ocrx_word' id='word_1_65' title='bbox 1327 1231 1592 1328; x_wconf 75' lang='lat' dir='ltr'>provenientia,</span> <span class='ocrx_word' id='word_1_66' title='bbox 1614 1231 1718 1305; x_wconf 90' lang='lat' dir='ltr'>certis</span> <span class='ocrx_word' id='word_1_67' title='bbox 1741 1232 1780 1303; x_wconf 90' lang='lat' dir='ltr'>in</span> <span class='ocrx_word' id='word_1_68' title='bbox 1799 1235 1876 1304; x_wconf 86' lang='lat' dir='ltr'>Deo</span> <span class='ocrx_word' id='word_1_69' title='bbox 1898 1232 2047 1304; x_wconf 88' lang='lat' dir='ltr'>rationis</span> 
     </span>
     <span class='ocr_line' id='line_1_8' title="bbox 453 1349 2046 1451; baseline -0.001 -27"><span class='ocrx_word' id='word_1_70' title='bbox 453 1352 591 1449; x_wconf 89' lang='lat' dir='ltr'>legibus</span> <span class='ocrx_word' id='word_1_71' title='bbox 610 1351 680 1425; x_wconf 84' lang='lat' dir='ltr'>fixa</span> <span class='ocrx_word' id='word_1_72' title='bbox 705 1366 806 1444; x_wconf 89' lang='lat' dir='ltr'>sunt,</span> <span class='ocrx_word' id='word_1_73' title='bbox 831 1367 940 1450; x_wconf 87' lang='lat' dir='ltr'>atque</span> <span class='ocrx_word' id='word_1_74' title='bbox 965 1352 1103 1451; x_wconf 91' lang='lat' dir='ltr'>optimo</span> <span class='ocrx_word' id='word_1_75' title='bbox 1125 1375 1275 1448; x_wconf 79' lang='lat' dir='ltr'>quaeque</span> <span class='ocrx_word' id='word_1_76' title='bbox 1293 1349 1386 1423; x_wconf 88' lang='lat' dir='ltr'>liunt</span> <span class='ocrx_word' id='word_1_77' title='bbox 1402 1350 1567 1425; x_wconf 89' lang='lat' dir='ltr'>consilio.</span> <span class='ocrx_word' id='word_1_78' title='bbox 1595 1354 1673 1423; x_wconf 86' lang='lat' dir='ltr'>Hoc</span> <span class='ocrx_word' id='word_1_79' title='bbox 1689 1375 1788 1444; x_wconf 79' lang='lat' dir='ltr'>vero,</span> <span class='ocrx_word' id='word_1_80' title='bbox 1812 1375 1886 1447; x_wconf 87' lang='lat' dir='ltr'>quo</span> <span class='ocrx_word' id='word_1_81' title='bbox 1910 1351 2046 1448; x_wconf 87' lang='lat' dir='ltr'>optime</span> 
     </span>
     <span class='ocr_line' id='line_1_9' title="bbox 454 1469 2042 1570; baseline -0.001 -27"><span class='ocrx_word' id='word_1_82' title='bbox 454 1486 583 1544; x_wconf 88' lang='lat' dir='ltr'>cuncta</span> <span class='ocrx_word' id='word_1_83' title='bbox 599 1470 690 1543; x_wconf 83' lang='lat' dir='ltr'>liunt</span> <span class='ocrx_word' id='word_1_84' title='bbox 706 1496 749 1543; x_wconf 90' lang='lat' dir='ltr'>ac</span> <span class='ocrx_word' id='word_1_85' title='bbox 772 1471 1026 1570; x_wconf 86' lang='lat' dir='ltr'>disponuntur,</span> <span class='ocrx_word' id='word_1_86' title='bbox 1045 1469 1257 1559; x_wconf 90' lang='lat' dir='ltr'>consilium,</span> <span class='ocrx_word' id='word_1_87' title='bbox 1276 1469 1335 1541; x_wconf 87' lang='lat' dir='ltr'>alii</span> <span class='ocrx_word' id='word_1_88' title='bbox 1352 1473 1488 1560; x_wconf 90' lang='lat' dir='ltr'>Deum,</span> <span class='ocrx_word' id='word_1_89' title='bbox 1510 1469 1571 1540; x_wconf 89' lang='lat' dir='ltr'>alii</span> <span class='ocrx_word' id='word_1_90' title='bbox 1587 1484 1752 1545; x_wconf 83' lang='lat' dir='ltr'>naturam</span> <span class='ocrx_word' id='word_1_91' title='bbox 1767 1471 1883 1570; x_wconf 89' lang='lat' dir='ltr'>ipsam</span> <span class='ocrx_word' id='word_1_92' title='bbox 1899 1493 2042 1560; x_wconf 90' lang='lat' dir='ltr'>rerum,</span> 
     </span>
     <span class='ocr_line' id='line_1_10' title="bbox 454 1589 2045 1680; baseline -0.001 -18"><span class='ocrx_word' id='word_1_93' title='bbox 454 1589 513 1663; x_wconf 89' lang='lat' dir='ltr'>alii</span> <span class='ocrx_word' id='word_1_94' title='bbox 527 1605 683 1664; x_wconf 87' lang='lat' dir='ltr'>mentem</span> <span class='ocrx_word' id='word_1_95' title='bbox 698 1615 760 1662; x_wconf 89' lang='lat' dir='ltr'>sen</span> <span class='ocrx_word' id='word_1_96' title='bbox 778 1592 936 1663; x_wconf 89' lang='lat' dir='ltr'>animam</span> <span class='ocrx_word' id='word_1_97' title='bbox 953 1589 1081 1663; x_wconf 89' lang='lat' dir='ltr'>mundi</span> <span class='ocrx_word' id='word_1_98' title='bbox 1094 1613 1223 1661; x_wconf 89' lang='lat' dir='ltr'>vocare</span> <span class='ocrx_word' id='word_1_99' title='bbox 1237 1602 1510 1680; x_wconf 83' lang='lat' dir='ltr'>consueverunt,</span> <span class='ocrx_word' id='word_1_100' title='bbox 1529 1610 1657 1663; x_wconf 88' lang='lat' dir='ltr'>omnes</span> <span class='ocrx_word' id='word_1_101' title='bbox 1673 1589 1846 1663; x_wconf 87' lang='lat' dir='ltr'>autemid</span> <span class='ocrx_word' id='word_1_102' title='bbox 1863 1613 2045 1661; x_wconf 91' lang='lat' dir='ltr'>summum</span> 
     </span>
     <span class='ocr_line' id='line_1_11' title="bbox 452 1708 2048 1808; baseline 0.001 -26"><span class='ocrx_word' id='word_1_103' title='bbox 452 1708 590 1783; x_wconf 88' lang='lat' dir='ltr'>bonurn</span> <span class='ocrx_word' id='word_1_104' title='bbox 616 1710 884 1800; x_wconf 83' lang='lat' dir='ltr'>intellexerunt,</span> <span class='ocrx_word' id='word_1_105' title='bbox 911 1708 1011 1807; x_wconf 88' lang='lat' dir='ltr'>quod</span> <span class='ocrx_word' id='word_1_106' title='bbox 1036 1708 1217 1808; x_wconf 82' lang='lat' dir='ltr'>professus</span> <span class='ocrx_word' id='word_1_107' title='bbox 1240 1721 1294 1781; x_wconf 89' lang='lat' dir='ltr'>est</span> <span class='ocrx_word' id='word_1_108' title='bbox 1317 1711 1492 1781; x_wconf 83' lang='lat' dir='ltr'>Socrates.</span> <span class='ocrx_word' id='word_1_109' title='bbox 1518 1710 1656 1781; x_wconf 82' lang='lat' dir='ltr'>Primus</span> <span class='ocrx_word' id='word_1_110' title='bbox 1681 1723 1800 1782; x_wconf 88' lang='lat' dir='ltr'>autem</span> <span class='ocrx_word' id='word_1_111' title='bbox 1821 1713 2048 1804; x_wconf 76' lang='lat' dir='ltr'>Anaxagoras</span> 
     </span>
     <span class='ocr_line' id='line_1_12' title="bbox 452 1828 2045 1929; baseline 0.001 -28"><span class='ocrx_word' id='word_1_112' title='bbox 452 1831 544 1902; x_wconf 89' lang='lat' dir='ltr'>inter</span> <span class='ocrx_word' id='word_1_113' title='bbox 571 1831 754 1903; x_wconf 80' lang='lat' dir='ltr'>universos</span> <span class='ocrx_word' id='word_1_114' title='bbox 780 1829 1017 1929; x_wconf 89' lang='lat' dir='ltr'>philosophos</span> <span class='ocrx_word' id='word_1_115' title='bbox 1045 1828 1208 1902; x_wconf 85' lang='lat' dir='ltr'>divinum</span> <span class='ocrx_word' id='word_1_116' title='bbox 1227 1828 1391 1901; x_wconf 90' lang='lat' dir='ltr'>animum</span> <span class='ocrx_word' id='word_1_117' title='bbox 1412 1828 1580 1902; x_wconf 89' lang='lat' dir='ltr'>omnium</span> <span class='ocrx_word' id='word_1_118' title='bbox 1604 1828 1811 1901; x_wconf 83' lang='lat' dir='ltr'>effectorem</span> <span class='ocrx_word' id='word_1_119' title='bbox 1835 1842 2045 1903; x_wconf 88' lang='lat' dir='ltr'>naturarum</span> 
     </span>
     <span class='ocr_line' id='line_1_13' title="bbox 452 1947 2045 2050; baseline -0.003 -25"><span class='ocrx_word' id='word_1_120' title='bbox 452 1951 601 2025; x_wconf 80' lang='lat' dir='ltr'>sensisse</span> <span class='ocrx_word' id='word_1_121' title='bbox 627 1949 849 2050; x_wconf 87' lang='lat' dir='ltr'>perhibetur,</span> <span class='ocrx_word' id='word_1_122' title='bbox 877 1952 968 2022; x_wconf 90' lang='lat' dir='ltr'>sicut</span> <span class='ocrx_word' id='word_1_123' title='bbox 992 1950 1030 2021; x_wconf 91' lang='lat' dir='ltr'>in</span> <span class='ocrx_word' id='word_1_124' title='bbox 1059 1964 1188 2022; x_wconf 90' lang='lat' dir='ltr'>octavo</span> <span class='ocrx_word' id='word_1_125' title='bbox 1210 1947 1253 2019; x_wconf 82' lang='lat' dir='ltr'>de</span> <span class='ocrx_word' id='word_1_126' title='bbox 1281 1952 1430 2022; x_wconf 79' lang='lat' dir='ltr'>Cr&#39;vr‘wte</span> <span class='ocrx_word' id='word_1_127' title='bbox 1453 1951 1522 2020; x_wconf 77' lang='lat' dir='ltr'>Dei</span> <span class='ocrx_word' id='word_1_128' title='bbox 1541 1948 1668 2021; x_wconf 85' lang='lat' dir='ltr'>beatus</span> <span class='ocrx_word' id='word_1_129' title='bbox 1690 1962 1950 2022; x_wconf 84' lang='lat' dir='ltr'>commemorat</span> <span class='ocrx_word' id='word_1_130' title='bbox 1974 1953 2045 2021; x_wconf 75' lang='lat' dir='ltr'>Au·</span> 
     </span>
     <span class='ocr_line' id='line_1_14' title="bbox 453 2066 2046 2168; baseline -0.001 -25"><span class='ocrx_word' id='word_1_131' title='bbox 453 2071 641 2165; x_wconf 83' lang='lat' dir='ltr'>guatinus¹.</span> <span class='ocrx_word' id='word_1_132' title='bbox 666 2069 767 2142; x_wconf 88' lang='lat' dir='ltr'>Unde</span> <span class='ocrx_word' id='word_1_133' title='bbox 785 2084 820 2141; x_wconf 89' lang='lat' dir='ltr'>et</span> <span class='ocrx_word' id='word_1_134' title='bbox 835 2070 925 2142; x_wconf 93' lang='lat' dir='ltr'>illud</span> <span class='ocrx_word' id='word_1_135' title='bbox 943 2084 997 2142; x_wconf 87' lang='lat' dir='ltr'>est</span> <span class='ocrx_word' id='word_1_136' title='bbox 1014 2070 1050 2140; x_wconf 93' lang='lat' dir='ltr'>in</span> <span class='ocrx_word' id='word_1_137' title='bbox 1066 2066 1217 2168; x_wconf 86' lang='lat' dir='ltr'>epistola</span> <span class='ocrx_word' id='word_1_138' title='bbox 1230 2067 1276 2141; x_wconf 91' lang='lat' dir='ltr'>ad</span> <span class='ocrx_word' id='word_1_139' title='bbox 1291 2067 1574 2142; x_wconf 60' lang='lat' dir='ltr'>Macedonium:</span> <span class='ocrx_word' id='word_1_140' title='bbox 1589 2073 1696 2140; x_wconf 76' lang='lat' dir='ltr'>«Non</span> <span class='ocrx_word' id='word_1_141' title='bbox 1712 2081 1903 2168; x_wconf 89' lang='lat' dir='ltr'>propterea</span> <span class='ocrx_word' id='word_1_142' title='bbox 1917 2068 2046 2141; x_wconf 84' lang='lat' dir='ltr'>veritas</span> 
     </span>
     <span class='ocr_line' id='line_1_15' title="bbox 451 2185 2044 2288; baseline -0.001 -26"><span class='ocrx_word' id='word_1_143' title='bbox 451 2212 533 2263; x_wconf 88' lang='lat' dir='ltr'>cara</span> <span class='ocrx_word' id='word_1_144' title='bbox 551 2214 627 2262; x_wconf 87' lang='lat' dir='ltr'>esse</span> <span class='ocrx_word' id='word_1_145' title='bbox 644 2188 765 2280; x_wconf 89' lang='lat' dir='ltr'>debet,</span> <span class='ocrx_word' id='word_1_146' title='bbox 782 2190 868 2288; x_wconf 89' lang='lat' dir='ltr'>quia</span> <span class='ocrx_word' id='word_1_147' title='bbox 883 2214 957 2262; x_wconf 91' lang='lat' dir='ltr'>non</span> <span class='ocrx_word' id='word_1_148' title='bbox 972 2189 1075 2281; x_wconf 81' lang='lat' dir='ltr'>latuit</span> <span class='ocrx_word' id='word_1_149' title='bbox 1090 2193 1349 2284; x_wconf 79' lang='lat' dir='ltr'>Anaxagoram,</span> <span class='ocrx_word' id='word_1_150' title='bbox 1367 2187 1432 2260; x_wconf 93' lang='lat' dir='ltr'>sed</span> <span class='ocrx_word' id='word_1_151' title='bbox 1448 2188 1534 2285; x_wconf 90' lang='lat' dir='ltr'>quia</span> <span class='ocrx_word' id='word_1_152' title='bbox 1546 2189 1675 2263; x_wconf 81' lang='lat' dir='ltr'>veritas</span> <span class='ocrx_word' id='word_1_153' title='bbox 1691 2202 1756 2279; x_wconf 91' lang='lat' dir='ltr'>est,</span> <span class='ocrx_word' id='word_1_154' title='bbox 1772 2187 1912 2261; x_wconf 89' lang='lat' dir='ltr'>etiamsi</span> <span class='ocrx_word' id='word_1_155' title='bbox 1925 2185 2044 2261; x_wconf 89' lang='lat' dir='ltr'>nullus</span> 
     </span>
     <span class='ocr_line' id='line_1_16' title="bbox 450 2307 2045 2406; baseline 0 -27"><span class='ocrx_word' id='word_1_156' title='bbox 450 2307 593 2381; x_wconf 89' lang='lat' dir='ltr'>illorum</span> <span class='ocrx_word' id='word_1_157' title='bbox 618 2310 891 2406; x_wconf 82' lang='lat' dir='ltr'>cognovisset.»</span> <span class='ocrx_word' id='word_1_158' title='bbox 911 2309 1026 2382; x_wconf 86' lang='lat' dir='ltr'>Facile</span> <span class='ocrx_word' id='word_1_159' title='bbox 1042 2323 1165 2382; x_wconf 87' lang='lat' dir='ltr'>autem</span> <span class='ocrx_word' id='word_1_160' title='bbox 1181 2307 1270 2380; x_wconf 92' lang='lat' dir='ltr'>illud</span> <span class='ocrx_word' id='word_1_161' title='bbox 1291 2332 1437 2405; x_wconf 88' lang='lat' dir='ltr'>quoque</span> <span class='ocrx_word' id='word_1_162' title='bbox 1454 2308 1593 2380; x_wconf 89' lang='lat' dir='ltr'>ratione</span> <span class='ocrx_word' id='word_1_163' title='bbox 1605 2307 1735 2402; x_wconf 83' lang='lat' dir='ltr'>conjici</span> <span class='ocrx_word' id='word_1_164' title='bbox 1757 2320 1915 2406; x_wconf 87' lang='lat' dir='ltr'>poterat,</span> <span class='ocrx_word' id='word_1_165' title='bbox 1940 2330 2045 2379; x_wconf 92' lang='lat' dir='ltr'>mun-</span> 
     </span>
     <span class='ocr_line' id='line_1_17' title="bbox 450 2425 2042 2527; baseline 0 -28"><span class='ocrx_word' id='word_1_166' title='bbox 450 2428 537 2501; x_wconf 88' lang='lat' dir='ltr'>dum</span> <span class='ocrx_word' id='word_1_167' title='bbox 557 2430 664 2501; x_wconf 88' lang='lat' dir='ltr'>etiam</span> <span class='ocrx_word' id='word_1_168' title='bbox 683 2429 802 2527; x_wconf 88' lang='lat' dir='ltr'>ipsum</span> <span class='ocrx_word' id='word_1_169' title='bbox 820 2443 856 2501; x_wconf 90' lang='lat' dir='ltr'>et</span> <span class='ocrx_word' id='word_1_170' title='bbox 872 2454 952 2526; x_wconf 84' lang='lat' dir='ltr'>quae</span> <span class='ocrx_word' id='word_1_171' title='bbox 970 2430 1007 2500; x_wconf 93' lang='lat' dir='ltr'>in</span> <span class='ocrx_word' id='word_1_172' title='bbox 1030 2453 1075 2501; x_wconf 90' lang='lat' dir='ltr'>eo</span> <span class='ocrx_word' id='word_1_173' title='bbox 1093 2442 1195 2518; x_wconf 91' lang='lat' dir='ltr'>sunt,</span> <span class='ocrx_word' id='word_1_174' title='bbox 1217 2452 1239 2501; x_wconf 89' lang='lat' dir='ltr'>a</span> <span class='ocrx_word' id='word_1_175' title='bbox 1255 2429 1379 2526; x_wconf 90' lang='lat' dir='ltr'>seipsis</span> <span class='ocrx_word' id='word_1_176' title='bbox 1404 2453 1478 2499; x_wconf 92' lang='lat' dir='ltr'>non</span> <span class='ocrx_word' id='word_1_177' title='bbox 1496 2452 1586 2517; x_wconf 86' lang='lat' dir='ltr'>esse,</span> <span class='ocrx_word' id='word_1_178' title='bbox 1606 2448 1673 2500; x_wconf 90' lang='lat' dir='ltr'>nec</span> <span class='ocrx_word' id='word_1_179' title='bbox 1694 2451 1759 2525; x_wconf 90' lang='lat' dir='ltr'>per</span> <span class='ocrx_word' id='word_1_180' title='bbox 1775 2451 1813 2499; x_wconf 90' lang='lat' dir='ltr'>se</span> <span class='ocrx_word' id='word_1_181' title='bbox 1831 2425 2042 2516; x_wconf 87' lang='lat' dir='ltr'>subsistere,</span> 
     </span>
     <span class='ocr_line' id='line_1_18' title="bbox 448 2546 2044 2646; baseline -0.001 -25"><span class='ocrx_word' id='word_1_182' title='bbox 448 2548 512 2621; x_wconf 89' lang='lat' dir='ltr'>sed</span> <span class='ocrx_word' id='word_1_183' title='bbox 539 2547 585 2621; x_wconf 88' lang='lat' dir='ltr'>ab</span> <span class='ocrx_word' id='word_1_184' title='bbox 612 2548 684 2622; x_wconf 90' lang='lat' dir='ltr'>alio</span> <span class='ocrx_word' id='word_1_185' title='bbox 709 2573 942 2646; x_wconf 88' lang='lat' dir='ltr'>quocumque</span> <span class='ocrx_word' id='word_1_186' title='bbox 969 2550 1075 2644; x_wconf 88' lang='lat' dir='ltr'>longe</span> <span class='ocrx_word' id='word_1_187' title='bbox 1103 2550 1243 2620; x_wconf 91' lang='lat' dir='ltr'>cunctis</span> <span class='ocrx_word' id='word_1_188' title='bbox 1270 2548 1518 2621; x_wconf 75' lang='lat' dir='ltr'>excellentiore</span> <span class='ocrx_word' id='word_1_189' title='bbox 1543 2561 1672 2619; x_wconf 86' lang='lat' dir='ltr'>cuncta</span> <span class='ocrx_word' id='word_1_190' title='bbox 1698 2548 1835 2645; x_wconf 90' lang='lat' dir='ltr'>optime</span> <span class='ocrx_word' id='word_1_191' title='bbox 1869 2561 1941 2618; x_wconf 89' lang='lat' dir='ltr'>tam</span> <span class='ocrx_word' id='word_1_192' title='bbox 1967 2546 2044 2619; x_wconf 83' lang='lat' dir='ltr'>lieri</span> 
     </span>
     <span class='ocr_line' id='line_1_19' title="bbox 448 2667 2042 2765; baseline 0.001 -27"><span class='ocrx_word' id='word_1_193' title='bbox 448 2691 557 2761; x_wconf 87' lang='lat' dir='ltr'>quam</span> <span class='ocrx_word' id='word_1_194' title='bbox 581 2668 669 2762; x_wconf 90' lang='lat' dir='ltr'>regi.</span> <span class='ocrx_word' id='word_1_195' title='bbox 689 2668 833 2765; x_wconf 86' lang='lat' dir='ltr'>Quippe</span> <span class='ocrx_word' id='word_1_196' title='bbox 854 2667 951 2764; x_wconf 92' lang='lat' dir='ltr'>quod</span> <span class='ocrx_word' id='word_1_197' title='bbox 974 2691 997 2740; x_wconf 88' lang='lat' dir='ltr'>a</span> <span class='ocrx_word' id='word_1_198' title='bbox 1013 2668 1131 2765; x_wconf 89' lang='lat' dir='ltr'>seipso</span> <span class='ocrx_word' id='word_1_199' title='bbox 1148 2682 1219 2756; x_wconf 88' lang='lat' dir='ltr'>est,</span> <span class='ocrx_word' id='word_1_200' title='bbox 1244 2682 1372 2739; x_wconf 88' lang='lat' dir='ltr'>natura</span> <span class='ocrx_word' id='word_1_201' title='bbox 1388 2667 1531 2764; x_wconf 89' lang='lat' dir='ltr'>dignius</span> <span class='ocrx_word' id='word_1_202' title='bbox 1552 2691 1628 2740; x_wconf 89' lang='lat' dir='ltr'>esse</span> <span class='ocrx_word' id='word_1_203' title='bbox 1644 2680 1798 2756; x_wconf 88' lang='lat' dir='ltr'>constat,</span> <span class='ocrx_word' id='word_1_204' title='bbox 1816 2689 1923 2764; x_wconf 89' lang='lat' dir='ltr'>quam</span> <span class='ocrx_word' id='word_1_205' title='bbox 1940 2668 2042 2761; x_wconf 84' lang='lat' dir='ltr'>quod</span> 
     </span>
     <span class='ocr_line' id='line_1_20' title="bbox 448 2783 2044 2883; baseline -0.001 -24"><span class='ocrx_word' id='word_1_206' title='bbox 448 2783 494 2859; x_wconf 86' lang='lat' dir='ltr'>ab</span> <span class='ocrx_word' id='word_1_207' title='bbox 517 2784 588 2858; x_wconf 84' lang='lat' dir='ltr'>alio</span> <span class='ocrx_word' id='word_1_208' title='bbox 608 2800 672 2857; x_wconf 86' lang='lat' dir='ltr'>est.</span> <span class='ocrx_word' id='word_1_209' title='bbox 692 2788 737 2855; x_wconf 87' lang='lat' dir='ltr'>Et</span> <span class='ocrx_word' id='word_1_210' title='bbox 753 2809 863 2856; x_wconf 89' lang='lat' dir='ltr'>omne</span> <span class='ocrx_word' id='word_1_211' title='bbox 882 2784 984 2880; x_wconf 90' lang='lat' dir='ltr'>quod</span> <span class='ocrx_word' id='word_1_212' title='bbox 1007 2785 1155 2857; x_wconf 88' lang='lat' dir='ltr'>rationis</span> <span class='ocrx_word' id='word_1_213' title='bbox 1170 2801 1279 2883; x_wconf 89' lang='lat' dir='ltr'>atque</span> <span class='ocrx_word' id='word_1_214' title='bbox 1296 2785 1535 2883; x_wconf 69' lang='lat' dir='ltr'>intelligentiae</span> <span class='ocrx_word' id='word_1_215' title='bbox 1553 2809 1665 2882; x_wconf 73' lang='lat' dir='ltr'>capas</span> <span class='ocrx_word' id='word_1_216' title='bbox 1684 2800 1758 2878; x_wconf 88' lang='lat' dir='ltr'>est,</span> <span class='ocrx_word' id='word_1_217' title='bbox 1776 2785 1951 2857; x_wconf 86' lang='lat' dir='ltr'>universis</span> <span class='ocrx_word' id='word_1_218' title='bbox 1964 2784 2044 2858; x_wconf 91' lang='lat' dir='ltr'>aliis</span> 
     </span>
     <span class='ocr_line' id='line_1_21' title="bbox 448 2903 2042 3005; baseline -0.001 -28"><span class='ocrx_word' id='word_1_219' title='bbox 448 2904 676 2977; x_wconf 85' lang='lat' dir='ltr'>excellentius</span> <span class='ocrx_word' id='word_1_220' title='bbox 691 2928 767 2977; x_wconf 88' lang='lat' dir='ltr'>esse</span> <span class='ocrx_word' id='word_1_221' title='bbox 785 2929 866 2977; x_wconf 84' lang='lat' dir='ltr'>non·</span> <span class='ocrx_word' id='word_1_222' title='bbox 881 2903 1088 3001; x_wconf 82' lang='lat' dir='ltr'>ambigitur.</span> <span class='ocrx_word' id='word_1_223' title='bbox 1107 2908 1188 2976; x_wconf 89' lang='lat' dir='ltr'>Non</span> <span class='ocrx_word' id='word_1_224' title='bbox 1211 2905 1317 3002; x_wconf 88' lang='lat' dir='ltr'>igitur</span> <span class='ocrx_word' id='word_1_225' title='bbox 1337 2921 1482 3005; x_wconf 87' lang='lat' dir='ltr'>oportet</span> <span class='ocrx_word' id='word_1_226' title='bbox 1502 2905 1714 2979; x_wconf 82' lang='lat' dir='ltr'>rationalem</span> <span class='ocrx_word' id='word_1_227' title='bbox 1738 2905 1975 2979; x_wconf 83' lang='lat' dir='ltr'>substantiam</span> <span class='ocrx_word' id='word_1_228' title='bbox 1996 2904 2042 2976; x_wconf 92' lang='lat' dir='ltr'>ab</span> 
     </span>
     <span class='ocr_line' id='line_1_22' title="bbox 447 3023 2043 3123; baseline 0.001 -26"><span class='ocrx_word' id='word_1_229' title='bbox 447 3023 518 3097; x_wconf 91' lang='lat' dir='ltr'>alio</span> <span class='ocrx_word' id='word_1_230' title='bbox 547 3048 624 3098; x_wconf 86' lang='lat' dir='ltr'>esse</span> <span class='ocrx_word' id='word_1_231' title='bbox 648 3023 821 3117; x_wconf 89' lang='lat' dir='ltr'>concedi,</span> <span class='ocrx_word' id='word_1_232' title='bbox 849 3027 881 3099; x_wconf 90' lang='lat' dir='ltr'>si</span> <span class='ocrx_word' id='word_1_233' title='bbox 905 3025 1042 3100; x_wconf 90' lang='lat' dir='ltr'>ratione</span> <span class='ocrx_word' id='word_1_234' title='bbox 1065 3037 1249 3098; x_wconf 87' lang='lat' dir='ltr'>carentem</span> <span class='ocrx_word' id='word_1_235' title='bbox 1273 3051 1294 3100; x_wconf 91' lang='lat' dir='ltr'>a</span> <span class='ocrx_word' id='word_1_236' title='bbox 1319 3051 1357 3097; x_wconf 92' lang='lat' dir='ltr'>se</span> <span class='ocrx_word' id='word_1_237' title='bbox 1381 3051 1457 3098; x_wconf 89' lang='lat' dir='ltr'>esse</span> <span class='ocrx_word' id='word_1_238' title='bbox 1484 3050 1676 3123; x_wconf 86' lang='lat' dir='ltr'>ponamus.</span> <span class='ocrx_word' id='word_1_239' title='bbox 1703 3026 1816 3098; x_wconf 86' lang='lat' dir='ltr'>Nemo</span> <span class='ocrx_word' id='word_1_240' title='bbox 1842 3037 1964 3096; x_wconf 88' lang='lat' dir='ltr'>autem</span> <span class='ocrx_word' id='word_1_241' title='bbox 1990 3037 2043 3098; x_wconf 88' lang='lat' dir='ltr'>est</span> 
     </span>
     <span class='ocr_line' id='line_1_23' title="bbox 447 3142 2041 3245; baseline -0.003 -27"><span class='ocrx_word' id='word_1_242' title='bbox 447 3158 630 3234; x_wconf 90' lang='lat' dir='ltr'>nostrum,</span> <span class='ocrx_word' id='word_1_243' title='bbox 649 3146 712 3242; x_wconf 91' lang='lat' dir='ltr'>qui</span> <span class='ocrx_word' id='word_1_244' title='bbox 736 3170 775 3218; x_wconf 89' lang='lat' dir='ltr'>se</span> <span class='ocrx_word' id='word_1_245' title='bbox 795 3146 912 3245; x_wconf 90' lang='lat' dir='ltr'>ipsum</span> <span class='ocrx_word' id='word_1_246' title='bbox 930 3146 1071 3240; x_wconf 90' lang='lat' dir='ltr'>ignoret</span> <span class='ocrx_word' id='word_1_247' title='bbox 1094 3167 1169 3216; x_wconf 90' lang='lat' dir='ltr'>ase</span> <span class='ocrx_word' id='word_1_248' title='bbox 1192 3144 1341 3216; x_wconf 91' lang='lat' dir='ltr'>minime</span> <span class='ocrx_word' id='word_1_249' title='bbox 1365 3167 1453 3235; x_wconf 86' lang='lat' dir='ltr'>esse,</span> <span class='ocrx_word' id='word_1_250' title='bbox 1478 3144 1542 3217; x_wconf 92' lang='lat' dir='ltr'>sed</span> <span class='ocrx_word' id='word_1_251' title='bbox 1563 3142 1610 3217; x_wconf 87' lang='lat' dir='ltr'>ab</span> <span class='ocrx_word' id='word_1_252' title='bbox 1632 3143 1702 3214; x_wconf 89' lang='lat' dir='ltr'>alio</span> <span class='ocrx_word' id='word_1_253' title='bbox 1719 3143 1834 3239; x_wconf 78' lang='lat' dir='ltr'>gigni3</span> <span class='ocrx_word' id='word_1_254' title='bbox 1854 3142 2041 3239; x_wconf 89' lang='lat' dir='ltr'>quomodo</span> 
     </span>
     <span class='ocr_line' id='line_1_24' title="bbox 447 3261 2041 3364; baseline -0.001 -28"><span class='ocrx_word' id='word_1_255' title='bbox 447 3266 554 3362; x_wconf 90' lang='lat' dir='ltr'>igitur</span> <span class='ocrx_word' id='word_1_256' title='bbox 569 3290 612 3340; x_wconf 90' lang='lat' dir='ltr'>ea</span> <span class='ocrx_word' id='word_1_257' title='bbox 630 3291 710 3364; x_wconf 87' lang='lat' dir='ltr'>quae</span> <span class='ocrx_word' id='word_1_258' title='bbox 726 3266 865 3337; x_wconf 89' lang='lat' dir='ltr'>ratione</span> <span class='ocrx_word' id='word_1_259' title='bbox 879 3277 1016 3351; x_wconf 87' lang='lat' dir='ltr'>carent,</span> <span class='ocrx_word' id='word_1_260' title='bbox 1036 3262 1082 3336; x_wconf 89' lang='lat' dir='ltr'>ab</span> <span class='ocrx_word' id='word_1_261' title='bbox 1098 3262 1170 3336; x_wconf 88' lang='lat' dir='ltr'>alio</span> <span class='ocrx_word' id='word_1_262' title='bbox 1187 3288 1264 3337; x_wconf 90' lang='lat' dir='ltr'>esse</span> <span class='ocrx_word' id='word_1_263' title='bbox 1280 3263 1515 3361; x_wconf 79' lang='lat' dir='ltr'>negabimus?</span> <span class='ocrx_word' id='word_1_264' title='bbox 1529 3268 1650 3338; x_wconf 77' lang='lat' dir='ltr'>Partes</span> <span class='ocrx_word' id='word_1_265' title='bbox 1667 3264 1787 3360; x_wconf 87' lang='lat' dir='ltr'>itaque</span> <span class='ocrx_word' id='word_1_266' title='bbox 1802 3261 1945 3353; x_wconf 91' lang='lat' dir='ltr'>mundi,</span> <span class='ocrx_word' id='word_1_267' title='bbox 1963 3286 2041 3358; x_wconf 84' lang='lat' dir='ltr'>quae</span> 
     </span>
     <span class='ocr_line' id='line_1_25' title="bbox 447 3381 2043 3482; baseline -0.001 -26"><span class='ocrx_word' id='word_1_268' title='bbox 447 3384 653 3459; x_wconf 87' lang='lat' dir='ltr'>naturaliter</span> <span class='ocrx_word' id='word_1_269' title='bbox 670 3384 807 3482; x_wconf 90' lang='lat' dir='ltr'>priores</span> <span class='ocrx_word' id='word_1_270' title='bbox 822 3397 918 3475; x_wconf 92' lang='lat' dir='ltr'>sunt,</span> <span class='ocrx_word' id='word_1_271' title='bbox 938 3381 1047 3457; x_wconf 81' lang='lat' dir='ltr'>lactas</span> <span class='ocrx_word' id='word_1_272' title='bbox 1063 3408 1140 3455; x_wconf 87' lang='lat' dir='ltr'>esse</span> <span class='ocrx_word' id='word_1_273' title='bbox 1159 3384 1330 3458; x_wconf 90' lang='lat' dir='ltr'>convenit</span> <span class='ocrx_word' id='word_1_274' title='bbox 1349 3411 1358 3454; x_wconf 75' lang='lat' dir='ltr'><strong><em>z</em></strong></span> <span class='ocrx_word' id='word_1_275' title='bbox 1378 3408 1421 3456; x_wconf 90' lang='lat' dir='ltr'>ac</span> <span class='ocrx_word' id='word_1_276' title='bbox 1437 3408 1502 3481; x_wconf 90' lang='lat' dir='ltr'>per</span> <span class='ocrx_word' id='word_1_277' title='bbox 1516 3382 1589 3454; x_wconf 88' lang='lat' dir='ltr'>boc</span> <span class='ocrx_word' id='word_1_278' title='bbox 1604 3381 1651 3458; x_wconf 90' lang='lat' dir='ltr'>ab</span> <span class='ocrx_word' id='word_1_279' title='bbox 1658 3382 1730 3454; x_wconf 92' lang='lat' dir='ltr'>alio</span> <span class='ocrx_word' id='word_1_280' title='bbox 1746 3382 1927 3456; x_wconf 84' lang='lat' dir='ltr'>mrmdum</span> <span class='ocrx_word' id='word_1_281' title='bbox 1942 3407 2043 3454; x_wconf 80' lang='lat' dir='ltr'>exor-</span> 
     </span>
     <span class='ocr_line' id='line_1_26' title="bbox 446 3501 2039 3602; baseline -0.001 -26"><span class='ocrx_word' id='word_1_282' title='bbox 446 3503 548 3577; x_wconf 89' lang='lat' dir='ltr'>dium</span> <span class='ocrx_word' id='word_1_283' title='bbox 563 3504 708 3595; x_wconf 89' lang='lat' dir='ltr'>ducere,</span> <span class='ocrx_word' id='word_1_284' title='bbox 728 3517 837 3599; x_wconf 87' lang='lat' dir='ltr'>atque</span> <span class='ocrx_word' id='word_1_285' title='bbox 860 3501 993 3576; x_wconf 85' lang='lat' dir='ltr'>factum</span> <span class='ocrx_word' id='word_1_286' title='bbox 1009 3527 1086 3575; x_wconf 86' lang='lat' dir='ltr'>esse</span> <span class='ocrx_word' id='word_1_287' title='bbox 1105 3529 1114 3573; x_wconf 90' lang='lat'>:</span> <span class='ocrx_word' id='word_1_288' title='bbox 1134 3503 1269 3602; x_wconf 90' lang='lat' dir='ltr'>quippe</span> <span class='ocrx_word' id='word_1_289' title='bbox 1285 3528 1394 3600; x_wconf 86' lang='lat' dir='ltr'>quern</span> <span class='ocrx_word' id='word_1_290' title='bbox 1415 3504 1524 3575; x_wconf 88' lang='lat' dir='ltr'>etiam</span> <span class='ocrx_word' id='word_1_291' title='bbox 1540 3516 1687 3601; x_wconf 82' lang='lat' dir='ltr'>propter</span> <span class='ocrx_word' id='word_1_292' title='bbox 1702 3501 1888 3574; x_wconf 87' lang='lat' dir='ltr'>hominem</span> <span class='ocrx_word' id='word_1_293' title='bbox 1907 3501 2039 3574; x_wconf 86' lang='lat' dir='ltr'>lactum</span> 
     </span>
     <span class='ocr_line' id='line_1_27' title="bbox 447 3621 2038 3721; baseline -0.004 -23"><span class='ocrx_word' id='word_1_294' title='bbox 447 3648 524 3698; x_wconf 87' lang='lat' dir='ltr'>esse</span> <span class='ocrx_word' id='word_1_295' title='bbox 538 3637 692 3714; x_wconf 88' lang='lat' dir='ltr'>constat,</span> <span class='ocrx_word' id='word_1_296' title='bbox 711 3622 770 3695; x_wconf 90' lang='lat' dir='ltr'>cui</span> <span class='ocrx_word' id='word_1_297' title='bbox 785 3621 933 3718; x_wconf 89' lang='lat' dir='ltr'>singulis</span> <span class='ocrx_word' id='word_1_298' title='bbox 947 3622 1021 3696; x_wconf 89' lang='lat' dir='ltr'>suis</span> <span class='ocrx_word' id='word_1_299' title='bbox 1037 3621 1200 3721; x_wconf 89' lang='lat' dir='ltr'>partibus</span> <span class='ocrx_word' id='word_1_300' title='bbox 1216 3621 1390 3715; x_wconf 86' lang='lat' dir='ltr'>deservit,</span> <span class='ocrx_word' id='word_1_301' title='bbox 1410 3622 1517 3719; x_wconf 93' lang='lat' dir='ltr'>longe</span> <span class='ocrx_word' id='word_1_302' title='bbox 1533 3622 1772 3717; x_wconf 89' lang='lat' dir='ltr'>indigniorem</span> <span class='ocrx_word' id='word_1_303' title='bbox 1789 3645 1833 3693; x_wconf 91' lang='lat' dir='ltr'>eo</span> <span class='ocrx_word' id='word_1_304' title='bbox 1857 3645 1935 3694; x_wconf 88' lang='lat' dir='ltr'>esse</span> <span class='ocrx_word' id='word_1_305' title='bbox 1950 3645 2038 3696; x_wconf 89' lang='lat' dir='ltr'>con·</span> 
     </span>
     <span class='ocr_line' id='line_1_28' title="bbox 447 3740 2040 3840; baseline 0.002 -30"><span class='ocrx_word' id='word_1_306' title='bbox 447 3743 557 3833; x_wconf 86' lang='lat' dir='ltr'>venit,</span> <span class='ocrx_word' id='word_1_307' title='bbox 586 3766 629 3814; x_wconf 92' lang='lat' dir='ltr'>ac</span> <span class='ocrx_word' id='word_1_308' title='bbox 653 3766 719 3840; x_wconf 87' lang='lat' dir='ltr'>per</span> <span class='ocrx_word' id='word_1_309' title='bbox 743 3741 815 3815; x_wconf 87' lang='lat' dir='ltr'>boc</span> <span class='ocrx_word' id='word_1_310' title='bbox 839 3742 989 3815; x_wconf 89' lang='lat' dir='ltr'>minime</span> <span class='ocrx_word' id='word_1_311' title='bbox 1016 3740 1169 3814; x_wconf 89' lang='lat' dir='ltr'>concedi</span> <span class='ocrx_word' id='word_1_312' title='bbox 1195 3755 1351 3840; x_wconf 87' lang='lat' dir='ltr'>oportet,</span> <span class='ocrx_word' id='word_1_313' title='bbox 1382 3742 1478 3814; x_wconf 88' lang='lat' dir='ltr'>bunc</span> <span class='ocrx_word' id='word_1_314' title='bbox 1502 3766 1577 3814; x_wconf 93' lang='lat' dir='ltr'>non</span> <span class='ocrx_word' id='word_1_315' title='bbox 1599 3766 1674 3813; x_wconf 90' lang='lat' dir='ltr'>esse</span> <span class='ocrx_word' id='word_1_316' title='bbox 1692 3741 1842 3831; x_wconf 84' lang='lat' dir='ltr'>laetum,</span> <span class='ocrx_word' id='word_1_317' title='bbox 1870 3766 1954 3813; x_wconf 91' lang='lat' dir='ltr'>cum</span> <span class='ocrx_word' id='word_1_318' title='bbox 1981 3740 2040 3813; x_wconf 93' lang='lat' dir='ltr'>ille</span> 
     </span>
     <span class='ocr_line' id='line_1_29' title="bbox 449 3858 2037 3958; baseline 0.001 -28"><span class='ocrx_word' id='word_1_319' title='bbox 449 3858 562 3932; x_wconf 83' lang='lat' dir='ltr'>factus</span> <span class='ocrx_word' id='word_1_320' title='bbox 588 3862 646 3933; x_wconf 88' lang='lat' dir='ltr'>sit.</span> <span class='ocrx_word' id='word_1_321' title='bbox 669 3860 781 3934; x_wconf 86' lang='lat' dir='ltr'>lllulto</span> <span class='ocrx_word' id='word_1_322' title='bbox 804 3862 923 3935; x_wconf 92' lang='lat' dir='ltr'>minus</span> <span class='ocrx_word' id='word_1_323' title='bbox 945 3863 1054 3936; x_wconf 88' lang='lat' dir='ltr'>etiam</span> <span class='ocrx_word' id='word_1_324' title='bbox 1076 3862 1259 3952; x_wconf 83' lang='lat' dir='ltr'>convenit,</span> <span class='ocrx_word' id='word_1_325' title='bbox 1287 3876 1328 3934; x_wconf 90' lang='lat' dir='ltr'>ut</span> <span class='ocrx_word' id='word_1_326' title='bbox 1348 3886 1415 3936; x_wconf 89' lang='lat' dir='ltr'>suo</span> <span class='ocrx_word' id='word_1_327' title='bbox 1435 3863 1607 3958; x_wconf 87' lang='lat' dir='ltr'>regimine</span> <span class='ocrx_word' id='word_1_328' title='bbox 1631 3887 1704 3934; x_wconf 93' lang='lat' dir='ltr'>non</span> <span class='ocrx_word' id='word_1_329' title='bbox 1725 3860 1911 3934; x_wconf 88' lang='lat' dir='ltr'>rationalia</span> <span class='ocrx_word' id='word_1_330' title='bbox 1930 3884 2037 3958; x_wconf 89' lang='lat' dir='ltr'>quam</span> 
     </span>
     <span class='ocr_line' id='line_1_30' title="bbox 446 3977 2036 4079; baseline 0.001 -29"><span class='ocrx_word' id='word_1_331' title='bbox 446 3977 634 4058; x_wconf 87' lang='lat' dir='ltr'>rationalia</span> <span class='ocrx_word' id='word_1_332' title='bbox 659 3981 840 4072; x_wconf 90' lang='lat' dir='ltr'>nitantur;</span> <span class='ocrx_word' id='word_1_333' title='bbox 859 3982 1046 4055; x_wconf 89' lang='lat' dir='ltr'>hominem</span> <span class='ocrx_word' id='word_1_334' title='bbox 1071 3994 1193 4055; x_wconf 85' lang='lat' dir='ltr'>autem</span> <span class='ocrx_word' id='word_1_335' title='bbox 1218 3982 1384 4079; x_wconf 85' lang='lat' dir='ltr'>quamvis</span> <span class='ocrx_word' id='word_1_336' title='bbox 1405 3981 1588 4055; x_wconf 89' lang='lat' dir='ltr'>rationalis</span> <span class='ocrx_word' id='word_1_337' title='bbox 1612 3982 1678 4070; x_wconf 88' lang='lat' dir='ltr'>sit,</span> <span class='ocrx_word' id='word_1_338' title='bbox 1710 4003 1939 4078; x_wconf 88' lang='lat' dir='ltr'>nequaquam</span> <span class='ocrx_word' id='word_1_339' title='bbox 1969 4003 2036 4051; x_wconf 89' lang='lat' dir='ltr'>suo</span> 
     </span>
     <span class='ocr_line' id='line_1_31' title="bbox 445 4098 2038 4200; baseline 0.001 -31"><span class='ocrx_word' id='word_1_340' title='bbox 445 4098 609 4193; x_wconf 87' lang='lat' dir='ltr'>regimini</span> <span class='ocrx_word' id='word_1_341' title='bbox 634 4098 796 4174; x_wconf 87' lang='lat' dir='ltr'>sufficere</span> <span class='ocrx_word' id='word_1_342' title='bbox 819 4115 979 4190; x_wconf 90' lang='lat' dir='ltr'>constat,</span> <span class='ocrx_word' id='word_1_343' title='bbox 1006 4125 1091 4172; x_wconf 88' lang='lat' dir='ltr'>cum</span> <span class='ocrx_word' id='word_1_344' title='bbox 1117 4101 1275 4200; x_wconf 89' lang='lat' dir='ltr'>seipsum</span> <span class='ocrx_word' id='word_1_345' title='bbox 1299 4102 1486 4199; x_wconf 90' lang='lat' dir='ltr'>quomodo</span> <span class='ocrx_word' id='word_1_346' title='bbox 1511 4102 1588 4174; x_wconf 92' lang='lat' dir='ltr'>vult</span> <span class='ocrx_word' id='word_1_347' title='bbox 1611 4102 1649 4173; x_wconf 92' lang='lat' dir='ltr'>in</span> <span class='ocrx_word' id='word_1_348' title='bbox 1674 4100 1781 4196; x_wconf 86' lang='lat' dir='ltr'>hujus</span> <span class='ocrx_word' id='word_1_349' title='bbox 1806 4101 1886 4171; x_wconf 75' lang='lat' dir='ltr'>vitre</span> <span class='ocrx_word' id='word_1_350' title='bbox 1911 4099 2038 4197; x_wconf 88' lang='lat' dir='ltr'>pelago</span> 
     </span>
     <span class='ocr_line' id='line_1_32' title="bbox 445 4220 2037 4321; baseline 0.003 -33"><span class='ocrx_word' id='word_1_351' title='bbox 445 4242 566 4316; x_wconf 85' lang='lat' dir='ltr'>regere</span> <span class='ocrx_word' id='word_1_352' title='bbox 583 4244 659 4291; x_wconf 93' lang='lat' dir='ltr'>non</span> <span class='ocrx_word' id='word_1_353' title='bbox 675 4220 803 4293; x_wconf 82' lang='lat' dir='ltr'>valeat.</span> <span class='ocrx_word' id='word_1_354' title='bbox 826 4220 937 4294; x_wconf 89' lang='lat' dir='ltr'>Multo</span> <span class='ocrx_word' id='word_1_355' title='bbox 954 4220 1060 4316; x_wconf 89' lang='lat' dir='ltr'>igitur</span> <span class='ocrx_word' id='word_1_356' title='bbox 1076 4221 1196 4292; x_wconf 91' lang='lat' dir='ltr'>minus</span> <span class='ocrx_word' id='word_1_357' title='bbox 1219 4223 1368 4321; x_wconf 90' lang='lat' dir='ltr'>proprio</span> <span class='ocrx_word' id='word_1_358' title='bbox 1384 4223 1546 4320; x_wconf 89' lang='lat' dir='ltr'>regimini</span> <span class='ocrx_word' id='word_1_359' title='bbox 1562 4222 1739 4294; x_wconf 87' lang='lat' dir='ltr'>committi</span> <span class='ocrx_word' id='word_1_360' title='bbox 1756 4221 1939 4309; x_wconf 86' lang='lat' dir='ltr'>convenit,</span> <span class='ocrx_word' id='word_1_361' title='bbox 1959 4245 2037 4318; x_wconf 74' lang='lat' dir='ltr'>que</span> 
     </span>
     <span class='ocr_line' id='line_1_33' title="bbox 445 4339 2037 4437; baseline 0 -25"><span class='ocrx_word' id='word_1_362' title='bbox 445 4362 517 4435; x_wconf 90' lang='lat' dir='ltr'>qua</span> <span class='ocrx_word' id='word_1_363' title='bbox 538 4364 578 4412; x_wconf 91' lang='lat' dir='ltr'>se</span> <span class='ocrx_word' id='word_1_364' title='bbox 593 4363 715 4436; x_wconf 85' lang='lat' dir='ltr'>regere</span> <span class='ocrx_word' id='word_1_365' title='bbox 735 4339 874 4437; x_wconf 90' lang='lat' dir='ltr'>possint</span> <span class='ocrx_word' id='word_1_366' title='bbox 889 4339 1027 4411; x_wconf 90' lang='lat' dir='ltr'>ratione</span> <span class='ocrx_word' id='word_1_367' title='bbox 1050 4363 1171 4412; x_wconf 86' lang='lat' dir='ltr'>carere</span> <span class='ocrx_word' id='word_1_368' title='bbox 1190 4356 1328 4416; x_wconf 86' lang='lat' dir='ltr'>certum</span> <span class='ocrx_word' id='word_1_369' title='bbox 1348 4357 1414 4415; x_wconf 86' lang='lat' dir='ltr'>est.</span> <span class='ocrx_word' id='word_1_370' title='bbox 1441 4344 1482 4415; x_wconf 89' lang='lat' dir='ltr'>ld</span> <span class='ocrx_word' id='word_1_371' title='bbox 1500 4367 1587 4415; x_wconf 84' lang='lat' dir='ltr'>vero</span> <span class='ocrx_word' id='word_1_372' title='bbox 1604 4356 1659 4414; x_wconf 89' lang='lat' dir='ltr'>est</span> <span class='ocrx_word' id='word_1_373' title='bbox 1674 4340 1851 4430; x_wconf 90' lang='lat' dir='ltr'>mundus,</span> <span class='ocrx_word' id='word_1_374' title='bbox 1870 4340 1945 4413; x_wconf 88' lang='lat' dir='ltr'>sive</span> <span class='ocrx_word' id='word_1_375' title='bbox 1962 4341 2037 4437; x_wconf 89' lang='lat' dir='ltr'>ejus</span> 
     </span>
     <span class='ocr_line' id='line_1_34' title="bbox 443 4457 2036 4557; baseline 0.003 -29"><span class='ocrx_word' id='word_1_376' title='bbox 443 4458 589 4555; x_wconf 77' lang='lat' dir='ltr'>singulm</span> <span class='ocrx_word' id='word_1_377' title='bbox 619 4458 814 4557; x_wconf 83' lang='lat' dir='ltr'>particulae.</span> <span class='ocrx_word' id='word_1_378' title='bbox 844 4462 887 4528; x_wconf 79' lang='lat' dir='ltr'>Et</span> <span class='ocrx_word' id='word_1_379' title='bbox 909 4457 966 4530; x_wconf 90' lang='lat' dir='ltr'>his</span> <span class='ocrx_word' id='word_1_380' title='bbox 988 4457 1136 4554; x_wconf 90' lang='lat' dir='ltr'>quidem</span> <span class='ocrx_word' id='word_1_381' title='bbox 1164 4459 1221 4532; x_wconf 84' lang='lat' dir='ltr'>vel</span> <span class='ocrx_word' id='word_1_382' title='bbox 1247 4460 1493 4534; x_wconf 88' lang='lat' dir='ltr'>consimilibus</span> <span class='ocrx_word' id='word_1_383' title='bbox 1524 4460 1725 4534; x_wconf 89' lang='lat' dir='ltr'>rationibus</span> <span class='ocrx_word' id='word_1_384' title='bbox 1750 4461 1873 4532; x_wconf 91' lang='lat' dir='ltr'>omnia</span> <span class='ocrx_word' id='word_1_385' title='bbox 1896 4483 1975 4556; x_wconf 88' lang='lat' dir='ltr'>quae</span> <span class='ocrx_word' id='word_1_386' title='bbox 1999 4460 2036 4532; x_wconf 92' lang='lat' dir='ltr'>in</span> 
     </span>
     <span class='ocr_line' id='line_1_35' title="bbox 444 4576 2039 4677; baseline 0.001 -27"><span class='ocrx_word' id='word_1_387' title='bbox 444 4577 582 4668; x_wconf 83' lang='lat' dir='ltr'>mundo</span> <span class='ocrx_word' id='word_1_388' title='bbox 605 4591 689 4652; x_wconf 88' lang='lat' dir='ltr'>sunt</span> <span class='ocrx_word' id='word_1_389' title='bbox 710 4576 936 4652; x_wconf 82' lang='lat' dir='ltr'>conditorem</span> <span class='ocrx_word' id='word_1_390' title='bbox 957 4602 1021 4652; x_wconf 90' lang='lat' dir='ltr'>seu</span> <span class='ocrx_word' id='word_1_391' title='bbox 1040 4593 1215 4668; x_wconf 86' lang='lat' dir='ltr'>rectorem</span> <span class='ocrx_word' id='word_1_392' title='bbox 1239 4579 1374 4654; x_wconf 85' lang='lat' dir='ltr'>habere</span> <span class='ocrx_word' id='word_1_393' title='bbox 1400 4581 1627 4658; x_wconf 84' lang='lat' dir='ltr'>manifestum</span> <span class='ocrx_word' id='word_1_394' title='bbox 1648 4579 1816 4669; x_wconf 88' lang='lat' dir='ltr'>arbitror,</span> <span class='ocrx_word' id='word_1_395' title='bbox 1839 4603 1949 4677; x_wconf 87' lang='lat' dir='ltr'>quem</span> <span class='ocrx_word' id='word_1_396' title='bbox 1971 4603 2039 4652; x_wconf 89' lang='lat' dir='ltr'>nos</span> 
     </span>
     <span class='ocr_line' id='line_1_36' title="bbox 442 4695 754 4802; baseline -0.003 -32"><span class='ocrx_word' id='word_1_397' title='bbox 442 4698 560 4770; x_wconf 58' lang='lat' dir='ltr'>mum</span> <span class='ocrx_word' id='word_1_398' title='bbox 576 4695 754 4802; x_wconf 65' lang='lat' dir='ltr'>dicimus.</span> 
     </span>
    </p>

    <p class='ocr_par' dir='ltr' id='par_1_3' title="bbox 491 4814 2034 4918">
     <span class='ocr_line' id='line_1_37' title="bbox 491 4814 2034 4918; baseline 0 -28"><span class='ocrx_word' id='word_1_399' title='bbox 491 4820 545 4890; x_wconf 83' lang='lat' dir='ltr'>De</span> <span class='ocrx_word' id='word_1_400' title='bbox 568 4814 670 4912; x_wconf 89' lang='lat' dir='ltr'>cujus</span> <span class='ocrx_word' id='word_1_401' title='bbox 692 4839 790 4888; x_wconf 88' lang='lat' dir='ltr'>nunc</span> <span class='ocrx_word' id='word_1_402' title='bbox 808 4817 943 4891; x_wconf 90' lang='lat' dir='ltr'>unitate</span> <span class='ocrx_word' id='word_1_403' title='bbox 967 4834 1129 4915; x_wconf 88' lang='lat' dir='ltr'>superest</span> <span class='ocrx_word' id='word_1_404' title='bbox 1150 4818 1346 4918; x_wconf 91' lang='lat' dir='ltr'>disputare,</span> <span class='ocrx_word' id='word_1_405' title='bbox 1372 4835 1413 4897; x_wconf 90' lang='lat' dir='ltr'>ut</span> <span class='ocrx_word' id='word_1_406' title='bbox 1438 4820 1550 4915; x_wconf 88' lang='lat' dir='ltr'>magis</span> <span class='ocrx_word' id='word_1_407' title='bbox 1576 4819 1741 4894; x_wconf 83' lang='lat' dir='ltr'>videlicet</span> <span class='ocrx_word' id='word_1_408' title='bbox 1764 4844 1878 4894; x_wconf 89' lang='lat' dir='ltr'>unum</span> <span class='ocrx_word' id='word_1_409' title='bbox 1905 4818 2034 4891; x_wconf 89' lang='lat' dir='ltr'>condi·</span> 
     </span>
    </p>
   </div>
   <div class='ocr_carea' id='block_1_3' title="bbox 475 5091 1359 5162">
    <p class='ocr_par' dir='ltr' id='par_1_4' title="bbox 475 5091 1359 5162">
     <span class='ocr_line' id='line_1_38' title="bbox 475 5091 1359 5162; baseline 0.006 -18"><span class='ocrx_word' id='word_1_410' title='bbox 475 5093 593 5155; x_wconf 61' lang='lat' dir='ltr'>*Arnum</span> <span class='ocrx_word' id='word_1_411' title='bbox 603 5095 633 5146; x_wconf 77' lang='lat' dir='ltr'>de</span> <span class='ocrx_word' id='word_1_412' title='bbox 646 5093 725 5146; x_wconf 76' lang='lat' dir='ltr'>cluit.</span> <span class='ocrx_word' id='word_1_413' title='bbox 736 5093 792 5156; x_wconf 82' lang='lat' dir='ltr'>Dei,</span> <span class='ocrx_word' id='word_1_414' title='bbox 808 5095 852 5146; x_wconf 78' lang='lat' dir='ltr'>tlt.</span> <span class='ocrx_word' id='word_1_415' title='bbox 866 5091 934 5158; x_wconf 84' lang='lat' dir='ltr'>lllll,</span> <span class='ocrx_word' id='word_1_416' title='bbox 947 5100 1001 5155; x_wconf 80' lang='lat' dir='ltr'>cap.</span> <span class='ocrx_word' id='word_1_417' title='bbox 1013 5106 1040 5145; x_wconf 88' lang='lat' dir='ltr'>n.</span> <span class='ocrx_word' id='word_1_418' title='bbox 1054 5122 1082 5134; x_wconf 90' lang='lat'>—</span> <span class='ocrx_word' id='word_1_419' title='bbox 1094 5100 1103 5127; x_wconf 82' lang='lat'><strong>¹</strong></span> <span class='ocrx_word' id='word_1_420' title='bbox 1114 5096 1172 5159; x_wconf 68' lang='lat' dir='ltr'>lag.</span> <span class='ocrx_word' id='word_1_421' title='bbox 1185 5098 1217 5148; x_wconf 82' lang='lat' dir='ltr'>In</span> <span class='ocrx_word' id='word_1_422' title='bbox 1228 5097 1359 5162; x_wconf 78' lang='lat' dir='ltr'>Epistolir.</span> 
     </span>
    </p>
   </div>
   <div class='ocr_carea' id='block_1_4' title="bbox 0 0 2284 6100">
    <p class='ocr_par' dir='ltr' id='par_1_5' title="bbox 0 0 2284 6100">
     <span class='ocr_line' id='line_1_39' title="bbox 0 0 2284 6100; baseline 0 3"><span class='ocrx_word' id='word_1_423' title='bbox 0 0 2284 6100; x_wconf 95' lang='lat' dir='ltr'> </span> 
     </span>
    </p>
   </div>
   <div class='ocr_carea' id='block_1_5' title="bbox 2278 3175 2281 3678">
    <p class='ocr_par' dir='ltr' id='par_1_6' title="bbox 2278 3175 2281 3678">
     <span class='ocr_line' id='line_1_40' title="bbox 2278 3175 2281 3678; baseline 0 0"><span class='ocrx_word' id='word_1_424' title='bbox 2278 3175 2281 3678; x_wconf 95' lang='lat' dir='ltr'> </span> 
     </span>
    </p>
   </div>
  </div>
 </body>
</html>
