4559 6100
480 573 551 647 268
754 621 763 630 -
1081 574 1212 646 PETRI
1237 570 1474 645 tumulum

479 756 498 792 e
516 727 546 799 si
562 725 654 798 facio
669 723 769 824 quod
781 722 882 818 nolo,
896 754 914 790 s
928 722 966 795 id
983 722 1151 820 estquod
1168 747 1244 794 uon
1261 719 1441 822 approbo,
1457 751 1474 789 α
1488 718 1704 793 consentio»
1724 733 1760 791 et
1775 719 1961 793 concordo
1982 720 2079 818 «legi

476 846 523 919 de
535 846 607 918 lroc
621 845 721 943 quod
732 843 830 917 bona
840 858 907 935 est,
924 870 942 912 ι)
954 868 1037 915 cum
1052 867 1133 915 eam
1147 840 1311 916 videlicet
1322 868 1364 914 ea
1376 840 1571 940 prohibere
1582 838 1703 929 viden,
1721 864 1800 938 quae
1812 864 1880 938 ego
1892 841 1969 940 ipse
1985 841 2079 915 mala

475 991 552 1039 esse
565 965 690 1063 judico
706 991 716 1035 .·
735 964 826 1036 sicut
837 963 1131 1065 concupiscentia
1146 962 1192 1035 de
1209 988 1281 1061 qua
1296 962 1460 1061 superius
1474 960 1576 1051 dixit,
1593 959 1667 1032 sive
1682 959 1748 1048 ira,
1769 959 1910 1051 odium,
1928 961 2074 1034 invidia.

474 1086 584 1173 Quod
602 1087 711 1158 etiarn
727 1083 891 1158 nolentes
907 1083 1095 1174 habemus,
1116 1085 1202 1183 quia
1215 1083 1377 1183 proiecto
1396 1082 1650 1181 concupiscere
1665 1079 1855 1172 nollemus,
1874 1081 1958 1155 licet
1977 1082 2076 1179 quod

474 1207 765 1305 concupiscimus
779 1204 940 1278 volentes
953 1219 988 1277 ct
1001 1230 1085 1277 cum
1102 1204 1297 1277 dilectione
1309 1227 1534 1302 peragamus.

522 1329 615 1398 Cum
630 1327 751 1426 itaque
767 1325 911 1417 dicitur,
932 1354 949 1394 u
966 1329 1085 1398 Omne
1098 1340 1286 1424 peccatum
1299 1323 1557 1413 voluntarium,
1573 1351 1589 1387 n
1607 1335 1643 1393 et
1658 1345 1742 1394 cum
1756 1319 1901 1413 dicitur,
1922 1349 1941 1390 u
1961 1326 2074 1397 Nemo

472 1461 596 1544 peccat
613 1448 758 1535 invitus,
780 1474 798 1514 u
821 1446 867 1519 de
883 1461 965 1519 actu
978 1445 1049 1518 hoc
1063 1446 1216 1546 peccati,
1233 1470 1308 1517 non
1334 1443 1380 1516 de
1400 1442 1692 1541 concupiscentia
1713 1455 1766 1514 est
1784 1440 2070 1539 intelligendum.

470 1567 598 1639 Omnis
617 1569 752 1667 quippe
774 1581 874 1640 actus
890 1566 1027 1666 peccati
1050 1565 1275 1637 voluntarius
1301 1564 1422 1663 potius
1446 1586 1555 1661 quarn
1579 1561 1801 1634 necessarius
1819 1559 1962 1653 dieitur,
1988 1566 2074 1662 quia

469 1709 512 1756 er
539 1686 723 1760 voluntate
744 1712 962 1786 quacunque
986 1700 1169 1786 praeeunte
1190 1700 1354 1784 tempore
1380 1681 1579 1775 descendit,
1604 1681 1662 1753 vel
1689 1683 1717 1752 si
1741 1706 1806 1781 per
1827 1681 1986 1778 aliquam
2013 1682 2074 1758 fiat

468 1809 708 1880 coactionem.
727 1807 912 1898 Videlicet,
926 1805 1027 1878 verbi
1048 1806 1173 1902 gratia,
1193 1806 1278 1901 jacit
1295 1803 1423 1902 aliquis
1439 1801 1598 1902 lapidem
1614 1802 1830 1901 improvide,
1851 1816 1888 1874 et
1908 1803 2070 1897 fortuitu,

470 1951 545 1997 uon
567 1929 722 2000 scienter
736 1928 925 2000 hominem
949 1924 1144 1999 interficit:
1162 1925 1234 1997 hoc
1259 1924 1423 2026 prolecto
1444 1949 1486 1996 ex
1515 1921 1698 1995 voluntate
1716 1921 1874 2019 jaciendi
1897 1921 2070 2022 lapidem,

469 2070 544 2118 non
562 2047 801 2121 interficiendi
816 2045 1005 2120 hominem
1020 2045 1198 2143 procedit.
1215 2050 1277 2117 Est
1292 2059 1328 2117 et
1344 2043 1434 2118 alius
1455 2044 1518 2143 qui
1536 2045 1731 2116 irruentem
1754 2068 1863 2142 super
1878 2068 1916 2116 se
1930 2042 2072 2119 hostem

467 2182 613 2240 coactus
630 2167 809 2257 interficit,
827 2192 874 2240 ne
893 2166 940 2240 ab
957 2191 1001 2239 eo
1015 2165 1151 2239 scilicet
1167 2164 1414 2260 interficiatur,
1441 2180 1477 2238 et
1498 2189 1647 2264 peccare
1666 2165 1801 2236 invitus
1819 2163 1964 2257 dicitur,
1986 2191 2071 2240 cum

467 2286 504 2358 id
521 2313 667 2386 quoque
683 2316 725 2364 ex
742 2288 929 2362 voluntate
941 2286 1118 2360 evadendi
1134 2301 1290 2360 mortem
1305 2289 1425 2387 potius
1439 2312 1550 2385 quam
1564 2311 1608 2358 ex
1622 2285 1801 2359 desiderio
1821 2299 1926 2358 antea
1943 2285 2070 2362 habito

465 2408 656 2482 occidendi
669 2410 856 2484 hominem
873 2423 966 2507 agat.
987 2408 1114 2481 Omnis
1131 2409 1252 2507 itaque
1268 2422 1370 2482 actus
1387 2406 1562 2508 peccandi
1585 2404 1812 2484 voluntarius
1840 2422 1876 2479 et
1900 2432 1975 2479 non
2001 2433 2070 2480 ue-

464 2531 637 2605 cessarius
652 2532 690 2602 in
706 2557 751 2604 eo
763 2531 907 2620 dicitur,
928 2530 990 2627 qui
1008 2555 1050 2601 ex
1068 2553 1297 2628 quacunque,
1318 2545 1357 2600 ut
1373 2529 1510 2604 dictum
1529 2542 1595 2617 est,
1614 2525 1801 2600 voluntate
1817 2526 2015 2602 descendit.
2032 2530 2070 2601 Si

339 2643 343 2650 ’
464 2648 544 2743 quis
561 2665 682 2722 tamen
700 2649 796 2724 dicat
814 2650 1033 2722 occisionem
1053 2650 1153 2722 illam
1167 2648 1327 2722 hominis
1341 2673 1404 2748 per
1416 2648 1554 2745 jactum
1567 2646 1697 2747 lapidis
1713 2646 1966 2738 voluntariam,
1991 2675 2068 2723 non

463 2768 639 2860 concedo,
661 2770 752 2842 sicut
773 2770 912 2866 jactum
936 2766 1065 2867 lapidis
1090 2767 1335 2841 voluntarium
1361 2767 1457 2840 dico.
1487 2773 1706 2864 Frequenter
1728 2768 1824 2839 euim
1849 2769 2000 2842 nomina
2022 2794 2069 2842 ex

461 2884 639 2983 adjunctis
650 2914 733 2961 suas
749 2889 889 2961 variant
903 2886 1194 2985 significationes,
1214 2904 1255 2961 ut
1271 2914 1355 2962 cum
1381 2912 1528 2964 omnem
1550 2887 1783 2961 substantiam
1805 2886 2064 2978 concedamus,

461 3023 675 3082 nontamen
695 3009 778 3082 ideo
794 3033 943 3082 omnem
959 3008 1171 3083 hominem:
1191 3010 1239 3083 ita
1253 3023 1289 3083 et
1307 3035 1391 3084 cum
1409 3034 1518 3083 omne
1536 3023 1726 3109 peccatum
1747 3006 1911 3081 dicamus
1936 3007 2067 3083 volun·

461 3130 604 3224 tarium,
621 3146 656 3202 et
674 3156 821 3205 omnem
839 3131 976 3231 peccati
989 3144 1111 3203 actum
1130 3155 1172 3203 ex
1189 3131 1322 3229 aliqua,
1342 3146 1383 3203 ut
1400 3130 1538 3202 dictum
1555 3145 1622 3223 est,
1639 3129 1824 3202 voluntate
1841 3130 2062 3228 procedere,

460 3272 535 3321 nou
552 3264 671 3323 tamen
685 3251 915 3324 occasionem
932 3250 1030 3324 illam
1042 3250 1277 3324 concedimus
1296 3249 1549 3342 voluntariam,
1569 3250 1608 3322 id
1624 3264 1675 3322 est
1688 3274 1732 3322 ex
1754 3248 1939 3323 voluntate
1953 3275 2066 3351 quam

458 3366 586 3467 aliquis
601 3370 752 3445 haberet
763 3370 955 3445 occidendi
973 3371 1074 3444 illum
1089 3396 1168 3445 esse
1184 3371 1429 3444 commissam.
1451 3374 1531 3442 Hoc
1555 3370 1676 3468 itaque
1699 3368 1812 3442 modo
1839 3394 1924 3441 cum
1948 3375 2065 3447 coacti

457 3505 602 3586 peccata
615 3493 888 3584 committimus,
905 3491 1012 3565 simul
1027 3506 1062 3565 et
1078 3492 1180 3590 quod
1196 3491 1364 3564 volumus
1380 3502 1416 3563 et
1434 3491 1534 3589 quod
1556 3490 1727 3564 nolumus
1739 3489 1928 3581 efficimus,
1950 3508 1989 3566 ut
2002 3519 2064 3566 su·

456 3613 641 3710 praposito
653 3614 819 3713 exemplo
835 3613 926 3685 dum
941 3612 1059 3684 coacti
1071 3611 1259 3685 hominem
1283 3611 1496 3708 occidimus,
1524 3626 1679 3685 mortem
1702 3636 1769 3711 per
1793 3610 1866 3683 hoc
1886 3613 2065 3688 evitamus

455 3730 556 3826 quod
571 3732 752 3822 volumus,
773 3748 809 3805 et
822 3730 1063 3804 homicidium
1080 3731 1231 3805 iacimus
1247 3733 1348 3830 quod
1364 3734 1547 3806 nolumus.
1566 3731 1624 3805 Sic
1640 3744 1676 3805 et
1696 3731 1733 3803 in
1753 3732 1852 3804 coitu
1869 3735 1990 3806 uxoris
2007 3735 2062 3807 al·

456 3850 567 3921 terius
583 3853 660 3951 ipse
675 3851 782 3924 nohis
796 3852 913 3951 placet
930 3851 1158 3944 concubitus,
1173 3878 1247 3925 non
1264 3853 1430 3926 adulterii
1448 3853 1599 3945 oliensa,
1614 3854 1672 3926 vel
1683 3866 1801 3927 reatus
1817 3876 1927 3951 quem
1940 3854 2064 3928 incur-

454 3968 580 4041 rimus.
600 3973 705 4044 Coitu
722 3972 843 4071 itaque
858 3986 1012 4064 tantum,
1036 3997 1112 4046 non
1126 3973 1306 4048 adulterio
1320 3974 1555 4067 delectamur,
1574 3974 1660 4073 quia
1674 3972 1766 4049 nihil
1777 3971 1824 4046 ad
1835 3975 2063 4074 voluptatem

381 4099 383 4102 ⁴
453 4088 619 4163 adulterii
646 4107 765 4166 reatus
783 4095 951 4191 pertinet,
981 4094 1045 4167 sed
1071 4094 1184 4192 magis
1209 4095 1257 4168 ad
1273 4095 1502 4168 conscientias
1527 4108 1763 4167 tormentum.
1793 4098 1836 4164 Et
1860 4097 2061 4194 quominus

419 4233 685 4306 :peccaremus
700 4228 807 4310 atque
819 4212 1039 4287 adulterium
1053 4215 1260 4307 vitaremus,
1282 4239 1363 4289 eam
1382 4241 1467 4287 cum
1488 4239 1561 4313 qua
1585 4215 1805 4288 fornicamur
1827 4240 2061 4314 nequaquam

451 4328 682 4426 conjugatam
700 4357 778 4404 esse
800 4331 986 4406 vellemus.
1005 4338 1097 4407 Cum
1118 4336 1239 4433 itaque
1255 4334 1403 4426 dicitur,
1424 4365 1442 4405 u
1457 4359 1532 4407 non
1550 4334 1652 4434 quod
1666 4335 1751 4407 volo
1767 4359 1854 4433 ago,
1874 4334 1938 4408 sed
1954 4337 2061 4433 quod

452 4448 552 4542 nolo,
565 4478 582 4519 u
599 4452 689 4524 nihil
698 4453 801 4526 obest
809 4455 839 4525 si
849 4454 946 4529 nolle
959 4470 995 4528 et
1004 4455 1095 4528 vello
1106 4458 1255 4555 proprio
1268 4471 1304 4529 et
1316 4457 1447 4529 usitato
1459 4455 1572 4528 modo
1585 4479 1769 4529 sumamus
1781 4481 1848 4554 pro
1866 4457 2007 4555 placere
2021 4474 2060 4532 et

449 4572 660 4674 displicere3
682 4578 767 4677 quia
783 4578 1001 4677 frequenter,
1022 4595 1061 4652 ut
1074 4581 1214 4653 dictum
1233 4597 1298 4675 est,
1318 4582 1354 4653 in
1374 4581 1504 4655 eodem
1525 4596 1607 4655 actu
1623 4598 1659 4653 et
1674 4580 1777 4678 quod
1797 4581 1914 4679 placet
1931 4596 1966 4654 et
1985 4582 2060 4657 dis·

449 4694 559 4795 plicet
580 4699 797 4794 invenimus,
815 4702 907 4773 sieut
924 4701 962 4773 iu
980 4700 1060 4801 ipso
1078 4702 1178 4775 coitu
1200 4700 1353 4774 carnalis
1372 4701 1538 4800 voluptas
1555 4717 1590 4774 et
1606 4701 1772 4774 adulterii
1784 4700 1904 4801 culpa.
1926 4707 2058 4777 Possu-

448 4842 529 4890 mus
558 4833 595 4891 et
615 4819 716 4916 juxta
739 4821 924 4920 superiora
950 4822 1043 4896 velle
1068 4837 1106 4894 et
1133 4821 1230 4895 nolle
1258 4846 1326 4922 pro
1349 4822 1552 4923 approbare
1581 4836 1617 4895 et
1641 4821 1848 4921 improbare
1873 4823 2055 4921 accipere,

446 4939 594 5036 quando
609 4956 644 5013 et
660 4946 757 5014 Deus
774 4943 952 5017 nonnulla
967 4941 1059 5016 velle
1079 4959 1115 5017 et
1136 4943 1233 5017 nolle
1260 4943 1404 5018 dicitur.
1433 4950 1557 5043 Neque
1580 4945 1678 5017 euim
1701 4946 1739 5017 in
1762 4969 1806 5018 eo
1833 4958 1952 5044 potest
1977 4969 2058 5019 esse

444 5062 644 5133 commotio
660 5063 785 5155 animi,
805 5065 937 5159 quaein
955 5062 1247 5139 nobis‘voluntas
1264 5090 1327 5139 seu
1343 5064 1523 5166 voluptas,
1549 5065 1585 5137 id
1611 5079 1664 5138 est
1679 5064 1869 5139 delectatio
1891 5065 2025 5137 dicitur
2044 5094 2053 5136 :

445 5178 507 5251 sed
524 5195 559 5252 et
576 5207 660 5253 cum
678 5181 771 5255 velle
788 5182 927 5281 aliquid
943 5183 1109 5277 dicimus,
1128 5200 1191 5259 aut
1209 5185 1286 5283 ejus
1302 5186 1604 5287 approbationem
1626 5200 1687 5261 aut
1708 5186 1984 5286 dispositionem
2004 5187 2056 5258 si·
