4559 6100
648 525 942 601 lNTRODUCTlO
968 525 1028 600 tt>
1051 525 1355 599 THEOLOGlAM.
1747 537 1791 608 43

200 680 265 755 lib.
281 679 325 752 de
337 680 483 775 Spiritu.
491 691 529 747 et
539 675 660 747 littera
674 703 684 746 :
700 679 812 748 «Non
830 687 946 773 potest
962 674 1078 747 tacere
1094 673 1244 771 injusta,
1257 673 1342 771 quia
1355 673 1431 772 ipse
1443 685 1495 743 est
1508 697 1648 746 summe
1656 677 1792 774 justitia

201 815 236 872 et
250 798 409 871 bonitas.
430 796 671 893 Omnipotens
686 820 773 867 vero
790 809 862 884 est,
878 819 952 867 non
962 793 1064 893 quod
1080 794 1194 892 possit
1210 792 1332 864 omnia
1350 793 1485 884 lacere,
1501 792 1563 864 sed
1581 797 1664 892 quia
1675 814 1793 897 potest

201 916 341 991 efficere
357 913 537 1015 quidquid
549 914 639 986 vult.
656 943 673 980 s
692 914 791 986 Sicnt
803 929 923 986 autern
935 898 1002 986 bei
1017 913 1129 987 Patris
1141 910 1319 984 vocabulo
1336 910 1464 983 divinae
1481 911 1645 1008 majestas
1662 932 1791 1014 poten·

202 1036 480 1135 tiaeerprimitur
488 1030 702 1132 specialiter,
717 1033 766 1104 ita
774 1033 850 1104 Filii
863 1057 927 1106 seu
937 1031 1291 1131 Verbiappellatione
1302 1031 1473 1129 sapientia
1484 1030 1551 1103 Dei
1559 1031 1789 1131 significatur,
1808 1094 1809 1097 ,

201 1177 272 1250 qua
287 1154 423 1227 scilicet
437 1167 569 1226 cuncta
586 1151 788 1225 discernere
805 1152 921 1242 valet,
939 1153 1029 1225 utin
1044 1151 1145 1224 nullo
1162 1150 1303 1249 penitus
1319 1148 1436 1248 decipi
1450 1165 1572 1246 queat.

249 1276 293 1347 tt
307 1298 395 1346 vero
417 1273 568 1372 Spiritus
583 1274 695 1344 sancti
712 1271 891 1345 vocabulo
907 1272 983 1372 ipsa
999 1275 1075 1369 ejus
1092 1270 1246 1344 charitas
1262 1295 1324 1342 seu
1346 1268 1546 1367 benignitas
1563 1272 1789 1370 exprimitur,

200 1417 271 1490 qua
287 1393 455 1466 videlicet
468 1392 604 1491 optime
622 1406 753 1464 cuncta
768 1391 844 1463 vult
856 1390 933 1464 lieri
950 1416 1014 1464 seu
1030 1390 1195 1489 disponi,
1213 1403 1248 1462 et
1260 1414 1305 1462 eo
1322 1388 1433 1461 modo
1447 1388 1586 1486 singula
1602 1397 1792 1491 provenire

182 1520 273 1610 'quo
286 1511 415 1584 melius
431 1524 598 1610 possunt,
612 1511 733 1583 malis¹
750 1534 898 1609 quoque
914 1508 1010 1583 bene
1026 1523 1148 1601 utens,
1166 1523 1202 1581 et
1218 1509 1353 1607 optime
1370 1507 1508 1606 singula
1521 1509 1736 1608 disponens,
1755 1530 1791 1589 et

201 1629 245 1703 ad
262 1632 443 1729 optimum
461 1629 571 1702 finem
587 1653 735 1727 quoque
748 1628 964 1727 perducens.
983 1633 1063 1701 Non
1079 1640 1132 1700 est
1147 1642 1267 1701 autem
1286 1626 1463 1726 perlectus
1475 1626 1512 1700 in
1526 1629 1712 1722 omnibus,
1728 1637 1791 1732 qui

200 1747 235 1821 in
252 1746 374 1847 aliquo
389 1750 571 1848 impotens
584 1747 783 1839 invenitur,
797 1771 863 1821 nec
877 1747 1033 1847 perfecte
1044 1745 1174 1819 beatus
1188 1761 1243 1819 est
1257 1748 1320 1844 qui
1336 1746 1372 1818 in
1390 1745 1512 1844 aliquo
1524 1745 1641 1848 decipi
1656 1766 1788 1849 potest,

200 1890 266 1941 nec
282 1870 425 1968 penitus
438 1868 615 1966 benignus
630 1867 694 1966 qui
710 1868 834 1941 omnia
849 1868 986 1968 optime
1001 1865 1079 1941 lieri
1096 1891 1172 1939 non
1190 1866 1273 1941 velit
1292 1891 1335 1939 ac
1350 1865 1506 1965 disponi.
1527 1867 1596 1940 Ubi
1611 1893 1699 1943 vero
1715 1870 1791 1946 haec

199 1986 264 2059 tria
276 1989 521 2078 conveniunt,
533 2001 572 2059 ut
589 2001 662 2061 tam
677 1986 840 2060 videlicet
856 1988 1017 2088 potentia
1031 2012 1142 2085 quam
1159 1986 1353 2087 sapientia,
1369 2009 1479 2083 quam
1493 1984 1592 2060 bona
1609 1990 1791 2065 voluntate

199 2104 242 2176 ait
255 2105 433 2205 perlectus
447 2134 456 2177 z
471 2106 522 2179 nil
538 2104 627 2179 boni
641 2120 695 2180 est
710 2106 811 2203 quod
821 2106 897 2204 ejus
908 2106 1123 2207 plenitudini
1136 2105 1241 2179 desit.
1255 2106 1338 2179 Tale
1351 2118 1405 2177 est
1417 2130 1504 2202 ergo
1516 2110 1634 2179 Deum
1650 2106 1790 2185 Patrem

199 2247 240 2296 ae
248 2224 376 2297 Filium
391 2241 427 2299 et
436 2227 609 2324 Spiritum
621 2242 785 2299 sanctum
801 2251 869 2300 nos
882 2225 1060 2326 profiteri,
1071 2251 1115 2300 ac
1130 2227 1161 2300 si
1173 2226 1309 2326 ipsum,
1324 2238 1362 2297 ut
1373 2224 1511 2297 dictum
1523 2240 1595 2316 est,
1607 2251 1790 2303 summum

198 2341 339 2416 bonum
357 2370 431 2418 esse
449 2345 703 2444 predicemus:
723 2347 780 2419 cui
797 2347 985 2444 tanquam¹
999 2344 1184 2418 bonorum
1202 2345 1368 2417 omnium
1383 2343 1596 2441 plenitudini
1613 2345 1664 2418 nil
1678 2346 1787 2443 desit,

198 2474 234 2532 et
249 2462 351 2559 cujus
362 2463 632 2561 participatione
644 2463 744 2537 bona
753 2489 828 2538 esse
840 2479 963 2538 caetera
976 2479 1129 2537 constet.
1144 2468 1216 2536 Nec
1228 2462 1346 2534 solum
1362 2461 1438 2533 haec
1449 2462 1627 2536 Trinitatis
1640 2463 1789 2541 distinc-

199 2579 248 2652 tio
263 2580 311 2655 ad
327 2582 459 2653 summi
476 2581 565 2654 boni
580 2581 855 2681 perlectionem,
872 2598 911 2656 ut
926 2583 1064 2656 dictum
1079 2597 1150 2672 est,
1168 2579 1440 2654 describendam
1458 2583 1646 2674 convenit,
1662 2610 1789 2659 verum

198 2698 301 2772 ctiam
314 2699 362 2773 ad
378 2700 670 2799 persuadendum
692 2700 901 2775 hominibus
917 2701 1030 2775 divini
1043 2701 1161 2776 cultus
1176 2700 1386 2798 religionem
1405 2699 1602 2798 plurimum
1621 2703 1785 2801 prolicit,

201 2831 238 2889 ut
251 2817 299 2891 ob
319 2818 586 2919 hoepraecipue
602 2819 680 2918 ipsa
695 2822 762 2892 Dei
779 2821 953 2919 sapientia
969 2822 1156 2895 incarnata
1171 2821 1208 2893 in
1226 2818 1478 2919 praedicatione
1493 2844 1558 2892 sua
1574 2844 1654 2894 eam
1672 2825 1789 2899 rectis·

198 2936 283 3009 sime
299 2936 516 3011 decrevisset
532 2961 726 3013 assumere.
745 2944 827 3012 Duo
844 2941 979 3040 quippe
995 2954 1079 3013 sunt
1092 2964 1172 3038 quae
1184 2964 1251 3012 nos
1263 2939 1414 3011 omnino
1430 2936 1609 3036 subjectos
1622 2944 1699 3014 Deo
1714 2943 1789 3016 effi·

198 3057 294 3130 ciunt
307 3112 317 3151 ,
332 3059 443 3131 timor
459 3058 624 3133 videlicet
640 3075 749 3158 atque
760 3084 877 3133 amor.
893 3064 1052 3135 Potestas
1064 3062 1198 3160 quippe
1210 3073 1246 3134 et
1259 3059 1432 3159 sapientia
1449 3060 1602 3134 maxime
1618 3062 1787 3138 timorem

197 3175 395 3270 incutiunt,
407 3202 493 3251 cum
509 3202 594 3251 eum
611 3202 722 3276 quem
733 3177 896 3277 judicem
911 3204 988 3253 esse
1003 3181 1160 3269 scimus,
1181 3191 1218 3253 et
1232 3192 1361 3252 cuneta
1380 3203 1460 3276 quae
1472 3177 1641 3272 voluerit,
1660 3183 1788 3281 punire

198 3317 321 3390 posse,
339 3311 376 3370 et
392 3296 444 3370 nil
466 3319 553 3371 eum
573 3295 684 3370 latere
700 3298 964 3395 cognoscimus.
985 3299 1186 3395 benignitas
1207 3310 1327 3370 autem
1344 3296 1392 3371 ad
1409 3297 1571 3370 amorem
1588 3300 1788 3397 specialiter

198 3415 366 3510 pertinet,
377 3430 418 3488 ut
428 3438 538 3513 quem
548 3414 846 3515 benignissimum
862 3415 1060 3505 habemus,
1073 3416 1300 3514 potissimum
1310 3413 1511 3508 diligamus.
1525 3418 1575 3485 Ex
1589 3441 1663 3513 quo
1679 3419 1786 3493 etiam

197 3545 332 3603 certum
348 3547 400 3606 est
414 3556 498 3607 eum
513 3534 736 3632 impietatem
743 3534 865 3607 ulcisci
874 3533 1077 3630 velle,quia
1086 3555 1162 3630 quo
1171 3530 1252 3630 plus
1266 3531 1381 3630 placet
1396 3531 1429 3603 ei
1443 3532 1607 3628 aequitas,
1620 3557 1664 3606 eo
1675 3540 1786 3634 magis

194 3649 262 3748 ipsi
277 3650 441 3750 displicet
455 3653 642 3751 iniquitas,
659 3652 752 3726 sicut
764 3653 936 3752 scriptum
951 3654 1045 3725 est⁸2
1067 3682 1086 3721 u
1104 3651 1265 3724 Dilexisti
1276 3652 1463 3748 justitiam,
1481 3666 1516 3722 et
1532 3650 1639 3724 odisti
1656 3653 1786 3752 iniqui·

195 3781 315 3842 tatem.
326 3797 345 3839 u
355 3775 428 3844 Nec
446 3770 564 3844 solum
577 3771 625 3845 ad
643 3772 811 3845 timorem
826 3771 882 3845 rel
897 3771 944 3844 ad
960 3796 1122 3845 amorem
1138 3771 1206 3843 Dei
1222 3770 1433 3842 hominibus
1446 3769 1693 3845 incutiendum
1709 3772 1786 3847 baec

195 3888 373 3962 Trinitatis
386 3889 568 3964 distinctio
584 3892 781 3964 necessaria
796 3904 870 3984 est,
889 3915 1016 3964 verum
1031 3905 1067 3963 et
1085 3889 1132 3962 ud
1151 3889 1401 3963 universorum
1418 3912 1569 3987 operum
1595 3891 1670 3987 ejus
1687 3915 1787 3966 com-

196 4008 464 4083 mendationem
486 4008 683 4111 plurimum
704 4009 816 4101 valet,
835 4025 876 4083 ut
891 4034 1114 4108 quaecunque
1130 4010 1219 4106 agit,
1239 4009 1379 4106 egregie
1401 4007 1477 4081 fieri
1501 4008 1714 4102 credantur,
1732 4026 1787 4085 ut·

195 4140 279 4224 pote
293 4129 358 4226 qni
372 4129 495 4203 omnin
506 4154 587 4227 ques
602 4129 706 4220 velit,
723 4126 864 4203 efficere
879 4129 1010 4228 possit,
1028 4142 1065 4201 et
1080 4129 1118 4201 io
1132 4127 1305 4200 omnibus
1322 4126 1438 4200 modis
1455 4151 1668 4201 conservare
1682 4131 1784 4224 sciat,

193 4260 229 4318 et
244 4247 380 4345 optime
391 4262 520 4321 cuneta
535 4246 612 4321 lieri
628 4272 692 4321 seu
709 4246 907 4346 procedere
923 4246 1019 4320 velit.
1045 4246 1151 4320 Unde
1169 4262 1205 4319 et
1223 4272 1309 4319 cum
1326 4245 1373 4319 ad
1388 4244 1523 4343 aliquid
1535 4270 1602 4344 per
1617 4271 1685 4320 nos
1697 4272 1787 4348 ope·

192 4364 347 4437 randum
362 4365 522 4442 divinam
537 4366 774 4465 imploramus
788 4367 957 4465 gratiam,
977 4367 1092 4440 recte⁸
1107 4365 1493 4439 commemorationem
1506 4365 1686 4439 Trinitatis
1702 4367 1787 4441 laci·

193 4507 291 4576 mus,
309 4484 494 4559 dicentesz
512 4513 531 4555 c
551 4489 592 4558 ln
608 4486 757 4570 nomine
777 4487 890 4560 Patris
910 4499 946 4559 et
963 4485 1039 4558 Filii
1054 4501 1090 4559 et
1111 4486 1263 4584 Spiritus
1279 4485 1413 4575 Sancti,
1433 4513 1452 4552 »
1469 4484 1526 4557 vel
1547 4514 1564 4550 α
1587 4489 1625 4556 ln
1640 4488 1787 4561 nomine

192 4617 322 4676 mette
335 4617 372 4675 et
384 4603 579 4678 individue
592 4605 783 4698 Trinitatis,
798 4635 816 4672 ι
835 4619 874 4678 ut
886 4604 1054 4679 videlicet
1068 4603 1228 4678 divinam
1240 4605 1439 4703 potentiam
1451 4618 1487 4675 et
1499 4604 1709 4700 sapientiam
1722 4631 1787 4679 seu

191 4714 448 4819 benignitatem
462 4723 796 4817 commemorando,
806 4747 1030 4822 quecunque
1043 4728 1140 4796 Deus
1158 4722 1302 4818 efficiat,
1314 4724 1453 4822 egregie
1471 4722 1547 4797 steri
1562 4720 1787 4797 demonstre-

192 4861 285 4912 mus.
304 4839 410 4914 Unde
435 4856 472 4914 et
493 4843 633 4940 Moyses
655 4867 740 4916 cum
764 4841 811 4916 de
831 4843 1000 4917 universa
1020 4842 1149 4916 mundi
1166 4856 1287 4939 ageret
1304 4844 1498 4936 creatione,
1519 4842 1556 4914 io
1573 4840 1651 4937 ipso
1667 4844 1786 4917 statim

192 5057 432 5190 tisbffllvll'
448 5062 480 5112 ln
491 5061 555 5113 aliis
565 5064 629 5114 mate
642 5064 701 5126 lectt
713 5062 785 5115 inb.
799 5090 827 5102 —
838 5062 897 5114 'Stc
908 5063 1042 5118 emittet
1060 5065 1167 5132 inquom
1181 5063 1254 5115 Amb.
1268 5090 1292 5099 -
1306 5062 1410 5114 nsum.
1424 5075 1491 5127 rur,
1503 5077 1526 5113 s.
1542 5066 1564 5115 t.
1582 5090 1610 5101 -
1623 5063 1710 5116 ‘necte
1722 5064 1785 5116 Cod.

237 5144 254 5187 t.
291 5143 332 5188 nte
366 5153 417 5191 m.
