4559 6100
461 564 531 639 196
1060 563 1190 647 1¹ssth
1213 565 1451 645 ABAELARDI

456 713 675 811 praevidebat
688 737 768 813 quae
781 715 879 789 bona
891 716 937 790 de
953 718 1055 791 malis
1068 718 1145 816 ejus
1159 736 1252 793 esset
1266 723 1342 820 ipse
1360 721 1529 794 facturus.
1545 746 1564 787 a
1584 722 1672 789 item
1690 729 1773 818 post
1789 714 1928 814 aliqua:
1949 746 1967 783 a
1982 717 2050 791 Ne·

455 858 526 932 que
537 835 635 906 enim
648 840 745 942 Deus
761 836 888 932 ullum,
908 863 983 911 nnn
1001 838 1084 914 dico
1108 839 1333 936 angelorum,
1360 839 1424 912 sed
1447 839 1505 913 vel
1529 838 1722 911 hominum
1747 851 1913 928 creasset,
1943 861 2053 935 quem

455 952 591 1026 malum
604 979 681 1028 esse
697 956 858 1030 futurum
872 960 1084 1058 praescisset,
1105 960 1173 1032 nisi
1190 961 1323 1057 pariter
1339 974 1461 1033 nosset
1482 958 1615 1059 quibus
1636 982 1699 1030 eos
1720 955 1905 1029 bonorum
1927 956 2053 1031 usibus

455 1075 759 1150 commendaret¹.
779 1110 797 1144 α
822 1078 921 1151 ldem
948 1080 986 1150 in
1011 1078 1237 1151 ancoratu·
1257 1107 1264 1150 :
1287 1111 1305 1146 α
1325 1086 1446 1178 Neque
1473 1081 1571 1156 enirn
1592 1083 1689 1152 Deus
1714 1077 1946 1175 omnipotens
1967 1101 2052 1150 cum

455 1217 595 1266 summe
621 1193 740 1268 bonus
755 1197 812 1284 sit,
835 1196 910 1270 ullo
932 1197 1044 1270 modo
1065 1199 1198 1271 sineret
1227 1199 1311 1272 mali
1336 1198 1472 1297 aliquid
1493 1222 1570 1271 esse
1591 1197 1630 1270 in
1655 1194 1825 1296 operibus
1849 1196 1950 1289 snis3
1982 1197 2050 1268 nisi

456 1314 679 1413 usqueadeo
696 1331 785 1389 esset
807 1318 1038 1417 omnipotens
1054 1333 1091 1392 et
1106 1318 1242 1412 bonus,
1260 1334 1301 1391 ut
1314 1319 1408 1393 bene
1424 1319 1554 1393 laceret
1571 1332 1607 1390 et
1625 1315 1671 1389 de
1691 1314 1800 1388 malo.
1817 1345 1835 1382 a

508 1438 714 1530 «Quorum,
735 1465 752 1505 a
769 1437 903 1510 scilicet
921 1463 988 1511 nos
1003 1437 1344 1537 blasphemantium,
1360 1438 1399 1511 id
1414 1454 1479 1532 est,
1498 1462 1574 1510 non
1601 1450 1673 1510 tam
1697 1459 1765 1533 pro
1789 1434 2050 1507 existimatione

455 1577 519 1625 sua
535 1578 645 1652 quam
658 1571 806 1656 propter
819 1582 887 1630 nos
904 1556 1211 1658 blasphemandos
1227 1556 1265 1630 id
1282 1558 1493 1632 dicentium.
1508 1557 1607 1632 Adeo
1621 1580 1778 1652 namque
1794 1553 1888 1628 mala
1904 1579 2050 1653 quoque

455 1698 476 1745 a
492 1677 569 1746 Deo
585 1673 680 1750 bene
695 1676 857 1750 ordinari
871 1677 996 1752 datum
1010 1692 1076 1770 est,
1096 1693 1136 1751 ut
1152 1679 1224 1752 hoc
1240 1680 1349 1752 etiam
1365 1679 1505 1776 gentilis
1519 1677 1579 1751 ille
1592 1674 1831 1775 philosophus
1853 1674 1952 1747 Plato
1970 1698 2048 1747 ma·

339 1833 347 1842 ·
454 1792 580 1867 nileste
598 1796 779 1893 protessus
795 1797 853 1892 sit,
867 1797 1013 1871 dicens:
1035 1797 1160 1871 «Nihil
1177 1800 1274 1872 enim
1291 1796 1344 1889 lit,
1363 1799 1464 1897 cujus
1478 1813 1598 1871 ortum
1618 1819 1694 1869 non
1710 1793 1867 1892 legitima
1890 1817 1998 1867 causa
2014 1808 2050 1866 et

453 1913 546 1985 ratio
562 1915 750 2012 pracedat.
773 1944 791 1985 a

505 2061 523 2101 a
534 2034 632 2122 Quid
646 2059 745 2133 ergo.
763 2066 781 2105 a
798 2038 878 2110 Dixi
897 2039 1020 2111 [αΙὶιιω
1034 2063 1101 2111 nos
1115 2037 1444 2138 blasphemantium
1457 2037 1590 2135 justam
1606 2060 1683 2108 esse
1702 2032 1987 2126 damnationem,
2005 2058 2048 2107 ex

453 2177 528 2249 quo
543 2178 610 2226 nos
627 2157 781 2229 maxime
797 2157 1069 2231 commendasse
1084 2158 1261 2249 videmur,
1276 2159 1378 2256 quasi
1396 2158 1483 2231 tales
1503 2157 1615 2229 simus
1636 2179 1679 2227 ex
1696 2153 1827 2225 nostris
1843 2153 1991 2241 meritis,
2010 2154 2047 2224 in

453 2270 583 2368 quibus
600 2273 688 2346 nibil
707 2277 752 2347 sit
765 2274 1100 2375 blasphemandum.
1124 2276 1248 2366 «Quid
1262 2302 1360 2374 ergo,
1376 2306 1394 2342 a
1413 2276 1451 2350 id
1463 2290 1530 2366 est,
1544 2300 1633 2348 num
1647 2273 1736 2372 quid
1745 2287 1864 2372 potest
1877 2271 1949 2344 dici
1964 2273 2048 2371 quia

453 2392 685 2488 praecellimus
702 2393 789 2467 tales
811 2395 906 2491 juste
928 2396 1168 2488 damnandos,
1187 2398 1224 2469 id
1241 2412 1307 2488 est,
1331 2423 1375 2472 ex
1393 2398 1548 2496 propriis
1564 2394 1699 2467 meritis
1718 2407 1755 2465 et
1771 2408 1894 2466 nostra
1918 2394 2048 2466 virtute

452 2510 633 2608 digniores
649 2538 775 2587 sumus
786 2514 854 2588 illis
872 2515 886 2585 i
912 2548 930 2582 α
948 2520 1218 2615 Nequaquam»
1239 2517 1302 2588 sed
1318 2518 1439 2617 potius
1456 2542 1499 2590 ex
1517 2521 1595 2588 Deo
1612 2537 1722 2612 quam
1738 2537 1785 2585 ex‘
1801 2511 1906 2585 uobis
1927 2527 1993 2604 est,
2017 2516 2046 2585 si

452 2630 640 2729 quidboni
658 2631 846 2727 habemus,
859 2636 950 2708 sicut
965 2650 1000 2708 et
1016 2637 1053 2707 iu
1071 2635 1304 2733 sequentibus
1317 2637 1379 2709 ait.
1395 2638 1488 2725 Quia
1504 2661 1577 2708 non
1596 2650 1649 2707 est
1665 2633 1818 2706 volentis
1834 2657 1952 2730 neque
1968 2657 2047 2706 cur-

451 2752 573 2840 rentis,
593 2750 655 2823 sed
672 2753 872 2827 miserentis
887 2754 967 2845 Dei,
985 2756 1070 2853 quia
1086 2755 1163 2852 ejus
1175 2754 1422 2828 misericordia
1437 2754 1616 2828 sufficiens
1634 2768 1686 2826 est
1698 2751 1744 2826 ad
1759 2752 1911 2825 salntem
1928 2754 2047 2849 potius

449 2894 559 2967 quam
577 2885 700 2943 nostra
717 2871 889 2964 valitudo,
906 2875 1080 2971 quoniam
1103 2898 1147 2947 ex
1162 2874 1269 2948 nobis
1287 2900 1415 2949 omnes
1437 2875 1544 2948 simul
1569 2871 1765 2973 culpabiles
1789 2894 1925 2964 sumus,
1954 2871 2047 2944 sicut

449 2990 612 3089 superius
628 2990 851 3065 ostendimus
868 3007 941 3068 tam
957 2992 1003 3067 de
1019 2993 1149 3067 ludaeis
1163 3018 1273 3093 quam
1289 3020 1331 3069 ex
1347 2995 1524 3069 Gentibus
1540 3018 1667 3068 omues
1680 2989 1936 3066 inexcusabiles
1951 3014 2040 3063 esse.

449 3111 493 3181 Et
510 3107 583 3181 hoc
600 3124 666 3201 est,
688 3139 705 3179 a
718 3113 860 3185 Causati
877 3114 975 3185 enim
991 3138 1129 3204 sumus,
1145 3143 1164 3182 a
1183 3114 1219 3186 id
1237 3130 1302 3209 est,
1321 3116 1423 3215 quasi
1439 3117 1476 3188 in
1488 3138 1633 3189 causam
1651 3109 1854 3187 accusando
1874 3110 2045 3183 traximus

449 3242 522 3300 tam
537 3228 680 3301 Judaeos
692 3254 802 3327 quam
810 3235 964 3326 Graecos,
984 3257 1077 3331 quos
1094 3235 1328 3333 sapientiores
1345 3259 1422 3307 esse
1438 3235 1621 3307 convenit.
1636 3261 1653 3301 a
1663 3236 1797 3306 Omnes
1813 3228 1880 3301 sub
1896 3244 2045 3327 peccato

447 3371 535 3435 esse,
555 3380 572 3414 a
591 3348 629 3421 id
645 3363 711 3442 est,
727 3365 762 3422 et
779 3376 860 3424 reos
878 3378 955 3426 esse
971 3368 1007 3426 et
1024 3379 1139 3453 poeuae
1156 3353 1311 3447 debitos,
1331 3370 1503 3453 tanquam
1518 3369 1805 3451 transgressores.
1824 3354 1867 3421 llt
1881 3348 1953 3421 hoc
1965 3351 2044 3448 qui·

448 3468 531 3540 dem
558 3468 605 3542 ad
627 3471 829 3566 generalem
854 3474 1045 3546 revertitur
1070 3474 1327 3564 invectionem,
1347 3472 1519 3571 colligens
1547 3499 1590 3546 ex
1617 3471 1801 3570 scripturis
1827 3470 2040 3561 testimonia,

447 3588 578 3686 quibus
592 3613 718 3661 omnes
729 3594 863 3689 pariter
879 3618 960 3665 reos
975 3607 1012 3667 et
1026 3594 1285 3667 inexcusabiles
1302 3596 1502 3668 convincat.

499 3736 515 3776 ‹
537 3709 637 3779 Sicut
651 3710 824 3808 scriptum
845 3725 910 3783 est.
934 3744 951 3779 s
971 3717 1010 3784 ln
1031 3712 1172 3786 Psalmo
1189 3713 1355 3788 videlicet
1374 3717 1461 3787 cxv⁸
1483 3741 1491 3783 ε
1515 3744 1531 3782 a
1550 3713 1644 3802 Quia
1661 3737 1736 3785 non
1753 3726 1806 3784 est
1821 3713 1936 3808 justus
1952 3710 2044 3808 quis·

447 3850 569 3923 quam,
584 3840 653 3898 etc.
670 3856 687 3895 a
709 3827 868 3901 Psalmus
885 3830 945 3903 hic
959 3831 1022 3904 ubi
1038 3833 1242 3906 testimonia
1261 3833 1336 3907 haec
1358 3834 1456 3934 apud
1473 3858 1540 3905 nos
1556 3834 1800 3924 continentur,
1817 3831 1919 3929 quasi
1937 3853 2043 3925 gene·

447 3945 560 4017 ralem
575 3946 814 4020 invectionem
833 3948 914 4023 facit
930 3952 967 4023 in
985 3955 1189 4052 omnesqui
1207 3968 1348 4055 tempus
1364 3979 1436 4027 suae
1453 3953 1663 4026 visitationis
1680 3976 1754 4025 non
1771 3964 2041 4046 cognoscentes,

445 4068 546 4163 quasi
563 4090 630 4166 pro
648 4066 916 4143 abominatione
940 4070 1148 4146 habueruut
1169 4077 1366 4148 Dominum
1385 4099 1453 4175 pro
1473 4072 1633 4145 humana
1650 4070 1898 4169 redemptione
1917 4070 2044 4140 incar·

444 4186 524 4257 nari
540 4200 575 4258 et
592 4188 679 4286 pati.
701 4188 805 4262 Unde
819 4204 855 4263 et
871 4191 954 4265 alibi
972 4192 1068 4267 idem
1085 4194 1321 4292 Apostolus⁸2
1345 4225 1362 4261 a
1382 4198 1454 4266 Nos
1474 4207 1595 4267 autem
1612 4190 1845 4291 praedicamus
1861 4188 2043 4261 Christum

446 4303 669 4396 crucifixum,
689 4308 818 4382 ludaeis
843 4312 991 4409 quidem
1015 4313 1238 4409 scandalum,
1266 4313 1431 4414 gentibus
1453 4327 1572 4386 autem
1589 4312 1788 4384 stultitiam.
1808 4338 1825 4377 u
1843 4310 1898 4383 Ait
1923 4311 2043 4405 itaque

447 4424 627 4499 Psalmus:
646 4428 774 4503 «Dixit
790 4431 974 4530 insipiens,
993 4464 1010 4501 a
1027 4432 1066 4505 id
1082 4448 1134 4507 est
1147 4435 1311 4508 animalis
1322 4416 1449 4527 homd,
1468 4435 1530 4531 qui
1548 4457 1622 4505 nou
1640 4432 1792 4532 percipit
1808 4453 1851 4502 ea
1864 4451 1944 4527 quae
1956 4442 2045 4499 suut

445 4544 596 4642 Spiritus
612 4546 692 4638 Dei,
707 4547 753 4620 de
767 4573 899 4623 arcano
913 4552 1078 4625 videlicet
1098 4552 1162 4626 illo
1187 4569 1317 4627 nostrae
1337 4554 1573 4653 reparationis
1591 4550 1773 4649 mysterio,
1791 4573 1874 4622 cum
1895 4544 2047 4618 infirmi·

446 4677 554 4736 tatem
571 4670 742 4765 assumpti
756 4669 914 4744 hominis
929 4673 1142 4772 inspiceret:
1159 4704 1176 4742 a
1192 4679 1272 4747 Non
1286 4688 1338 4747 est
1354 4678 1464 4765 Deus,
1474 4705 1492 4741 »
1504 4673 1593 4745 dixit
1606 4671 1666 4744 hic
1678 4671 1824 4768 quidem
1835 4692 1911 4740 nou
1923 4665 2046 4739 verbis

446 4784 611 4881 negando
630 4787 897 4881 tantummodo,
916 4791 1008 4863 sicut
1026 4797 1149 4864 Petrus
1166 4818 1250 4865 eum
1266 4792 1447 4890 negando,
1485 4791 1548 4865 sed
1564 4805 1600 4864 et
1619 4788 1743 4879 corde,
1769 4789 1855 4886 quia
1875 4787 1942 4859 etsi
1964 4810 2046 4857 cre·

446 4899 549 4994 didit,
575 4904 647 4978 hoc
667 4920 733 5000 cst,
761 4908 963 5006 paucissimi
988 4925 1025 4983 et
1046 4912 1148 5008 quasi
1168 4911 1258 4985 nulli
1282 4928 1366 4986 sunt
1385 4913 1447 5011 qui
1461 4911 1544 5009 justi
1571 4923 1669 5001 suut,
1696 4907 1734 4980 id
1757 4921 1823 5001 est,
1845 4906 2046 5004 unicuique

482 5181 569 5232 ¹Allter
582 5181 801 5239 cmmodaret-
812 5185 892 5252 ²021).
906 5198 940 5248 n,
953 5187 1033 5258 opp,
1046 5197 1066 5240 t.
1080 5187 1118 5250 vt,
1129 5189 1176 5241 ool.
1190 5191 1244 5242 tta
1258 5217 1286 5231 -·
1298 5189 1415 5244 ’Paulam
1428 5202 1482 5250 cxv,
1497 5204 1521 5240 r.
1534 5193 1611 5243 tt.-
1621 5190 1631 5221 '·
1643 5188 1653 5238 l
1667 5184 1799 5249 conum
1813 5196 1869 5248 Uli·
1882 5196 1901 5245 ¹·
1913 5196 1935 5231 ¹·
1951 5183 1990 5230 ²³·
