<?xml version="1.0" encoding="UTF-8"?>
<!DOCTYPE html PUBLIC "-//W3C//DTD XHTML 1.0 Transitional//EN"
    "http://www.w3.org/TR/xhtml1/DTD/xhtml1-transitional.dtd">
<html xmlns="http://www.w3.org/1999/xhtml" xml:lang="en" lang="en">
 <head>
  <title>
</title>
<meta http-equiv="Content-Type" content="text/html;charset=utf-8" />
  <meta name='ocr-system' content='tesseract 3.04.00' />
  <meta name='ocr-capabilities' content='ocr_page ocr_carea ocr_par ocr_line ocrx_word'/>
</head>
<body>
  <div class='ocr_page' id='page_1' title='image "./petriablardiope00despgoog_0369.png"; bbox 0 0 4559 6100; ppageno 0'>
   <div class='ocr_carea' id='block_1_1' title="bbox 1274 412 1298 446">
    <p class='ocr_par' dir='ltr' id='par_1_1' title="bbox 1274 412 1298 446">
     <span class='ocr_line' id='line_1_1' title="bbox 1274 412 1298 446; baseline 0 0"><span class='ocrx_word' id='word_1_1' title='bbox 1274 412 1298 446; x_wconf 61' lang='grc' dir='ltr'><strong><em>Ἣ</em></strong></span> 
     </span>
    </p>
   </div>
   <div class='ocr_carea' id='block_1_2' title="bbox 692 544 1810 625">
    <p class='ocr_par' dir='ltr' id='par_1_2' title="bbox 692 544 1810 625">
     <span class='ocr_line' id='line_1_2' title="bbox 692 544 1810 625; baseline 0.008 -9"><span class='ocrx_word' id='word_1_2' title='bbox 692 548 735 620; x_wconf 86' lang='grc' dir='ltr'><strong>ΙΝ</strong></span> <span class='ocrx_word' id='word_1_3' title='bbox 759 545 1002 619; x_wconf 75' lang='lat' dir='ltr'>EPISTOLAM</span> <span class='ocrx_word' id='word_1_4' title='bbox 1025 544 1086 619; x_wconf 84' lang='grc' dir='ltr'><strong>ΑΙ)</strong></span> <span class='ocrx_word' id='word_1_5' title='bbox 1111 548 1333 624; x_wconf 76' lang='lat' dir='ltr'><strong>ROMANOS.</strong></span> <span class='ocrx_word' id='word_1_6' title='bbox 1738 552 1810 625; x_wconf 76' lang='lat'><strong>337</strong></span> 
     </span>
    </p>
   </div>
   <div class='ocr_carea' id='block_1_3' title="bbox 212 694 1934 4964">
    <p class='ocr_par' dir='ltr' id='par_1_3' title="bbox 212 694 1934 4964">
     <span class='ocr_line' id='line_1_3' title="bbox 223 694 1811 794; baseline 0.005 -30"><span class='ocrx_word' id='word_1_7' title='bbox 223 707 259 764; x_wconf 90' lang='lat' dir='ltr'><strong>et</strong></span> <span class='ocrx_word' id='word_1_8' title='bbox 288 695 474 790; x_wconf 81' lang='lat' dir='ltr'><strong>sauguine.</strong></span> <span class='ocrx_word' id='word_1_9' title='bbox 503 697 643 792; x_wconf 78' lang='lat' dir='ltr'><strong>Moyses</strong></span> <span class='ocrx_word' id='word_1_10' title='bbox 670 695 767 766; x_wconf 89' lang='lat' dir='ltr'><strong>euim</strong></span> <span class='ocrx_word' id='word_1_11' title='bbox 792 720 813 766; x_wconf 89' lang='lat' dir='ltr'><strong>a</strong></span> <span class='ocrx_word' id='word_1_12' title='bbox 835 694 1057 793; x_wconf 81' lang='lat' dir='ltr'><strong>temporibus</strong></span> <span class='ocrx_word' id='word_1_13' title='bbox 1084 697 1239 794; x_wconf 85' lang='lat' dir='ltr'><strong>antiquis</strong></span> <span class='ocrx_word' id='word_1_14' title='bbox 1260 696 1415 769; x_wconf 88' lang='lat' dir='ltr'><strong>habetur</strong></span> <span class='ocrx_word' id='word_1_15' title='bbox 1448 698 1485 769; x_wconf 90' lang='lat' dir='ltr'><strong>in</strong></span> <span class='ocrx_word' id='word_1_16' title='bbox 1514 699 1716 773; x_wconf 88' lang='lat' dir='ltr'><strong>civitatibus</strong></span> <span class='ocrx_word' id='word_1_17' title='bbox 1739 701 1811 772; x_wconf 88' lang='lat' dir='ltr'><strong>sin·</strong></span> 
     </span>
     <span class='ocr_line' id='line_1_4' title="bbox 225 813 1811 914; baseline 0.003 -29"><span class='ocrx_word' id='word_1_18' title='bbox 225 813 316 910; x_wconf 85' lang='lat' dir='ltr'><strong>gulis</strong></span> <span class='ocrx_word' id='word_1_19' title='bbox 331 836 411 911; x_wconf 81' lang='lat' dir='ltr'><strong>quae</strong></span> <span class='ocrx_word' id='word_1_20' title='bbox 428 838 512 886; x_wconf 91' lang='lat' dir='ltr'><strong>eum</strong></span> <span class='ocrx_word' id='word_1_21' title='bbox 534 814 729 912; x_wconf 85' lang='lat' dir='ltr'><strong>praedioeut</strong></span> <span class='ocrx_word' id='word_1_22' title='bbox 745 814 781 885; x_wconf 89' lang='lat' dir='ltr'><strong>in</strong></span> <span class='ocrx_word' id='word_1_23' title='bbox 802 816 989 910; x_wconf 78' lang='lat' dir='ltr'><strong>synagogis</strong></span> <span class='ocrx_word' id='word_1_24' title='bbox 1011 813 1075 886; x_wconf 91' lang='lat' dir='ltr'><strong>ubi</strong></span> <span class='ocrx_word' id='word_1_25' title='bbox 1101 840 1166 914; x_wconf 92' lang='lat' dir='ltr'><strong>per</strong></span> <span class='ocrx_word' id='word_1_26' title='bbox 1187 838 1297 887; x_wconf 91' lang='lat' dir='ltr'><strong>omne</strong></span> <span class='ocrx_word' id='word_1_27' title='bbox 1318 814 1505 889; x_wconf 87' lang='lat' dir='ltr'><strong>sabbatum</strong></span> <span class='ocrx_word' id='word_1_28' title='bbox 1530 818 1670 913; x_wconf 81' lang='lat' dir='ltr'><strong>legitur.</strong></span> <span class='ocrx_word' id='word_1_29' title='bbox 1685 847 1704 885; x_wconf 74' lang='lat' dir='ltr'><strong>&gt;r</strong></span> <span class='ocrx_word' id='word_1_30' title='bbox 1731 820 1811 890; x_wconf 93' lang='lat' dir='ltr'><strong>Ori·</strong></span> 
     </span>
     <span class='ocr_line' id='line_1_5' title="bbox 224 912 1811 1034; baseline 0.002 -29"><span class='ocrx_word' id='word_1_31' title='bbox 224 953 332 1028; x_wconf 79' lang='lat' dir='ltr'><strong>genes</strong></span> <span class='ocrx_word' id='word_1_32' title='bbox 347 933 384 1004; x_wconf 94' lang='lat' dir='ltr'><strong>iu</strong></span> <span class='ocrx_word' id='word_1_33' title='bbox 396 932 466 1005; x_wconf 88' lang='lat' dir='ltr'><strong>hac</strong></span> <span class='ocrx_word' id='word_1_34' title='bbox 480 912 763 1031; x_wconf 55' lang='lat' dir='ltr'><strong>Epistola‘supra</strong></span> <span class='ocrx_word' id='word_1_35' title='bbox 776 931 839 1004; x_wconf 92' lang='lat' dir='ltr'><strong>ubi</strong></span> <span class='ocrx_word' id='word_1_36' title='bbox 856 934 1027 1032; x_wconf 89' lang='lat' dir='ltr'><strong>scriptum</strong></span> <span class='ocrx_word' id='word_1_37' title='bbox 1049 949 1124 1006; x_wconf 87' lang='lat' dir='ltr'><strong>est:</strong></span> <span class='ocrx_word' id='word_1_38' title='bbox 1146 965 1163 1002; x_wconf 82' lang='grc' dir='ltr'><strong>α</strong></span> <span class='ocrx_word' id='word_1_39' title='bbox 1178 936 1214 1006; x_wconf 87' lang='lat' dir='ltr'><strong>Si</strong></span> <span class='ocrx_word' id='word_1_40' title='bbox 1231 936 1337 1030; x_wconf 84' lang='lat' dir='ltr'><strong>igitur</strong></span> <span class='ocrx_word' id='word_1_41' title='bbox 1359 937 1572 1033; x_wconf 76' lang='lat' dir='ltr'><strong>praeputium</strong></span> <span class='ocrx_word' id='word_1_42' title='bbox 1595 937 1682 1034; x_wconf 78' lang='lat' dir='ltr'><strong>legis</strong></span> <span class='ocrx_word' id='word_1_43' title='bbox 1698 942 1721 1029; x_wconf 88' lang='lat'><strong>¹,</strong></span> <span class='ocrx_word' id='word_1_44' title='bbox 1741 952 1811 1009; x_wconf 88' lang='lat' dir='ltr'><strong>etc.</strong></span> 
     </span>
     <span class='ocr_line' id='line_1_6' title="bbox 230 1052 1813 1154; baseline 0.004 -33"><span class='ocrx_word' id='word_1_45' title='bbox 230 1053 288 1124; x_wconf 90' lang='lat' dir='ltr'><strong>Vis</strong></span> <span class='ocrx_word' id='word_1_46' title='bbox 303 1067 423 1125; x_wconf 88' lang='lat' dir='ltr'><strong>autem</strong></span> <span class='ocrx_word' id='word_1_47' title='bbox 443 1052 565 1125; x_wconf 89' lang='lat' dir='ltr'><strong>videre</strong></span> <span class='ocrx_word' id='word_1_48' title='bbox 582 1077 696 1151; x_wconf 88' lang='lat' dir='ltr'><strong>usque</strong></span> <span class='ocrx_word' id='word_1_49' title='bbox 717 1053 859 1148; x_wconf 78' lang='lat' dir='ltr'><strong>sanguis</strong></span> <span class='ocrx_word' id='word_1_50' title='bbox 877 1067 931 1124; x_wconf 88' lang='lat' dir='ltr'><strong>est</strong></span> <span class='ocrx_word' id='word_1_51' title='bbox 946 1054 1069 1152; x_wconf 89' lang='lat' dir='ltr'><strong>ipsius,</strong></span> <span class='ocrx_word' id='word_1_52' title='bbox 1089 1083 1107 1121; x_wconf 77' lang='lat' dir='ltr'><strong>s</strong></span> <span class='ocrx_word' id='word_1_53' title='bbox 1126 1054 1227 1152; x_wconf 91' lang='lat' dir='ltr'><strong>quod</strong></span> <span class='ocrx_word' id='word_1_54' title='bbox 1250 1055 1410 1127; x_wconf 88' lang='lat' dir='ltr'><strong>invenies</strong></span> <span class='ocrx_word' id='word_1_55' title='bbox 1425 1056 1587 1153; x_wconf 90' lang='lat' dir='ltr'><strong>superius</strong></span> <span class='ocrx_word' id='word_1_56' title='bbox 1608 1057 1646 1128; x_wconf 92' lang='lat' dir='ltr'><strong>in</strong></span> <span class='ocrx_word' id='word_1_57' title='bbox 1669 1081 1704 1129; x_wconf 90' lang='lat'><strong>11</strong></span> <span class='ocrx_word' id='word_1_58' title='bbox 1725 1080 1813 1154; x_wconf 87' lang='lat' dir='ltr'><strong>qua-</strong></span> 
     </span>
     <span class='ocr_line' id='line_1_7' title="bbox 227 1171 1816 1273; baseline 0.003 -31"><span class='ocrx_word' id='word_1_59' title='bbox 227 1174 403 1245; x_wconf 88' lang='lat' dir='ltr'><strong>ternione.</strong></span> <span class='ocrx_word' id='word_1_60' title='bbox 419 1171 658 1245; x_wconf 75' lang='lat' dir='ltr'><strong>»Ambrosius</strong></span> <span class='ocrx_word' id='word_1_61' title='bbox 671 1174 708 1245; x_wconf 92' lang='lat' dir='ltr'><strong>in</strong></span> <span class='ocrx_word' id='word_1_62' title='bbox 725 1171 920 1272; x_wconf 86' lang='lat' dir='ltr'><strong>Epistolam</strong></span> <span class='ocrx_word' id='word_1_63' title='bbox 935 1172 986 1243; x_wconf 86' lang='lat' dir='ltr'><strong>ad</strong></span> <span class='ocrx_word' id='word_1_64' title='bbox 998 1174 1148 1246; x_wconf 77' lang='lat' dir='ltr'><strong>Galatas</strong></span> <span class='ocrx_word' id='word_1_65' title='bbox 1158 1175 1204 1247; x_wconf 89' lang='lat' dir='ltr'><strong>de</strong></span> <span class='ocrx_word' id='word_1_66' title='bbox 1220 1174 1396 1273; x_wconf 74' lang='lat' dir='ltr'><strong>Apostolis</strong></span> <span class='ocrx_word' id='word_1_67' title='bbox 1408 1179 1436 1244; x_wconf 83' lang='lat'><strong>¹:</strong></span> <span class='ocrx_word' id='word_1_68' title='bbox 1461 1179 1656 1248; x_wconf 82' lang='lat' dir='ltr'><strong>«Praeterea</strong></span> <span class='ocrx_word' id='word_1_69' title='bbox 1669 1200 1752 1248; x_wconf 91' lang='lat' dir='ltr'><strong>cum</strong></span> <span class='ocrx_word' id='word_1_70' title='bbox 1763 1176 1816 1247; x_wconf 89' lang='lat' dir='ltr'><strong>le·</strong></span> 
     </span>
     <span class='ocr_line' id='line_1_8' title="bbox 227 1292 1817 1390; baseline 0.001 -26"><span class='ocrx_word' id='word_1_71' title='bbox 227 1316 307 1386; x_wconf 86' lang='lat' dir='ltr'><strong>gem</strong></span> <span class='ocrx_word' id='word_1_72' title='bbox 322 1292 507 1366; x_wconf 80' lang='lat' dir='ltr'><strong>dedissent</strong></span> <span class='ocrx_word' id='word_1_73' title='bbox 523 1316 597 1365; x_wconf 89' lang='lat' dir='ltr'><strong>non</strong></span> <span class='ocrx_word' id='word_1_74' title='bbox 616 1293 796 1364; x_wconf 86' lang='lat' dir='ltr'><strong>molestari</strong></span> <span class='ocrx_word' id='word_1_75' title='bbox 812 1317 876 1364; x_wconf 86' lang='lat' dir='ltr'><strong>eos</strong></span> <span class='ocrx_word' id='word_1_76' title='bbox 888 1295 1005 1390; x_wconf 85' lang='lat' dir='ltr'><strong>quiex</strong></span> <span class='ocrx_word' id='word_1_77' title='bbox 1017 1293 1193 1366; x_wconf 83' lang='lat' dir='ltr'><strong>Gentibus</strong></span> <span class='ocrx_word' id='word_1_78' title='bbox 1210 1292 1417 1382; x_wconf 88' lang='lat' dir='ltr'><strong>credebant,</strong></span> <span class='ocrx_word' id='word_1_79' title='bbox 1431 1293 1494 1366; x_wconf 89' lang='lat' dir='ltr'><strong>sed</strong></span> <span class='ocrx_word' id='word_1_80' title='bbox 1511 1309 1551 1365; x_wconf 92' lang='lat' dir='ltr'><strong>ut</strong></span> <span class='ocrx_word' id='word_1_81' title='bbox 1561 1294 1608 1366; x_wconf 90' lang='lat' dir='ltr'><strong>ab</strong></span> <span class='ocrx_word' id='word_1_82' title='bbox 1626 1295 1668 1366; x_wconf 92' lang='lat' dir='ltr'><strong>iis</strong></span> <span class='ocrx_word' id='word_1_83' title='bbox 1677 1308 1817 1368; x_wconf 85' lang='lat' dir='ltr'><strong>tantum</strong></span> 
     </span>
     <span class='ocr_line' id='line_1_9' title="bbox 227 1410 1816 1510; baseline 0.004 -30"><span class='ocrx_word' id='word_1_84' title='bbox 227 1410 470 1502; x_wconf 80' lang='lat' dir='ltr'><strong>observarent,</strong></span> <span class='ocrx_word' id='word_1_85' title='bbox 491 1410 528 1483; x_wconf 91' lang='lat' dir='ltr'><strong>id</strong></span> <span class='ocrx_word' id='word_1_86' title='bbox 543 1425 630 1483; x_wconf 92' lang='lat' dir='ltr'><strong>est-a</strong></span> <span class='ocrx_word' id='word_1_87' title='bbox 644 1413 817 1509; x_wconf 86' lang='lat' dir='ltr'><strong>sanguiue</strong></span> <span class='ocrx_word' id='word_1_88' title='bbox 829 1427 864 1483; x_wconf 93' lang='lat' dir='ltr'><strong>et</strong></span> <span class='ocrx_word' id='word_1_89' title='bbox 888 1411 1125 1485; x_wconf 79' lang='lat' dir='ltr'><strong>fornicatione</strong></span> <span class='ocrx_word' id='word_1_90' title='bbox 1137 1427 1174 1484; x_wconf 89' lang='lat' dir='ltr'><strong>et</strong></span> <span class='ocrx_word' id='word_1_91' title='bbox 1188 1411 1401 1485; x_wconf 88' lang='lat' dir='ltr'><strong>idololatria.</strong></span> <span class='ocrx_word' id='word_1_92' title='bbox 1431 1415 1511 1485; x_wconf 89' lang='lat' dir='ltr'><strong>Non</strong></span> <span class='ocrx_word' id='word_1_93' title='bbox 1533 1413 1658 1510; x_wconf 86' lang='lat' dir='ltr'><strong>utique</strong></span> <span class='ocrx_word' id='word_1_94' title='bbox 1678 1413 1725 1486; x_wconf 89' lang='lat' dir='ltr'><strong>ab</strong></span> <span class='ocrx_word' id='word_1_95' title='bbox 1749 1412 1816 1487; x_wconf 91' lang='lat' dir='ltr'><strong>ho-</strong></span> 
     </span>
     <span class='ocr_line' id='line_1_10' title="bbox 229 1529 1820 1631; baseline 0.003 -31"><span class='ocrx_word' id='word_1_96' title='bbox 229 1529 374 1602; x_wconf 91' lang='lat' dir='ltr'><strong>micidio</strong></span> <span class='ocrx_word' id='word_1_97' title='bbox 387 1529 557 1628; x_wconf 86' lang='lat' dir='ltr'><strong>prohibiti</strong></span> <span class='ocrx_word' id='word_1_98' title='bbox 581 1545 679 1623; x_wconf 90' lang='lat' dir='ltr'><strong>snut,</strong></span> <span class='ocrx_word' id='word_1_99' title='bbox 696 1554 780 1602; x_wconf 90' lang='lat' dir='ltr'><strong>cum</strong></span> <span class='ocrx_word' id='word_1_100' title='bbox 790 1529 962 1627; x_wconf 88' lang='lat' dir='ltr'><strong>jubentur</strong></span> <span class='ocrx_word' id='word_1_101' title='bbox 976 1558 997 1604; x_wconf 93' lang='lat' dir='ltr'><strong>a</strong></span> <span class='ocrx_word' id='word_1_102' title='bbox 1010 1533 1182 1628; x_wconf 85' lang='lat' dir='ltr'><strong>sanguine</strong></span> <span class='ocrx_word' id='word_1_103' title='bbox 1196 1529 1411 1624; x_wconf 86' lang='lat' dir='ltr'><strong>observare;</strong></span> <span class='ocrx_word' id='word_1_104' title='bbox 1431 1531 1494 1603; x_wconf 92' lang='lat' dir='ltr'><strong>sed</strong></span> <span class='ocrx_word' id='word_1_105' title='bbox 1509 1530 1581 1604; x_wconf 87' lang='lat' dir='ltr'><strong>hoc</strong></span> <span class='ocrx_word' id='word_1_106' title='bbox 1604 1545 1820 1631; x_wconf 80' lang='lat' dir='ltr'><strong>acceperuut</strong></span> 
     </span>
     <span class='ocr_line' id='line_1_11' title="bbox 228 1648 1820 1747; baseline 0 -26"><span class='ocrx_word' id='word_1_107' title='bbox 228 1649 328 1745; x_wconf 91' lang='lat' dir='ltr'><strong>qnod</strong></span> <span class='ocrx_word' id='word_1_108' title='bbox 344 1653 421 1722; x_wconf 88' lang='lat' dir='ltr'><strong>Noe</strong></span> <span class='ocrx_word' id='word_1_109' title='bbox 436 1673 459 1722; x_wconf 88' lang='lat' dir='ltr'><strong>a</strong></span> <span class='ocrx_word' id='word_1_110' title='bbox 474 1653 551 1721; x_wconf 88' lang='lat' dir='ltr'><strong>Deo</strong></span> <span class='ocrx_word' id='word_1_111' title='bbox 565 1648 751 1742; x_wconf 87' lang='lat' dir='ltr'><strong>didicerat,</strong></span> <span class='ocrx_word' id='word_1_112' title='bbox 768 1665 805 1721; x_wconf 91' lang='lat' dir='ltr'><strong>ut</strong></span> <span class='ocrx_word' id='word_1_113' title='bbox 821 1649 1053 1724; x_wconf 84' lang='lat' dir='ltr'><strong>observarent</strong></span> <span class='ocrx_word' id='word_1_114' title='bbox 1067 1675 1137 1723; x_wconf 88' lang='lat' dir='ltr'><strong>sea</strong></span> <span class='ocrx_word' id='word_1_115' title='bbox 1151 1650 1323 1747; x_wconf 82' lang='lat' dir='ltr'><strong>sanguine</strong></span> <span class='ocrx_word' id='word_1_116' title='bbox 1335 1650 1478 1723; x_wconf 90' lang='lat' dir='ltr'><strong>edendo</strong></span> <span class='ocrx_word' id='word_1_117' title='bbox 1490 1674 1574 1722; x_wconf 90' lang='lat' dir='ltr'><strong>cum</strong></span> <span class='ocrx_word' id='word_1_118' title='bbox 1591 1675 1710 1724; x_wconf 87' lang='lat' dir='ltr'><strong>carne.</strong></span> <span class='ocrx_word' id='word_1_119' title='bbox 1731 1655 1820 1739; x_wconf 83' lang='lat' dir='ltr'><strong>Quae</strong></span> 
     </span>
     <span class='ocr_line' id='line_1_12' title="bbox 228 1767 1817 1866; baseline 0.001 -27"><span class='ocrx_word' id='word_1_120' title='bbox 228 1767 397 1866; x_wconf 78' lang='lat' dir='ltr'><strong>sophistae</strong></span> <span class='ocrx_word' id='word_1_121' title='bbox 411 1770 617 1840; x_wconf 78' lang='lat' dir='ltr'><strong>Graecorum</strong></span> <span class='ocrx_word' id='word_1_122' title='bbox 634 1793 708 1840; x_wconf 89' lang='lat' dir='ltr'><strong>uon</strong></span> <span class='ocrx_word' id='word_1_123' title='bbox 726 1769 983 1866; x_wconf 83' lang='lat' dir='ltr'><strong>intelligentes,</strong></span> <span class='ocrx_word' id='word_1_124' title='bbox 1004 1771 1156 1842; x_wconf 91' lang='lat' dir='ltr'><strong>scientes</strong></span> <span class='ocrx_word' id='word_1_125' title='bbox 1175 1782 1295 1842; x_wconf 86' lang='lat' dir='ltr'><strong>tamen</strong></span> <span class='ocrx_word' id='word_1_126' title='bbox 1311 1794 1331 1840; x_wconf 88' lang='lat' dir='ltr'><strong>a</strong></span> <span class='ocrx_word' id='word_1_127' title='bbox 1347 1769 1521 1865; x_wconf 87' lang='lat' dir='ltr'><strong>sanguiue</strong></span> <span class='ocrx_word' id='word_1_128' title='bbox 1543 1768 1794 1841; x_wconf 88' lang='lat' dir='ltr'><strong>abstinendum</strong></span> <span class='ocrx_word' id='word_1_129' title='bbox 1808 1823 1817 1856; x_wconf 93' lang='lat'><strong>,</strong></span> 
     </span>
     <span class='ocr_line' id='line_1_13' title="bbox 229 1887 1821 1987; baseline -0.001 -28"><span class='ocrx_word' id='word_1_130' title='bbox 229 1887 475 1961; x_wconf 86' lang='lat' dir='ltr'><strong>adulterarunt</strong></span> <span class='ocrx_word' id='word_1_131' title='bbox 506 1889 691 1986; x_wconf 88' lang='lat' dir='ltr'><strong>scriptum,</strong></span> <span class='ocrx_word' id='word_1_132' title='bbox 726 1904 893 1987; x_wconf 91' lang='lat' dir='ltr'><strong>quartum</strong></span> <span class='ocrx_word' id='word_1_133' title='bbox 920 1889 1131 1962; x_wconf 89' lang='lat' dir='ltr'><strong>mandatum</strong></span> <span class='ocrx_word' id='word_1_134' title='bbox 1165 1889 1351 1981; x_wconf 88' lang='lat' dir='ltr'><strong>addentes,</strong></span> <span class='ocrx_word' id='word_1_135' title='bbox 1392 1903 1471 1961; x_wconf 89' lang='lat' dir='ltr'><strong>eta</strong></span> <span class='ocrx_word' id='word_1_136' title='bbox 1499 1889 1673 1961; x_wconf 83' lang='lat' dir='ltr'><strong>snilocato</strong></span> <span class='ocrx_word' id='word_1_137' title='bbox 1697 1887 1821 1961; x_wconf 87' lang='lat' dir='ltr'><strong>obser-</strong></span> 
     </span>
     <span class='ocr_line' id='line_1_14' title="bbox 229 2006 1824 2107; baseline 0 -30"><span class='ocrx_word' id='word_1_138' title='bbox 229 2006 401 2091; x_wconf 89' lang='lat' dir='ltr'><strong>vandum,</strong></span> <span class='ocrx_word' id='word_1_139' title='bbox 430 2007 517 2105; x_wconf 86' lang='lat' dir='ltr'><strong>quia</strong></span> <span class='ocrx_word' id='word_1_140' title='bbox 551 2007 628 2101; x_wconf 91' lang='lat' dir='ltr'><strong>jam</strong></span> <span class='ocrx_word' id='word_1_141' title='bbox 662 2033 770 2107; x_wconf 79' lang='lat' dir='ltr'><strong>supra</strong></span> <span class='ocrx_word' id='word_1_142' title='bbox 803 2009 940 2080; x_wconf 90' lang='lat' dir='ltr'><strong>dictum</strong></span> <span class='ocrx_word' id='word_1_143' title='bbox 977 2023 1053 2082; x_wconf 90' lang='lat' dir='ltr'><strong>erat</strong></span> <span class='ocrx_word' id='word_1_144' title='bbox 1084 2007 1185 2103; x_wconf 89' lang='lat' dir='ltr'><strong>quod</strong></span> <span class='ocrx_word' id='word_1_145' title='bbox 1210 2007 1441 2080; x_wconf 89' lang='lat' dir='ltr'><strong>addiderunt.</strong></span> <span class='ocrx_word' id='word_1_146' title='bbox 1466 2036 1483 2074; x_wconf 79' lang='lat' dir='ltr'><strong>a</strong></span> <span class='ocrx_word' id='word_1_147' title='bbox 1513 2007 1752 2105; x_wconf 86' lang='lat' dir='ltr'><strong>Hieronymus</strong></span> <span class='ocrx_word' id='word_1_148' title='bbox 1785 2010 1824 2077; x_wconf 82' lang='lat' dir='ltr'><strong>ia</strong></span> 
     </span>
     <span class='ocr_line' id='line_1_15' title="bbox 233 2125 1821 2226; baseline -0.001 -29"><span class='ocrx_word' id='word_1_149' title='bbox 233 2125 424 2197; x_wconf 76' lang='lat' dir='ltr'><strong>Ezechiel:</strong></span> <span class='ocrx_word' id='word_1_150' title='bbox 440 2156 459 2193; x_wconf 90' lang='lat'>«</span> <span class='ocrx_word' id='word_1_151' title='bbox 473 2130 591 2199; x_wconf 86' lang='lat' dir='ltr'><strong>Omne</strong></span> <span class='ocrx_word' id='word_1_152' title='bbox 602 2129 834 2200; x_wconf 88' lang='lat' dir='ltr'><strong>morticinum</strong></span> <span class='ocrx_word' id='word_1_153' title='bbox 852 2143 889 2200; x_wconf 90' lang='lat' dir='ltr'><strong>et</strong></span> <span class='ocrx_word' id='word_1_154' title='bbox 905 2141 1049 2226; x_wconf 78' lang='lat' dir='ltr'><strong>mptum</strong></span> <span class='ocrx_word' id='word_1_155' title='bbox 1071 2152 1092 2199; x_wconf 88' lang='lat' dir='ltr'><strong>a</strong></span> <span class='ocrx_word' id='word_1_156' title='bbox 1116 2126 1232 2199; x_wconf 89' lang='lat' dir='ltr'><strong>bestia</strong></span> <span class='ocrx_word' id='word_1_157' title='bbox 1259 2126 1305 2199; x_wconf 92' lang='lat' dir='ltr'><strong>de</strong></span> <span class='ocrx_word' id='word_1_158' title='bbox 1325 2126 1452 2198; x_wconf 91' lang='lat' dir='ltr'><strong>avibus</strong></span> <span class='ocrx_word' id='word_1_159' title='bbox 1477 2140 1514 2215; x_wconf 85' lang='lat' dir='ltr'><strong>et</strong></span> <span class='ocrx_word' id='word_1_160' title='bbox 1534 2125 1724 2224; x_wconf 88' lang='lat' dir='ltr'><strong>pecoribus</strong></span> <span class='ocrx_word' id='word_1_161' title='bbox 1746 2150 1821 2196; x_wconf 91' lang='lat' dir='ltr'><strong>nou</strong></span> 
     </span>
     <span class='ocr_line' id='line_1_16' title="bbox 229 2243 1823 2343; baseline -0.003 -26"><span class='ocrx_word' id='word_1_162' title='bbox 229 2245 428 2317; x_wconf 87' lang='lat' dir='ltr'><strong>comedunt</strong></span> <span class='ocrx_word' id='word_1_163' title='bbox 454 2245 677 2338; x_wconf 85' lang='lat' dir='ltr'><strong>Sacerdotes,</strong></span> <span class='ocrx_word' id='word_1_164' title='bbox 703 2262 739 2318; x_wconf 92' lang='lat' dir='ltr'><strong>et</strong></span> <span class='ocrx_word' id='word_1_165' title='bbox 750 2248 849 2343; x_wconf 84' lang='lat' dir='ltr'><strong>juxta</strong></span> <span class='ocrx_word' id='word_1_166' title='bbox 875 2246 1030 2318; x_wconf 88' lang='lat' dir='ltr'><strong>litteram</strong></span> <span class='ocrx_word' id='word_1_167' title='bbox 1055 2247 1158 2317; x_wconf 92' lang='lat' dir='ltr'><strong>omni</strong></span> <span class='ocrx_word' id='word_1_168' title='bbox 1182 2247 1303 2341; x_wconf 84' lang='lat' dir='ltr'><strong>generi</strong></span> <span class='ocrx_word' id='word_1_169' title='bbox 1329 2246 1463 2335; x_wconf 86' lang='lat' dir='ltr'><strong>electo,</strong></span> <span class='ocrx_word' id='word_1_170' title='bbox 1490 2244 1600 2339; x_wconf 83' lang='lat' dir='ltr'><strong>regali</strong></span> <span class='ocrx_word' id='word_1_171' title='bbox 1627 2243 1760 2315; x_wconf 90' lang='lat' dir='ltr'><strong>scilicet</strong></span> <span class='ocrx_word' id='word_1_172' title='bbox 1788 2258 1823 2313; x_wconf 90' lang='lat' dir='ltr'><strong>et</strong></span> 
     </span>
     <span class='ocr_line' id='line_1_17' title="bbox 230 2360 1821 2463; baseline -0.001 -30"><span class='ocrx_word' id='word_1_173' title='bbox 230 2362 456 2452; x_wconf 86' lang='lat' dir='ltr'><strong>sacerdotali,</strong></span> <span class='ocrx_word' id='word_1_174' title='bbox 477 2363 577 2461; x_wconf 91' lang='lat' dir='ltr'><strong>quod</strong></span> <span class='ocrx_word' id='word_1_175' title='bbox 591 2366 736 2463; x_wconf 89' lang='lat' dir='ltr'><strong>proprie</strong></span> <span class='ocrx_word' id='word_1_176' title='bbox 753 2366 799 2438; x_wconf 87' lang='lat' dir='ltr'><strong>ad</strong></span> <span class='ocrx_word' id='word_1_177' title='bbox 818 2365 1038 2437; x_wconf 85' lang='lat' dir='ltr'><strong>Christianos</strong></span> <span class='ocrx_word' id='word_1_178' title='bbox 1054 2365 1217 2457; x_wconf 76' lang='lat' dir='ltr'><strong>refertur,</strong></span> <span class='ocrx_word' id='word_1_179' title='bbox 1240 2364 1304 2461; x_wconf 92' lang='lat' dir='ltr'><strong>qui</strong></span> <span class='ocrx_word' id='word_1_180' title='bbox 1320 2364 1418 2452; x_wconf 75' lang='lat' dir='ltr'><strong>uncti</strong></span> <span class='ocrx_word' id='word_1_181' title='bbox 1436 2374 1520 2434; x_wconf 91' lang='lat' dir='ltr'><strong>sunt</strong></span> <span class='ocrx_word' id='word_1_182' title='bbox 1536 2362 1617 2433; x_wconf 92' lang='lat' dir='ltr'><strong>oleo</strong></span> <span class='ocrx_word' id='word_1_183' title='bbox 1635 2360 1821 2459; x_wconf 89' lang='lat' dir='ltr'><strong>spirituali,</strong></span> 
     </span>
     <span class='ocr_line' id='line_1_18' title="bbox 230 2478 1934 2580; baseline -0.002 -25"><span class='ocrx_word' id='word_1_184' title='bbox 230 2481 278 2555; x_wconf 86' lang='lat' dir='ltr'><strong>de</strong></span> <span class='ocrx_word' id='word_1_185' title='bbox 300 2506 373 2580; x_wconf 91' lang='lat' dir='ltr'><strong>quo</strong></span> <span class='ocrx_word' id='word_1_186' title='bbox 389 2483 561 2580; x_wconf 90' lang='lat' dir='ltr'><strong>scriptum</strong></span> <span class='ocrx_word' id='word_1_187' title='bbox 584 2486 654 2555; x_wconf 83' lang='lat' dir='ltr'><strong>est⁸</strong></span> <span class='ocrx_word' id='word_1_188' title='bbox 674 2511 682 2555; x_wconf 73' lang='grc' dir='ltr'><strong>ε</strong></span> <span class='ocrx_word' id='word_1_189' title='bbox 705 2486 841 2556; x_wconf 75' lang='grc' dir='ltr'>αυηκίῑ</span> <span class='ocrx_word' id='word_1_190' title='bbox 854 2500 891 2556; x_wconf 91' lang='lat' dir='ltr'><strong>te</strong></span> <span class='ocrx_word' id='word_1_191' title='bbox 910 2489 1007 2556; x_wconf 91' lang='lat' dir='ltr'><strong>Deus</strong></span> <span class='ocrx_word' id='word_1_192' title='bbox 1024 2484 1107 2557; x_wconf 92' lang='lat' dir='ltr'><strong>oleo</strong></span> <span class='ocrx_word' id='word_1_193' title='bbox 1126 2483 1353 2557; x_wconf 87' lang='lat' dir='ltr'><strong>exultationis</strong></span> <span class='ocrx_word' id='word_1_194' title='bbox 1368 2506 1439 2579; x_wconf 73' lang='lat' dir='ltr'><strong>pree</strong></span> <span class='ocrx_word' id='word_1_195' title='bbox 1455 2478 1689 2579; x_wconf 85' lang='lat' dir='ltr'><strong>participibus</strong></span> <span class='ocrx_word' id='word_1_196' title='bbox 1704 2480 1788 2570; x_wconf 87' lang='lat' dir='ltr'><strong>tuis,</strong></span> <span class='ocrx_word' id='word_1_197' title='bbox 1806 2508 1823 2542; x_wconf 78' lang='lat' dir='ltr'><strong>s</strong></span> <span class='ocrx_word' id='word_1_198' title='bbox 1931 2531 1934 2540; x_wconf 81' lang='lat'>·</span> 
     </span>
     <span class='ocr_line' id='line_1_19' title="bbox 228 2598 1822 2701; baseline -0.001 -30"><span class='ocrx_word' id='word_1_199' title='bbox 228 2602 307 2673; x_wconf 83' lang='lat' dir='ltr'><strong>haec</strong></span> <span class='ocrx_word' id='word_1_200' title='bbox 334 2617 510 2701; x_wconf 86' lang='lat' dir='ltr'><strong>praecepta</strong></span> <span class='ocrx_word' id='word_1_201' title='bbox 530 2605 768 2697; x_wconf 90' lang='lat' dir='ltr'><strong>conveniunt,</strong></span> <span class='ocrx_word' id='word_1_202' title='bbox 792 2619 833 2676; x_wconf 90' lang='lat' dir='ltr'><strong>ut</strong></span> <span class='ocrx_word' id='word_1_203' title='bbox 857 2606 1088 2676; x_wconf 88' lang='lat' dir='ltr'><strong>morticinum</strong></span> <span class='ocrx_word' id='word_1_204' title='bbox 1116 2629 1191 2675; x_wconf 91' lang='lat' dir='ltr'><strong>non</strong></span> <span class='ocrx_word' id='word_1_205' title='bbox 1209 2602 1402 2675; x_wconf 89' lang='lat' dir='ltr'><strong>comedant</strong></span> <span class='ocrx_word' id='word_1_206' title='bbox 1415 2614 1488 2672; x_wconf 87' lang='lat' dir='ltr'><strong>tarn</strong></span> <span class='ocrx_word' id='word_1_207' title='bbox 1506 2599 1551 2671; x_wconf 87' lang='lat' dir='ltr'><strong>de</strong></span> <span class='ocrx_word' id='word_1_208' title='bbox 1570 2598 1696 2671; x_wconf 89' lang='lat' dir='ltr'><strong>avibus</strong></span> <span class='ocrx_word' id='word_1_209' title='bbox 1711 2623 1822 2696; x_wconf 87' lang='lat' dir='ltr'><strong>quam</strong></span> 
     </span>
     <span class='ocr_line' id='line_1_20' title="bbox 229 2717 1821 2820; baseline -0.001 -29"><span class='ocrx_word' id='word_1_210' title='bbox 229 2720 278 2792; x_wconf 90' lang='lat' dir='ltr'><strong>de</strong></span> <span class='ocrx_word' id='word_1_211' title='bbox 287 2720 490 2818; x_wconf 86' lang='lat' dir='ltr'><strong>pecoribus,</strong></span> <span class='ocrx_word' id='word_1_212' title='bbox 505 2723 606 2819; x_wconf 91' lang='lat' dir='ltr'><strong>cujus</strong></span> <span class='ocrx_word' id='word_1_213' title='bbox 619 2745 847 2820; x_wconf 85' lang='lat' dir='ltr'><strong>nequaquam</strong></span> <span class='ocrx_word' id='word_1_214' title='bbox 857 2723 1000 2819; x_wconf 86' lang='lat' dir='ltr'><strong>sanguis</strong></span> <span class='ocrx_word' id='word_1_215' title='bbox 1014 2723 1148 2795; x_wconf 84' lang='lat' dir='ltr'><strong>eliusus</strong></span> <span class='ocrx_word' id='word_1_216' title='bbox 1162 2735 1234 2812; x_wconf 82' lang='lat' dir='ltr'><strong>est3</strong></span> <span class='ocrx_word' id='word_1_217' title='bbox 1254 2720 1354 2818; x_wconf 91' lang='lat' dir='ltr'><strong>quod</strong></span> <span class='ocrx_word' id='word_1_218' title='bbox 1367 2722 1402 2792; x_wconf 91' lang='lat' dir='ltr'><strong>in</strong></span> <span class='ocrx_word' id='word_1_219' title='bbox 1412 2717 1558 2791; x_wconf 75' lang='lat' dir='ltr'><strong>Acribus</strong></span> <span class='ocrx_word' id='word_1_220' title='bbox 1568 2717 1821 2816; x_wconf 79' lang='lat' dir='ltr'><strong>Apostolorum</strong></span> 
     </span>
     <span class='ocr_line' id='line_1_21' title="bbox 228 2837 1821 2943; baseline -0.001 -33"><span class='ocrx_word' id='word_1_221' title='bbox 228 2841 364 2914; x_wconf 89' lang='lat' dir='ltr'><strong>dicitur</strong></span> <span class='ocrx_word' id='word_1_222' title='bbox 380 2869 399 2910; x_wconf 78' lang='lat' dir='ltr'><strong>a</strong></span> <span class='ocrx_word' id='word_1_223' title='bbox 409 2842 599 2936; x_wconf 73' lang='lat' dir='ltr'><strong>suffocato,</strong></span> <span class='ocrx_word' id='word_1_224' title='bbox 616 2874 634 2909; x_wconf 75' lang='lat' dir='ltr'><strong>s</strong></span> <span class='ocrx_word' id='word_1_225' title='bbox 653 2858 689 2915; x_wconf 91' lang='lat' dir='ltr'><strong>et</strong></span> <span class='ocrx_word' id='word_1_226' title='bbox 705 2846 789 2943; x_wconf 89' lang='lat' dir='ltr'><strong>quia</strong></span> <span class='ocrx_word' id='word_1_227' title='bbox 805 2844 1004 2917; x_wconf 87' lang='lat' dir='ltr'><strong>necessario</strong></span> <span class='ocrx_word' id='word_1_228' title='bbox 1019 2842 1246 2916; x_wconf 86' lang='lat' dir='ltr'><strong>observanda</strong></span> <span class='ocrx_word' id='word_1_229' title='bbox 1260 2841 1516 2941; x_wconf 79' lang='lat' dir='ltr'><strong>Apostolorum</strong></span> <span class='ocrx_word' id='word_1_230' title='bbox 1525 2837 1675 2938; x_wconf 88' lang='lat' dir='ltr'><strong>epistola</strong></span> <span class='ocrx_word' id='word_1_231' title='bbox 1683 2853 1821 2925; x_wconf 90' lang='lat' dir='ltr'><strong>monet,</strong></span> 
     </span>
     <span class='ocr_line' id='line_1_22' title="bbox 226 2957 1932 3063; baseline -0.001 -32"><span class='ocrx_word' id='word_1_232' title='bbox 226 2975 267 3031; x_wconf 88' lang='lat' dir='ltr'><strong>et</strong></span> <span class='ocrx_word' id='word_1_233' title='bbox 283 2962 423 3061; x_wconf 87' lang='lat' dir='ltr'><strong>eapitur</strong></span> <span class='ocrx_word' id='word_1_234' title='bbox 438 2986 459 3033; x_wconf 92' lang='lat' dir='ltr'><strong>a</strong></span> <span class='ocrx_word' id='word_1_235' title='bbox 476 2960 601 3052; x_wconf 89' lang='lat' dir='ltr'><strong>bestia,</strong></span> <span class='ocrx_word' id='word_1_236' title='bbox 625 2965 710 3062; x_wconf 90' lang='lat' dir='ltr'><strong>quia</strong></span> <span class='ocrx_word' id='word_1_237' title='bbox 721 2978 758 3037; x_wconf 89' lang='lat' dir='ltr'><strong>et</strong></span> <span class='ocrx_word' id='word_1_238' title='bbox 774 2967 851 3063; x_wconf 88' lang='lat' dir='ltr'><strong>ipse</strong></span> <span class='ocrx_word' id='word_1_239' title='bbox 873 2964 1035 3038; x_wconf 88' lang='lat' dir='ltr'><strong>similiter</strong></span> <span class='ocrx_word' id='word_1_240' title='bbox 1050 2963 1245 3036; x_wconf 77' lang='lat' dir='ltr'><strong>suffocatus</strong></span> <span class='ocrx_word' id='word_1_241' title='bbox 1261 2976 1326 3034; x_wconf 88' lang='lat' dir='ltr'><strong>est.</strong></span> <span class='ocrx_word' id='word_1_242' title='bbox 1350 2993 1366 3026; x_wconf 71' lang='lat' dir='ltr'><strong>s</strong></span> <span class='ocrx_word' id='word_1_243' title='bbox 1382 2963 1433 3034; x_wconf 86' lang='lat' dir='ltr'><strong>Ex</strong></span> <span class='ocrx_word' id='word_1_244' title='bbox 1448 2958 1695 3032; x_wconf 80' lang='lat' dir='ltr'><strong>Poeur&#39;tentialt&#39;</strong></span> <span class='ocrx_word' id='word_1_245' title='bbox 1707 2957 1826 3029; x_wconf 85' lang='lat' dir='ltr'><strong>Theo-</strong></span> <span class='ocrx_word' id='word_1_246' title='bbox 1921 3007 1932 3019; x_wconf 78' lang='lat'><strong>·</strong></span> 
     </span>
     <span class='ocr_line' id='line_1_23' title="bbox 223 3077 1824 3189; baseline -0.002 -38"><span class='ocrx_word' id='word_1_247' title='bbox 223 3080 332 3152; x_wconf 82' lang='lat' dir='ltr'><strong>dori:</strong></span> <span class='ocrx_word' id='word_1_248' title='bbox 355 3081 560 3153; x_wconf 80' lang='lat' dir='ltr'><strong>«Animalia</strong></span> <span class='ocrx_word' id='word_1_249' title='bbox 575 3106 654 3177; x_wconf 76' lang='lat' dir='ltr'><strong>quar</strong></span> <span class='ocrx_word' id='word_1_250' title='bbox 672 3107 694 3156; x_wconf 91' lang='lat' dir='ltr'><strong>a</strong></span> <span class='ocrx_word' id='word_1_251' title='bbox 710 3083 803 3184; x_wconf 88' lang='lat' dir='ltr'><strong>lupis</strong></span> <span class='ocrx_word' id='word_1_252' title='bbox 828 3110 892 3157; x_wconf 91' lang='lat' dir='ltr'><strong>sen</strong></span> <span class='ocrx_word' id='word_1_253' title='bbox 909 3082 1062 3157; x_wconf 89' lang='lat' dir='ltr'><strong>canibus</strong></span> <span class='ocrx_word' id='word_1_254' title='bbox 1077 3083 1280 3156; x_wconf 89' lang='lat' dir='ltr'><strong>lacerantur</strong></span> <span class='ocrx_word' id='word_1_255' title='bbox 1299 3105 1374 3152; x_wconf 91' lang='lat' dir='ltr'><strong>non</strong></span> <span class='ocrx_word' id='word_1_256' title='bbox 1392 3094 1475 3189; x_wconf 89' lang='lat' dir='ltr'><strong>sunt</strong></span> <span class='ocrx_word' id='word_1_257' title='bbox 1494 3077 1734 3168; x_wconf 88' lang='lat' dir='ltr'><strong>comedenda,</strong></span> <span class='ocrx_word' id='word_1_258' title='bbox 1747 3102 1824 3149; x_wconf 87' lang='lat' dir='ltr'><strong>nec</strong></span> 
     </span>
     <span class='ocr_line' id='line_1_24' title="bbox 223 3194 1827 3296; baseline -0.005 -24"><span class='ocrx_word' id='word_1_259' title='bbox 223 3199 308 3272; x_wconf 83' lang='lat' dir='ltr'><strong>avis</strong></span> <span class='ocrx_word' id='word_1_260' title='bbox 334 3221 401 3269; x_wconf 91' lang='lat' dir='ltr'><strong>nec</strong></span> <span class='ocrx_word' id='word_1_261' title='bbox 416 3222 537 3296; x_wconf 92' lang='lat' dir='ltr'><strong>capra,</strong></span> <span class='ocrx_word' id='word_1_262' title='bbox 556 3201 586 3270; x_wconf 91' lang='lat' dir='ltr'><strong>si</strong></span> <span class='ocrx_word' id='word_1_263' title='bbox 602 3205 737 3273; x_wconf 92' lang='lat' dir='ltr'><strong>mortui</strong></span> <span class='ocrx_word' id='word_1_264' title='bbox 754 3204 889 3275; x_wconf 87' lang='lat' dir='ltr'><strong>inventi</strong></span> <span class='ocrx_word' id='word_1_265' title='bbox 906 3202 1049 3291; x_wconf 83' lang='lat' dir='ltr'><strong>inerint,</strong></span> <span class='ocrx_word' id='word_1_266' title='bbox 1070 3202 1138 3273; x_wconf 91' lang='lat' dir='ltr'><strong>nisi</strong></span> <span class='ocrx_word' id='word_1_267' title='bbox 1156 3202 1248 3272; x_wconf 84' lang='lat' dir='ltr'><strong>sorte</strong></span> <span class='ocrx_word' id='word_1_268' title='bbox 1265 3198 1312 3270; x_wconf 88' lang='lat' dir='ltr'><strong>ab</strong></span> <span class='ocrx_word' id='word_1_269' title='bbox 1327 3198 1477 3270; x_wconf 90' lang='lat' dir='ltr'><strong>bomine</strong></span> <span class='ocrx_word' id='word_1_270' title='bbox 1497 3194 1616 3268; x_wconf 88' lang='lat' dir='ltr'><strong>adhuc</strong></span> <span class='ocrx_word' id='word_1_271' title='bbox 1634 3195 1713 3265; x_wconf 85' lang='lat' dir='ltr'><strong>viva</strong></span> <span class='ocrx_word' id='word_1_272' title='bbox 1731 3195 1827 3266; x_wconf 90' lang='lat' dir='ltr'><strong>occi·</strong></span> 
     </span>
     <span class='ocr_line' id='line_1_25' title="bbox 223 3309 1825 3417; baseline -0.008 -26"><span class='ocrx_word' id='word_1_273' title='bbox 223 3318 367 3391; x_wconf 75' lang='lat' dir='ltr'><strong>dantur</strong></span> <span class='ocrx_word' id='word_1_274' title='bbox 390 3317 503 3414; x_wconf 88' lang='lat' dir='ltr'><strong>prius,</strong></span> <span class='ocrx_word' id='word_1_275' title='bbox 527 3318 591 3391; x_wconf 88' lang='lat' dir='ltr'><strong>sed</strong></span> <span class='ocrx_word' id='word_1_276' title='bbox 607 3321 727 3417; x_wconf 88' lang='lat' dir='ltr'><strong>porcis</strong></span> <span class='ocrx_word' id='word_1_277' title='bbox 749 3336 785 3393; x_wconf 90' lang='lat' dir='ltr'><strong>et</strong></span> <span class='ocrx_word' id='word_1_278' title='bbox 802 3320 952 3393; x_wconf 77' lang='lat' dir='ltr'><strong>mnibus</strong></span> <span class='ocrx_word' id='word_1_279' title='bbox 975 3320 1119 3392; x_wconf 86' lang='lat' dir='ltr'><strong>dentur.</strong></span> <span class='ocrx_word' id='word_1_280' title='bbox 1140 3325 1230 3390; x_wconf 84' lang='lat' dir='ltr'><strong>Aves</strong></span> <span class='ocrx_word' id='word_1_281' title='bbox 1246 3341 1333 3388; x_wconf 90' lang='lat' dir='ltr'><strong>vero</strong></span> <span class='ocrx_word' id='word_1_282' title='bbox 1355 3330 1390 3388; x_wconf 90' lang='lat' dir='ltr'><strong>et</strong></span> <span class='ocrx_word' id='word_1_283' title='bbox 1413 3312 1581 3386; x_wconf 88' lang='lat' dir='ltr'><strong>animalia</strong></span> <span class='ocrx_word' id='word_1_284' title='bbox 1599 3325 1722 3383; x_wconf 85' lang='lat' dir='ltr'><strong>caetera</strong></span> <span class='ocrx_word' id='word_1_285' title='bbox 1740 3310 1770 3378; x_wconf 92' lang='lat' dir='ltr'><strong>si</strong></span> <span class='ocrx_word' id='word_1_286' title='bbox 1789 3309 1825 3378; x_wconf 88' lang='lat' dir='ltr'><strong>in</strong></span> 
     </span>
     <span class='ocr_line' id='line_1_26' title="bbox 226 3428 1828 3534; baseline -0.006 -27"><span class='ocrx_word' id='word_1_287' title='bbox 226 3436 369 3508; x_wconf 89' lang='lat' dir='ltr'><strong>retibus</strong></span> <span class='ocrx_word' id='word_1_288' title='bbox 393 3438 671 3534; x_wconf 85' lang='lat' dir='ltr'><strong>strangulentur,</strong></span> <span class='ocrx_word' id='word_1_289' title='bbox 698 3466 773 3513; x_wconf 91' lang='lat' dir='ltr'><strong>non</strong></span> <span class='ocrx_word' id='word_1_290' title='bbox 791 3456 875 3514; x_wconf 86' lang='lat' dir='ltr'><strong>sunt</strong></span> <span class='ocrx_word' id='word_1_291' title='bbox 896 3438 1136 3527; x_wconf 89' lang='lat' dir='ltr'><strong>comedenda,</strong></span> <span class='ocrx_word' id='word_1_292' title='bbox 1162 3458 1229 3509; x_wconf 91' lang='lat' dir='ltr'><strong>nec</strong></span> <span class='ocrx_word' id='word_1_293' title='bbox 1252 3437 1280 3508; x_wconf 88' lang='lat' dir='ltr'><strong>si</strong></span> <span class='ocrx_word' id='word_1_294' title='bbox 1306 3433 1521 3534; x_wconf 79' lang='lat' dir='ltr'><strong>oppresserit</strong></span> <span class='ocrx_word' id='word_1_295' title='bbox 1542 3428 1722 3525; x_wconf 87' lang='lat' dir='ltr'><strong>accipiter,</strong></span> <span class='ocrx_word' id='word_1_296' title='bbox 1742 3429 1828 3499; x_wconf 88' lang='lat' dir='ltr'><strong>etsi</strong></span> 
     </span>
     <span class='ocr_line' id='line_1_27' title="bbox 225 3544 1825 3654; baseline -0.004 -28"><span class='ocrx_word' id='word_1_297' title='bbox 225 3557 284 3627; x_wconf 87' lang='lat' dir='ltr'><strong>sic</strong></span> <span class='ocrx_word' id='word_1_298' title='bbox 307 3567 452 3625; x_wconf 88' lang='lat' dir='ltr'><strong>mortua</strong></span> <span class='ocrx_word' id='word_1_299' title='bbox 473 3557 722 3645; x_wconf 89' lang='lat' dir='ltr'><strong>inveniuntur,</strong></span> <span class='ocrx_word' id='word_1_300' title='bbox 750 3561 835 3654; x_wconf 89' lang='lat' dir='ltr'><strong>quia</strong></span> <span class='ocrx_word' id='word_1_301' title='bbox 857 3562 895 3629; x_wconf 89' lang='lat' dir='ltr'><strong>in</strong></span> <span class='ocrx_word' id='word_1_302' title='bbox 920 3558 1069 3627; x_wconf 79' lang='lat' dir='ltr'><strong>Actibus</strong></span> <span class='ocrx_word' id='word_1_303' title='bbox 1094 3556 1348 3653; x_wconf 73' lang='lat' dir='ltr'><strong>Apostolorum</strong></span> <span class='ocrx_word' id='word_1_304' title='bbox 1371 3548 1574 3649; x_wconf 85' lang='lat' dir='ltr'><strong>praecipitur</strong></span> <span class='ocrx_word' id='word_1_305' title='bbox 1598 3544 1777 3618; x_wconf 88' lang='lat' dir='ltr'><strong>abstinere</strong></span> <span class='ocrx_word' id='word_1_306' title='bbox 1804 3571 1825 3619; x_wconf 89' lang='lat' dir='ltr'><strong>a</strong></span> 
     </span>
     <span class='ocr_line' id='line_1_28' title="bbox 226 3663 1827 3771; baseline -0.006 -28"><span class='ocrx_word' id='word_1_307' title='bbox 226 3673 484 3761; x_wconf 80' lang='lat' dir='ltr'><strong>fornicatione,</strong></span> <span class='ocrx_word' id='word_1_308' title='bbox 497 3675 899 3771; x_wconf 76' lang='lat' dir='ltr'><strong>asanguinesuliocato,</strong></span> <span class='ocrx_word' id='word_1_309' title='bbox 910 3674 1194 3747; x_wconf 87' lang='lat' dir='ltr'><strong>etidololatria.»</strong></span> <span class='ocrx_word' id='word_1_310' title='bbox 1212 3677 1324 3744; x_wconf 88' lang='lat' dir='ltr'><strong>ltem:</strong></span> <span class='ocrx_word' id='word_1_311' title='bbox 1348 3671 1412 3740; x_wconf 78' lang='lat' dir='ltr'><strong>«Si</strong></span> <span class='ocrx_word' id='word_1_312' title='bbox 1424 3664 1590 3766; x_wconf 83' lang='lat' dir='ltr'><strong>porcivel</strong></span> <span class='ocrx_word' id='word_1_313' title='bbox 1601 3663 1737 3761; x_wconf 78' lang='lat' dir='ltr'><strong>galline</strong></span> <span class='ocrx_word' id='word_1_314' title='bbox 1744 3688 1827 3736; x_wconf 86' lang='lat' dir='ltr'><strong>san-</strong></span> 
     </span>
     <span class='ocr_line' id='line_1_29' title="bbox 225 3783 1825 3889; baseline -0.008 -25"><span class='ocrx_word' id='word_1_315' title='bbox 225 3794 382 3889; x_wconf 83' lang='lat' dir='ltr'><strong>guinem</strong></span> <span class='ocrx_word' id='word_1_316' title='bbox 408 3790 566 3864; x_wconf 90' lang='lat' dir='ltr'><strong>hominis</strong></span> <span class='ocrx_word' id='word_1_317' title='bbox 590 3794 832 3883; x_wconf 88' lang='lat' dir='ltr'><strong>comederint,</strong></span> <span class='ocrx_word' id='word_1_318' title='bbox 862 3820 947 3868; x_wconf 80' lang='lat' dir='ltr'><strong>mox</strong></span> <span class='ocrx_word' id='word_1_319' title='bbox 974 3794 1203 3883; x_wconf 70' lang='lat' dir='ltr'><strong>oceidmtur,</strong></span> <span class='ocrx_word' id='word_1_320' title='bbox 1229 3807 1265 3863; x_wconf 91' lang='lat' dir='ltr'><strong>et</strong></span> <span class='ocrx_word' id='word_1_321' title='bbox 1287 3786 1483 3889; x_wconf 88' lang='lat' dir='ltr'><strong>penetralia</strong></span> <span class='ocrx_word' id='word_1_322' title='bbox 1509 3783 1764 3884; x_wconf 85' lang='lat' dir='ltr'><strong>projiciantur,</strong></span> <span class='ocrx_word' id='word_1_323' title='bbox 1792 3797 1825 3853; x_wconf 90' lang='lat' dir='ltr'><strong>et</strong></span> 
     </span>
     <span class='ocr_line' id='line_1_30' title="bbox 223 3902 1827 4001; baseline -0.006 -20"><span class='ocrx_word' id='word_1_324' title='bbox 223 3926 361 3987; x_wconf 82' lang='lat' dir='ltr'><strong>ooetera</strong></span> <span class='ocrx_word' id='word_1_325' title='bbox 376 3934 460 3982; x_wconf 87' lang='lat' dir='ltr'><strong>caro</strong></span> <span class='ocrx_word' id='word_1_326' title='bbox 478 3910 719 3985; x_wconf 56' lang='lat' dir='ltr'><strong>manducetur»</strong></span> <span class='ocrx_word' id='word_1_327' title='bbox 735 3942 743 3984; x_wconf 92' lang='lat'>:</span> <span class='ocrx_word' id='word_1_328' title='bbox 762 3915 929 3987; x_wconf 86' lang='lat' dir='ltr'><strong>siautem</strong></span> <span class='ocrx_word' id='word_1_329' title='bbox 946 3913 1131 3988; x_wconf 87' lang='lat' dir='ltr'><strong>tardentur</strong></span> <span class='ocrx_word' id='word_1_330' title='bbox 1147 3910 1287 4001; x_wconf 86' lang='lat' dir='ltr'><strong>occidi,</strong></span> <span class='ocrx_word' id='word_1_331' title='bbox 1298 3933 1373 3980; x_wconf 91' lang='lat' dir='ltr'><strong>uon</strong></span> <span class='ocrx_word' id='word_1_332' title='bbox 1389 3904 1628 3979; x_wconf 90' lang='lat' dir='ltr'><strong>comedantur</strong></span> <span class='ocrx_word' id='word_1_333' title='bbox 1640 3930 1648 3973; x_wconf 91' lang='lat'><strong>:</strong></span> <span class='ocrx_word' id='word_1_334' title='bbox 1660 3902 1689 3973; x_wconf 88' lang='lat' dir='ltr'><strong>si</strong></span> <span class='ocrx_word' id='word_1_335' title='bbox 1707 3914 1827 3974; x_wconf 90' lang='lat' dir='ltr'><strong>autern</strong></span> 
     </span>
     <span class='ocr_line' id='line_1_31' title="bbox 224 4021 1829 4127; baseline -0.007 -24"><span class='ocrx_word' id='word_1_336' title='bbox 224 4030 410 4103; x_wconf 87' lang='lat' dir='ltr'><strong>cadavera</strong></span> <span class='ocrx_word' id='word_1_337' title='bbox 443 4030 677 4103; x_wconf 79' lang='lat' dir='ltr'><strong>laceraverint</strong></span> <span class='ocrx_word' id='word_1_338' title='bbox 703 4047 943 4119; x_wconf 90' lang='lat' dir='ltr'><strong>mortuorum,</strong></span> <span class='ocrx_word' id='word_1_339' title='bbox 964 4046 1202 4122; x_wconf 88' lang='lat' dir='ltr'><strong>macerentur,</strong></span> <span class='ocrx_word' id='word_1_340' title='bbox 1231 4041 1365 4127; x_wconf 85' lang='lat' dir='ltr'><strong>etpost</strong></span> <span class='ocrx_word' id='word_1_341' title='bbox 1389 4026 1476 4099; x_wconf 90' lang='lat' dir='ltr'><strong>anni</strong></span> <span class='ocrx_word' id='word_1_342' title='bbox 1498 4021 1673 4096; x_wconf 87' lang='lat' dir='ltr'><strong>circulum</strong></span> <span class='ocrx_word' id='word_1_343' title='bbox 1705 4044 1829 4093; x_wconf 88' lang='lat' dir='ltr'><strong>come-</strong></span> 
     </span>
     <span class='ocr_line' id='line_1_32' title="bbox 221 4142 1829 4248; baseline -0.009 -25"><span class='ocrx_word' id='word_1_344' title='bbox 221 4151 382 4223; x_wconf 84' lang='lat' dir='ltr'><strong>dantur.</strong></span> <span class='ocrx_word' id='word_1_345' title='bbox 412 4149 449 4221; x_wconf 88' lang='lat' dir='ltr'><strong>Si</strong></span> <span class='ocrx_word' id='word_1_346' title='bbox 476 4163 596 4222; x_wconf 88' lang='lat' dir='ltr'><strong>autem</strong></span> <span class='ocrx_word' id='word_1_347' title='bbox 621 4154 724 4248; x_wconf 89' lang='lat' dir='ltr'><strong>porci</strong></span> <span class='ocrx_word' id='word_1_348' title='bbox 751 4152 949 4226; x_wconf 89' lang='lat' dir='ltr'><strong>occiderint</strong></span> <span class='ocrx_word' id='word_1_349' title='bbox 975 4152 1185 4242; x_wconf 89' lang='lat' dir='ltr'><strong>homiuem,</strong></span> <span class='ocrx_word' id='word_1_350' title='bbox 1221 4149 1340 4222; x_wconf 89' lang='lat' dir='ltr'><strong>statim</strong></span> <span class='ocrx_word' id='word_1_351' title='bbox 1364 4142 1635 4239; x_wconf 75' lang='lat' dir='ltr'><strong>interficiantur,</strong></span> <span class='ocrx_word' id='word_1_352' title='bbox 1665 4153 1702 4211; x_wconf 87' lang='lat' dir='ltr'><strong>et</strong></span> <span class='ocrx_word' id='word_1_353' title='bbox 1727 4152 1829 4236; x_wconf 83' lang='lat' dir='ltr'><strong>sepe-</strong></span> 
     </span>
     <span class='ocr_line' id='line_1_33' title="bbox 219 4255 1828 4360; baseline -0.008 -20"><span class='ocrx_word' id='word_1_354' title='bbox 219 4271 382 4342; x_wconf 87' lang='lat' dir='ltr'><strong>liantur.</strong></span> <span class='ocrx_word' id='word_1_355' title='bbox 400 4295 417 4335; x_wconf 78' lang='lat' dir='ltr'><strong>a</strong></span> <span class='ocrx_word' id='word_1_356' title='bbox 438 4272 525 4341; x_wconf 90' lang='lat' dir='ltr'><strong>ltem</strong></span> <span class='ocrx_word' id='word_1_357' title='bbox 542 4294 550 4338; x_wconf 78' lang='grc' dir='ltr'><strong><em>ε</em></strong></span> <span class='ocrx_word' id='word_1_358' title='bbox 573 4298 591 4336; x_wconf 79' lang='lat' dir='ltr'><strong>a</strong></span> <span class='ocrx_word' id='word_1_359' title='bbox 606 4272 676 4360; x_wconf 91' lang='lat' dir='ltr'><strong>Qui</strong></span> <span class='ocrx_word' id='word_1_360' title='bbox 693 4272 889 4345; x_wconf 86' lang='lat' dir='ltr'><strong>manducat</strong></span> <span class='ocrx_word' id='word_1_361' title='bbox 905 4296 1051 4344; x_wconf 88' lang='lat' dir='ltr'><strong>carnem</strong></span> <span class='ocrx_word' id='word_1_362' title='bbox 1067 4268 1293 4343; x_wconf 89' lang='lat' dir='ltr'><strong>immundam</strong></span> <span class='ocrx_word' id='word_1_363' title='bbox 1308 4280 1370 4339; x_wconf 85' lang='lat' dir='ltr'><strong>aut</strong></span> <span class='ocrx_word' id='word_1_364' title='bbox 1383 4264 1611 4337; x_wconf 86' lang='lat' dir='ltr'><strong>morticinam</strong></span> <span class='ocrx_word' id='word_1_365' title='bbox 1624 4271 1687 4330; x_wconf 90' lang='lat' dir='ltr'><strong>aut</strong></span> <span class='ocrx_word' id='word_1_366' title='bbox 1700 4255 1828 4328; x_wconf 90' lang='lat' dir='ltr'><strong>dilace-</strong></span> 
     </span>
     <span class='ocr_line' id='line_1_34' title="bbox 221 4376 1827 4491; baseline -0.009 -32"><span class='ocrx_word' id='word_1_367' title='bbox 221 4404 351 4459; x_wconf 85' lang='lat' dir='ltr'><strong>ratam</strong></span> <span class='ocrx_word' id='word_1_368' title='bbox 368 4412 390 4459; x_wconf 84' lang='lat' dir='ltr'><strong>a</strong></span> <span class='ocrx_word' id='word_1_369' title='bbox 407 4386 542 4473; x_wconf 89' lang='lat' dir='ltr'><strong>bestiis,</strong></span> <span class='ocrx_word' id='word_1_370' title='bbox 557 4388 791 4488; x_wconf 84' lang='lat' dir='ltr'><strong>quadraginta</strong></span> <span class='ocrx_word' id='word_1_371' title='bbox 803 4391 880 4464; x_wconf 93' lang='lat' dir='ltr'><strong>dies</strong></span> <span class='ocrx_word' id='word_1_372' title='bbox 896 4393 1082 4491; x_wconf 83' lang='lat' dir='ltr'><strong>poeniteat.</strong></span> <span class='ocrx_word' id='word_1_373' title='bbox 1101 4390 1137 4461; x_wconf 89' lang='lat' dir='ltr'><strong>si</strong></span> <span class='ocrx_word' id='word_1_374' title='bbox 1152 4401 1272 4461; x_wconf 87' lang='lat' dir='ltr'><strong>autem</strong></span> <span class='ocrx_word' id='word_1_375' title='bbox 1287 4385 1497 4458; x_wconf 82' lang='lat' dir='ltr'><strong>necessitate</strong></span> <span class='ocrx_word' id='word_1_376' title='bbox 1511 4378 1613 4450; x_wconf 80' lang='lat' dir='ltr'><strong>lamis</strong></span> <span class='ocrx_word' id='word_1_377' title='bbox 1630 4376 1827 4470; x_wconf 77' lang='lat' dir='ltr'><strong>contingat,</strong></span> 
     </span>
     <span class='ocr_line' id='line_1_35' title="bbox 218 4493 1829 4606; baseline -0.009 -27"><span class='ocrx_word' id='word_1_378' title='bbox 218 4507 353 4579; x_wconf 86' lang='lat' dir='ltr'><strong>multo</strong></span> <span class='ocrx_word' id='word_1_379' title='bbox 378 4506 493 4580; x_wconf 87' lang='lat' dir='ltr'><strong>levius</strong></span> <span class='ocrx_word' id='word_1_380' title='bbox 505 4523 604 4581; x_wconf 83' lang='lat' dir='ltr'><strong>est.»</strong></span> <span class='ocrx_word' id='word_1_381' title='bbox 623 4514 733 4581; x_wconf 87' lang='lat' dir='ltr'><strong>item:</strong></span> <span class='ocrx_word' id='word_1_382' title='bbox 758 4541 776 4577; x_wconf 76' lang='lat' dir='ltr'><strong>a</strong></span> <span class='ocrx_word' id='word_1_383' title='bbox 789 4512 861 4599; x_wconf 91' lang='lat' dir='ltr'><strong>Qui</strong></span> <span class='ocrx_word' id='word_1_384' title='bbox 877 4511 1049 4606; x_wconf 84' lang='lat' dir='ltr'><strong>sanguine</strong></span> <span class='ocrx_word' id='word_1_385' title='bbox 1066 4511 1124 4582; x_wconf 90' lang='lat' dir='ltr'><strong>vel</strong></span> <span class='ocrx_word' id='word_1_386' title='bbox 1149 4528 1366 4606; x_wconf 89' lang='lat' dir='ltr'><strong>quocunque</strong></span> <span class='ocrx_word' id='word_1_387' title='bbox 1382 4497 1574 4573; x_wconf 83' lang='lat' dir='ltr'><strong>immundo</strong></span> <span class='ocrx_word' id='word_1_388' title='bbox 1590 4495 1776 4595; x_wconf 89' lang='lat' dir='ltr'><strong>polluitur,</strong></span> <span class='ocrx_word' id='word_1_389' title='bbox 1799 4493 1829 4565; x_wconf 91' lang='lat' dir='ltr'><strong>si</strong></span> 
     </span>
     <span class='ocr_line' id='line_1_36' title="bbox 217 4613 1829 4721; baseline -0.009 -24"><span class='ocrx_word' id='word_1_390' title='bbox 217 4624 353 4698; x_wconf 87' lang='lat' dir='ltr'><strong>nescit</strong></span> <span class='ocrx_word' id='word_1_391' title='bbox 368 4624 469 4721; x_wconf 89' lang='lat' dir='ltr'><strong>quod</strong></span> <span class='ocrx_word' id='word_1_392' title='bbox 485 4627 692 4720; x_wconf 89' lang='lat' dir='ltr'><strong>manducat,</strong></span> <span class='ocrx_word' id='word_1_393' title='bbox 703 4629 786 4701; x_wconf 89' lang='lat' dir='ltr'><strong>leve</strong></span> <span class='ocrx_word' id='word_1_394' title='bbox 798 4644 864 4701; x_wconf 88' lang='lat' dir='ltr'><strong>eet.</strong></span> <span class='ocrx_word' id='word_1_395' title='bbox 886 4658 904 4695; x_wconf 77' lang='lat' dir='ltr'><strong>s</strong></span> <span class='ocrx_word' id='word_1_396' title='bbox 922 4632 1010 4701; x_wconf 86' lang='lat' dir='ltr'><strong>item</strong></span> <span class='ocrx_word' id='word_1_397' title='bbox 1027 4655 1035 4699; x_wconf 75' lang='grc' dir='ltr'><strong>ε</strong></span> <span class='ocrx_word' id='word_1_398' title='bbox 1058 4658 1076 4693; x_wconf 70' lang='lat' dir='ltr'><strong>a</strong></span> <span class='ocrx_word' id='word_1_399' title='bbox 1092 4626 1165 4714; x_wconf 89' lang='lat' dir='ltr'><strong>Qui</strong></span> <span class='ocrx_word' id='word_1_400' title='bbox 1180 4623 1391 4720; x_wconf 85' lang='lat' dir='ltr'><strong>sanguinem</strong></span> <span class='ocrx_word' id='word_1_401' title='bbox 1402 4633 1466 4691; x_wconf 89' lang='lat' dir='ltr'><strong>aut</strong></span> <span class='ocrx_word' id='word_1_402' title='bbox 1482 4640 1604 4690; x_wconf 87' lang='lat' dir='ltr'><strong>semen</strong></span> <span class='ocrx_word' id='word_1_403' title='bbox 1618 4613 1747 4687; x_wconf 84' lang='lat' dir='ltr'><strong>biberit</strong></span> <span class='ocrx_word' id='word_1_404' title='bbox 1763 4637 1829 4710; x_wconf 90' lang='lat' dir='ltr'><strong>pro</strong></span> 
     </span>
     <span class='ocr_line' id='line_1_37' title="bbox 214 4734 1827 4846; baseline -0.009 -32"><span class='ocrx_word' id='word_1_405' title='bbox 214 4745 358 4840; x_wconf 89' lang='lat' dir='ltr'><strong>aliqua</strong></span> <span class='ocrx_word' id='word_1_406' title='bbox 367 4759 585 4843; x_wconf 90' lang='lat' dir='ltr'><strong>re,qnatuor</strong></span> <span class='ocrx_word' id='word_1_407' title='bbox 594 4748 697 4818; x_wconf 89' lang='lat' dir='ltr'><strong>annis</strong></span> <span class='ocrx_word' id='word_1_408' title='bbox 705 4749 914 4846; x_wconf 64' lang='lat' dir='ltr'><strong>prendente</strong></span> <span class='ocrx_word' id='word_1_409' title='bbox 930 4751 1041 4818; x_wconf 85' lang='lat' dir='ltr'><strong>ltem:</strong></span> <span class='ocrx_word' id='word_1_410' title='bbox 1058 4775 1076 4815; x_wconf 82' lang='lat' dir='ltr'><strong>a</strong></span> <span class='ocrx_word' id='word_1_411' title='bbox 1086 4745 1195 4817; x_wconf 88' lang='lat' dir='ltr'><strong>Piscis</strong></span> <span class='ocrx_word' id='word_1_412' title='bbox 1208 4756 1370 4815; x_wconf 87' lang='lat' dir='ltr'><strong>mortuus</strong></span> <span class='ocrx_word' id='word_1_413' title='bbox 1379 4740 1545 4811; x_wconf 88' lang='lat' dir='ltr'><strong>inventus</strong></span> <span class='ocrx_word' id='word_1_414' title='bbox 1554 4736 1591 4806; x_wconf 92' lang='lat' dir='ltr'><strong>in</strong></span> <span class='ocrx_word' id='word_1_415' title='bbox 1599 4734 1747 4805; x_wconf 84' lang='lat' dir='ltr'><strong>flumine</strong></span> <span class='ocrx_word' id='word_1_416' title='bbox 1755 4753 1827 4801; x_wconf 89' lang='lat' dir='ltr'><strong>non</strong></span> 
     </span>
     <span class='ocr_line' id='line_1_38' title="bbox 212 4849 1932 4964; baseline -0.01 -28"><span class='ocrx_word' id='word_1_417' title='bbox 212 4879 279 4936; x_wconf 87' lang='lat' dir='ltr'><strong>est</strong></span> <span class='ocrx_word' id='word_1_418' title='bbox 301 4861 484 4936; x_wconf 91' lang='lat' dir='ltr'><strong>edendus.</strong></span> <span class='ocrx_word' id='word_1_419' title='bbox 503 4866 540 4936; x_wconf 92' lang='lat' dir='ltr'><strong>Si</strong></span> <span class='ocrx_word' id='word_1_420' title='bbox 559 4889 645 4936; x_wconf 90' lang='lat' dir='ltr'><strong>vero</strong></span> <span class='ocrx_word' id='word_1_421' title='bbox 660 4864 835 4964; x_wconf 87' lang='lat' dir='ltr'><strong>piscando</strong></span> <span class='ocrx_word' id='word_1_422' title='bbox 852 4879 966 4938; x_wconf 87' lang='lat' dir='ltr'><strong>tactus</strong></span> <span class='ocrx_word' id='word_1_423' title='bbox 982 4866 1091 4940; x_wconf 90' lang='lat' dir='ltr'><strong>inerit</strong></span> <span class='ocrx_word' id='word_1_424' title='bbox 1107 4879 1144 4937; x_wconf 88' lang='lat' dir='ltr'><strong>et</strong></span> <span class='ocrx_word' id='word_1_425' title='bbox 1161 4865 1240 4962; x_wconf 92' lang='lat' dir='ltr'><strong>ipso</strong></span> <span class='ocrx_word' id='word_1_426' title='bbox 1253 4862 1311 4934; x_wconf 92' lang='lat' dir='ltr'><strong>die</strong></span> <span class='ocrx_word' id='word_1_427' title='bbox 1326 4862 1505 4948; x_wconf 88' lang='lat' dir='ltr'><strong>iuventus,</strong></span> <span class='ocrx_word' id='word_1_428' title='bbox 1524 4855 1678 4952; x_wconf 89' lang='lat' dir='ltr'><strong>quinon</strong></span> <span class='ocrx_word' id='word_1_429' title='bbox 1695 4849 1831 4920; x_wconf 80' lang='lat' dir='ltr'><strong>haesitar</strong></span> <span class='ocrx_word' id='word_1_430' title='bbox 1927 4854 1932 4866; x_wconf 90' lang='lat'><em>&#39;</em></span> 
     </span>
    </p>
   </div>
   <div class='ocr_carea' id='block_1_4' title="bbox 253 5134 1710 5285">
    <p class='ocr_par' dir='ltr' id='par_1_4' title="bbox 253 5134 1710 5285">
     <span class='ocr_line' id='line_1_39' title="bbox 253 5134 1710 5274; baseline -0.003 -83"><span class='ocrx_word' id='word_1_431' title='bbox 253 5142 259 5168; x_wconf 89' lang='lat'>&#39;</span> <span class='ocrx_word' id='word_1_432' title='bbox 274 5139 380 5201; x_wconf 69' lang='lat' dir='ltr'><strong>Rom,</strong></span> <span class='ocrx_word' id='word_1_433' title='bbox 392 5154 448 5203; x_wconf 79' lang='lat' dir='ltr'><strong>cap.</strong></span> <span class='ocrx_word' id='word_1_434' title='bbox 462 5154 489 5203; x_wconf 91' lang='lat' dir='ltr'><strong>u,</strong></span> <span class='ocrx_word' id='word_1_435' title='bbox 499 5157 522 5193; x_wconf 89' lang='lat' dir='ltr'><strong>r.</strong></span> <span class='ocrx_word' id='word_1_436' title='bbox 535 5146 574 5196; x_wconf 75' lang='lat'><strong>26.</strong></span> <span class='ocrx_word' id='word_1_437' title='bbox 589 5145 635 5183; x_wconf 73' lang='lat'><strong>-2</strong></span> <span class='ocrx_word' id='word_1_438' title='bbox 649 5144 727 5207; x_wconf 65' lang='lat' dir='ltr'><strong>opp,</strong></span> <span class='ocrx_word' id='word_1_439' title='bbox 741 5151 760 5193; x_wconf 86' lang='lat' dir='ltr'><strong>t.</strong></span> <span class='ocrx_word' id='word_1_440' title='bbox 772 5142 803 5205; x_wconf 82' lang='lat'><strong>11,</strong></span> <span class='ocrx_word' id='word_1_441' title='bbox 816 5146 840 5193; x_wconf 88' lang='lat' dir='ltr'><strong>tn</strong></span> <span class='ocrx_word' id='word_1_442' title='bbox 851 5146 957 5207; x_wconf 75' lang='lat' dir='ltr'><strong>emend.</strong></span> <span class='ocrx_word' id='word_1_443' title='bbox 967 5183 973 5207; x_wconf 90' lang='lat'><strong>,</strong></span> <span class='ocrx_word' id='word_1_444' title='bbox 983 5147 1031 5197; x_wconf 84' lang='lat' dir='ltr'><strong>cot.</strong></span> <span class='ocrx_word' id='word_1_445' title='bbox 1042 5144 1189 5196; x_wconf 36' lang='lat' dir='ltr'><strong>rtsssstrtt.</strong></span> <span class='ocrx_word' id='word_1_446' title='bbox 1201 5164 1230 5183; x_wconf 84' lang='lat'><strong>·-</strong></span> <span class='ocrx_word' id='word_1_447' title='bbox 1241 5134 1358 5190; x_wconf 62' lang='lat' dir='ltr'><strong>’Prata</strong></span> <span class='ocrx_word' id='word_1_448' title='bbox 1373 5147 1449 5196; x_wconf 74' lang='lat' dir='ltr'><strong>retr,</strong></span> <span class='ocrx_word' id='word_1_449' title='bbox 1459 5148 1483 5184; x_wconf 88' lang='lat' dir='ltr'><strong>r.</strong></span> <span class='ocrx_word' id='word_1_450' title='bbox 1495 5137 1520 5183; x_wconf 77' lang='lat'><strong>⁸.</strong></span> <span class='ocrx_word' id='word_1_451' title='bbox 1672 5216 1710 5274; x_wconf 49' lang='lat' dir='ltr'><strong>a</strong></span> 
     </span>
     <span class='ocr_line' id='line_1_40' title="bbox 363 5248 388 5285; baseline 0 0"><span class='ocrx_word' id='word_1_452' title='bbox 363 5248 388 5285; x_wconf 88' lang='lat' dir='ltr'><strong>u</strong></span> 
     </span>
    </p>
   </div>
   <div class='ocr_carea' id='block_1_5' title="bbox 0 0 2284 6100">
    <p class='ocr_par' dir='ltr' id='par_1_5' title="bbox 0 0 2284 6100">
     <span class='ocr_line' id='line_1_41' title="bbox 0 0 2284 6100; baseline 0 1"><span class='ocrx_word' id='word_1_453' title='bbox 0 0 2284 6100; x_wconf 95' lang='lat' dir='ltr'><strong> </strong></span> 
     </span>
    </p>
   </div>
  </div>
 </body>
</html>
