4559 6100
472 469 547 544 724
633 493 636 498 ·
768 465 773 474 ’
903 451 908 456 ’
1079 458 1210 532 PETlll
1240 458 1475 533 ABAELARDI

472 619 551 692 Dei.
574 619 666 688 »De
686 613 807 687 futuro
823 635 900 684 non
923 624 976 683 est
993 607 1160 682 dubium.
1186 610 1253 682 lsta
1268 620 1356 681 vero
1380 607 1573 708 prophetia
1587 635 1661 683 non
1685 635 1759 683 uno
1774 610 1903 701 modo,
1930 610 1998 683 sed
2020 610 2099 683 tri·

473 737 613 838 pliciter
627 736 699 833 agit
721 733 767 807 de
782 732 937 804 Christo.
959 728 1161 829 Aliquando
1177 729 1275 802 enim
1290 729 1338 802 de
1360 729 1472 829 ipsius
1489 728 1687 823 divinitate,
1708 731 1903 830 aliquando
1926 732 1975 804 de
1998 732 2095 828 ejus

470 858 717 949 humanitate,
746 851 944 950 aliquando
972 850 1017 925 de
1044 851 1158 950 ipsius
1182 875 1336 948 corpore
1363 850 1458 947 agit3
1488 876 1621 951 corpus
1649 852 1746 924 enim
1771 852 1901 925 Christi
1925 866 2095 926 vocatur

474 977 644 1050 Ecclesia.
667 976 766 1047 Sicut
786 997 918 1070 corpus
939 972 1036 1043 enim
1061 995 1083 1044 a
1102 971 1218 1068 capite
1235 965 1382 1068 regitur,
1407 970 1458 1042 sic
1479 985 1603 1045 sancta
1627 972 1825 1045 Ecclesiae
1850 973 1968 1071 capite
1991 996 2088 1062 suo,

475 1096 513 1168 id
535 1110 589 1170 est
607 1121 630 1169 a
651 1094 794 1166 Christo
811 1091 1042 1191 gubernatur.
1066 1091 1144 1187 Agit
1160 1089 1206 1161 de
1224 1090 1337 1189 ipsius
1359 1089 1565 1182 divinitate,
1594 1107 1633 1164 ut
1656 1091 1716 1163 hic
1736 1119 1744 1163 :
1767 1121 1785 1160 «
1805 1096 1903 1164 Deus
1921 1090 2013 1164 dixit
2030 1091 2091 1164 ad

476 1241 535 1288 me
555 1242 563 1285 ε
584 1215 691 1287 Filius
705 1238 805 1286 meus
825 1237 863 1284 es
879 1226 918 1282 tu
935 1237 943 1280 ε
962 1233 1030 1305 ego
1046 1208 1159 1281 hodie
1175 1209 1283 1304 genui
1301 1223 1348 1281 te.
1368 1236 1387 1278 n
1402 1210 1481 1306 Agit
1497 1209 1544 1282 de
1562 1211 1673 1309 ipsius
1687 1209 1921 1300 humanitate,
1933 1226 1973 1282 nt
1991 1210 2084 1283 hic:

477 1337 670 1408 Astiterunt
694 1357 793 1429 reges
818 1346 931 1404 terrae.
962 1330 1039 1427 Agit
1065 1326 1112 1400 de
1129 1328 1242 1428 ipsius
1264 1353 1418 1427 corpore
1443 1344 1484 1400 ut
1500 1328 1583 1401 hic:
1607 1357 1625 1398 u
1644 1333 1819 1402 Dominus
1833 1335 1931 1403 Deus
1947 1355 2055 1403 meus
2072 1387 2085 1423 ,

477 1456 613 1553 respice
633 1455 670 1524 in
688 1477 759 1525 me.
781 1481 799 1517 n
820 1455 863 1522 Et
880 1448 1028 1548 quando
1050 1450 1123 1546 agit
1145 1447 1191 1519 de
1214 1449 1293 1546 ipso
1315 1473 1487 1547 corpore,
1511 1448 1707 1545 aliquando
1721 1448 1859 1524 inducit
1872 1474 2005 1549 corpus
2021 1449 2085 1522 lo·

477 1599 592 1673 quens
604 1598 672 1682 pro
690 1597 741 1664 se,
760 1570 865 1642 idest
880 1569 1063 1640 Christum
1076 1566 1286 1664 loquentem
1301 1566 1368 1639 sub
1384 1592 1539 1667 persona
1552 1592 1617 1640 sua
1634 1593 1702 1668 pro
1716 1592 1870 1667 corpore
1885 1568 1942 1640 vel
1956 1568 2084 1642 Eccle-

477 1695 543 1783 sia,
556 1708 596 1765 ut
611 1720 619 1765 ε
636 1723 653 1759 α
668 1695 788 1790 Longe
800 1689 943 1761 asalute
955 1710 1049 1776 mea,
1063 1714 1081 1753 »
1091 1684 1130 1757 id
1142 1700 1216 1758 est:
1234 1690 1260 1759 Α
1274 1688 1387 1761 salute
1398 1686 1505 1786 longe
1523 1686 1776 1759 meorumve}
1788 1688 1997 1786 simpliciter
2006 1715 2082 1789 pro

478 1814 556 1912 ipso
573 1835 739 1909 corpore,
755 1811 847 1883 sicut
862 1809 986 1904 lingua
999 1805 1159 1904 loquitur
1175 1806 1369 1904 aliquando
1384 1831 1451 1907 pro
1465 1832 1516 1879 se.
1533 1806 1736 1904 Aliquando
1752 1806 1912 1903 loquitur
1925 1823 2083 1907 propter

479 1931 591 2030 ipsius
618 1928 911 2026 conjunctionem
934 1950 1046 2023 quam
1069 1950 1153 1997 cum
1171 1927 1297 1998 ceteris
1318 1926 1430 1998 habet
1455 1925 1638 1998 membris.
1663 1926 1838 2023 Loquitur
1860 1951 1926 2026 pro
1950 1927 2019 1999 illis
2035 1944 2080 2001 ut

478 2049 632 2150 pedibus
650 2076 659 2119 ι
680 2051 755 2146 Ego
777 2071 859 2118 sum
877 2044 959 2118 fixa.
979 2046 1152 2143 Loquitur
1170 2070 1238 2144 pro
1256 2045 1350 2146 pede
1368 2046 1441 2118 hoc
1460 2045 1570 2118 modo
1593 2072 1601 2116 ε
1623 2044 1720 2134 Quid
1737 2069 1796 2117 me
1814 2045 1952 2118 calcas?
1974 2048 2080 2120 Simi-

478 2170 560 2242 liter
579 2168 758 2240 Dominus
779 2165 941 2239 Christus
964 2163 1161 2262 aliquando
1185 2190 1253 2263 pro
1275 2190 1332 2259 se,
1358 2165 1553 2263 aliquando
1579 2189 1647 2264 pro
1675 2165 1930 2262 conjunctione
1953 2182 1987 2239 et
2015 2169 2076 2267 pia

479 2288 668 2362 allectione
684 2311 796 2385 quam
810 2284 921 2359 habet
937 2286 973 2356 in
993 2282 1162 2376 Ecclesia,
1180 2282 1342 2383 loquitur
1357 2310 1424 2385 pro
1441 2287 1518 2384 ipsa
1534 2285 1703 2358 Ecclesia.

528 2408 730 2480 lntitulatur
755 2420 875 2479 autem
893 2405 953 2478 hic
977 2403 1069 2477 liber
1092 2403 1165 2477 hoc
1182 2403 1318 2476 modo:
1338 2406 1443 2478 Liber
1459 2404 1669 2478 himnorum
1685 2419 1722 2477 et
1738 2404 2011 2504 soliloquiorum
2030 2407 2076 2479 de

479 2527 633 2602 Christo.
656 2527 809 2598 Himnus
830 2525 976 2624 proprie
992 2538 1045 2598 est
1059 2524 1136 2597 laus
1157 2524 1279 2597 divina
1300 2526 1430 2624 scripta
1445 2525 1609 2617 metrice;
1628 2538 1764 2598 etcum
1783 2524 1882 2623 apud
1897 2550 1963 2598 nos
1979 2528 2074 2624 psal-

481 2648 611 2722 terium
632 2647 779 2719 metrice
804 2646 977 2743 scriptum
1001 2668 1076 2715 non
1102 2643 1166 2731 sit,
1185 2643 1383 2717 videndum
1406 2643 1593 2740 quomodo
1614 2642 1706 2716 liber
1728 2643 1939 2717 himnorum
1955 2648 2077 2719 vocari

481 2767 605 2866 possit.
626 2769 744 2838 Potest
761 2765 868 2863 igitur
890 2762 1012 2835 vocari
1029 2762 1240 2833 himnorum
1266 2777 1441 2859 quantum
1457 2763 1503 2835 ad
1520 2762 1736 2835 Hebraicum
1762 2763 1924 2856 modum,
1943 2766 2075 2863 inquo

481 2911 502 2959 a
531 2884 647 2957 David
673 2885 820 2956 metrice
847 2883 1019 2981 scriptum
1047 2880 1125 2953 suit.
1163 2883 1306 2978 legitur
1342 2907 1500 2981 namque
1528 2882 1630 2981 quod
1665 2882 1873 2982 psalterium
1898 2908 1918 2954 a
1946 2898 2074 2957 sancto

482 3005 666 3080 leronimo
684 3003 749 3078 luit
764 3003 955 3103 dupliciter
969 3000 1016 3075 de
1036 2998 1180 3074 Hebreo
1202 3001 1240 3074 in
1257 3001 1408 3076 latinum
1425 3004 1652 3096 translatum,
1676 3027 1751 3075 uno
1767 3003 1881 3077 modo
1901 3003 1947 3077 de
1961 3004 2076 3079 rerbo

482 3126 529 3201 ad
554 3125 729 3215 verbum,
758 3124 822 3198 sed
845 3123 914 3197 hac
931 3121 1164 3195 translatione
1190 3146 1265 3196 non
1286 3124 1442 3214 utimum
1467 3123 1539 3197 ulio
1563 3123 1684 3197 modo..
1700 3138 1821 3197 autem
1845 3125 1913 3197 luit
1935 3125 1981 3198 ab
1996 3127 2077 3224 ipso

482 3246 713 3338 translatum,
739 3244 948 3318 itascilicet
974 3243 1285 3342 quemadmodum
1312 3269 1379 3317 nos
1406 3245 1554 3317 utimur.
1579 3248 1624 3316 Et
1647 3243 1724 3316 haec
1752 3244 1937 3318 translatio
1964 3247 2075 3334 lacta,

483 3367 617 3440 scilicet
642 3365 714 3438 hoc
741 3389 815 3462 quo
841 3388 909 3436 nos
935 3363 1047 3436 modo
1070 3364 1206 3435 utimur
1238 3364 1421 3462 psalterio,
1450 3363 1575 3461 gallica
1598 3378 1761 3457 vocatur,
1790 3388 1835 3437 eo
1861 3365 1961 3463 quod
1988 3367 2078 3438 Galli

483 3502 648 3561 utuntur.
677 3484 749 3558 Sed
781 3498 834 3557 est
856 3482 1039 3557 translatio
1065 3482 1225 3579 ejusdem
1257 3485 1376 3582 operis
1406 3508 1486 3581 quae
1517 3507 1668 3557 romana
1694 3499 1865 3577 vocatur,
1905 3487 2079 3584 quoniam

486 3607 638 3679 Romani
652 3629 706 3701 ea,
718 3618 880 3694 utuntur,
900 3627 1012 3700 quam
1029 3603 1111 3674 iecit
1123 3602 1321 3699 Symachus
1338 3618 1375 3676 et
1395 3602 1534 3702 Aquila.
1554 3605 1627 3677 Alia
1643 3618 1697 3677 est
1712 3603 1897 3678 translatio
1918 3605 2078 3703 ejusdem

485 3750 594 3823 quam
611 3725 833 3824 septuaginta
848 3724 1059 3822 interpretes
1073 3722 1230 3796 fecerant
1247 3723 1434 3797 Ptolomeo
1450 3726 1698 3824 AEgyptiorum
1714 3726 1801 3822 regi.

534 3844 621 3917 Ideo
651 3869 736 3916 vero
769 3843 860 3916 liber
882 3843 1093 3916 himnorum
1120 3842 1272 3935 dicitur,
1299 3845 1473 3943 quoniam
1494 3844 1572 3918 laus
1594 3845 1662 3918 Dei
1681 3858 1735 3917 est
1755 3842 1934 3943 quidquid
1967 3844 2075 3935 dicit;

485 3978 635 4038 vocatur
650 3986 737 4034 vero
753 3962 844 4035 liber
859 3963 1133 4061 soliloquiorum
1157 3962 1203 4037 de
1226 3964 1383 4055 Christe,
1406 3986 1481 4037 non
1497 3964 1597 4062 quod
1613 3964 1660 4037 de
1676 3963 1755 4036 solo
1772 3963 1933 4055 Christo,
1952 3978 1990 4037 et
2003 3989 2076 4036 non

486 4085 532 4158 de
548 4105 702 4182 corpore
719 4081 808 4177 ejus,
829 4081 933 4154 idest
949 4081 995 4154 de
1011 4082 1169 4155 Ecclesia
1185 4083 1360 4182 loquitur,
1378 4084 1631 4182 sedquoniam
1646 4084 1890 4184 principaliter
1909 4083 1956 4157 de
1971 4084 2081 4183 ipsius

487 4203 671 4277 divinitate
693 4216 800 4298 atque
822 4200 1044 4274 humanitate
1072 4200 1244 4300 loquitur,
1271 4203 1328 4277 vel
1351 4206 1526 4302 quoniam
1546 4203 1611 4276 ubi
1629 4203 1677 4276 de
1702 4205 1814 4303 ipsius
1837 4228 2011 4303 corpore,
2042 4204 2080 4276 id

486 4339 541 4398 est
556 4324 603 4396 de
617 4320 784 4396 fidelibus
803 4321 975 4419 loquitur,
998 4321 1157 4419 quodam
1179 4323 1292 4395 modo
1317 4323 1363 4396 de
1379 4323 1520 4396 Christo
1538 4324 1710 4422 loquitur.
1730 4325 1890 4397 Pertinet
1912 4325 2008 4397 enim
2031 4323 2079 4397 ad

487 4456 597 4543 caput
616 4441 793 4541 quidquid
811 4442 858 4515 de
877 4466 1030 4542 corpore
1047 4444 1123 4542 ejus
1146 4443 1297 4515 dicatur.
1315 4448 1473 4518 Vocatur
1493 4444 1701 4517 Psalterium
1719 4444 1929 4543 persimile.
1951 4443 2080 4516 Psalte-

486 4563 579 4634 rium
596 4563 693 4635 enim
710 4577 763 4635 est
775 4564 1053 4636 instrumentum
1073 4565 1111 4636 in
1124 4562 1275 4636 modum
1289 4563 1398 4657 delta,
1416 4563 1540 4638 litterae
1555 4589 1687 4662 graecae,
1708 4565 1962 4664 compositum,
1983 4564 2081 4662 quod

487 4707 599 4780 quare
625 4680 780 4781 desuper
804 4706 1002 4756 concavum
1027 4706 1135 4781 super
1161 4685 1315 4757 extensis
1342 4684 1468 4757 decem
1491 4684 1611 4758 cordis
1637 4683 1755 4757 reddit
1781 4683 1887 4756 dulce
1911 4683 2026 4756 melos
2046 4699 2081 4755 et

488 4826 618 4876 sonum
638 4801 951 4899 jucundissimum.
976 4802 1068 4874 Huic
1094 4817 1146 4875 est
1168 4805 1388 4877 contrarium
1407 4803 1593 4902 quoddam
1620 4803 1719 4876 aliud
1745 4805 1923 4876 musicum
1948 4805 2080 4874 instru-

490 4902 672 5015 mentum,
700 4921 834 4993 scilicet
861 4920 1015 5011 cithara,
1052 4922 1152 5020 quod
1179 4948 1290 5020 quare
1314 4923 1437 4996 subter
1461 4938 1515 4996 est
1539 4947 1759 5016 concavum,
1794 4948 1902 5022 super
1932 4922 2083 4994 extensis

489 5041 610 5113 cordis
634 5040 752 5113 reddit
777 5038 987 5149 delectahile
1010 5066 1154 5115 sonum.
1186 5048 1252 5114 Per
1272 5042 1446 5117 citharam
1469 5069 1547 5142 quae
1563 5043 1686 5118 subter
1709 5059 1762 5117 est
1784 5066 1942 5117 concava
1964 5040 2081 5114 carnis
