4559 6100
644 605 647 610 g
702 515 745 588 ΙΝ
770 516 1018 590 EPlSTOLAM
1042 517 1104 588 An
1127 517 1353 592 Romanos.
1742 522 1815 594 283

222 685 399 764 separare,
414 661 511 758 qnia,
530 659 622 732 sicut
638 659 725 734 dicit
744 664 934 762 Propheta,
949 678 1188 762 «propterte,
1203 693 1222 734 n
1241 665 1279 738 id
1294 679 1348 740 est
1360 665 1445 763 quia
1456 664 1739 763 inseparabiliter
1750 671 1814 745 tibi

222 783 464 872 adhaeremus,
483 780 650 879 periculis
665 782 744 852 vitae
764 782 886 855 afflicti
909 782 1149 880 subjacemus,
1168 812 1186 850 α
1202 796 1277 862 tota
1296 783 1402 874 die,»
1422 783 1460 872 id
1482 798 1536 864 est
1558 799 1635 870 toto
1652 799 1812 885 tempore

118 881 128 902 ’
222 905 301 1000 vitae
323 913 468 991 nostrae,
490 897 592 996 quod
612 898 760 996 quidem
780 900 828 974 ad
844 903 1154 1002 comparationem
1169 902 1249 974 vitta
1265 900 1486 996 infidelium,
1509 903 1572 1001 qui
1597 905 1812 980 intenebris

222 1020 420 1109 ambulant,
436 1018 512 1091 dies
529 1032 580 1090 est
595 1017 761 1110 dicenda,
777 1019 848 1095 fide
859 1021 1025 1094 videlicet
1039 1021 1250 1095 illuminata.
1271 1051 1289 1087 α
1302 1022 1490 1116 AEstimati,
1508 1024 1632 1094 »sicut
1640 1025 1815 1121 scriptum

223 1150 275 1208 est
282 1134 327 1208 dc
334 1135 453 1232 impiis
462 1132 663 1206 dicentibus
674 1132 719 1205 de
722 1134 846 1231 justis:
860 1142 955 1210 «Nos
964 1138 1074 1208 vitam
1082 1135 1227 1209 illorum
1234 1136 1497 1212 aestimabamus
1503 1137 1693 1229 insaniam,
1703 1145 1810 1212 etc.¹»

224 1285 242 1324 a
255 1259 348 1327 Oves
364 1253 566 1345 occisionis,
581 1280 598 1321 ι
613 1251 650 1324 id
666 1269 720 1326 est
733 1253 848 1350 dignae
858 1259 1054 1351 occisione,
1066 1271 1103 1329 et
1113 1257 1204 1332 nihil
1217 1257 1361 1331 alterius
1375 1258 1534 1331 utilitatis
1545 1258 1734 1353 habentes,
1747 1286 1815 1334 nec

221 1375 267 1448 de
291 1376 369 1473 ipsa
392 1374 500 1445 ctiam
525 1386 640 1445 morte
666 1398 730 1446 sua
749 1373 905 1448 fructum
928 1378 1084 1474 aliquem
1105 1376 1152 1450 ad
1176 1402 1277 1450 esum
1300 1377 1519 1470 tribuentes,
1544 1403 1612 1452 nec
1634 1379 1818 1458 ullatenus.

221 1493 507 1567 interlectoribus
526 1494 598 1565 suis
619 1506 695 1566 tum
713 1519 782 1594 pro
800 1495 1043 1570 imbecillitate
1066 1521 1139 1568 suae
1155 1511 1307 1588 naturae,
1326 1523 1413 1572 cum
1428 1499 1535 1588 etiam
1561 1524 1629 1596 pro
1646 1524 1812 1574 mansue-

221 1611 349 1685 tudine
364 1637 429 1685 sua
447 1613 661 1685 resistentes.
683 1643 700 1681 «
716 1613 790 1685 Sed
803 1615 839 1685 in
857 1614 926 1687 his.
943 1642 961 1681 n
982 1614 1083 1686 Dixi:
1105 1619 1186 1687 Non
1214 1631 1386 1714 poterunt
1409 1641 1536 1689 omnes
1561 1620 1814 1716 oppressiones

220 1733 295 1803 istae
305 1733 543 1805 constantiam
554 1746 714 1804 nostram
724 1757 905 1830 superare,
920 1747 959 1804 nt
969 1732 1135 1806 videlicet
1144 1757 1166 1806 a
1175 1738 1253 1806 Deo
1265 1739 1504 1832 separemur¹,
1519 1734 1616 1807 sede
1630 1739 1811 1812 contrario

129 1945 142 1950 -
219 1851 295 1923 haec
316 1852 439 1925 omnia
459 1850 723 1950 perseverando
739 1852 916 1924 vincimus
939 1877 1005 1950 per
1028 1852 1179 1948 gratiam
1202 1853 1269 1924 Dei
1293 1853 1539 1951 potiusquam
1561 1878 1627 1953 per
1651 1871 1811 1928 nostram
1843 1889 1847 1898 ·

220 1973 400 2046 virtutem.
422 1976 466 2044 Et
480 1972 552 2043 hoc
569 1986 622 2044 est
639 1971 741 2069 quod
762 1973 824 2067 ait,
852 1977 1033 2071 «Propter
1050 1996 1133 2044 eum
1154 1972 1218 2070 qui
1236 1971 1341 2044 datus
1358 1971 1485 2067 nobis,
1499 2001 1517 2040 n
1535 1971 1570 2044 id
1595 1987 1650 2045 est
1665 1990 1812 2073 propter

221 2093 295 2189 ejus
311 2093 543 2191 adjuvantem
558 2093 721 2188 gratiam.
743 2097 899 2165 «Certus
916 2118 1009 2165 snm.
1026 2121 1046 2161 u
1065 2091 1152 2165 ldeo
1170 2107 1244 2165 tam
1257 2091 1470 2166 fiducialiter
1483 2091 1616 2190 loquor
1632 2092 1678 2164 de
1689 2094 1810 2168 diviua

223 2215 332 2309 gratia
354 2212 478 2285 lideles
500 2212 713 2309 adjurante,
739 2227 779 2285 ut
797 2212 903 2284 nullis
930 2211 1096 2284 videlicet
1118 2211 1300 2285 decausis
1325 2236 1347 2284 a
1368 2216 1446 2283 Deo
1469 2211 1607 2310 possint
1631 2217 1808 2310 separari,

222 2334 392 2431 quiajam
408 2332 454 2405 de
471 2332 528 2404 his
543 2356 618 2403 non
636 2331 754 2406 solum
771 2331 894 2427 fidem,
916 2357 1040 2404 verum
1057 2332 1166 2403 etiam
1183 2330 1434 2404 certitudinem
1450 2332 1613 2427 imaginis
1630 2349 1811 2406 assecutus

221 2474 302 2521 sum
319 2447 581 2548 experimentis,
597 2445 697 2542 quod
710 2445 874 2518 videlicet
892 2471 1040 2543 «neque
1057 2468 1182 2517 mors»
1198 2446 1430 2538 comminata,
1451 2470 1597 2543 «neque
1613 2448 1713 2518 vita»
1726 2473 1809 2545 pro·

221 2570 326 2642 missa
346 2567 479 2640 scilicet
502 2568 538 2638 in
562 2565 801 2658 boemundo,
824 2596 842 2632 (ι
859 2589 978 2662 neque
996 2565 1130 2663 angeli,
1151 2594 1170 2634 >r
1190 2563 1226 2636 id
1247 2580 1301 2637 est
1316 2566 1475 2663 angelica
1498 2564 1665 2664 dignitas,
1681 2591 1703 2638 a
1717 2593 1809 2665 quo-

218 2712 361 2786 cunqne
383 2713 450 2760 nos
468 2700 627 2761 tentante
643 2684 749 2757 nohis
772 2685 968 2784 promissa,
987 2684 1079 2756 sicut
1094 2683 1260 2757 diabolus
1277 2689 1358 2755 Eva>
1381 2685 1557 2783 promisit,
1576 2683 1675 2782 quod
1693 2704 1810 2760 essent

219 2810 309 2880 sicut
327 2809 378 2880 dii
389 2812 418 2901 ⁸3
448 2836 466 2876 u
481 2829 599 2904 neque
615 2804 723 2876 etiam
737 2803 956 2902 principatus
965 2815 1112 2900 ,neque
1130 2803 1292 2897 virtuteS,
1308 2831 1326 2871 r>
1342 2803 1378 2874 id
1399 2817 1453 2875 est
1471 2804 1621 2875 istorum
1639 2804 1810 2877 ordinum

219 2926 446 3022 excellentia,
477 2950 556 3022 quae
581 2923 697 3021 major
722 2937 776 2994 est
800 2923 972 3019 dignitate
996 2921 1155 3019 hugelici
1181 2921 1339 3012 ordinis,
1370 2946 1463 3019 quos
1492 2921 1640 3019 quidem
1665 2924 1811 2997 ordines

219 3047 404 3144 diligenter
427 3052 554 3120 Beatus
579 3043 773 3143 Gregorius
798 3041 1045 3138 distinguens,
1071 3042 1166 3113 ait‘:
1188 3069 1207 3110 ιι
1228 3044 1352 3115 Graeca
1376 3040 1497 3136 lingua
1522 3041 1645 3139 Angeli
1669 3045 1806 3133 nuntii,

219 3167 428 3264 Archangeli
455 3167 586 3239 summi
618 3163 734 3235 nuntii
762 3175 949 3234 vocantur.
977 3160 1049 3248 Qui
1080 3161 1231 3231 minima
1256 3159 1431 3232 nunciant
1460 3160 1604 3256 hugeli,
1634 3162 1808 3257 quivero

218 3312 357 3361 summa
382 3284 591 3381 Archangeli
607 3297 796 3357 vocantur.
821 3281 914 3352 Hinc
939 3278 1109 3376 estquod
1129 3277 1177 3350 ad
1197 3278 1347 3351 Mariam
1368 3301 1444 3350 non
1465 3278 1617 3375 quilibet
1639 3279 1805 3376 Angelus,

218 3406 280 3478 sed
301 3405 444 3479 Gabriel
466 3403 707 3500 Archangelus
730 3401 894 3473 mittitur.
918 3429 935 3464 u
959 3403 1048 3470 ltem
1074 3423 1082 3468 :
1113 3425 1129 3464 ι
1154 3397 1308 3469 Virtutes
1329 3409 1505 3468 vorantur
1531 3396 1604 3490 illi,
1632 3422 1698 3495 per
1715 3423 1807 3494 quos

218 3527 319 3623 signa
350 3539 386 3598 et
414 3524 583 3598 miracula
614 3521 833 3620 frequentius
861 3517 967 3590 liunt.
997 3521 1190 3588 Potestates
1219 3529 1393 3588 vocantur
1424 3518 1487 3611 qui
1521 3514 1595 3587 hoc
1625 3519 1808 3615 potentius

218 3647 352 3719 caetaris
375 3646 411 3717 in
438 3670 504 3718 suo
530 3642 657 3715 ordine
682 3651 933 3739 perceperunt,
956 3651 1140 3708 uteorum
1158 3633 1287 3706 ditioni
1305 3634 1452 3707 virtutes
1467 3632 1624 3707 adversar
1639 3633 1808 3733 sulrjectae

218 3767 304 3857 sint,
332 3789 489 3863 quorum
513 3774 688 3862 potestate
714 3758 958 3845 refrenantur,
982 3779 1028 3826 ne
1053 3754 1167 3826 corda
1189 3752 1380 3826 hominum
1401 3766 1541 3825 tautum
1563 3767 1699 3825 tentare
1720 3780 1809 3853 prue-

217 3885 359 3959 raleant
382 3898 560 3983 quantum
590 3881 732 3953 volunt.
767 3877 988 3973 Principatus
1016 3887 1191 3946 vocantur
1216 3875 1279 3969 qui
1310 3872 1395 3970 ipsis
1428 3895 1574 3969 qnoque
1605 3871 1711 3945 bonis
1736 3879 1808 3947 Au·

218 4006 379 4103 gelorum
403 4001 587 4103 spiritibus
608 4012 784 4098 praesunt,
818 3996 881 4095 qui
907 3994 1074 4090 subjectis
1096 3993 1174 4064 aliis
1200 3990 1288 4063 dnm
1309 4016 1388 4088 quae
1412 4005 1495 4067 sunt
1519 3990 1659 4087 agenda
1685 3991 1807 4092 dispo·

219 4140 330 4217 nunt,
360 4125 411 4197 cis
439 4121 484 4194 ad
511 4118 688 4221 explenda
718 4115 886 4212 mysteria
911 4111 1213 4211 principantur.»
1241 4113 1405 4206 «Neque
1432 4109 1656 4199 instantia,»
1688 4110 1724 4181 id
1756 4125 1808 4183 est

218 4247 403 4346 prasentia
431 4245 530 4318 bona
553 4242 609 4317 vel
634 4239 749 4327 mala,
781 4268 798 4304 a
821 4260 939 4334 neque
968 4231 1156 4324 tortitudo,
1171 4262 1189 4299 n
1222 4231 1259 4303 id
1285 4246 1338 4304 est
1367 4230 1536 4307 violentia
1563 4232 1808 4331 cujuscunque

218 4363 415 4459 potestatis,
433 4389 452 4429 ιι
478 4382 597 4456 neque
625 4352 802 4442 altitudo,
834 4374 954 4447 neque
979 4346 1224 4448 profundum,
1239 4377 1256 4412 ι
1284 4345 1321 4416 id
1347 4361 1401 4417 est
1427 4342 1632 4418 sublimatio
1660 4347 1809 4444 alicujus

217 4482 384 4555 humanae
410 4480 551 4577 gloriae,
575 4476 632 4549 rel
658 4474 812 4572 dejectio
843 4485 950 4567 atque
973 4465 1176 4540 humiliatio
1202 4466 1239 4536 in
1266 4488 1520 4562 quamcunque
1548 4465 1741 4559 vilitatem,
1767 4491 1810 4539 ac

213 4605 246 4675 si
259 4602 405 4693 diceret,
423 4623 542 4698 neque
555 4596 772 4697 prosperitas
788 4593 908 4689 aliqua
922 4589 1095 4682 humana,
1111 4610 1230 4683 neque
1246 4584 1461 4675 adversitas3
1481 4616 1498 4651 ι(
1512 4610 1630 4685 nequo
1644 4600 1808 4661 ereatura

210 4722 285 4796 alia
308 4750 327 4790 u
345 4745 455 4819 quam
478 4717 642 4791 videlicet
663 4711 917 4812 suprapositae,
945 4707 1061 4781 idest
1085 4704 1219 4804 Angeli,
1247 4718 1459 4803 potestates,
1485 4718 1555 4776 etc.
1586 4730 1642 4777 «a
1665 4707 1809 4778 caritate

210 4843 312 4915 Dei»
332 4843 417 4940 quia
434 4837 599 4911 videlicet
617 4860 701 4908 eum
721 4833 859 4905 sincere
878 4844 1026 4928 propter
1042 4827 1161 4926 ipsum
1177 4824 1370 4921 diligimus,
1393 4852 1411 4892 a
1425 4849 1503 4920 quae
1527 4839 1580 4896 est
1602 4825 1638 4895 in
1665 4823 1808 4895 Christo

250 5119 256 5147 ¹
267 5116 394 5179 Sopcap.
403 5128 460 5175 ι,ι.
471 5113 622 5166 t.-²tut›.
630 5110 744 5172 Separat.
754 5106 904 5166 -menea,
915 5116 970 5167 cap.
983 5115 1017 5167 ru,
1032 5114 1054 5153 ι.
1067 5080 1146 5154 5.-”’
1157 5102 1232 5153 Hom.
1242 5101 1271 5153 in
1283 5102 1381 5167 anap.
1390 5138 1397 5165 ,
1406 5102 1449 5152 ltu.
1461 5100 1492 5163 ll,
1504 5103 1572 5152 hom.
1585 5111 1666 5161 xrxrr,
1678 5103 1726 5153 ιιι
1738 5115 1753 5152 e
1772 5104 1801 5153 10
