4559 6100
515 495 674 568 araret
700 494 781 566 SEU
806 493 937 565 LlBER
960 491 1287 564 uictus2801r0
1311 490 1511 563 TElPSUM.
1739 489 1810 562 607

223 661 342 720 autem
359 650 455 718 Deus
475 647 537 740 qui
554 670 629 717 non
642 646 797 745 patietur
812 668 877 715 vos
893 642 1021 714 tentari
1038 667 1146 741 supra
1161 642 1198 715 id
1215 640 1316 739 quod
1331 642 1480 740 potestis
1497 667 1505 709 ε
1524 639 1587 712 sed
1611 639 1712 711 saciet
1727 664 1812 710 cum

223 767 417 839 tentatione
434 779 650 863 proventum
675 778 716 834 ut
731 763 874 860 possitis
889 761 1076 832 sustinere.
1096 790 1113 824 a
1134 761 1296 833 Tentatio
1314 775 1435 833 autem
1451 757 1661 857 generaliter
1683 757 1815 830 dicitur

224 909 455 982 quaecumque
473 884 656 956 inclinatio
677 882 788 954 animi
806 880 854 953 ad
874 878 1011 975 aliquid
1034 880 1214 974 agendum
1236 879 1337 975 quod
1354 903 1428 951 non
1452 878 1639 969 convenit,
1657 878 1732 949 sive
1757 876 1816 949 illa

223 1005 387 1075 voluutas
410 1004 468 1096 sit,
494 1003 567 1074 sive
588 1026 796 1073 consensus.
822 1005 987 1072 Humana
1007 1022 1094 1070 vero
1119 999 1268 1070 tentatio
1290 998 1441 1085 dicitur,
1461 997 1538 1069 sine
1558 1020 1629 1092 qua
1648 996 1724 1090 jam
1748 995 1816 1067 hu-

224 1145 330 1194 mana
348 1119 533 1192 infirmitas
556 1122 615 1192 vix
631 1135 694 1192 aut
706 1144 893 1216 nunquam
911 1118 1103 1190 subsistere
1120 1130 1255 1215 potest,
1279 1131 1317 1187 ut
1333 1114 1626 1214 concupiscentia
1649 1115 1814 1203 carnalis,

225 1240 279 1311 vel
306 1240 522 1312 delectabilis
543 1239 615 1312 cibi
641 1239 872 1331 desiderium,
892 1265 913 1310 a
934 1236 1065 1336 quibus
1085 1261 1123 1308 se
1140 1235 1283 1309 liberari
1306 1235 1510 1335 postulabat
1534 1234 1598 1331 qui
1623 1232 1783 1306 dicebat¹
1805 1263 1813 1302 ε

226 1387 244 1425 (ι
259 1363 312 1429 De
322 1359 588 1431 necessitatibus
599 1360 687 1431 meis
699 1383 783 1431 erue
800 1382 870 1443 me,
884 1357 1058 1446 Domine3
1074 1384 1092 1423 n
1113 1356 1186 1427 hoc
1202 1369 1268 1444 est,
1287 1353 1332 1425 de
1347 1354 1405 1425 his
1415 1352 1673 1426 tentationibus
1681 1377 1816 1425 concu-

225 1454 496 1574 piscentiarum,
520 1503 600 1576 quae
616 1479 718 1575 quasi
734 1476 913 1550 naturales
929 1500 971 1549 ac
988 1475 1191 1548 necessariae
1209 1474 1283 1570 jam
1301 1473 1399 1545 lactae
1414 1486 1515 1564 sunt,
1537 1497 1583 1544 ue
1599 1472 1647 1546 ad
1666 1496 1817 1545 consen-

225 1620 305 1667 sum
329 1597 555 1694 pertrahant,
578 1597 633 1669 vel
655 1597 728 1667 vita
746 1596 825 1688 ista,
853 1596 959 1694 plena
984 1593 1256 1683 tentationibus,
1285 1591 1398 1684 finita,
1425 1614 1574 1690 prorsus
1590 1592 1642 1662 eis
1659 1614 1813 1664 caream.

225 1714 334 1801 Quod
350 1740 436 1810 ergo
452 1716 501 1787 ait
517 1713 726 1814 Apostolus:
742 1743 760 1779 c<
772 1714 933 1787 tentatio
949 1737 1015 1785 vos
1031 1737 1105 1785 non
1123 1711 1369 1810 apprehendat
1387 1711 1453 1782 nisi
1469 1710 1642 1799 humana,
1659 1738 1677 1778 u
1695 1712 1817 1783 consi—

226 1833 318 1904 milis
326 1835 501 1906 sententia
518 1846 571 1906 est
587 1857 630 1905 ac
646 1834 675 1904 si
690 1832 825 1905 diceret
837 1859 845 1902 ε
859 1833 895 1903 Si
912 1832 1106 1906 inclinatur
1122 1833 1264 1904 animus
1277 1856 1321 1903 ex
1338 1829 1574 1902 delectatione
1592 1853 1672 1925 quae
1686 1846 1752 1920 est,
1776 1846 1816 1903 ut

226 1948 390 2041 diximus,
407 1952 566 2025 hnmana
584 1952 746 2044 tentatio,
763 1976 838 2023 non
853 1950 1026 2048 usquead
1043 1975 1260 2024 consensum
1275 1948 1471 2049 pertrahat,
1489 1950 1527 2021 in
1541 1972 1616 2047 quo
1629 1965 1816 2048 peccatum

225 2071 396 2143 consistit.
416 2071 524 2159 Quod
552 2072 655 2167 quasi
675 2070 802 2167 aliquis
823 2085 1006 2166 quaereret,
1033 2095 1105 2167 qua
1128 2085 1253 2142 nostra
1269 2069 1400 2141 virtute
1422 2070 1721 2166 concupiscentiis
1742 2071 1816 2142 istis

225 2214 413 2286 possumus
439 2188 624 2261 resistere?
652 2189 794 2281 Fidelis,
827 2189 955 2286 inquit,
979 2194 1076 2260 Deus
1101 2190 1164 2286 qui
1189 2211 1265 2260 non
1289 2188 1443 2285 patietur
1466 2212 1533 2259 vos
1560 2190 1701 2261 tentari.
1726 2194 1817 2262 Tan-

225 2309 391 2404 quamsi
421 2306 554 2379 diceret
582 2335 590 2378 ε
622 2311 675 2378 De
703 2308 782 2406 ipso
810 2308 931 2405 potius
961 2322 1013 2380 est
1040 2305 1314 2397 confidendum,
1335 2330 1445 2402 quam
1473 2307 1519 2379 de
1548 2307 1656 2380 nobis
1682 2334 1817 2406 praesu-

226 2424 414 2513 mendum,
443 2426 506 2523 qui
532 2426 639 2498 nobis
670 2426 840 2497 auxilium
870 2427 1097 2523 promittens,
1129 2427 1166 2497 in
1200 2425 1370 2497 omnibus
1398 2449 1504 2499 verax
1533 2440 1586 2498 est
1616 2427 1814 2525 promissis,

226 2544 326 2640 quod
357 2561 422 2637 est,
455 2568 539 2615 eum
569 2543 713 2616 lidelem
738 2569 828 2635 esse,
854 2558 895 2615 ut
928 2545 961 2616 ei
984 2545 1115 2616 scilicet
1148 2544 1194 2616 de
1224 2543 1393 2616 omnibus
1412 2544 1617 2618 adhibenda
1648 2548 1694 2618 sit
1712 2545 1812 2618 fides.

224 2666 323 2734 Tunc
346 2688 432 2734 vero
451 2687 526 2735 non
544 2664 678 2761 patitur
694 2687 762 2734 nos
787 2664 914 2734 tentari
941 2687 1048 2761 supra
1074 2662 1112 2734 id
1133 2662 1234 2760 quod
1257 2688 1464 2762 possumus,
1485 2689 1568 2736 cum
1586 2690 1650 2763 per
1678 2666 1817 2738 miseri-

227 2781 387 2854 cordiam
418 2806 519 2854 suam
552 2783 601 2855 ita
633 2782 728 2855 hanc
757 2783 991 2854 tentationem
1024 2781 1222 2855 humanam
1245 2797 1442 2881 temperat,
1479 2798 1521 2854 ut
1553 2808 1628 2856 non
1659 2783 1740 2882 plus
1771 2785 1818 2857 ad

225 2915 411 2998 peccatum
441 2914 600 2999 premat,
624 2925 733 2998 quarn
760 2900 917 2997 perferre
939 2901 1130 2999 possimus,
1160 2903 1194 2973 ei
1214 2901 1380 2976 videlicet
1396 2901 1609 2975 resistendo.
1638 2905 1737 2976 Tunc
1754 2928 1817 2976 au·

226 3033 298 3092 tem
326 3020 473 3118 insuper
492 3019 587 3093 hanc
609 3020 725 3119 ipsam
756 3020 990 3092 tentationem
1018 3020 1125 3093 nobis
1153 3020 1331 3093 convertit
1360 3019 1408 3093 ad
1434 3020 1695 3113 commodum,
1728 3020 1817 3094 dum

228 3163 293 3236 per
314 3162 395 3210 eam
420 3140 472 3209 sic
496 3163 564 3210 nos
586 3153 745 3228 exercet,
774 3152 813 3209 ut
836 3137 1006 3237 deinceps
1033 3164 1117 3211 cum
1141 3141 1349 3227 occurrerit,
1370 3141 1489 3211 miuus
1511 3164 1658 3236 gravare
1688 3145 1814 3239 possit,

226 3272 261 3328 et
273 3257 348 3353 jam
365 3256 485 3327 minus
497 3256 673 3352 impetum
689 3255 803 3326 hostis
817 3256 1019 3348 timeamus,
1035 3256 1082 3330 de
1098 3281 1173 3355 quo
1193 3258 1268 3353 jam
1287 3256 1585 3355 triumphavimus
1608 3271 1645 3328 et
1661 3259 1817 3356 perferre

227 3377 405 3448 novimus.
431 3375 558 3447 Omnis
582 3375 717 3472 quippe
733 3399 854 3473 pugna
870 3400 980 3472 quam
1001 3376 1166 3448 nondum
1193 3377 1329 3474 experti
1348 3401 1484 3466 sumus,
1507 3379 1648 3473 gravius
1663 3380 1816 3452 sustine·

227 3520 308 3588 mus
325 3508 361 3566 et
387 3493 540 3592 amplius
566 3492 825 3567 lormidamus¹.
845 3498 938 3565 (lum
957 3518 1043 3566 vero
1068 3495 1106 3567 in
1129 3494 1428 3569 cousuetudinem
1440 3494 1637 3568 victoribus
1664 3499 1813 3586 venerit,

230 3614 362 3710 pariter
374 3613 486 3685 virtus
499 3611 575 3708 ejus
591 3627 626 3684 et
644 3626 759 3683 metus
770 3612 961 3686 evanescit.

871 3940 1053 4030 CAPUT
1094 3941 1170 4031 lv.

775 4159 820 4215 De
839 4154 1068 4235 suggestionibus
1089 4155 1262 4215 daemonum.

276 4347 503 4424 Suntautem
519 4344 763 4439 suggestiones
776 4365 850 4413 non
864 4341 981 4414 solum
997 4341 1201 4430 hominnm,
1220 4340 1283 4414 sed
1300 4357 1336 4414 et
1351 4342 1557 4415 daemonum
1577 4371 1586 4416 ε
1606 4346 1742 4441 quiret
1759 4347 1817 4418 isti

230 4487 304 4533 non
332 4487 516 4560 nunquam
540 4462 587 4534 ad
610 4475 797 4560 peccatum
822 4485 890 4532 nos
913 4462 1062 4533 incitant
1088 4485 1162 4533 non
1191 4474 1265 4533 tam
1286 4461 1405 4533 verbis
1429 4487 1539 4559 quam
1567 4463 1678 4537 lactis.
1711 4467 1817 4539 Periti

228 4580 362 4678 quippe
386 4596 521 4653 naturae
545 4605 665 4653 rernm
684 4594 758 4650 tam
779 4580 912 4677 ingenii
928 4578 1133 4672 subtilitate,
1156 4602 1266 4676 quam
1283 4578 1391 4677 longa
1413 4583 1645 4678 experientia,
1668 4583 1817 4658 undeet

228 4708 425 4792 daemones,
451 4699 524 4771 hoc
551 4714 622 4790 est,
645 4698 795 4772 scientes
819 4712 903 4769 sunt
928 4697 1118 4797 appellati,
1152 4712 1331 4770 novenmt
1354 4699 1448 4771 vires
1472 4725 1591 4773 rerum
1614 4703 1812 4792 naturales,

229 4816 324 4890 uude
355 4816 400 4890 ad
432 4816 639 4909 libidinem,
668 4817 726 4890 vel
753 4816 799 4889 ad
827 4831 973 4889 caeteros
1000 4816 1155 4914 impetus
1180 4815 1340 4890 humana
1365 4816 1553 4892 infirmitas
1579 4820 1680 4892 facile
1707 4844 1792 4917 poss

263 5076 268 5101 ⁸
280 5072 378 5126 Psatm.
391 5087 459 5136 xxxv,
474 5087 497 5126 r.
512 5076 549 5125 tt.
557 5100 586 5110 -
598 5075 608 5104 ²
620 5071 661 5124 Stc
673 5076 698 5123 tn
709 5074 793 5125 oodtce
804 5073 936 5133 tegebatur.
