4559 6100
687 529 730 601 ΙΝ
755 526 1001 600 EPISTOLAM
1027 527 1087 599 AD
1112 526 1339 600 ROMANOS.
1733 533 1806 606 295

224 679 630 756 reverentiaservientes.
649 677 824 748 eDeivivi
840 704 858 743 u
875 675 961 749 dicit
972 674 1019 748 ad
1029 675 1266 749 differentiam
1275 681 1450 769 Deorum,
1463 680 1810 776 quossoilioetantea

222 801 393 902 gentilitas
416 801 516 875 vario
536 797 660 872 delusa
675 783 810 887 errore,
827 797 942 869 velex
960 797 1148 902 insensatis
1156 793 1280 887 rebus,
1301 795 1416 870 16161
1434 799 1586 874 mortuis
1600 800 1809 876 bominibus

223 917 461 990 constituerat.

269 1065 287 1105 ι(
297 1036 408 1109 Isaiae
419 1051 551 1108 autem.
569 1030 850 1130 »supradictam
867 1035 1094 1107 vocationem
1115 1033 1283 1113 Gentium
1301 1036 1393 1105 Osee
1413 1033 1600 1133 prophetae
1615 1033 1806 1132 siguificat¹

222 1157 323 1234 totas
338 1170 461 1254 aperte
477 1155 522 1227 de
539 1154 657 1226 lutura
675 1153 911 1225 conversione
927 1152 1147 1226 ludaeorum.
1167 1153 1233 1225 «si
1250 1153 1365 1225 fuerit.
1381 1182 1399 1224 u
1416 1154 1588 1243 Quamvis
1603 1156 1809 1230 innumerm
1863 1241 1874 1256 ἱ

222 1274 305 1348 biles
323 1274 455 1346 fuerint
475 1272 587 1345 ludaei
615 1272 650 1343 in
665 1324 667 1328 ν
680 1296 744 1344 sua
764 1272 958 1364 sterilitate,
986 1272 1022 1345 id
1050 1286 1115 1363 est,
1145 1270 1353 1345 infidelitate
1375 1290 1652 1373 perseverantes.
1682 1305 1698 1340 ιι
1711 1276 1810 1348 Sicut

221 1417 324 1470 naua
342 1394 450 1466 maris
462 1421 480 1460 u
496 1390 861 1491 quaeinnumerabilis
888 1406 995 1466 estet
1020 1391 1159 1464 sterilis.
1191 1422 1209 1459 ιι
1231 1398 1363 1467 Tamen
1388 1393 1516 1491 reliqui
1542 1416 1668 1468 eorum
1695 1395 1811 1470 salva·

220 1512 364 1588 buntur.
380 1545 397 1579 1
411 1518 512 1602 Quos
528 1512 695 1587 videlicet
710 1511 779 1585 sibi
794 1513 972 1584 Dominus
993 1511 1151 1611 reliquit,
1166 1514 1255 1587 alios
1272 1515 1416 1612 agretia
1432 1537 1498 1586 sua
1513 1515 1688 1614 repellens
1700 1529 1810 1614 atque

221 1632 388 1728 abjiciens
402 1657 482 1705 ase.
495 1632 561 1705 Vel
576 1632 743 1730 reliquias
759 1630 845 1704 dicit
858 1632 984 1730 populi
1000 1632 1179 1730 simplices
1192 1649 1229 1706 61
1243 1633 1384 1724 idiotas,
1401 1635 1464 1732 qui
1472 1632 1602 1731 abjecti
1615 1649 1699 1708 sunt
1714 1636 1811 1710 inter

220 1777 293 1837 eos,
312 1754 403 1828 sicut
419 1752 579 1852 Apostoli
595 1752 751 1845 luerunt,
771 1767 804 1824 ct
825 1751 928 1824 multi
944 1751 990 1824 de
1011 1752 1116 1827 turba
1138 1753 1282 1828 Christo
1305 1754 1538 1847 adhaerentes,
1570 1755 1662 1828 siout
1682 1769 1717 1827 et
1741 1757 1810 1855 ipsi

219 1870 431 1971 profitentur
458 1874 560 1972 impii
581 1871 768 1948 <licentes¹
792 1899 800 1943 ι
827 1872 1045 1969 «Numquid
1074 1872 1185 1971 aliqui
1202 1899 1245 1946 ex
1266 1874 1491 1972 principibus
1516 1874 1749 1950 crediderunt
1771 1876 1809 1948 in

220 1991 323 2066 eum?
339 1992 408 2064 Sed
426 1992 530 2065 turba
545 1992 622 2065 baec
638 2017 718 2090 quae
739 2016 819 2064 non
835 1991 937 2064 novit
961 1993 1088 2088 legem,
1114 2009 1182 2065 eto.
1200 2025 1218 2059 »
1250 1995 1342 2080 Quia
1371 2019 1456 2066 vero
1485 1993 1809 2094 aliquisquaereret

219 2112 318 2207 cujus
343 2112 594 2210 praedicatione
619 2112 684 2183 ista
709 2112 852 2184 vocatio
880 2110 943 2184 fiat
963 2113 1149 2211 utriusque
1173 2113 1315 2212 populi,
1331 2114 1527 2213 respondet
1554 2114 1809 2213 predicatione

220 2229 349 2302 scilicet
365 2231 512 2329 propria
527 2231 639 2329 ipsius
652 2231 799 2306 Domini
816 2232 1002 2305 incarnati.
1023 2236 1067 2303 Et
1081 2231 1154 2304 boc
1170 2247 1235 2319 est,
1251 2234 1388 2320 «Quod
1401 2232 1507 2306 saciet
1517 2234 1694 2307 Dominus
1709 2261 1726 2302 u
1741 2260 1806 2332 per

220 2351 447 2448 semetipsum
463 2381 480 2420 ιι
493 2349 645 2434 verbum
660 2350 862 2426 breviatum
879 2376 987 2449 super
1004 2366 1148 2443 terram,
1167 2381 1184 2420 u
1205 2351 1310 2425 idest
1325 2351 1615 2451 predicationem
1633 2377 1808 2451 compen·

146 2551 149 2556 ⁴
218 2469 375 2555 diosam;
388 2471 522 2544 scilicet
533 2470 634 2567 quod
642 2470 772 2542 dicitur
781 2472 958 2569 sapienter
971 2472 1093 2569 paucis
1110 2472 1299 2544 innotescit
1312 2471 1442 2546 verbis.
1465 2475 1613 2572 «Super
1629 2486 1805 2565 terram,»
1922 2496 1928 2503 ·

218 2587 331 2679 idest,
346 2614 426 2687 quae
436 2604 584 2688 superet
594 2615 748 2663 omnem
757 2605 919 2683 terrenae,
939 2592 974 2663 id
993 2606 1047 2663 est
1057 2591 1226 2663 humanae
1235 2592 1415 2689 sapientiae
1427 2591 1651 2684 doctrinam,
1664 2593 1757 2666 sicut
1771 2607 1810 2665 et

217 2733 366 2804 magnus
387 2709 446 2782 ille
471 2709 618 2782 Domini
642 2709 1011 2809 loannesprolitetur
1033 2710 1210 2783 dicens³:
1234 2739 1252 2777 ιι
1275 2711 1347 2799 Qui
1374 2710 1420 2783 (16
1443 2726 1537 2786 16116
1558 2725 1623 2803 est,
1647 2710 1810 2785 deterre

217 2829 390 2926 loquitur,
408 2845 476 2904 616.
496 2858 514 2895 u
533 2829 730 2916 Quomodo
751 2844 871 2901 autem
895 2832 1160 2929 superemineat
1180 2828 1258 2902 baec
1279 2828 1443 2902 doctrina
1464 2830 1599 2903 6616116
1623 2829 1808 2920 omnibus,

216 2947 395 3046 praemittit
420 2948 556 3042 dicens,
577 2949 663 3046 quia
687 2948 868 3020 «verbum
893 2974 1151 3023 consummans
1171 2965 1207 3021 et
1228 2948 1478 3023 abbrevians»
1500 2948 1666 3023 1111611661
1691 2950 1808 3026 laniet.

217 3072 474 3142 Consummare
491 3084 544 3142 est
561 3068 746 3168 perficere,
765 3069 912 3166 quando
928 3069 1095 3143 videlicet
1116 3070 1153 3142 id
1178 3068 1278 3166 quod
1297 3052 1506 3142 inchoatum
1531 3085 1585 3143 est
1606 3070 1653 3143 ad
1673 3072 1811 3169 perlec-

218 3188 353 3261 tionem
374 3189 529 3262 ducitur.
559 3189 769 3285 Evangelica
797 3190 916 3285 itaque
932 3189 1151 3287 praedicatio,
1177 3213 1286 3285 quam
1302 3214 1368 3287 per
1383 3190 1614 3288 semetipsum
1635 3190 1812 3265 Dominus

215 3308 347 3396 attulit,
367 3297 640 3382 aedificationem
654 3309 890 3381 necessariam
907 3308 943 3379 in
962 3308 1070 3380 veteri
1087 3309 1165 3405 lege
1178 3306 1385 3380 inchoatam
1400 3308 1677 3399 consummavit,
1701 3307 1740 3380 id
1758 3323 1811 3383 ost

214 3429 376 3525 perfecit,
407 3427 576 3501 addendo
596 3426 729 3500 scilicet
751 3452 831 3526 quae
853 3427 900 3499 ad
916 3426 1177 3526 plenitudinem
1201 3427 1344 3523 justitia
1364 3426 1525 3518 deerant,
1548 3427 1639 3499 sicut
1659 3426 1811 3524 ipsemet

214 3547 407 3644 profitetur
429 3548 606 3621 dicens&
636 3578 653 3614 ιι
677 3547 750 3621 Nisi
775 3546 1013 3620 abundaverit
1033 3547 1169 3644 justitia
1185 3560 1315 3639 vestra,
1332 3562 1402 3619 616.
1425 3577 1478 3615 »ιι
1490 3550 1754 3621 Consummaus
1771 3548 1808 3620 iu

212 3669 393 3765 aequitate,
409 3668 479 3740 »id
497 3682 562 3759 est,
579 3667 749 3765 supplens
763 3667 866 3765 quod
884 3667 929 3740 de
949 3668 1113 3765 aequitate
1130 3667 1251 3738 minus
1268 3666 1396 3759 luerat,
1414 3666 1452 3739 id
1468 3682 1534 3757 est,
1549 3665 1653 3764 quod
1666 3666 1712 3740 do
1731 3691 1811 3766 pen

212 3787 371 3860 sectione
383 3788 526 3886 justitiae
539 3803 648 3886 atque
663 3790 834 3860 virtutum
852 3787 1027 3860 defuerat.
1043 3791 1087 3858 Et
1102 3787 1345 3884 pretermissis
1361 3787 1560 3861 innumeris
1577 3786 1812 3861 observantiis

211 3906 433 4001 carnalibus,
459 3906 672 3980 abbrevians
694 3907 829 3979 scilicet
852 3907 889 3978 in
913 3905 1058 3979 duobus
1076 3906 1261 4004 praeceptis
1285 3907 1442 3979 caritatis
1459 3907 1573 4006 ipsam
1587 3908 1809 4005 equitatem,

210 4026 279 4101 ubi
298 4028 463 4101 videlicet
478 4026 579 4100 diviti
596 4028 659 4119 illi,
674 4028 736 4125 qui
753 4027 800 4100 de
816 4027 928 4099 salute
945 4028 1073 4099 animm
1100 4051 1171 4100 suae
1199 4026 1429 4101 consuluerat
1443 4051 1543 4118 eum,
1570 4026 1782 4126 respondit⁸
1801 4052 1811 4099 1

210 4152 328 4221 ((1166
351 4148 408 4222 166
420 4162 456 4221 61
468 4149 581 4221 vives.
600 4146 715 4220 labis
729 4148 825 4220 euim
841 4146 987 4220 duobus
1005 4147 1184 4220 mandatis
1201 4147 1347 4219 1616161(-
1365 4145 1500 4247 pendet
1517 4160 1553 4218 et
1577 4146 1809 4246 Prophetae.»

208 4272 412 4345 Possumus
424 4268 530 4340 etiarn
540 4268 659 4342 (116616
669 4283 845 4366 quantum
862 4268 909 4340 ad
927 4267 1194 4340 multitudinem
1208 4266 1404 4343 verborum
1420 4268 1458 4341 in
1469 4290 1567 4347 novo
1583 4280 1810 4361 testamento,

204 4388 315 4481 quod
334 4403 436 4463 vetus
448 4389 657 4486 praeceperit
672 4388 906 4479 abreviatum,
924 4388 1009 4485 qnia
1024 4411 1139 4486 pauca
1157 4388 1382 4491 suntquaein
1394 4386 1813 4480 monteDominuewum

161 4498 166 4505 ’
204 4507 526 4581 novumtraderet
538 4522 804 4601 testamentum,
818 4507 997 4607 Apostolis
1006 4507 1109 4599 dixit,
1123 4505 1170 4580 ad
1188 4506 1495 4605 comparationem
1512 4528 1641 4581 eorum
1651 4531 1735 4604 que
1748 4522 1812 4605 per

197 4627 377 4722 Moysem
393 4629 559 4726 praecepit
580 4655 589 4698 :
609 4642 647 4700 et
656 4653 765 4728 parva
792 4643 875 4701 sunt
889 4642 1045 4726 quatuor
1063 4625 1336 4724 Evangeliorum
1360 4624 1546 4701 volumina
1562 4625 1813 4723 616616666-

197 4745 353 4825 tionem
370 4748 531 4845 quinque
546 4746 723 4821 librorum
733 4748 883 4844 Moysis..
891 4751 1020 4845 Magoa
1032 4748 1154 4844 itaqua
1167 4760 1223 4827 611
1233 4744 1417 4844 Evangelii
1428 4745 1814 4837 commendabuntur

234 5074 244 5102 ¹
262 5068 312 5120 Str
322 5071 405 5120 torum
420 5071 578 5121 restttutnm.
594 5068 709 5120 Anboes.
722 5068 823 5121 81111611
834 5070 872 5121 tto
883 5083 929 5133 pro
942 5068 1088 5133 8166111661.
1102 5095 1126 5106 -
1141 5065 1309 5131 116111616.
1322 5079 1365 5131 111,
1378 5062 1806 5127 1.11.-*161(1.,616.111,1.11.

184 5176 228 5187 —
249 5153 262 5182 ⁴
280 5149 383 5213 tenth..
395 5162 484 5214 6161,
494 5163 519 5201 1.
528 5154 568 5204 20.
578 5176 606 5188 -
619 5149 705 5214 ι1616,
716 5164 769 5214 cap.
782 5163 808 5215 x,
820 5162 844 5200 1.
855 5154 895 5204 25.
