4559 6100
489 486 559 558 558
1088 480 1217 553 Putttt
1244 480 1478 554 AssAEttunt

487 635 672 731 magisque
698 656 889 733 personam
917 631 1118 729 improbat,
1146 654 1256 728 quam
1280 630 1531 724 commendat,
1558 632 1778 731 impotentiae
1802 634 1942 732 potius,
1971 660 2082 733 quam

488 755 655 852 potentiae
679 751 958 826 adscribendum
982 765 1048 824 est.
1071 751 1174 823 Unde
1198 765 1233 822 et
1258 751 1460 824 Aristoteles
1486 753 1523 823 in
1547 752 1707 825 meando
1725 753 1904 852 qualitatis
1929 779 2079 853 genere,

485 874 550 946 ubi
573 874 707 946 scilicet
731 873 777 946 de
798 873 958 972 potentia
980 871 1132 945 naturali
1156 886 1192 944 et
1212 872 1424 971 impotentia
1447 872 1574 968 agitur,
1600 874 1801 947 sanativum
1822 888 1859 948 et
1881 875 2013 949 durum
2034 876 2082 949 ad

484 995 686 1093 potentiam
704 994 854 1085 reducit,
873 1006 910 1065 et
926 993 1172 1088 aegrotativum
1189 1006 1226 1063 et
1240 992 1350 1064 molle
1366 990 1413 1064 ad
1431 991 1693 1090 impotentiam,
1712 1018 1796 1067 cum
1812 1008 1944 1068 tamem
1960 1021 2082 1093 aegro·

485 1115 635 1185 tativum
651 1112 814 1185 dicamus
829 1112 891 1209 qui
911 1110 1012 1183 iacile
1034 1125 1206 1209 aegrotare
1221 1124 1353 1209 potest,
1373 1110 1445 1182 boc
1461 1126 1527 1199 est,
1551 1135 1628 1183 non
1643 1112 1737 1185 valet
1753 1112 1856 1186 tacite
1870 1113 2080 1209 hujusmodi

484 1234 641 1331 passioni
668 1233 849 1323 resistere3
869 1246 903 1303 et
927 1229 1036 1303 molle
1052 1228 1152 1327 quod
1174 1230 1299 1303 leviter
1321 1230 1433 1302 secari
1451 1245 1515 1302 aut
1536 1230 1699 1330 dissipari
1722 1233 1845 1331 possit.
1871 1235 2081 1308 &nativum

483 1378 572 1425 vero
589 1369 624 1425 et
640 1352 773 1424 durum
790 1351 1006 1424 econtrario
1022 1350 1069 1422 ad
1084 1351 1284 1447 potentiam
1300 1348 1451 1442 reducit,
1475 1374 1559 1421 cum
1583 1364 1703 1423 tamen
1720 1353 1921 1425 sanativum
1940 1353 2082 1427 dicatur

484 1472 583 1571 quod
597 1498 670 1544 non
688 1486 804 1571 potest
818 1471 920 1543 facile
938 1469 1124 1560 infirmari,
1144 1482 1181 1540 et
1196 1467 1327 1540 durum
1344 1468 1443 1564 quod
1462 1494 1537 1541 non
1557 1474 1690 1568 potest¹
1703 1470 1827 1544 leviter
1840 1474 1963 1545 secari.
1980 1474 2082 1546 Sicut

485 1617 570 1690 ergo
594 1594 630 1663 in
655 1590 902 1695 suprapositis,
928 1588 966 1661 id
991 1602 1045 1661 est
1067 1589 1273 1685 aegrotativo
1295 1601 1330 1657 et
1349 1586 1468 1678 molli,
1495 1587 1555 1659 illa
1578 1613 1683 1688 posse
1705 1615 1785 1688 quae
1807 1590 1853 1664 ad
1876 1591 2082 1665 incommo-

484 1715 572 1785 dum
593 1712 650 1783 vel
672 1709 891 1783 debilitatem
916 1708 967 1780 rei
989 1709 1153 1799 attinent,
1184 1706 1402 1805 impotentiae
1433 1721 1485 1779 est
1513 1708 1767 1806 potiusquam
1799 1712 1968 1809 potentiae
1994 1738 2003 1781 ε
2030 1713 2082 1795 ira

484 1849 518 1905 et
543 1831 670 1905 eadem
699 1854 773 1901 non
801 1851 906 1926 posse
930 1827 1153 1898 econtrario
1179 1824 1348 1924 potentiae
1371 1837 1424 1897 est
1441 1824 1743 1900 adscribendum.
1769 1826 1937 1927 Alioquin
1955 1854 1975 1901 e
1992 1854 2080 1902 con·

482 1977 587 2025 verso
612 1949 861 2047 impotentiam
891 1945 1090 2019 diceremus
1123 1945 1334 2042 potentiam,
1363 1959 1400 2016 et
1431 1946 1629 2043 potentiam
1669 1948 1932 2046 impotentiam.
1963 1952 2079 2021 Nemo

482 2075 602 2169 itaque
629 2075 744 2142 Deum
768 2068 1002 2166 impotentem
1027 2068 1063 2137 in
1090 2065 1212 2163 aliquo
1232 2063 1350 2137 dicere
1381 2080 1595 2162 praesumat,
1626 2066 1656 2137 si
1682 2090 1756 2138 non
1782 2068 1895 2166 possit
1927 2092 2080 2166 peccare

481 2195 572 2265 sicut
602 2214 669 2262 nos
700 2212 903 2286 possumus,
932 2188 1016 2285 quia
1043 2185 1168 2258 necin
1191 2184 1409 2283 nobisipsis
1435 2184 1507 2258 boc
1534 2186 1704 2284 potentie
1739 2185 1973 2260 tribuendum
1999 2203 2076 2279 est,

479 2311 543 2384 sed
567 2309 776 2382 infirmitati.
809 2307 913 2377 Unde
938 2321 975 2377 et
1009 2306 1225 2402 Augustinus
1251 2302 1295 2374 de
1327 2306 1502 2375 Trinitnte
1526 2303 1620 2376 libro
1644 2309 1760 2377 XV’:
1796 2310 1969 2404 ullagna
2000 2308 2078 2404 ejus

478 2427 641 2526 potentia
663 2439 717 2497 est
739 2447 814 2495 non
839 2445 943 2520 posse
960 2421 1115 2492 mentiri.
1135 2422 1225 2491 Sunt
1244 2420 1351 2491 etiam
1375 2418 1540 2516 quaedam
1557 2445 1636 2517 qnae
1659 2421 1697 2492 in
1722 2420 1799 2494 aliis
1818 2421 1929 2494 rebus
1949 2437 2079 2521 poten·

478 2548 534 2618 tiae
559 2543 766 2645 deputanda
797 2556 898 2633 sunt,
931 2541 968 2612 in
991 2541 1069 2612 aliis
1096 2563 1184 2611 vero
1214 2539 1376 2630 minime,
1399 2553 1435 2610 et
1453 2563 1534 2636 quoe
1559 2541 1596 2611 in
1613 2541 1690 2612 aliis
1705 2539 1897 2613 laudabilia
1913 2555 2011 2630 sunt,
2037 2544 2075 2617 in

478 2666 553 2738 aliis
578 2660 870 2763 reprehensibilia
891 2674 992 2750 sunt,
1017 2683 1102 2729 cum
1127 2656 1255 2729 eadem
1285 2681 1377 2755 saepe
1403 2657 1554 2728 aliarum
1584 2682 1707 2730 rerum
1733 2658 1940 2757 dignitatern
1965 2684 2077 2731 com-

476 2784 666 2874 mendent,
697 2782 848 2854 aliarum
872 2803 960 2851 vero
989 2777 1157 2865 minime,
1186 2773 1297 2847 veluti
1321 2775 1351 2847 si
1381 2776 1462 2873 quis
1486 2775 1679 2849 bominum
1704 2803 1830 2852 ursurn
1853 2778 1987 2853 viribus
2012 2805 2075 2852 su·

476 2926 601 2999 perare
628 2903 753 2999 possit,
782 2900 854 2972 hoc
879 2922 1015 2995 magnae
1045 2895 1204 2967 hominis
1231 2894 1400 2991 potentiae
1425 2894 1703 2969 adscribendum
1724 2914 1790 2971 est.
1817 2899 1920 2972 Unde
1947 2901 2074 2972 ceteris

475 3025 552 3123 ipse
575 3019 789 3122 pmcelleret
806 3032 841 3090 et
861 3014 1186 3090 commendabilior
1205 3028 1317 3102 esset,
1346 3013 1445 3109 quod
1469 3015 1506 3083 in
1528 3013 1634 3085 leone
1658 3032 1777 3087 tamen
1803 3017 1859 3087 vel
1883 3016 2074 3115 elephante

476 3168 544 3242 pro
556 3165 688 3239 magno
702 3138 822 3211 nullus
837 3136 999 3210 haberet.
1019 3134 1107 3207 Inde
1121 3134 1218 3205 enim
1232 3146 1419 3232 potentem
1431 3129 1619 3203 bominem
1631 3135 1902 3232 comparatione
1918 3137 2073 3210 aliorum

475 3264 666 3337 bominum
691 3259 907 3349 diceremus3
937 3254 1001 3327 sed
1026 3278 1100 3327 non
1122 3254 1173 3324 ita
1193 3253 1339 3324 leonem
1366 3248 1422 3322 vel
1448 3248 1689 3348 elephantem.
1719 3253 1776 3325 Sic
1800 3268 1835 3325 et
1862 3254 1898 3326 iu
1922 3255 2072 3330 bomine

475 3384 575 3482 quod
602 3380 787 3455 ambulare
814 3376 908 3450 valet
931 3375 1100 3475 potentiae
1125 3386 1179 3445 est
1205 3368 1503 3456 adscribendum,
1529 3371 1702 3466 quoniam
1727 3372 1803 3468 ejus
1820 3374 2072 3448 necessitudini

475 3503 660 3600 congruit,
681 3525 747 3571 nec
764 3500 804 3570 in
820 3498 941 3595 aliquo
957 3496 1034 3592 ejus
1053 3493 1183 3566 minuit
1199 3490 1419 3587 dignitatem.
1441 3492 1481 3561 ln
1499 3493 1576 3562 Deo
1593 3514 1694 3580 veru,
1713 3492 1777 3589 qui
1792 3491 1870 3565 sola
1886 3494 2070 3568 voluntate

473 3623 596 3696 omnia
620 3618 795 3717 complet,
813 3616 886 3688 boc
902 3615 1054 3687 omnino
1071 3609 1296 3709 superfluum
1312 3624 1421 3699 esset,
1438 3608 1537 3705 quod
1554 3609 1591 3679 in
1611 3608 1717 3681 nobis
1734 3613 1978 3685 necessarium
1993 3628 2067 3705 eet,

472 3758 580 3841 atque
599 3740 682 3811 ideo
703 3761 778 3808 non
802 3733 987 3834 potentiae,
1013 3731 1077 3804 sed
1099 3731 1187 3800 vitio
1205 3728 1350 3827 penitus
1372 3726 1603 3800 tribuendum
1624 3741 1715 3800 esset
1735 3728 1852 3822 ineo,
1875 3734 2069 3829 prasertim

472 3882 557 3929 cum
575 3859 702 3929 hocin
730 3854 852 3927 multis
878 3850 1094 3926 excellentiae
1116 3850 1227 3948 ipsius
1249 3846 1455 3943 derogaret,
1474 3860 1513 3917 ut
1532 3844 1719 3919 ambulare
1741 3846 1907 3923 videlicet
1933 3867 2063 3949 posset.

473 3981 523 4048 Ex
540 3999 615 4073 quo
638 3986 674 4044 et
700 3974 837 4044 moveri
863 3970 1022 4044 localiter
1046 3982 1185 4067 posset,
1204 3981 1239 4039 et
1255 3966 1556 4064 compositionem
1577 3964 1712 4063 pedum
1735 3965 1950 4060 admitteret,
1970 3982 2008 4039 ut
2030 3984 2066 4041 et

471 4094 614 4168 mobilis
631 4107 668 4166 et
683 4087 906 4163 dissolubilis
924 4103 1017 4158 esset
1033 4088 1110 4182 ejus
1131 4110 1306 4183 corporea
1326 4099 1362 4156 et
1382 4098 1571 4182 compacta
1587 4083 1794 4158 substantia.
1816 4090 1894 4158 Non
1910 4084 2065 4162 absurde

470 4233 604 4306 tamen,
617 4210 711 4285 etde
727 4209 783 4280 bis
801 4203 971 4279 omnibus
984 4229 1063 4302 quae
1076 4202 1219 4275 efficere
1232 4227 1423 4299 possumus
1441 4208 1555 4275 Deum
1570 4217 1755 4302 potentem
1772 4204 2061 4304 praedicabimus,

470 4348 505 4405 et
521 4331 642 4404 omnin
659 4351 739 4423 quae
759 4323 897 4420 agimus
913 4320 989 4416 ejus
1009 4319 1178 4417 potentiae
1200 4317 1412 4406 tribuemus,
1437 4347 1455 4387 rr
1470 4319 1506 4389 in
1529 4343 1602 4415 quo
1613 4319 1780 4410 vivimus,
1805 4345 2007 4407 movemur,
2028 4338 2065 4395 et

468 4452 622 4541 sumus³,
638 4476 656 4516 u
668 4460 704 4518 et
717 4476 734 4512 e
745 4444 807 4541 qui
819 4440 942 4513 omnia
952 4452 1121 4538 operatur
1131 4438 1169 4507 in
1181 4434 1381 4508 omnibus⁸.
1396 4435 1542 4508 »Utitur
1555 4436 1823 4512 euimnobisad
1834 4439 2064 4516 efficiendum

469 4597 547 4668 quae
563 4569 652 4659 vult,
671 4564 773 4663 quasi
790 4560 1051 4650 instrumentis,
1070 4572 1107 4629 et
1122 4555 1162 4628 id
1178 4579 1326 4653 quoque
1344 4554 1458 4628 iacere
1474 4553 1623 4646 dicitur,
1642 4580 1721 4653 quae
1742 4581 1811 4630 nos
1827 4557 1943 4631 facere
1967 4560 2060 4650 iacit,

467 4691 559 4762 sicut
573 4685 674 4758 dives
688 4682 816 4779 aliquis
833 4695 970 4752 turrem
989 4700 1211 4775 componere
1227 4699 1293 4772 per
1309 4672 1457 4773 opifices
1475 4698 1569 4771 quos
1585 4673 1745 4766 adhibet,
1765 4690 1802 4748 et
1815 4701 1923 4777 posse
1940 4680 2064 4751 omnia

467 4809 608 4880 efficere
617 4802 749 4876 dicitur
766 4800 829 4896 qui
844 4798 917 4869 sire
933 4821 999 4894 per
1014 4821 1065 4887 se,
1085 4798 1159 4867 sive
1176 4819 1240 4892 per
1252 4793 1450 4889 subjectam
1468 4807 1668 4866 creaturam
1686 4796 1810 4868 omnia
1822 4820 1902 4893 quae
1919 4797 2007 4889 vult,
2027 4811 2063 4868 et

499 5084 503 5110 ¹
521 5077 696 5143 Fucilepotert
707 5087 762 5138 qua
778 5073 867 5122 doeunt
885 5070 909 5119 tn
930 5066 1003 5119 editis
1022 5067 1172 5116 restituimus
1189 5077 1204 5114 e
1224 5065 1280 5115 cod.
1295 5063 1357 5116 Tur.
1374 5091 1404 5104 -
1417 5066 1509 5130 ’oph
1525 5074 1543 5115 t.
1558 5063 1622 5115 vttt.
1635 5091 1667 5105 -
1677 5066 1817 5131 ³corinth,
1828 5081 1884 5130 cap.
1895 5080 1940 5130 ιιι,
1952 5081 1974 5117 v.
1986 5072 2012 5120 a.
