4559 6100
668 600 714 673 ΙΝ
739 597 986 672 lll’lS’l'ObdM
1011 601 1072 672 ΑΙ)
1098 600 1323 672 llOllANOS.
1727 604 1792 676 25⁴

202 748 422 850 pugilatoriae
438 747 494 820 vel
509 745 725 845 gladiatoriae
748 747 956 838 insistimus,
972 762 1012 820 ut
1029 772 1095 847 per
1120 773 1163 821 ea
1181 773 1274 846 quos
1292 746 1512 820 voluerimus
1538 752 1798 848 opprimamus,

202 868 259 941 vel
274 870 311 940 in
325 869 441 940 causis
458 867 616 964 linguam
630 891 849 959 exercemus,
867 883 907 940 ut
919 868 1005 940 inde
1018 869 1210 968 pec-troiam
1222 868 1463 966 acquiramus,
1476 881 1512 939 et
1523 868 1801 968 quibuscunque

201 987 321 1060 modis
337 987 392 1060 vel
407 986 565 1086 aliquam
585 1001 724 1085 partem
746 989 862 1059 nostri
882 989 1048 1087 corporis
1067 987 1116 1060 ad
1140 987 1277 1086 aliquid
1297 986 1381 1059 mali
1406 986 1634 1086 operandum
1661 987 1802 1060 facilem

203 1110 277 1182 sive
292 1106 451 1181 habilem
467 1106 653 1180 efficimus.
678 1108 780 1180 «sed
796 1108 975 1200 exbibete,
992 1140 1009 1176 s
1028 1110 1067 1183 id
1081 1123 1149 1197 est,
1170 1123 1404 1209 praeparate«
1426 1133 1492 1181 vos
1508 1111 1600 1198 Deo,
1620 1136 1637 1174 u
1657 1108 1730 1180 hoc
1750 1121 1804 1182 est

203 1227 334 1302 divinae
354 1226 531 1300 voluntati
553 1227 683 1321 dicate,
705 1245 747 1302 ut
766 1243 852 1328 pote
873 1254 938 1329 per
960 1228 1072 1303 iidem
1088 1229 1135 1303 ab
1155 1254 1201 1301 eo
1220 1228 1449 1329 spiritualiter
1471 1226 1667 1300 suscitatia
1688 1242 1805 1300 morte

203 1350 343 1422 animae.
358 1351 403 1419 Et
419 1346 491 1419 hoc
506 1362 560 1420 est
579 1362 784 1447 «tanquam
800 1349 967 1423 exbibete
981 1348 1147 1422 membra
1158 1363 1288 1421 restra.
1316 1376 1334 1416 n
1358 1351 1401 1419 Et
1413 1347 1499 1445 quia
1512 1347 1602 1419 fides
1619 1347 1695 1420 sine
1717 1372 1807 1447 ope·

203 1468 304 1541 ribus
317 1481 536 1561 mortuaest,
558 1468 659 1542 addit
675 1499 693 1539 a
709 1484 747 1542 et
771 1470 935 1543 membra
951 1484 1083 1562 vestra,
1105 1501 1123 1536 n
1154 1469 1287 1541 scilicet
1314 1468 1479 1541 exhibete
1508 1497 1526 1533 s
1544 1490 1645 1539 arma
1661 1467 1806 1564 justitiae

203 1592 295 1679 Deo,
309 1616 328 1656 a
344 1588 383 1659 id
400 1603 454 1660 est
469 1588 706 1663 instrumenta
722 1589 853 1688 quibus
864 1592 983 1663 omnis
999 1589 1046 1662 ad
1058 1592 1154 1687 justa
1178 1613 1290 1689 opera
1311 1602 1445 1681 utatur,
1463 1586 1573 1659 veluti
1592 1587 1621 1659 si
1646 1588 1727 1686 quis
1744 1585 1808 1660 ab·

203 1709 371 1782 stinentia
385 1709 506 1807 gulam
521 1708 660 1805 domet,
679 1726 720 1783 ut
735 1710 837 1810 quod
854 1710 922 1785 sibi
933 1710 1112 1784 subtrahit
1131 1710 1233 1784 alteri
1258 1710 1452 1806 largiatur:
1468 1708 1668 1779 celmanus
1696 1708 1733 1778 in
1754 1706 1806 1779 la·

202 1829 295 1903 bore
310 1843 486 1922 exerceat,
505 1843 546 1902 ut
561 1830 693 1905 babeat
710 1832 809 1905 unde
822 1831 956 1908 tribuat
972 1833 1220 1906 necessitatem
1238 1830 1388 1931 patienti
1408 1857 1417 1901 z
1436 1826 1494 1901 rel
1513 1851 1617 1901 aures
1634 1826 1808 1927 praedica·

204 1949 294 2023 tioni
320 1965 355 2024 et
379 1948 506 2022 oculos
528 1975 636 2024 sacrae
662 1952 810 2025 lectioni
837 1953 1006 2053 applicet,
1035 1967 1076 2025 ut
1105 1952 1195 2025 alios
1223 1974 1371 2050 quoque
1401 1949 1518 2022 valeat
1548 1946 1705 2040 erudire,
1736 1960 1806 2019 etc.

207 2097 225 2138 u
242 2073 433 2141 Peccatum
449 2070 558 2142 enim.
576 2100 593 2139 u
609 2072 690 2143 Dixi
706 2087 746 2144 ut
763 2071 960 2146 exhibeatis
974 2071 1138 2145 membra
1154 2086 1271 2144 vestra
1287 2075 1379 2161 Deo,
1397 2084 1432 2142 et
1448 2069 1484 2141 id
1502 2069 1681 2168 praecipue
1699 2065 1810 2139 debe·

205 2190 248 2260 tis
258 2203 408 2288 propter
424 2191 627 2289 appositam
642 2192 790 2290 gratiam
805 2192 1000 2288 Evangelii,
1019 2206 1055 2264 et
1069 2191 1315 2289 gravissimam
1335 2213 1481 2289 poenam
1506 2188 1594 2286 legis
1616 2200 1808 2259 remotam.

204 2312 248 2380 Et
264 2308 337 2381 hoc
351 2322 403 2381 est
415 2325 617 2406 peccatum,
635 2310 751 2405 idest,
766 2312 821 2384 lex
835 2312 985 2412 peccati,
1005 2310 1043 2384 id
1061 2325 1127 2402 est,
1148 2335 1263 2410 poenae
1276 2310 1396 2408 potius
1411 2331 1522 2406 quam
1537 2307 1667 2403 gratiae.
1701 2333 1719 2373 u
1734 2308 1814 2375 Vo-

203 2427 274 2521 bis,
290 2458 308 2495 »
330 2427 376 2500 ad
393 2427 576 2501 Christum
587 2431 662 2526 jam
679 2432 874 2524 conversis,
902 2455 1010 2503 «non
1032 2428 1293 2520 dominabitur,
1318 2458 1336 2495 u
1362 2427 1401 2500 id
1424 2439 1496 2516 est,
1523 2449 1600 2497 non
1626 2424 1811 2522 opprimet

204 2561 313 2645 atque
338 2546 470 2644 affliget
495 2546 565 2620 illis
588 2550 869 2624 intolerabilium
899 2575 1089 2652 poenarum
1116 2549 1299 2621 vindictis.
1330 2546 1434 2618 Unde
1460 2568 1607 2618 causam
1636 2541 1810 2634 annectit,

206 2664 353 2738 dicens:
376 2695 394 2732 α
410 2671 491 2738 Non
503 2669 600 2740 enim
618 2668 699 2761 sub,
715 2700 733 2737 »
754 2670 791 2742 id
808 2684 873 2764 est,
889 2695 964 2744 non
978 2672 1062 2743 estis
1074 2670 1150 2767 jam
1166 2667 1234 2742 sub
1252 2665 1424 2764 legalibus
1442 2660 1725 2736 institutionibus
1748 2658 1811 2730 ob

207 2786 318 2875 noxii,
331 2798 503 2883 tanquam
517 2787 580 2859 illo
596 2788 684 2886 legis
696 2790 784 2886 jugo
799 2790 1007 2888 gravissimo
1025 2789 1152 2891 pressi,
1169 2817 1188 2857 u
1200 2788 1345 2860 dentem
1359 2808 1426 2884 pro
1439 2782 1562 2871 dente,
1580 2777 1729 2852 oculum
1742 2802 1810 2876 pro

207 2905 346 2995 oculo¹,
364 2918 450 2997 etc,
469 2934 486 2974 u
506 2906 570 2979 sed
587 2907 655 2980 sub
673 2910 785 3005 gratia
806 2909 941 2982 scilicet
959 2908 1153 3007 Evangelii.
1176 2906 1286 2995 Quod
1302 2904 1435 2978 scilicet
1452 2900 1686 2997 Evangelium
1704 2910 1812 2971 testa·

206 3038 371 3098 mentum
388 3026 523 3098 amoris
547 3041 583 3100 et
604 3028 857 3102 misericordia}
873 3042 927 3103 est
939 3027 1151 3122 dicendum,
1177 3027 1268 3099 sicut
1294 3023 1382 3098 illud
1414 3021 1554 3095 timoris
1583 3033 1618 3093 et
1648 3015 1815 3090 uindictae

206 3145 352 3218 exstitit.
373 3145 479 3218 Unde
504 3160 541 3218 et
564 3147 602 3220 in
628 3147 773 3222 laudem
796 3149 928 3222 Christi
956 3147 1140 3221 Psalmista
1156 3145 1318 3247 praecinit
1333 3147 1364 3214 ²:
1382 3175 1400 3211 a
1414 3140 1553 3213 Dillusa
1577 3151 1630 3211 est
1646 3137 1758 3235 gratia
1773 3137 1810 3209 in

207 3262 309 3336 labiis
324 3264 409 3356 tuis,
421 3293 440 3330 r>
454 3265 527 3338 hoc
540 3280 593 3338 est
606 3266 792 3342 dilatatam
803 3267 971 3367 usquead
981 3268 1148 3340 inimicos
1157 3266 1355 3355 caritatem,
1367 3261 1467 3359 juxta
1479 3256 1579 3357 quod
1591 3255 1676 3329 alibi
1684 3254 1809 3326 dicit¹z

209 3414 227 3450 α
243 3389 375 3457 Latum
392 3386 603 3459 mandatum
621 3402 724 3460 tuum
739 3389 859 3482 nimis,
882 3416 900 3455 o
918 3402 954 3460 et
970 3401 1046 3459 tota
1057 3368 1130 3458 'tua
1145 3397 1291 3458 resonat
1308 3378 1529 3481 praedicatio.
1555 3380 1643 3462 Quae
1664 3371 1813 3471 quidem

203 3504 331 3575 omnia
345 3505 394 3577 ita
410 3503 543 3578 dimitti
558 3509 732 3607 precipit,
748 3532 811 3580 seu
828 3505 1031 3607 persuadet,
1050 3518 1090 3577 ut
1105 3505 1287 3577 incassum
1313 3520 1498 3600 speremus
1523 3491 1771 3565 remissionem
1792 3514 1814 3564 a

197 3624 285 3694 Deo
299 3638 545 3722 peccatorum,
565 3626 634 3698 nisi
650 3625 820 3698 omnibus
836 3650 962 3698 omnes
980 3625 1127 3722 injurias
1144 3622 1381 3695 dimittamus.
1411 3644 1430 3684 u
1451 3611 1550 3702 Quid
1575 3634 1662 3708 crgo
1686 3632 1815 3708 pecca·

194 3739 388 3813 bimuslu
413 3745 613 3818 Occasione
638 3745 904 3845 premissorum
927 3744 1163 3843 questionem
1190 3737 1367 3811 interserit
1390 3749 1498 3832 atque
1527 3729 1635 3804 solvit
1658 3726 1810 3800 dicens:

194 3860 305 3949 Quid
322 3885 423 3959 ergo,
438 3862 572 3937 scilicet
587 3864 784 3938 dicendum
798 3879 851 3938 est
868 3878 929 3938 aut
942 3861 1167 3937 tenendum?
1191 3860 1263 3932 hoc
1286 3871 1352 3951 est,
1378 3853 1614 3954 quaestionem
1631 3848 1733 3946 quasi
1756 3870 1816 3920 ra·

191 3977 429 4053 tionabiliter
442 3982 659 4056 incurrimus
677 3985 793 4058 hanc:
810 3983 1053 4077 Peccabimus,
1071 3982 1245 4080 quoniam
1261 4002 1336 4049 non
1350 3997 1474 4047 sumus
1489 3968 1556 4043 sub
1574 3967 1672 4065 lege:
1689 3963 1727 4036 id
1744 3979 1811 4059 est,

183 4097 411 4172 libertatem
427 4099 523 4174 banc
539 4104 658 4199 gratiae
674 4126 785 4202 quam
801 4105 1006 4202 accepimus
1018 4113 1269 4175 convertemus
1294 4093 1340 4168 ad
1365 4089 1604 4193 peccandum,
1634 4085 1719 4184 quia
1744 4084 1814 4155 sci-

181 4218 290 4291 licet
308 4218 505 4292 vindictam
526 4221 623 4295 hanc
644 4223 872 4323 corporalem
895 4249 972 4296 non
995 4218 1191 4295 timemus?
1211 4248 1229 4283 ι(
1250 4215 1362 4305 Absit,
1388 4241 1407 4282 u
1431 4208 1532 4310 quod
1553 4204 1721 4280 videlicet
1737 4227 1814 4275 non

177 4351 301 4413 esset
316 4336 394 4410 haec
409 4337 568 4435 libertas,
589 4342 653 4416 sed
676 4344 840 4417 servitus.
864 4348 908 4415 Et
926 4342 998 4416 hoc
1012 4355 1066 4415 est
1081 4337 1182 4439 quod
1198 4334 1322 4410 subdit
1338 4359 1347 4405 t
1362 4362 1380 4401 u
1400 4334 1451 4403 An
1468 4327 1625 4419 nescitis,
1650 4353 1667 4393 n
1685 4322 1724 4395 id
1745 4337 1811 4414 est,

172 4473 284 4530 tam
301 4455 424 4529 stolidi
438 4461 522 4532 estis
538 4459 639 4559 quod
653 4462 838 4558 ignoratis,
861 4492 879 4533 u
889 4462 989 4562 quod
1003 4460 1096 4535 servi
1112 4459 1195 4533 estis
1212 4457 1289 4555 ejus
1306 4453 1365 4527 cui
1380 4476 1445 4524 vos
1463 4444 1668 4549 praeparatis
1693 4466 1815 4515 servos

167 4577 237 4653 ad
273 4574 542 4671 obediendum,
564 4611 581 4647 a
609 4579 647 4652 id
663 4596 729 4676 est,
748 4583 807 4655 cui
824 4607 889 4655 vos
905 4596 1035 4681 sponte
1052 4579 1190 4652 traditis
1209 4601 1285 4649 non
1310 4572 1439 4663 coacti,
1469 4584 1508 4641 ut
1531 4563 1630 4665 quod
1653 4560 1815 4663 praecipit

162 4696 473 4792 exsequamini,
487 4722 563 4770 non
578 4699 805 4773 attendentes
820 4701 985 4774 videlicet
1001 4725 1048 4774 an
1063 4724 1139 4772 non
1154 4699 1200 4770 sit
1214 4691 1434 4781 laciendum,
1453 4687 1515 4761 sed
1534 4682 1633 4784 quod
1650 4684 1695 4754 sit
1712 4679 1759 4752 ab
1769 4703 1814 4751 eo

157 4828 445 4920 pracceptum,
462 4845 479 4884 u
499 4817 575 4891 sive
591 4821 740 4918 peccati,
752 4849 771 4890 u
788 4820 827 4895 id
843 4836 908 4913 est,
928 4845 1046 4921 pravae
1064 4815 1259 4891 voluntatis
1277 4807 1443 4885 ducentis
1458 4800 1505 4880 ad
1520 4816 1689 4891 mortem,
1704 4796 1743 4869 id
1761 4810 1816 4868 est

155 4934 498 5031 damnationem,
517 4940 619 5037 quasi
639 4942 887 5039 suggestione⁸
904 4939 1142 5040 praecipientis
1157 4957 1268 5037 prava
1282 4954 1407 5032 opera,
1427 4958 1445 4994 α
1460 4927 1534 4999 sive
1551 4915 1782 5009 obeditionis,
1794 4940 1812 4981 u

196 5148 208 5181 ¹
226 5137 360 5196 Stoa,
371 5152 394 5190 c.
411 5153 468 5206 m,
480 5155 505 5193 r.
516 5145 557 5196 n.
566 5169 596 5182 -
605 5145 614 5176 ¹
622 5144 720 5197 Prelio.
735 5159 803 5212 tur,
813 5160 837 5200 r.
852 5148 915 5199 t.-
928 5143 1045 5196 ’Pruluu
1058 5153 1149 5202 curru,
1160 5153 1185 5189 r.
1197 5140 1237 5191 ut.
1246 5161 1276 5175 -
1288 5137 1296 5168 ⁴
1308 5133 1381 5185 amb.
1393 5132 1545 5194 Seouerou,
1557 5134 1612 5186 qu·
1623 5131 1672 5173 ¹⁰¹
1682 5118 1816 5172 ¹¹¹¹⁰¹¹¹⁰¹¹

152 5236 224 5292 est,
244 5219 371 5276 nedum
383 5233 482 5274 nusum
494 5223 599 5289 utquam
610 5225 731 5290 nerent.
