4559 6100
483 536 554 609 ut
1081 529 1209 602 PETRI
1236 530 1471 607 numnam

442 688 449 699 '
480 681 636 756 arbitror
651 681 842 780 Spiritum,
865 681 950 779 quia
966 702 1195 778 nequaquam
1216 679 1294 752 dari
1318 681 1351 751 ei
1367 692 1502 779 potest,
1531 679 1590 751 cui
1609 677 1733 751 abesse
1750 700 1825 749 non
1846 690 1985 776 potest,
2004 677 2072 751 hoc

482 816 535 875 est
550 801 610 874 cui
625 801 825 875 necessario
845 800 955 891 inest,
978 800 1040 896 qui
1056 800 1255 873 necessario
1274 799 1457 896 utriusque
1473 810 1527 870 est
1542 798 1706 897 Spiritus.

477 950 486 967 ·
531 925 611 993 Non
636 919 790 993 arbitror
816 934 937 992 autem
952 919 1025 990 hoc
1041 942 1188 1017 quoque
1212 919 1259 991 ab
1280 918 1349 991 hac
1375 916 1573 1015 quaestione
1590 916 1748 990 alienum
1763 940 1862 1010 esse,
1887 919 2072 1015 quomodo

484 1039 618 1113 scilicet
632 1038 727 1112 hanc
745 1037 855 1112 iidem
869 1038 1048 1111 Trinitatis
1071 1036 1139 1110 soli
1155 1038 1344 1109 Christiani
1361 1049 1519 1126 teneant,
1546 1050 1582 1108 et
1598 1060 1674 1108 non
1694 1036 1802 1109 enam
1818 1035 1875 1109 vel
1891 1037 2005 1110 Judaei
2020 1018 2082 1111 vel*

485 1159 654 1234 Gentiles.
668 1163 762 1232 Cum
777 1159 875 1246 enim
886 1162 1003 1231 Deum
1020 1181 1097 1231 esse
1111 1162 1251 1231 Patrem
1266 1171 1302 1230 et
1321 1156 1449 1229 silium
1462 1172 1498 1229 ct
1509 1155 1680 1256 Spiritum
1697 1172 1861 1229 sanctum
1877 1156 1947 1230 tale
1961 1158 2019 1249 sit,
2036 1173 2074 1230 nt

486 1278 652 1371 diximus,
663 1283 781 1352 Deum
792 1303 870 1352 asse
878 1278 1092 1377 potentiam,
1102 1291 1144 1349 ut
1152 1277 1289 1350 dictum
1298 1280 1365 1369 est,
1379 1290 1622 1374 generantem,
1635 1291 1673 1348 et
1682 1277 1893 1375 sapientiam
1904 1278 2071 1374 genitam,

486 1412 522 1470 et
536 1397 793 1497 benignitatem
814 1396 1085 1497 procedentem,
1103 1420 1189 1469 cum
1210 1396 1306 1470 istud
1323 1421 1431 1470 nemo
1451 1395 1624 1468 discretus
1641 1394 1809 1493 ambigat,
1829 1397 1905 1469 sive
1918 1395 2070 1485 iudaeus,

486 1518 559 1590 sive
570 1517 733 1610 Gentilis,
746 1518 883 1590 nemini
898 1516 975 1590 haec
990 1515 1081 1589 fides
1096 1516 1219 1589 deesse
1236 1516 1390 1611 videtur,
1410 1515 1512 1614 quod
1527 1529 1563 1588 et
1586 1539 1652 1587 nos
1667 1514 1814 1612 quidem
1829 1513 2072 1606 concedimus,

486 1650 675 1734 sequentes
695 1636 908 1736 Apostolum
921 1639 983 1736 qni
999 1638 1065 1708 ait¹
1087 1664 1095 1706 :
1119 1663 1138 1705 a
1150 1636 1258 1724 Quod
1276 1649 1405 1727 notum
1425 1649 1478 1708 cst
1494 1634 1574 1727 Dei,
1592 1634 1821 1706 manifestum
1836 1635 1942 1707 estin
1956 1633 2036 1724 illia,
2055 1663 2072 1702 a

411 1837 412 1841 Ἴ
486 1778 528 1829 ac
549 1756 580 1828 si
607 1754 742 1830 diceret
760 1782 769 1827 t
790 1757 899 1845 Quod
915 1757 963 1830 ad
986 1755 1209 1829 divinitatem
1225 1758 1392 1853 pertinet,
1413 1756 1555 1827 ratione
1573 1766 1822 1853 perceperunt,
1843 1753 2015 1851 quiahoc
2031 1754 2076 1826 de

485 1877 658 1949 Deeratio
667 1876 878 1951 naturaliter
891 1898 1186 1974 unumquemque
1199 1875 1361 1953 edoceat.
1378 1873 1482 1947 Unde
1492 1887 1529 1946 ct
1543 1875 1799 1973 superiuscum
1809 1872 2075 1948 Platonicorum

491 1996 686 2070 sententias
696 1996 743 2069 de
759 1996 880 2070 Verbo
897 1998 964 2069 Dei
981 1997 1197 2095 Augustinus
1213 2008 1455 2096 praesentaret,
1472 1994 1591 2066 solum
1605 2018 1684 2091 quae
1695 1993 1741 2067 ad
1759 1993 1981 2067 divinitatem
1995 1997 2078 2066 Ver·

485 2112 524 2187 bi
545 2115 727 2214 pertinent
742 2140 781 2190 se
803 2119 839 2188 in
860 2118 912 2190 eis
936 2117 1107 2216 reperisse
1123 2114 1364 2208 confirmavit,
1382 2129 1419 2186 et
1434 2114 1486 2186 nil
1500 2113 1548 2186 de
1561 2113 1817 2186 incarnationis
1837 2113 2018 2211 mysterio,
2038 2114 2074 2185 in

484 2257 558 2332 quo
575 2248 688 2308 totam
705 2235 828 2308 salutis
841 2236 1007 2309 humanae
1023 2258 1204 2310 summam
1224 2237 1418 2308 consistere
1433 2248 1572 2307 certum
1591 2248 1657 2322 est,
1679 2234 1845 2332 sineque
1868 2249 1994 2306 caetera
2009 2232 2077 2305 tru-

483 2353 778 2428 suacreduntur.
809 2354 924 2428 Facile
955 2371 1077 2429 antem
1102 2355 1270 2428 convinci
1296 2356 1430 2454 poterit
1455 2378 1519 2428 eos
1534 2378 1682 2453 quoque
1704 2356 1767 2453 qui
1788 2368 1915 2428 nostra
1935 2352 1982 2427 da
2007 2351 2075 2425 lide

483 2471 593 2546 verba
608 2473 826 2567 abhorrent,
844 2498 929 2548 cnm
946 2475 1111 2549 videlicet
1129 2474 1285 2547 audiunt
1302 2478 1421 2548 Deum
1439 2478 1580 2547 Patrem
1594 2488 1631 2546 et
1646 2478 1763 2547 Deum
1779 2474 1928 2566 Filium,
1943 2474 1981 2545 in
1998 2496 2076 2546 sen·

485 2617 573 2665 sum
590 2593 784 2667 verborum
797 2594 905 2667 nobis
921 2619 999 2668 esse
1015 2594 1511 2692 conjunctoslnterrogemus
1528 2595 1629 2667 enim
1646 2618 1709 2667 eos
1730 2595 1758 2665 si
1777 2593 1988 2693 sapientiam
2011 2595 2076 2666 Dei

480 2711 648 2815 credant,
666 2712 714 2785 de
732 2736 804 2809 qua
820 2714 995 2812 scriptum
1017 2716 1107 2786 est¹2
1132 2742 1150 2779 a
1163 2714 1297 2786 Omnia
1312 2713 1349 2785 in
1366 2713 1540 2814 sapientia
1557 2713 1685 2804 fecisti,
1700 2741 1720 2782 a
1739 2721 1775 2786 et
1791 2714 1909 2786 statim
1925 2736 2076 2810 respon·

484 2828 624 2903 debunt
648 2854 687 2903 se
713 2831 872 2920 credere.
899 2833 1096 2906 luseramus
1113 2829 1247 2905 deinde
1272 2833 1527 2905 convenienter
1543 2833 1665 2905 cosin
1685 2831 1757 2905 hoc
1774 2834 1851 2932 ipso
1867 2831 1994 2904 Filium
2012 2835 2078 2905 Dei

483 2948 575 3021 sicut
591 2964 627 3021 et
639 2973 707 3021 nos
721 2949 882 3042 credere,
906 2975 990 3023 cum
1013 2975 1080 3023 nos
1103 2949 1268 3022 videlicet
1289 2950 1385 3023 idem
1407 2950 1646 3048 intelligamus
1664 2976 1729 3051 per
1744 2950 1906 3024 Verbum
1923 2952 1997 3023 sire
2014 2976 2078 3051 per

483 3067 611 3142 Filium
619 3070 700 3163 Dei,
712 3070 814 3168 quod
824 3069 874 3143 illi
888 3095 953 3171 per
962 3073 1173 3169 sapientiam
1182 3072 1261 3143 Dei.
1276 3072 1444 3169 Quisquis
1454 3087 1574 3144 autem
1583 3073 1709 3144 Filium
1719 3097 1796 3144 esse
1805 3072 1943 3171 recipit,
1955 3074 2078 3170 utique

482 3200 519 3260 at
534 3213 618 3262 eum
634 3190 738 3286 cujus
752 3205 806 3263 est
821 3190 941 3282 Filius,
954 3215 1031 3264 esse
1045 3215 1122 3263 non
1134 3189 1290 3282 dubitat,
1305 3190 1379 3264 boc
1390 3205 1444 3264 est
1459 3195 1612 3264 Patrem.
1627 3191 1799 3290 Spiritum
1812 3215 1959 3289 qnoque
1972 3190 2078 3262 simili

483 3308 628 3381 ratione
636 3333 699 3381 eos
714 3310 862 3383 credere
880 3312 1151 3400 convincemus,
1166 3312 1196 3384 si
1212 3311 1264 3396 eis
1279 3309 1368 3409 quid
1387 3313 1425 3384 in
1446 3310 1519 3384 boc
1541 3312 1689 3384 noniine
1714 3310 1953 3408 intelligamus
1968 3334 2079 3409 expo·

483 3429 673 3519 susumus,
691 3428 807 3526 ipsam
823 3428 958 3503 scilicet
973 3429 1104 3503 divinae
1123 3431 1243 3527 gratiae
1257 3430 1472 3504 bonitatem.
1491 3431 1582 3504 Hinc
1597 3445 1717 3504 autem
1735 3430 1836 3503 facilc
1855 3432 2080 3502 occasionem

484 3549 578 3618 sumi
594 3546 763 3640 arbitror,
778 3549 1016 3622 convertendi
1033 3550 1080 3622 ad
1089 3548 1200 3623 fidem
1213 3564 1373 3624 nostram
1388 3551 1570 3649 quoslibet
1583 3551 1732 3642 alienos,
1750 3551 1781 3623 si
1802 3548 2010 3646 hujusmodi
2025 3551 2080 3620 in·

484 3665 716 3738 ductionibus
732 3689 796 3739 eos
810 3667 886 3764 jam
901 3693 1134 3742 communem
1148 3668 1254 3742 nobis
1266 3693 1411 3743 sensum
1424 3669 1507 3743 fidei
1523 3670 1659 3745 habere
1670 3670 1941 3743 convicerimus.
1959 3672 2081 3756 Quam

483 3780 569 3856 licet
594 3807 658 3856 ore
685 3808 761 3857 non
782 3784 1035 3879 confiteantur,
1055 3788 1146 3859 sicut
1162 3811 1244 3879 nos,
1258 3803 1407 3888 propter
1422 3791 1621 3888 ignoratam
1638 3791 1770 3865 scilicet
1786 3788 1982 3861 verborum
1997 3811 2086 3860 nos-

484 3912 624 3975 trorum
642 3902 957 4005 significationem
977 3905 1087 3980 corde
1107 3920 1228 3980 nmen
1250 3910 1327 4006 jam
1339 3923 1483 4000 tenent,
1509 3912 1601 3985 sicut
1624 3912 1795 4009 scriptum
1815 3911 1906 3981 sst¹2
1931 3908 2084 3980 «Corde

485 4019 644 4095 creditur
658 4021 706 4096 ad
718 4023 907 4122 justitiam.
931 4054 949 4091 a

519 4274 617 4339 'llum
627 4289 681 4341 can.
694 4292 714 4343 r,
724 4292 748 4330 r.
765 4280 805 4333 ta.
817 4306 846 4318 -
861 4281 974 4334 'Pectat
986 4294 1037 4345 cnr,
1048 4295 1072 4336 v.
1086 4286 1126 4336 at.
1139 4309 1168 4320 -
1180 4285 1190 4315 ³
1200 4282 1285 4345 nora,
1296 4297 1350 4346 arn.
1373 4297 1399 4344 x,
1414 4299 1436 4334 r.
1451 4287 1488 4336 to.
