4559 6100
717 478 762 554 ΙΝ
785 475 1033 550 Ertsrotttt
1056 475 1118 549 AD
1136 473 1363 551 uoutttos.
1767 470 1840 550 223

239 627 493 706 immaculatus
516 626 750 727 semetipsum
771 625 866 726 patri
890 624 1036 699 offerret
1057 624 1215 699 bostiam
1240 624 1414 718 Christus,
1437 625 1485 698 ita
1508 623 1617 700 etiam
1640 620 1760 697 multis
1775 623 1840 697 cir-

238 746 521 826 cumcisionibus
537 771 629 847 opus
651 747 730 842 fuit,
755 770 945 846 quousque
966 769 1040 820 una
1058 745 1097 818 iu
1121 744 1267 819 Christo
1287 745 1512 819 circumcisio
1535 744 1706 817 omnibus
1722 742 1840 818 trade·
1902 843 1906 846 ι

238 886 337 946 retur
355 898 365 943 ε
385 884 422 945 et
437 867 637 943 multorum
652 866 835 965 sanguinis
853 865 982 940 effirsio
996 867 1190 967 precessit,
1210 888 1400 965 quousque
1418 890 1484 966 per
1500 864 1608 938 unius
1628 864 1840 961 sanguinem

239 993 405 1066 omnium
423 988 625 1089 redemptio
643 986 756 1061 fieret.
776 1014 795 1057 s

288 1109 497 1186 Ambrosius
524 1109 562 1182 in
590 1105 755 1207 Epistola
782 1105 834 1180 ad
856 1108 1106 1180 Consentium
1129 1105 1286 1180 maxime
1312 1103 1461 1203 Origeni
1487 1104 1526 1178 in
1554 1101 1768 1204 supradictis
1794 1102 1840 1179 dc

238 1230 512 1304 circumcisione
539 1226 781 1302 consentiens¹
809 1253 818 1299 ε
847 1225 1099 1325 «Plerosque,
1124 1227 1261 1326 inquit,
1287 1238 1411 1300 moret
1435 1224 1606 1325 quaestio,
1632 1247 1705 1322 qua
1732 1246 1841 1298 causa

238 1349 464 1423 circumcisio
477 1363 514 1421 et
521 1348 660 1422 Veteris
671 1347 889 1421 Testamenti
899 1346 1113 1421 auctoritate
1125 1347 1231 1445 quasi
1240 1345 1337 1420 utilis
1349 1346 1559 1444 imperetur,
1570 1356 1606 1418 et
1618 1342 1710 1417 Novi
1719 1346 1839 1417 Testa·

238 1466 351 1542 menti
368 1468 574 1568 magisterio
590 1467 693 1565 quasi
711 1464 846 1540 inutilis
865 1466 1095 1567 repudietur?
1114 1467 1214 1556 Quid
1231 1490 1318 1565 ergo
1333 1464 1494 1540 dicemus
1514 1477 1678 1538 secutum
1697 1466 1840 1538 Patrem

238 1586 431 1682 Abraham,
450 1602 490 1662 ut
506 1585 545 1661 id
560 1589 698 1688 primus
713 1588 920 1681 instrueret,
935 1585 1037 1686 quod
1053 1588 1131 1686 ejus
1147 1612 1223 1661 nou
1237 1600 1446 1686 sequeretur
1457 1583 1700 1659 baemditasis
1719 1588 1809 1657 ltem
1826 1609 1835 1657 :
1936 1645 1946 1652 .

241 1709 481 1808 «Reperimus
491 1721 613 1784 autem
623 1709 660 1781 in
670 1706 820 1781 historia
825 1721 989 1781 veterum
1000 1731 1077 1781 non
1088 1707 1209 1782 solum
1215 1710 1415 1809 AEgyptios,
1427 1705 1492 1781 sed
1506 1706 1615 1779 etiam
1624 1704 1838 1804 AEthiopum

238 1841 274 1901 et
290 1827 450 1902 Arabum
465 1842 503 1902 et
525 1827 739 1903 Phoenicum
754 1828 896 1927 aliquos
917 1828 1193 1903 circumcisione
1208 1853 1293 1929 erga
1310 1853 1396 1903 suos
1419 1851 1517 1901 usos.
1536 1830 1580 1899 Et
1596 1825 1692 1900 hanc
1709 1837 1838 1924 putant

238 1971 276 2022 se
299 1948 422 2024 adbuc
444 1946 643 2050 probandus
664 1948 762 2022 riam
786 1971 927 2022 servare
953 1948 1116 2045 rationis,
1149 1974 1195 2023 eo
1223 1948 1325 2048 quod
1347 1949 1403 2021 sni
1421 1946 1586 2048 corporis
1611 1945 1777 2045 primitiis
1803 1961 1839 2019 et

237 2070 420 2165 sanguinis
442 2068 573 2142 initiati
596 2066 742 2142 insidias
776 2066 1001 2160 daemonum,
1029 2092 1120 2167 quas
1141 2069 1192 2144 illi
1222 2070 1345 2168 generi
1374 2092 1441 2143 suo
1465 2067 1679 2160 moliuntur,
1704 2066 1839 2165 erigus

238 2188 350 2286 pertis
374 2186 593 2262 arbitrantur
613 2186 907 2261 consectionibus
934 2187 1184 2262 destruendus.
1212 2189 1285 2264 Sed
1310 2188 1465 2264 arbitror
1485 2188 1561 2285 jam
1583 2211 1660 2261 non
1683 2188 1836 2261 otiosam

240 2308 432 2382 causamin
446 2309 542 2383 banc
558 2308 825 2408 portiunculam
841 2306 997 2382 membri
1012 2309 1201 2402 estimare,
1219 2333 1292 2409 qua
1309 2307 1589 2386 circumcidatur
1604 2331 1696 2406 puer
1711 2321 1838 2381 octava

240 2424 314 2519 die,
332 2426 479 2526 quando
494 2429 621 2528 incipit
636 2440 751 2502 meter
764 2427 804 2500 in
820 2428 995 2526 sanguiue
1012 2452 1089 2504 esse
1105 2454 1214 2529 puro,
1232 2453 1312 2529 quse
1327 2443 1411 2506 ante
1428 2443 1595 2503 octavam
1610 2427 1709 2502 diem
1725 2428 1839 2501 fertur

238 2546 277 2620 iu
297 2549 472 2647 sanguine
486 2547 678 2623 immundo
694 2546 850 2622 sedere¹.
869 2576 887 2618 >r
902 2548 1144 2647 Hieronymus
1159 2551 1198 2623 in
1213 2548 1378 2648 Epistola
1392 2547 1445 2621 ad
1461 2554 1642 2624 Romanos
1658 2576 1670 2620 .·
1692 2552 1838 2638 «Quc-

238 2666 329 2740 ritur
345 2691 458 2766 quere
475 2668 559 2743 data
575 2669 620 2742 sit
637 2667 877 2762 circumcisio,
898 2667 927 2740 si
943 2692 1061 2767 perse
1077 2693 1154 2744 non
1170 2669 1335 2771 prodest.
1354 2670 1515 2744 Primum
1534 2683 1574 2742 ut
1585 2684 1839 2767 agnosceretur

238 2788 303 2860 Dei
320 2788 478 2887 populus
494 2789 590 2863 inter
600 2791 750 2881 Gentes3
769 2786 918 2887 quando
934 2788 1003 2861 soli
1019 2803 1122 2863 erant
1137 2789 1175 2863 iu
1187 2789 1353 2884 heremo,
1364 2788 1568 2864 circumcisi
1583 2812 1661 2861 non
1678 2787 1836 2864 suerunt.
1943 2857 1949 2870 ,

239 2910 320 2984 Sive
345 2926 387 2986 ut
410 2936 567 3013 corpora
588 2911 734 2986 iliorum
760 2926 1069 3009 cognoscerentur
1084 2913 1123 2986 in
1146 2910 1257 2989 bello.
1278 2918 1369 2988 Nam
1391 2912 1494 3012 quod
1520 2913 1558 2986 in
1584 2912 1647 2986 tali
1672 2912 1838 2988 membro

239 3031 411 3129 signatur,
428 3033 506 3108 haec
529 3046 720 3125 causaest,
738 3033 899 3133 primum
922 3056 970 3106 ne
991 3032 1090 3108 sliud
1106 3033 1315 3109 membrum
1329 3050 1393 3110 aut
1408 3033 1528 3109 debile
1543 3032 1606 3109 fiat
1627 3047 1691 3109 cut
1707 3050 1835 3137 turpe,

240 3152 339 3250 quod
365 3152 512 3254 publice
537 3154 694 3229 videtur.
720 3157 823 3246 ltem,
851 3167 1003 3253 propter
1032 3155 1152 3253 gratiae
1178 3157 1470 3254 promissionem,
1501 3156 1539 3228 in
1569 3179 1642 3253 qua
1670 3171 1747 3229 erat
1774 3181 1840 3256 per

240 3272 436 3347 castitatem
452 3274 684 3375 placendum,
702 3273 779 3347 sive
796 3288 837 3346 ut
852 3271 1015 3347 Christus
1029 3273 1293 3371 significaretur
1306 3298 1350 3349 ex
1366 3276 1443 3374 ejus
1458 3275 1595 3348 semine
1615 3275 1837 3364 nasciturus,

240 3416 352 3493 usquc
369 3393 417 3468 ad
432 3419 543 3494 quem
558 3393 679 3470 sutura
695 3406 772 3467 erat
788 3393 857 3467 ists
877 3392 1044 3489 carnalis,
1062 3395 1149 3492 quia
1165 3394 1387 3493 spiritualem
1403 3394 1560 3469 habebat
1574 3393 1716 3490 afferre,
1735 3395 1839 3492 cujus

239 3524 366 3611 typum
387 3537 515 3610 gerens
530 3518 613 3588 Jesu
628 3518 741 3605 Nave,
758 3513 822 3613 qui
846 3511 1025 3613 populum
1045 3513 1207 3587 secundo
1224 3512 1482 3589 circumcidere
1494 3514 1654 3614 jubetur.
1676 3543 1696 3584 s

289 3632 407 3727 Solet,
425 3633 589 3729 memini,
614 3630 791 3706 nonnulla
813 3656 890 3707 esse
905 3632 1069 3732 questio,
1096 3637 1229 3732 qusre⁸
1243 3633 1411 3710 videlicet
1427 3640 1537 3708 iosus
1551 3635 1677 3709 cultris
1689 3635 1840 3735 petrinis

239 3776 283 3825 ex
293 3768 473 3854 praecepto
486 3753 636 3827 Domini
648 3751 742 3827 filios
754 3751 864 3827 lsrael
879 3751 1042 3827 secundo
1059 3753 1299 3848 circumcidit,
1318 3756 1422 3856 quasi
1437 3754 1501 3854 qni
1517 3770 1624 3830 antea
1639 3757 1840 3831 circumcisi

239 3888 370 3967 essent,
388 3898 511 3948 rursus
526 3871 738 3947 circumcidi
761 3874 978 3973 potuissent.
1003 3877 1131 3947 Beatus
1147 3898 1235 3948 vero
1253 3876 1472 3974 Augustinus
1496 3877 1535 3949 in
1551 3876 1646 3950 libro
1665 3880 1840 3970 Quaestio-

238 4018 326 4067 num
345 3997 472 4068 veteris
489 4010 529 4067 et
540 4019 637 4067 noun
656 3993 757 4094 legis,
782 4016 931 4067 omnem
952 3992 1060 4090 hujus
1076 3991 1313 4070 dubitationis
1328 4022 1489 4072 errorem
1511 4022 1716 4092 removens,
1734 3996 1842 4071 docet

236 4112 437 4188 secundam
458 4113 554 4187 banc
577 4114 890 4187 circumcisionem
905 4137 982 4188 uon
998 4114 1037 4187 in
1055 4114 1191 4189 eisdem
1207 4118 1385 4216 personis,
1410 4117 1474 4193 sed
1500 4119 1538 4192 in
1555 4117 1687 4192 eodem
1702 4118 1842 4218 populo

234 4232 372 4309 fenam
397 4232 518 4309 fuisse.
537 4232 646 4323 Quod
666 4247 704 4307 et
725 4247 890 4333 patenter
906 4233 1095 4307 continent
1118 4234 1231 4310 verba
1248 4237 1325 4337 ipsa
1348 4237 1506 4311 historiae
1521 4236 1605 4310 libri
1621 4242 1742 4334 Josue,
1765 4239 1841 4311 hacc

232 4352 426 4428 videlicet⁸
442 4382 451 4426 ε
469 4384 487 4423 α
504 4357 558 4426 Εο
574 4368 753 4453 tempore,
779 4354 829 4428 ait
846 4354 1024 4428 Dominus
1043 4355 1092 4429 ad
1109 4359 1219 4430 Josue
1237 4384 1246 4429 ε
1267 4361 1337 4431 Fae
1357 4356 1423 4430 tibi
1445 4357 1581 4431 cultros
1602 4357 1785 4458 lapideos,
1805 4374 1841 4433 et

230 4473 459 4550 circumcide
477 4472 641 4549 secundo
659 4471 752 4548 iiiios
779 4475 900 4548 lsrael.
929 4475 1027 4550 Fecit
1042 4474 1145 4574 quod
1163 4476 1319 4574 jusserat
1342 4478 1534 4573 Dominus,
1559 4493 1596 4552 et
1616 4479 1842 4555 circumcidit

227 4589 333 4668 filios
349 4593 472 4670 lsrael.
489 4622 509 4666 n
527 4599 610 4668 Haec
626 4609 748 4669 sutem
763 4619 872 4670 causa
887 4610 941 4669 est
955 4595 1123 4671 secunde
1137 4597 1437 4672 circumcisionis.
1457 4601 1587 4675 Omnis
1601 4604 1760 4702 populus
1777 4602 1840 4700 qui

271 4804 276 4831 ¹
289 4799 381 4865 Epist,
397 4812 453 4863 cap.
465 4813 545 4862 ιιιιις
558 4800 636 4864 ορρ.,
655 4808 674 4851 ι
691 4798 729 4862 ΙΙ,
741 4802 788 4853 cot.
806 4802 863 4854 ruit
878 4809 904 4853 et
914 4815 969 4865 sqq.
983 4827 1013 4840 -
1067 4804 1142 4854 ettam
1154 4810 1240 4854 oetam
1249 4804 1437 4857 circumcldstur
1448 4806 1498 4867 dte,
1510 4807 1609 4870 wando
1621 4809 1706 4869 tnctptt
1715 4814 1793 4857 mater
1804 4812 1841 4870 pi-

216 4884 230 4913 ²
249 4878 338 4930 Locus
358 4881 461 4933 mutilus
480 4882 515 4931 stc
536 4881 702 4932 restttuendus
718 4899 726 4932 ι
743 4899 757 4926 ι
771 4879 824 4933 ian
840 4883 883 4945 qut
902 4883 1013 4944 unguie-
1067 4884 1217 4943 monstrati
1234 4884 1260 4934 tn
1275 4885 1394 4945 sanguine
1407 4896 1461 4934 esse
1474 4898 1553 4948 puro,
1575 4898 1630 4948 quar
1650 4893 1707 4935 ante
1729 4891 1840 4936 octavum

218 4975 294 5015 rum
306 4965 472 5014 membrorum
489 4964 567 5014 edeta
577 4963 843 5026 dtttgenterespendtt,
853 4963 1014 5012 concurram
1067 4963 1133 5013 dtem
1150 4963 1228 5014 fertur
1244 4964 1270 5014 tn
1286 4966 1404 5026 ungulus
1426 4965 1553 5016 immundo
1571 4967 1696 5016 sedere·
1707 4991 1736 5003 -
1752 4965 1840 5020 ³Amtr.

216 5056 337 5097 austu
348 5046 373 5096 tn
387 5046 434 5095 bac
444 5045 547 5095 membrt
560 5044 633 5107 nujus
644 5044 799 5107 porttuncuta
811 5043 930 5094 adnare
942 5051 1013 5105 pote·
1069 5042 1187 5105 mondo.
1197 5069 1229 5082 -
1239 5046 1248 5076 ⁴
1259 5042 1349 5108 Jeme,
1360 5058 1416 5108 cap.
1434 5058 1462 5107 r,
1475 5058 1498 5096 r.
1510 5049 1534 5098 2.

214 5128 285 5187 ῆι,
306 5136 355 5187 qus
366 5124 462 5174 radone
479 5135 528 5173 non
547 5123 626 5173 sotum
642 5122 829 5172 cucunctdatur
845 5132 916 5183 puer,
930 5132 1012 5170 rerum
