4559 6100
629 543 823 617 ΕΡΙΤΟΜΕ
848 542 1119 616 THEOLOGIAE
1144 543 1433 619 CHlllS‘lthAE.
1762 545 1833 615 stt

239 698 400 785 accipiunt
418 718 426 759 :
446 695 500 783 qui
517 712 624 760 autem
639 694 723 776 ficte,
740 710 866 759 tantum
877 712 1123 760 sacramentum.
1141 694 1238 761 Unde
1254 697 1280 760 si
1295 695 1491 785 resipiscant,
1511 694 1585 782 quia
1600 710 1833 759 sacramentum

240 795 409 884 recipiunt,
434 816 494 858 nec
520 809 632 883 postea
656 793 871 883 baptizantur.
897 794 946 858 De
971 792 1087 880 quibus
1112 809 1222 858 tamen
1243 792 1438 884 Augustinus
1463 790 1624 881 quandam
1648 791 1834 881 opinionem

239 892 343 982 ponit,
367 891 443 979 quia
457 913 524 954 non
542 888 670 955 videtur
690 906 939 955 consentaneum
957 912 1040 968 esse,
1058 889 1148 979 quod
1164 889 1297 980 Spiritus
1309 904 1436 954 sanctus
1457 886 1631 953 efficaciam
1653 911 1744 953 suam
1767 910 1833 953 non

242 988 359 1055 debeat
381 1010 505 1078 semper
528 986 665 1068 habere,
690 1004 724 1053 et
745 986 820 1053 ideo
842 987 931 1066 dicit,
950 987 1038 1076 quod
1061 989 1087 1052 si
1102 986 1158 1052 fiat
1173 988 1219 1052 eis
1238 1002 1443 1077 peccatorum
1467 984 1630 1065 remissio,
1659 984 1702 1049 ad
1721 986 1836 1050 horam

240 1088 368 1163 transit,
387 1101 419 1150 et
435 1086 496 1149 hoc
512 1101 570 1167 est,
589 1084 678 1173 quod
701 1085 768 1175 ipse
784 1083 884 1150 dicit:
902 1084 979 1149 Non
994 1084 1168 1174 impeditur
1185 1083 1280 1149 etiam
1296 1083 1438 1148 fraterno
1455 1081 1532 1147 odio
1549 1081 1650 1172 gratia
1665 1079 1835 1171 baptismi3

240 1187 372 1253 solvitur
387 1188 474 1252 enim
484 1187 649 1252 hesternus
664 1185 743 1263 dies,
761 1204 794 1252 et
809 1202 926 1252 cetera.
944 1187 1022 1251 Haec
1037 1185 1160 1250 ablutio
1176 1183 1349 1276 significata
1366 1185 1458 1250 estin
1474 1182 1639 1249 Ezechiele
1654 1183 1811 1273 propheta
1826 1207 1834 1248 ε

241 1285 379 1349 Lavatur
395 1307 497 1371 aqua,
514 1283 643 1372 ungitur
658 1283 750 1365 oleo,
767 1284 900 1350 vestitur
921 1282 1144 1362 discoloribus,
1164 1282 1228 1348 hoc
1250 1297 1297 1348 est
1316 1306 1324 1347 1
1344 1282 1449 1346 anima
1470 1278 1589 1361 fidelis,
1610 1302 1681 1368 quae
1697 1296 1734 1344 ut
1747 1281 1836 1371 regio

242 1380 391 1470 amplexu
413 1382 454 1445 sit
469 1380 582 1472 digna,
605 1382 778 1448 mundatur
802 1380 897 1447 sorde
917 1381 1058 1471 peccati,
1081 1380 1182 1472 gratia
1208 1380 1337 1471 ungitur
1357 1377 1432 1459 olei,
1457 1376 1492 1443 id
1513 1393 1578 1458 est,
1599 1375 1635 1442 fit
1655 1377 1838 1443 membrum

240 1476 367 1543 Christi.
385 1479 527 1544 Christus
546 1480 633 1543 enim
648 1481 816 1545 chrismate
837 1495 952 1544 unctus
969 1478 1097 1560 dicitur,
1118 1478 1249 1543 vestitur
1272 1475 1499 1556 discoloribus,
1522 1473 1653 1540 diversis
1667 1475 1837 1540 virtutibus

242 1591 385 1642 ornatur.
402 1578 451 1642 De
461 1576 525 1641 hoc
540 1592 751 1658 sacramento,
764 1578 845 1641 sicut
862 1576 903 1641 de
917 1576 1001 1658 aliis,
1020 1575 1196 1641 videndum
1214 1591 1273 1656 est,
1290 1575 1364 1662 quia
1381 1573 1461 1637 nihil
1475 1571 1591 1653 refert,
1611 1595 1836 1661 aquocunque

242 1671 338 1737 detur
360 1674 516 1751 ministro,
539 1674 613 1764 quia
633 1674 776 1739 minister
792 1674 967 1752 ministrat,
991 1674 1133 1739 Christus
1150 1671 1293 1763 baptizat
1310 1695 1318 1737 :
1337 1670 1432 1741 unde,
1445 1672 1498 1736 hic
1520 1685 1584 1749 est,
1606 1671 1661 1759 qui
1682 1670 1834 1758 baptizat.

243 1768 445 1860 Quapropter
466 1772 530 1836 sive
551 1771 592 1836 ab
608 1771 763 1836 haereticis
784 1772 849 1836 sive
865 1794 884 1835 a
899 1770 988 1835 laicis
1005 1771 1071 1836 sire
1087 1771 1186 1835 etiam
1202 1793 1221 1834 a
1236 1769 1424 1837 mulieribus
1444 1767 1629 1833 necessitate
1649 1767 1837 1833 imminente

244 1863 356 1947 detur,
382 1891 544 1957 nunquam
566 1869 745 1933 reiteretur.
770 1869 818 1933 De
834 1867 940 1933 verbis
955 1867 1016 1933 illis
1039 1869 1139 1957 quaeri
1163 1867 1260 1949 solet,
1277 1869 1366 1954 cujus
1380 1867 1453 1939 sint,
1480 1888 1522 1929 an
1545 1864 1663 1929 scilicet
1685 1865 1777 1954 pueri
1795 1888 1835 1929 an

242 1965 371 2050 patrini.
397 1967 617 2054 Cujuscunque
638 1963 796 2055 siquidem
814 1965 877 2030 sint
899 1964 954 2028 illa
968 1965 1084 2045 verba,
1105 1965 1234 2031 mentiri
1255 1980 1341 2030 certe
1358 1962 1497 2043 videtur,
1521 1963 1575 2051 qui
1595 1960 1780 2051 respondet.
1805 1962 1838 2026 Si

243 2060 329 2124 enim
344 2061 387 2126 de
403 2086 437 2127 se
453 2062 646 2152 respondeat
663 2085 671 2127 :
689 2061 774 2127 Volo
796 2062 968 2150 baptizari,
991 2062 1147 2130 mentitur
1163 2061 1312 2150 quidem,
1332 2062 1406 2149 quia
1428 2082 1495 2126 non
1516 2060 1550 2123 in
1573 2059 1765 2125 conscientia
1781 2083 1838 2124 sua

242 2158 336 2246 gestit
350 2158 433 2224 velle
447 2159 615 2247 baptizari.
633 2159 665 2223 Si
676 2161 755 2223 item
767 2157 808 2223 de
824 2182 926 2248 puero
941 2159 1039 2241 dicat,
1055 2183 1148 2225 neca
1164 2157 1334 2224 mendacio
1347 2158 1472 2247 penitus
1482 2157 1625 2222 excusari
1639 2171 1755 2244 potest.
1773 2156 1838 2221 Scit

244 2253 330 2318 enim
351 2254 601 2344 proculdubio,
626 2257 729 2345 ipsum
748 2279 884 2345 puerum
906 2254 1038 2344 quidem
1054 2258 1138 2322 hanc
1156 2256 1355 2321 voluntatem
1377 2277 1444 2319 non
1465 2252 1598 2331 habere,
1621 2253 1739 2342 quippe
1763 2275 1837 2317 cum

243 2348 360 2414 nullius
376 2351 547 2417 voluntatis
563 2353 603 2417 sit
621 2375 765 2442 compos.
784 2351 881 2435 Quod
896 2353 971 2433 hoc,
988 2353 1131 2442 inquam,
1150 2353 1231 2417 nolit
1244 2376 1336 2442 puer,
1349 2350 1426 2416 inde
1443 2349 1534 2416 facile
1548 2364 1652 2439 potest
1666 2350 1835 2439 perpendi,

243 2444 332 2533 quod
347 2465 502 2536 quantum
523 2465 626 2538 potest
650 2449 839 2516 recalcitrat.
864 2448 928 2515 Sed
951 2448 1098 2530 dicimus,
1124 2449 1212 2539 quod
1233 2450 1377 2539 patrinus
1399 2449 1433 2512 in
1454 2470 1591 2537 persona
1614 2445 1662 2509 sui
1682 2445 1835 2535 loquitur.

243 2544 323 2608 Cum
340 2562 448 2611 autem
469 2548 513 2611 ait
531 2570 539 2611 :
556 2544 674 2627 Credo,
701 2545 762 2611 tale
788 2563 835 2611 est
851 2570 888 2612 ac
914 2547 941 2613 si
964 2546 1065 2628 dicat,
1087 2546 1185 2613 talem
1202 2545 1300 2612 fidem
1314 2546 1433 2628 habeo,
1450 2568 1509 2635 per
1530 2565 1627 2632 quam
1646 2543 1699 2609 hic
1724 2543 1839 2609 salvari

242 2658 360 2730 potest.
378 2644 460 2707 Cum
476 2643 620 2709 similiter
640 2642 813 2733 respondet
833 2667 840 2709 :
862 2643 947 2708 Volo
964 2645 1134 2734 baptizari,
1158 2668 1267 2710 sensus
1283 2661 1348 2725 est,
1365 2643 1458 2723 volo,
1475 2658 1512 2706 ut
1532 2642 1591 2706 iste
1609 2640 1787 2729 baptiretur
1804 2644 1837 2706 in

243 2737 307 2803 fide
323 2761 407 2805 mea.
427 2741 599 2806 Semantur
614 2757 722 2806 tamen
738 2739 836 2804 verba
851 2741 942 2830 pueri
962 2741 1078 2830 ipsius,
1098 2756 1134 2804 ut
1148 2764 1188 2806 er
1206 2740 1372 2806 identitate
1388 2740 1562 2804 verborum
1581 2738 1674 2827 pueri
1689 2736 1839 2805 identitas

243 2837 361 2924 patrini
377 2837 419 2901 ad
433 2861 569 2927 puerum
584 2853 726 2903 notetur.
745 2838 794 2902 lle
807 2837 868 2902 hac
885 2836 989 2902 forma
1004 2837 1170 2902 sciendum
1186 2854 1245 2919 est,
1263 2836 1352 2926 quod
1367 2836 1487 2925 ubique
1504 2833 1659 2900 servanda
1677 2849 1737 2899 est.
1754 2837 1840 2905 Dicit

242 2951 351 2999 tamen
366 2933 480 3001 beatus
496 2937 701 3019 Ambrosius,
720 2936 753 2999 iu
771 2934 901 2999 nomine
917 2934 1032 2998 Christi
1043 2934 1197 3023 baptizari
1211 2957 1320 3025 posse,
1338 2935 1413 3023 quia
1424 2933 1471 2998 ibi
1484 2932 1624 2998 Trinitas
1640 2930 1837 3022 intelligitur.

242 3032 282 3095 ln
299 3032 430 3098 nomine
446 3032 566 3111 Patris,
584 3050 616 3099 et
630 3033 714 3114 Filii,
733 3047 766 3098 et
782 3032 917 3122 Spiritus
933 3032 1050 3112 sancti,
1067 3030 1176 3114 idest,
1195 3031 1398 3097 invocatione
1414 3029 1509 3111 illius,
1530 3029 1584 3095 cui
1599 3027 1679 3093 nihil
1694 3030 1839 3096 resistere

243 3144 361 3218 potest,
379 3130 434 3217 qui
451 3131 559 3194 omnia
575 3131 734 3220 sapienter
750 3131 826 3219 agit,
845 3128 956 3218 quide
974 3127 1124 3195 omnibus
1140 3128 1257 3193 eodem
1274 3127 1374 3194 modo
1393 3126 1562 3217 provenire
1584 3126 1671 3207 facit,
1689 3149 1753 3215 quo
1770 3150 1840 3193 rne-

244 3225 305 3289 lius
321 3224 406 3294 inde,
411 3241 518 3315 potest
531 3228 668 3292 evenire.

289 3321 366 3387 Post
381 3323 445 3387 hoc
456 3340 688 3389 sacramentum
703 3325 844 3412 sequitur
855 3322 962 3408 aliud;
980 3325 1069 3413 quod
1080 3324 1212 3415 quidem
1221 3325 1323 3410 majus
1339 3341 1387 3387 est
1398 3337 1555 3412 quantum
1566 3319 1609 3385 ad
1621 3320 1840 3384 ministrorum

247 3421 454 3509 dignitatem
477 3423 540 3487 hoc
560 3424 646 3487 enim
663 3446 681 3487 a
701 3422 832 3488 summis
848 3421 1053 3513 pontificibus
1070 3421 1219 3502 traditur,
1242 3421 1323 3486 sicut
1339 3444 1358 3484 a
1377 3420 1452 3486 solis
1462 3417 1624 3509 Apostolis
1639 3414 1837 3483 tradebatur.

247 3518 337 3582 Prius
358 3535 406 3583 est
425 3520 547 3600 unoeio,
565 3535 675 3609 postea
698 3520 839 3610 sequitur
855 3517 1075 3584 Confirmatio.
1101 3520 1153 3584 Ibi
1168 3534 1334 3609 peccatum
1357 3516 1537 3597 dimittiurr,
1555 3515 1608 3579 hic
1625 3514 1735 3604 gratiae
1752 3512 1840 3584 dona

246 3612 374 3681 dantur.
387 3616 473 3681 Nam
485 3617 538 3682 hic
553 3616 608 3681 illa
620 3618 721 3708 511111
737 3616 849 3707 procul
864 3616 966 3683 dubio
982 3616 1089 3697 datur,
1107 3640 1171 3706 qua
1183 3631 1295 3680 contra
1311 3611 1436 3705 singula
1445 3613 1535 3692 vitia,
1548 3612 1607 3677 etsi
1616 3634 1685 3676 non
1701 3633 1837 3702 semper,

246 3711 439 3801 quandoque
463 3729 572 3778 tamen
594 3731 765 3804 pugnatur.
786 3716 843 3780 Est
859 3729 967 3780 autem
982 3716 1082 3805 gratia
1098 3713 1153 3780 illa
1176 3712 1266 3802 quasi
1281 3727 1442 3778 armatura
1462 3709 1621 3798 quaedam,
1643 3731 1706 3797 qua
1726 3709 1761 3771 in
1776 3709 1840 3772 hoc

247 3808 374 3874 deserto
386 3827 459 3900 post
474 3812 642 3875 transitum
653 3811 804 3902 baptismi
821 3828 933 3877 contra
948 3812 1025 3876 vitia
1034 3833 1261 3902 repugnamus.
1280 3810 1368 3875 Sicut
1383 3809 1470 3873 enim
1481 3805 1652 3872 submersis
1667 3804 1837 3894 AEgyptiis,

248 3929 265 3969 a
283 3921 374 3996 tergo
398 3907 605 3996 sequentibus
628 3908 708 3974 filios
728 3909 839 3992 Israel,
864 3908 918 3974 alii
935 3908 1042 3974 hostes
1063 3932 1123 3998 per
1139 3908 1301 3972 desertum
1317 3928 1372 3971 eos
1395 3918 1679 3994 oppugnaverunt,
1702 3902 1841 3970 sicsub-

245 4026 350 4069 merso
368 4004 499 4069 diabolo
514 4006 549 4069 in
565 4003 767 4094 baptismate,
791 4007 847 4095 qui
862 4007 1002 4096 primum
1023 4029 1081 4070 nos
1097 4005 1337 4093 insequebatur,
1356 4001 1457 4066 multa
1473 4001 1566 4065 nobis
1578 4022 1636 4089 per
1657 4000 1751 4083 hujus
1766 3998 1840 4062 ritae

246 4099 407 4167 desertum
426 4103 503 4166 vitia
523 4103 687 4182 resistunt,
709 4119 821 4168 contra
846 4126 918 4192 quae
944 4102 1045 4193 511111
1065 4103 1100 4166 in
1114 4103 1178 4167 hoc
1200 4114 1400 4165 sacramento
1422 4098 1498 4163 data
1514 4098 1604 4186 quasi
1626 4111 1787 4166 armatura
1808 4112 1841 4160 et

246 4199 424 4265 munitione
440 4199 580 4288 quadam
596 4201 770 4266 munimur.
784 4201 942 4283 Quocirca
957 4198 1068 4289 procul
1086 4198 1187 4263 dubio
1201 4197 1369 4262 sciendum
1385 4195 1535 4284 estquod
1551 4210 1770 4283 quantumque
1786 4193 1839 4256 in·

247 4294 361 4386 dignus
382 4300 422 4361 sit
437 4298 622 4388 episcopus,
638 4298 672 4362 in
689 4297 927 4363 consecratione
950 4313 1058 4363 111111
1077 4297 1107 4361 ei
1121 4297 1192 4361 hac
1212 4293 1346 4359 facultas
1361 4292 1542 4375 exhibetur,
1561 4307 1598 4356 ut
1617 4314 1675 4381 per
1698 4291 1840 4355 ministe-

246 4394 329 4457 rium
342 4394 413 4459 haec
429 4396 530 4484 gratia
543 4394 648 4461 detur.
667 4396 754 4460 Sicut
770 4393 811 4460 de
825 4396 947 4485 Caipha
957 4393 1106 4472 habetur,
1125 4394 1200 4481 quia
1217 4415 1291 4457 cum
1308 4407 1389 4456 esset
1404 4389 1549 4479 pontifex
1567 4387 1753 4467 anniillius,
1772 4409 1839 4450 uon

244 4514 391 4578 personae
407 4490 464 4557 sed
482 4492 629 4583 dignitati
645 4493 746 4583 311111
762 4491 975 4582 prophetandi
996 4490 1071 4556 data
1092 4506 1152 4556 est.
1172 4492 1254 4555 Cum
1270 4489 1407 4554 enimin
1423 4510 1456 4552 se
1474 4486 1588 4577 dignus
1604 4507 1671 4549 non
1688 4500 1781 4564 esset,
1799 4505 1837 4547 ex

246 4585 354 4652 officio
369 4603 477 4674 tamen
493 4590 709 4680 prophetavit,
727 4605 761 4654 et
775 4589 893 4678 Spiritu
907 4604 1017 4654 sancto
1029 4587 1110 4654 dixit
1124 4585 1282 4675 :Expedit
1296 4584 1400 4665 vobis,
1421 4599 1456 4649 ut
1471 4605 1566 4662 unus,
1584 4598 1617 4648 et
1630 4597 1747 4654 cetera.
