4559 6100
750 547 1006 623 annotante
1030 548 1302 626 cnmsvtttvn.
1751 547 1823 620 377

228 699 352 794 verba,
368 698 500 798 quibus
513 698 677 772 videlicet
687 699 735 771 ait
749 695 795 771 de
806 702 883 771 Deo
897 712 998 799 patre
1009 698 1109 796 quod
1124 698 1324 771 secundum
1337 696 1459 770 lecerit
1470 694 1673 789 dominnm,
1687 696 1759 769 hoc
1770 710 1824 769 est

229 820 390 918 genuerit
416 819 543 910 filium,
564 843 648 892 eum
670 816 830 917 prolecto
853 822 950 891 Deus
966 818 1074 891 Filius
1090 842 1112 892 a
1128 823 1206 891 Deo
1226 822 1328 892 Patre
1349 841 1417 890 nec
1442 818 1555 890 lactus
1578 842 1646 890 nec
1668 829 1821 904 creatus,

229 939 294 1013 sed
315 954 456 1012 tantum
480 940 524 1013 sit
549 939 710 1038 genitus,
731 931 819 1011 sciat
839 938 945 1010 etiam
964 938 1186 1011 acatholicis
1203 953 1239 1010 et
1262 938 1393 1010 sanctis
1411 936 1622 1010 doctoribus
1643 936 1756 1009 multa
1777 937 1824 1009 de

229 1059 355 1134 eadem
377 1060 605 1158 generatione
619 1059 779 1132 similiter
791 1057 940 1132 abusive
962 1059 1115 1159 prolata,
1134 1084 1219 1131 curn
1243 1081 1521 1157 nonnumquam
1539 1062 1679 1129 Patrem
1701 1069 1825 1129 aucto-

230 1204 307 1254 rem
336 1179 425 1272 Filii,
453 1179 510 1251 vel
530 1203 614 1251 eum
638 1202 856 1278 procreasse,
880 1178 937 1252 vel
960 1180 1090 1252 Filium
1111 1205 1132 1251 a
1159 1183 1261 1251 Patre
1281 1179 1487 1272 formatum,
1508 1178 1563 1250 vel
1586 1178 1697 1277 ipsius
1714 1178 1826 1250 Patris

230 1322 306 1372 esse
317 1299 484 1372 ellectum
496 1293 643 1372 abusive
657 1301 910 1397 pronuncient.
925 1329 943 1368 u
959 1300 1063 1373 Unde
1072 1299 1227 1372 Hilarius
1237 1297 1282 1370 de
1295 1301 1469 1370 Trinitute
1480 1298 1543 1370 lib.
1557 1301 1618 1368 lll¹
1631 1324 1640 1369 z
1656 1326 1672 1367 a
1685 1299 1825 1370 Secun-

231 1419 319 1494 dum
335 1421 569 1521 Apostolum'
588 1420 672 1518 quia
691 1450 709 1487 s
724 1421 761 1491 in
778 1419 920 1493 Christo
938 1420 1113 1494 inhabitat
1128 1421 1247 1493 omnis
1270 1419 1459 1519 plenitudo
1480 1419 1674 1492 divinitatis
1692 1443 1824 1519 corpo-

230 1539 379 1614 raliter»
399 1541 460 1613 sed
477 1539 898 1639 incomprehensibiliter,
918 1540 1217 1632 inenarrabiliter,
1237 1556 1319 1612 ante
1339 1564 1447 1612 omne
1469 1554 1611 1638 tempus
1631 1539 1822 1628 etsaecula,

231 1661 461 1759 Unigenitum
475 1685 518 1732 ex
535 1660 590 1732 lris
603 1684 683 1757 quae
698 1660 854 1757 ingenita
870 1660 907 1732 in
926 1685 964 1733 se
977 1676 1079 1734 erant
1092 1661 1307 1760 procreavit.
1331 1684 1440 1734 omne
1456 1657 1558 1757 quod
1575 1663 1670 1731 Deus
1686 1673 1740 1732 est
1761 1684 1826 1759 per

230 1782 413 1854 caritatem
439 1775 546 1880 atque
570 1780 736 1854 virtutem
762 1781 937 1855 nativitati
953 1782 1030 1879 ejus
1053 1783 1288 1881 impertiens:
1314 1806 1357 1854 ac
1374 1782 1425 1853 sic
1441 1780 1622 1877 ingenito,
1645 1780 1823 1878 perfecto,

230 1915 435 1999 aeternoque
463 1902 557 1975 Patri
575 1902 778 1997 unigenitus
794 1915 830 1973 et
850 1900 1027 2001 perfectus
1047 1914 1083 2000 et
1098 1916 1251 1974 aeternus
1270 1914 1323 1973 εει
1338 1901 1458 1973 Filius.
1485 1903 1537 1971 Ea
1559 1912 1679 1973 antem
1697 1924 1777 1997 quae
1792 1900 1826 1974 ei

231 2036 313 2094 sunt
325 2021 524 2095 secundum
539 2045 672 2120 corpus
683 2020 783 2120 quod
797 2021 975 2115 assumsit,
990 2020 1160 2094 bonitatis
1173 2021 1249 2117 ejus
1264 2020 1310 2093 ad
1324 2022 1474 2093 salutem
1488 2035 1649 2093 nostram
1663 2017 1829 2092 voluntas

185 2167 193 2184 ·
231 2153 296 2214 εει.
313 2170 331 2210 u
350 2142 450 2214 ldem
466 2142 502 2213 in
523 2146 567 2212 Xl
580 2144 615 2213 't
638 2141 786 2214 «Verba
809 2167 889 2239 quae
909 2141 1042 2239 loquor
1058 2142 1164 2214 vobis
1189 2166 1264 2213 non
1286 2166 1308 2214 a
1331 2166 1388 2214 rne
1410 2142 1572 2239 loqnor‘.
1588 2172 1606 2207 u
1625 2143 1715 2213 Nam
1738 2138 1826 2213 dum

231 2284 306 2332 non
321 2285 343 2332 a
358 2286 397 2333 se
412 2261 586 2359 loquitur,
598 2263 736 2334 auctori
748 2286 832 2334 eum
849 2285 993 2334 necesse
1009 2275 1062 2334 est
1073 2259 1206 2334 debere
1216 2261 1317 2359 quod
1330 2260 1502 2359 loquitur.
1520 2289 1536 2327 u
1549 2262 1678 2332 ltem⁸:
1696 2290 1714 2326 α
1726 2259 1778 2331 td
1790 2257 1828 2332 id

230 2380 332 2477 quod
349 2382 421 2477 agit
436 2381 635 2454 secundum
652 2381 871 2455 nativitatem
888 2382 955 2454 sibi
974 2395 1075 2481 pater
1091 2395 1217 2453 auctor
1241 2396 1305 2453 est.
1321 2410 1339 2449 u
1360 2383 1492 2452 Rursus
1514 2379 1611 2451 idem
1627 2377 1720 2452 libro
1748 2382 1825 2471 Xll,

231 2499 277 2572 de
299 2524 376 2573 non
401 2516 486 2574 nato
506 2507 584 2575 Deo
608 2508 710 2575 Patre
728 2516 763 2574 ει
780 2516 864 2576 nato
886 2501 933 2575 ab
952 2526 997 2573 eo
1024 2501 1112 2573 Filio
1136 2501 1289 2599 loquens
1305 2501 1399 2573 ait⁰:
1431 2504 1584 2597 «Neque
1610 2500 1729 2599 ipsum
1751 2525 1827 2573 non

231 2634 356 2692 natutn
374 2634 479 2718 atque
495 2622 606 2713 nasci,
625 2623 710 2720 quia
728 2620 816 2694 illud
832 2619 880 2695 ab
896 2622 1022 2715 altero,
1039 2621 1112 2695 boc
1128 2647 1216 2694 vero
1230 2646 1251 2695 a
1265 2621 1410 2694 nemine
1429 2634 1494 2712 εει,
1514 2636 1550 2692 ει
1565 2619 1663 2692 aliud
1680 2634 1734 2692 est
1750 2620 1827 2693 sine

231 2755 378 2815 auctore
403 2766 480 2816 esse
503 2766 645 2843 semper
667 2758 855 2834 aeternum,
875 2741 975 2817 aliud
998 2742 1099 2842 quod
1124 2743 1232 2833 Patri,
1257 2742 1295 2816 id
1321 2756 1374 2815 εει
1397 2742 1537 2814 auctori
1561 2756 1615 2813 εει
1639 2753 1826 2813 aeternum.

232 2859 300 2932 Ubi
319 2862 415 2935 enim
437 2866 540 2936 Pater
555 2878 682 2936 auctor
698 2878 765 2955 εει,
783 2862 834 2936 ibi
848 2879 883 2937 et
904 2864 1070 2937 nativitas
1086 2879 1153 2937 εει.
1173 2868 1318 2936 atvero
1342 2861 1405 2934 ubi
1426 2876 1553 2935 auctor
1576 2875 1730 2935 aternus
1752 2876 1827 2952 est,

231 2979 282 3055 ibi
298 2997 334 3054 et
351 2983 544 3057 nativitatis
556 2986 732 3058 aeternitas
747 2999 814 3079 est,
832 2985 918 3083 quia
930 2986 1021 3058 sicut
1035 2984 1200 3059 nativitas
1213 2985 1260 3058 ab
1276 2997 1423 3057 auctore
1437 2996 1502 3074 est,
1522 2984 1571 3056 ita
1585 2996 1621 3056 et
1633 2982 1680 3056 ab
1694 2997 1830 3055 aeterno
1907 3000 1917 3016 ’

231 3116 377 3176 auctore
393 3117 525 3177 aeterna
541 3106 740 3177 nativitas»
757 3109 866 3178 ltem:
886 3104 1023 3194 «Quod
1037 3131 1081 3178 ex
1094 3121 1228 3179 eterno
1245 3120 1369 3178 natum
1381 3120 1448 3196 est,
1461 3103 1499 3176 id
1516 3104 1545 3176 si
1564 3129 1638 3176 non
1655 3120 1828 3177 aeteruum

231 3238 375 3314 natum,
391 3224 466 3321 jam
486 3248 560 3297 uon
579 3224 645 3297 erit
662 3239 699 3298 ει
721 3228 824 3298 Pater
848 3240 974 3299 auctor
991 3241 1156 3299 aeternus.
1186 3227 1224 3298 si
1248 3224 1337 3323 quid
1356 3227 1464 3322 igitur
1488 3225 1520 3296 ei
1544 3224 1605 3321 qui
1628 3221 1675 3294 ab
1695 3237 1829 3296 aeterno

231 3346 332 3415 Patre
356 3359 462 3415 natus
484 3359 550 3434 est,
573 3368 615 3416 ex
636 3346 830 3417 eternitate
846 3344 1012 3435 defuerit,
1031 3345 1189 3444 idipsum
1205 3344 1357 3435 auctori,
1377 3344 1440 3442 qui
1459 3346 1561 3414 Pater
1578 3355 1644 3431 εει,
1673 3366 1748 3413 non
1775 3357 1830 3414 est

230 3462 443 3560 ambiguum
461 3462 613 3537 defuisse
633 3495 643 3538 z
664 3466 749 3564 quia
765 3464 865 3563 quod
883 3466 1042 3562 gignenti
1065 3480 1118 3538 est
1136 3464 1331 3558 infinitum,
1351 3462 1533 3535 infinitum
1549 3475 1603 3534 εει
1624 3461 1733 3534 etiam
1750 3486 1830 3535 nas·

230 3584 338 3656 centi.
352 3612 370 3652 n
388 3587 475 3655 ltem
492 3610 501 3654 ε
517 3613 535 3653 «
548 3587 597 3656 Ex
610 3600 745 3659 aeterno
762 3585 853 3657 nihil
869 3584 966 3659 aliud
983 3611 1093 3684 quam
1108 3599 1295 3674 aeteruum,
1312 3581 1451 3683 quodsi
1463 3607 1537 3654 nou
1553 3596 1740 3673 aeternum,
1753 3582 1828 3679 jam

230 3728 297 3776 nec
314 3708 428 3796 Pater,
445 3705 507 3801 qui
521 3706 761 3802 generationis
775 3721 827 3778 est
842 3720 981 3794 auctor,
995 3721 1162 3780 aeternus.
1179 3733 1197 3773 u
1213 3711 1321 3778 ltem:
1342 3734 1359 3773 a
1376 3708 1424 3776 Ex
1438 3717 1474 3775 te
1489 3716 1594 3775 natus
1611 3701 1825 3796 ostenditur,

232 3837 269 3895 ut
285 3822 374 3895 nihil
390 3822 486 3897 aliud
502 3848 611 3921 quam
628 3840 664 3897 te
681 3823 747 3897 sibi
761 3824 935 3923 significet
949 3841 1148 3899 auctorem.
1162 3855 1180 3893 s
1194 3824 1295 3898 idem
1312 3826 1347 3896 in
1366 3823 1506 3896 Psalmo
1520 3825 1695 3895 cxxxv1u⁷
1712 3847 1722 3891 ε
1745 3851 1763 3891 a
1777 3825 1827 3894 Tu

231 3944 391 4018 formasti
407 3968 466 4016 me
484 3958 520 4016 et
538 3944 687 4044 posuisti
705 3971 814 4044 super
832 3972 889 4019 me
907 3971 1054 4020 manum
1070 3961 1171 4019 tuam
1179 3950 1204 4039 ⁸,
1217 3974 1234 4013 u
1254 3960 1448 4042 utrumque
1465 3942 1653 4040 significat,
1672 3956 1712 4015 ut
1728 3943 1829 4040 quod

230 4065 396 4137 formavit
415 4065 604 4162 antiquum
629 4066 687 4157 sit,
707 4066 807 4163 quud
829 4068 1057 4167 superposuit
1074 4090 1236 4153 manum,
1262 4064 1497 4137 novissimum
1520 4064 1578 4135 sit.
1598 4061 1707 4150 Quod
1730 4062 1828 4134 enim

230 4182 428 4258 secundum
446 4197 610 4257 naturam
628 4184 822 4259 divinitatis
839 4187 1013 4260 formatus
1029 4188 1086 4274 sit,
1108 4185 1298 4285 Apostolus
1314 4185 1419 4258 docet
1437 4182 1602 4256 dicens':
1626 4183 1827 4270 «Quicum

229 4304 266 4378 in
276 4305 392 4377 forma
400 4305 468 4377 Dei
480 4318 608 4396 esset,»
622 4305 722 4403 quod
731 4306 829 4378 enim
841 4308 877 4379 in
891 4307 1006 4380 forma
1021 4321 1086 4394 est,
1098 4306 1276 4379 formatur
1287 4307 1324 4377 in
1336 4304 1466 4396 sorana,
1482 4318 1519 4376 ει
1532 4304 1566 4376 ei
1577 4308 1678 4377 Pater
1692 4318 1828 4376 natnrae

229 4438 266 4498 et
287 4424 481 4498 divinitatis
499 4436 569 4518 est,
594 4439 635 4497 ut
656 4427 780 4499 referri
799 4428 914 4525 possit
929 4428 975 4500 ad
995 4432 1150 4520 Patrem,
1170 4443 1205 4500 et
1228 4427 1402 4500 formatus
1427 4424 1573 4524 abipso
1593 4425 1649 4496 sit.
1667 4454 1686 4490 a
1704 4429 1825 4522 Augu·

229 4549 344 4623 sfinus
364 4553 606 4643 Quaestionum
630 4554 753 4623 veteris
777 4566 813 4623 et
836 4577 931 4625 πονε
954 4552 1041 4651 legas
1055 4576 1137 4655 cap.
1162 4554 1286 4623 nv11¹⁰z
1308 4553 1435 4623 «Deus
1456 4563 1558 4648 pater
1581 4547 1626 4621 de
1648 4574 1687 4621 se
1712 4548 1825 4621 lilium

231 4671 424 4768 generavit,
445 4670 482 4743 in
498 4697 574 4771 quo
590 4673 665 4771 ipse
682 4670 836 4763 videtur,
856 4673 919 4770 qui
936 4671 1024 4743 nibil
1039 4670 1086 4743 ab
1103 4696 1148 4745 eo
1165 4669 1325 4763 distaret,
1346 4684 1384 4742 ut
1401 4669 1639 4765 magnitudini
1654 4694 1725 4742 suae
1739 4692 1828 4741 con·

230 4814 340 4886 gruus
360 4789 595 4890 responderet
619 4790 815 4864 allectus.»
844 4795 960 4864 ltem:
985 4791 1244 4867 «simillimum
1270 4790 1390 4889 itaque
1416 4815 1521 4863 suum
1545 4790 1672 4863 Filium
1701 4811 1826 4860 creans

260 5022 267 5053 ¹
279 5018 330 5072 llll.
346 5021 377 5072 de
393 5020 498 5083 trinta,
509 5022 552 5072 ιιι).
565 5020 610 5084 ΙΙΙ,
620 5033 677 5084 cap.
688 5022 782 5073 ηε.-2
794 5019 960 5084 causamn
972 5034 1001 5082 u,
1054 5020 1129 5074 Ἧι).
1143 5020 1202 5086 xu,
1217 5034 1274 5085 esp.
1284 5023 1324 5074 ιι.
1338 5047 1367 5058 -
1379 5023 1387 5055 ²
1398 5019 1474 5072 ntur.
1485 5019 1514 5070 ιε
1524 5018 1622 5071 Paolnv.
1635 5028 1752 5079 cxxxrnr,
1764 5029 1787 5067 r.
1799 5019 1824 5070 ὁ.

230 5113 253 5151 v.
265 5103 290 5155 9.
306 5128 336 5142 -
347 5104 357 5136 ⁸
368 5101 443 5155 nun.
461 5104 492 5155 de
511 5102 615 5164 trinit,
626 5102 671 5154 ttn.
683 5101 720 5166 ll,
731 5115 787 5166 cap,
799 5115 843 5153 ru.
855 5127 886 5140 -
898 5105 907 5136 ⁴
917 5102 1000 5165 toan..
1055 5127 1084 5143 ·
1096 5106 1106 5136 ⁸
1118 5101 1216 5154 Psotm.
1236 5114 1354 5160 erman,
1371 5115 1396 5151 r.
1407 5103 1432 5154 5.
1442 5126 1474 5139 -
1484 5100 1495 5134 ι
1505 5099 1585 5163 ent..
1603 5112 1658 5164 cap.
1676 5110 1703 5155 n,
1720 5109 1744 5149 r.
1760 5098 1786 5150 6.
1794 5120 1824 5136 -

230 5194 286 5248 cap.
296 5197 348 5246 arv,
360 5198 383 5235 r,
403 5187 441 5239 ιι.
453 5210 486 5224 -
495 5186 506 5219 ⁸
515 5183 590 5238 llttar.
604 5185 635 5236 de
647 5183 751 5247 trinta,
761 5185 804 5236 ttn,
812 5180 843 5247 tt,
855 5196 909 5248 erp.
917 5186 958 5238 21.
972 5209 1000 5224 -
1054 5189 1072 5222 ¹·
1083 5185 1175 5247 onrst.
1187 5197 1218 5235 aa
1228 5196 1286 5235 nov.
1300 5183 1424 5247 Tutum,
1434 5184 1475 5236 tt.
1485 5180 1550 5247 Opp.
1558 5188 1593 5246 ,t.
1602 5177 1647 5242 nt,
1658 5192 1717 5244 app.
1726 5178 1774 5233 eol.
1785 5178 1825 5231 n.

347 5291 376 5338 n
1666 5272 1705 5331 ts
