4559 6100
460 557 533 628 282
1061 556 1190 626 PETRl
1216 554 1451 626 ABAELARDl

460 703 655 802 adoptivo;
676 701 740 774 sed
762 701 939 774 «tradidit
955 700 1070 790 illum,
1087 731 1104 767 a
1125 699 1290 773 videlicet
1304 698 1351 772 ad
1370 714 1523 772 mortem
1541 722 1607 797 pro
1630 698 1736 771 nobis
1754 698 1942 791 omnibus,
1962 700 2056 771 scili·

459 839 515 896 cet
532 846 625 919 quos
637 822 826 920 praescivit,
841 846 917 910 seu,
933 835 973 892 ut
989 821 1126 893 dictum
1145 834 1211 910 est,
1230 817 1512 919 praedestinavit3
1529 818 1620 890 utin
1638 818 1714 915 ejus
1728 821 1902 916 sanguine
1916 835 2056 893 nostro·

460 966 541 1011 rum
559 940 716 1012 maculas
732 939 886 1011 dilueret
903 954 1149 1037 peccatorum.
1168 938 1277 1026 Quod
1289 963 1376 1010 vero
1392 938 1455 1027 ait,
1475 968 1494 1007 a
1510 937 1616 1012 etiam
1633 939 1782 1037 proprio
1799 937 1887 1032 filio,
1901 970 1919 1006 »
1939 941 2056 1012 innuit

459 1063 576 1131 Deum
600 1071 636 1131 et
652 1059 730 1132 aliis
750 1058 929 1158 adoptivis
946 1058 1027 1130 tiliis
1049 1074 1155 1132 antea
1179 1083 1247 1157 pro
1272 1055 1378 1130 nobis
1403 1081 1478 1129 non
1496 1057 1716 1157 pepercisse,
1737 1058 1830 1129 sicut
1853 1060 1972 1151 lsaiae,
1993 1083 2052 1133 seu

459 1179 632 1265 Jeremiae,
651 1177 706 1249 vel
725 1178 909 1250 nonnullis
926 1177 1003 1250 aliis
1025 1177 1287 1276 Prophetarum
1307 1177 1370 1274 qui
1392 1173 1439 1248 ad
1462 1176 1638 1274 populum
1658 1178 1725 1248 Dei
1743 1176 1858 1268 missi,
1882 1191 2054 1275 tanquam

459 1311 631 1393 martyres
653 1321 720 1396 pro
737 1296 849 1369 salute
865 1297 1057 1369 hominum
1074 1311 1159 1369 sunt
1176 1296 1298 1369 occisi.
1326 1324 1344 1362 n
1360 1293 1556 1382 Quomodo
1573 1320 1648 1367 non
1673 1296 1794 1386 etiam,
1812 1324 1830 1363 u
1855 1295 1893 1367 id
1914 1311 1967 1369 est
1982 1321 2055 1392 qut

458 1416 604 1487 ratione⁴
618 1430 736 1514 potest
757 1416 828 1488 dici
855 1430 895 1487 ut
917 1417 953 1487 in
977 1430 1077 1490 tanto
1103 1416 1150 1488 de
1176 1414 1367 1487 traditione
1393 1412 1456 1486 lilii
1479 1415 1534 1486 sui
1556 1415 1656 1488 dono
1682 1439 1757 1486 non
1782 1414 1922 1508 dederit
1947 1414 2053 1488 nobis

459 1537 601 1625 omnia,
634 1548 764 1606 nostrae
788 1536 923 1608 scilicet
944 1535 1048 1608 saluti
1080 1534 1306 1608 neccssaria?
1332 1534 1455 1620 «Quis
1482 1533 1719 1606 accusabitt»
1744 1532 2049 1632 Quandoquidem

457 1657 554 1724 Deus
568 1654 615 1726 de
626 1668 749 1726 nostra
762 1654 823 1741 ita,
844 1668 884 1725 nt
900 1654 1038 1726 dictum
1055 1667 1121 1746 est,
1139 1652 1312 1725 sollicitus
1329 1665 1383 1724 est
1395 1651 1522 1740 salute,
1541 1652 1644 1748 cujus
1657 1653 1837 1725 accusatio
1853 1652 2050 1751 quidquam

457 1772 627 1844 adversus
644 1799 712 1845 nos
727 1773 891 1846 obtinere
903 1773 1060 1871 poterit?
1072 1771 1255 1871 Numquid
1269 1772 1449 1844 accusatio
1467 1770 1577 1869 ipsius
1592 1771 1660 1844 Dei
1675 1772 1738 1868 qni
1755 1797 1830 1844 non
1842 1772 1961 1845 solum
1977 1797 2049 1845 non

458 1901 613 1979 accusat,
632 1873 893 1980 verumetiam,
913 1903 953 1959 ut
969 1887 1108 1960 dictum
1125 1902 1192 1977 est,
1205 1884 1401 1983 justificat?
1419 1885 1506 1957 acsi
1523 1883 1658 1959 diceret
1676 1913 1684 1955 :
1705 1891 1799 1959 Non.
1820 1891 1887 1959 hut
1900 1888 1929 1960 si
1944 1889 2049 1960 etiam

456 2021 642 2078 accusator
655 2022 744 2078 esset
757 2007 836 2104 qui¹
850 2008 886 2078 in
904 2021 1025 2079 nostra
1041 2005 1344 2079 condemnatione
1363 2005 1567 2104 perstiterit,
1590 2005 1768 2103 numquid
1783 2006 1860 2104 ipse
1876 2005 2046 2099 Christus,

457 2128 519 2221 qui
537 2141 673 2198 tantam
688 2125 793 2197 nobis
809 2124 970 2198 exhibuit
989 2124 1232 2218 dilectionem,
1251 2126 1436 2223 sicutipse
1453 2124 1526 2195 ait¹
1545 2149 1553 2193 ε
1577 2153 1594 2192 α
1611 2124 1782 2221 Majorem
1804 2125 1873 2197 hac
1889 2124 2049 2199 dilectio·

456 2268 555 2337 nem,
573 2260 689 2336 etc.,»
707 2260 747 2316 ut
763 2270 830 2343 pro
856 2261 979 2317 nostra
1004 2260 1204 2319 moreretur
1221 2244 1361 2317 salute?
1378 2268 1420 2316 ac
1440 2244 1471 2314 si
1491 2242 1649 2316 diceret:
1671 2248 1765 2316 Non.
1794 2275 1812 2311 α
1832 2251 1909 2319 lmo
1934 2247 2009 2343 qui.
2027 2275 2046 2316 u

455 2363 565 2449 Quasi
582 2363 763 2460 corrigens
778 2364 877 2462 quod
894 2363 1043 2455 dixerat,
1065 2392 1084 2433 a
1095 2364 1159 2462 qui
1176 2378 1340 2435 mortuus
1357 2376 1423 2455 est,
1438 2388 1457 2429 a
1475 2361 1577 2458 quod
1591 2375 1644 2433 est
1665 2360 1894 2456 infirmitatis,
1918 2390 2049 2466 suppo·

456 2481 578 2554 nendo
605 2482 875 2555 resurrectionis
897 2481 1047 2577 gloriam
1070 2483 1106 2553 in
1131 2483 1210 2581 ipso
1231 2481 1336 2554 nobis
1359 2480 1573 2574 exhibitam,
1597 2495 1705 2579 atque
1725 2479 1950 2580 promissam,
1971 2508 2047 2580 quae

456 2626 522 2672 nos
546 2602 583 2673 in
610 2604 711 2674 omni
732 2599 962 2674 tribulatione
984 2603 1138 2673 maxime
1155 2601 1376 2690 consolatur,
1397 2616 1433 2672 et
1453 2601 1628 2698 quoniam
1651 2604 1866 2676 resurrectio
1890 2606 2047 2677 nonnul-

454 2719 574 2791 lorum
604 2721 667 2793 luit
694 2722 823 2793 iterum
847 2735 1075 2792 mortuorum
1099 2721 1192 2791 sicut
1208 2720 1343 2811 Lazari,
1370 2732 1410 2790 ut
1427 2719 1534 2792 etlam
1550 2718 1789 2818 reproborum
1807 2723 1872 2793 erit
1890 2721 1937 2793 ad
1960 2723 2045 2795 sini·

454 2854 564 2912 stram
589 2838 940 2928 constituendorum,
959 2835 1100 2909 subdit:
1123 2865 1141 2905 a
1153 2837 1225 2925 Qui
1247 2836 1364 2909 estad
1385 2835 1569 2910 dexteram
1584 2840 1664 2932 Dei,
1679 2870 1697 2906 s
1716 2838 1754 2912 id
1771 2855 1824 2912 est
1845 2841 2045 2914 secundum
2132 2911 2138 2922 ,

454 2959 569 3056 ipsam
589 2959 851 3032 humanitatem
872 2958 1130 3047 resuscitatam,
1154 2957 1190 3028 in
1207 2970 1339 3029 aetema
1354 2956 1575 3032 beatitudine
1592 2972 1806 3059 perseverat,
1825 2960 1877 3032 ibi
1901 2987 2047 3062 quoque

453 3103 529 3150 non
555 3082 745 3154 immemor
769 3093 899 3153 nostrae
920 3078 1055 3167 salutis,
1085 3075 1149 3149 ubi
1176 3091 1346 3174 tanquam
1370 3077 1564 3151 advocatus
1590 3083 1730 3152 Patrem
1755 3081 1954 3181 interpellat
1979 3108 2045 3182 pro

454 3197 577 3288 nobis,
607 3200 735 3298 ipsam,
754 3198 920 3271 videlicet
937 3198 974 3268 in
992 3221 1066 3293 quo
1084 3210 1184 3268 tanta
1199 3221 1267 3295 pro
1291 3194 1396 3269 nobis
1414 3220 1542 3296 passus
1562 3212 1632 3286 est,
1651 3198 1912 3274 humanitatem
1933 3203 2047 3275 oculis

453 3317 565 3389 Patris
592 3344 733 3418 semper
758 3314 1030 3419 praesentando,
1061 3329 1096 3388 et
1126 3316 1178 3387 sic
1201 3339 1268 3387 nos
1295 3316 1328 3388 ei
1355 3330 1528 3414 tanquam
1557 3317 1735 3390 mediator
1761 3321 2042 3396 reconciliando.

454 3436 658 3537 Interpellat
672 3438 791 3535 igitur,
807 3451 847 3509 ut
863 3435 1000 3507 dictum
1021 3449 1094 3526 est,
1113 3448 1283 3531 tanquam
1295 3435 1389 3507 inter
1406 3460 1473 3507 nos
1487 3450 1522 3507 et
1538 3440 1655 3508 Deum
1671 3437 1811 3510 medius
1825 3441 2043 3531 intercedat,

453 3580 518 3653 per
533 3557 660 3656 ipsam,
679 3572 719 3629 ut
732 3556 867 3629 dictum
887 3568 952 3645 est,
971 3567 1102 3626 nostrae
1117 3567 1252 3626 naturae
1268 3555 1515 3628 substantiam.
1532 3557 1682 3628 Sanctos
1698 3552 1807 3630 etiam
1823 3560 1920 3658 ipsos
1935 3562 2045 3635 inter·

454 3674 581 3747 cedere
598 3689 634 3746 et
651 3699 755 3748 orare
770 3699 838 3773 pro
855 3672 961 3745 nobis
978 3673 1131 3744 dicimus
1144 3672 1275 3744 aflectu
1290 3674 1410 3773 potius
1426 3675 1581 3747 caritatis
1594 3675 1652 3749 vel
1669 3678 1881 3751 meritorum
1896 3706 2043 3754 suorum

452 3790 638 3890 suffragiis,
653 3816 762 3890 quam
777 3792 979 3891 prolatione
992 3790 1101 3861 vocis.
1119 3787 1224 3860 Unde
1239 3803 1274 3860 et
1290 3815 1375 3862 cum
1391 3792 1566 3865 dicimus:
1589 3797 1748 3870 «Sancte
1767 3802 1881 3887 Petre,
1896 3825 1959 3873 ora
1975 3826 2043 3900 pro

339 3908 345 3925 ’
452 3896 571 4002 nobis,
589 3941 606 3976 a
618 3912 687 3984 tale
698 3926 751 3983 est
762 3935 804 3983 ac
815 3911 845 3982 si
860 3909 1035 4000 dicamus,
1049 3936 1068 3976 ι(
1082 3907 1248 3979 Miserere
1264 3909 1390 4002 nostri,
1410 3913 1520 4003 Dens,
1538 3928 1685 4013 propter
1703 3916 1827 3989 merita
1845 3924 1884 3991 B.
1903 3921 2040 3993 Petri.»

503 4059 522 4097 n
535 4031 624 4117 Quis
640 4055 726 4131 ergo
741 4054 821 4102 nos.
839 4058 856 4097 a
873 4024 1179 4124 Quandoquidem
1193 4026 1299 4099 tantis
1311 4027 1494 4101 beneficiis
1510 4043 1645 4106 tantam
1663 4034 1769 4108 nobis
1785 4036 1933 4133 gratiam
1947 4043 2044 4113 Deus

451 4147 626 4241 exhibuit,
648 4164 684 4224 et
705 4149 740 4221 in
760 4149 876 4247 seipso
892 4145 1132 4236 confirmavit,
1156 4170 1235 4243 quae
1251 4169 1309 4218 res
1332 4170 1400 4219 nos
1420 4149 1566 4222 ulterius
1583 4154 1715 4250 poterit
1730 4155 1881 4228 avellere
1901 4158 1948 4230 ab
1968 4161 2044 4257 ejus

450 4265 666 4341 dilectione?
681 4272 728 4340 hc
743 4268 773 4339 si
789 4265 945 4339 diceret:
960 4264 1077 4338 Nulla.
1100 4268 1213 4362 Atque
1230 4263 1269 4335 id
1286 4267 1404 4337 statim
1420 4269 1635 4368 comprobat
1651 4298 1718 4371 per
1733 4298 1775 4347 ea
1791 4300 1870 4371 quae
1889 4279 2041 4351 maxime

448 4386 616 4459 videntur
641 4412 746 4488 posse
762 4387 927 4458 homines
944 4409 964 4457 a
981 4387 1058 4457 Deo
1076 4398 1249 4457 avertere.
1269 4388 1319 4457 Ac
1341 4388 1460 4484 primo
1477 4387 1523 4460 de
1546 4389 1704 4464 adversis
1722 4395 1773 4467 sic
1793 4398 1864 4468 ait:
1887 4396 2041 4471 «Tribu-

449 4505 648 4580 laetoriae
670 4507 699 4577 si
715 4505 873 4577 diceret:
894 4506 987 4575 Non.
1007 4502 1203 4575 Tribulatio
1227 4502 1358 4576 dicitur
1384 4531 1607 4604 quaecunque
1632 4515 1794 4611 corporis
1819 4514 1963 4590 afflictio
1986 4520 2040 4591 vel

449 4623 669 4717 verberati03
692 4623 868 4720 angustia,
889 4622 1019 4694 mentis
1038 4623 1210 4715 anxietas,
1233 4638 1274 4694 ut
1294 4638 1433 4718 metus;
1457 4630 1677 4725 persecutio,
1697 4630 1743 4703 de
1759 4632 1840 4706 loco
1856 4635 1903 4711 ad
1918 4634 2040 4711 locum

447 4744 655 4845 propulsio;
675 4742 887 4844 periculum,
908 4742 1035 4814 mortis
1054 4756 1265 4841 apparatus3
1285 4742 1435 4842 gladius,
1457 4747 1534 4844 ipsa
1555 4772 1666 4824 mors.
1688 4781 1707 4819 α
1720 4752 1818 4826 Sicut
1834 4756 2037 4855 scriptum»

446 4866 483 4937 in
500 4866 646 4937 Psalmo
661 4866 768 4937 xmn'
787 4889 795 4933 ε
813 4886 855 4935 ac
871 4862 900 4934 si
915 4860 1071 4935 diceret:
1093 4862 1224 4959 Utique
1241 4888 1367 4937 verum
1384 4881 1435 4938 est
1452 4866 1552 4964 qnod
1570 4869 1660 4942 nihil
1676 4871 1809 4947 horum
1825 4880 1956 4973 poterit
1971 4904 2039 4952 nos

476 5138 549 5190 'llate
559 5140 672 5193 Amboes.
685 5143 736 5191 Ant
747 5141 772 5191 ri
783 5140 861 5191 etiam
873 5144 935 5190 esset
944 5142 1076 5191 munder
1086 5139 1161 5204 quir,
1172 5138 1201 5189 tn
1210 5144 1310 5204 notua,
1321 5148 1369 5194 etc.
1378 5166 1409 5180 -·
1420 5142 1575 5209 ’lm=r.,cap.
1583 5159 1622 5209 xv,
1630 5160 1653 5197 r.
1668 5150 1705 5200 n.
1714 5151 1760 5188 -³
1769 5147 1868 5201 Pectat.
1880 5162 1949 5212 run,
1958 5164 1981 5203 r.
1994 5154 2037 5202 22.
