4559 6100
630 575 823 649 ΕΡΙΤΟΜΕ
848 575 1120 648 THEOLOGlAE
1143 576 1431 650 CHRlS'l'lANAE.
1751 578 1823 649 579

231 752 325 794 sunm
341 729 417 793 dare
433 729 564 809 maluit,
582 750 679 816 quam
691 728 725 791 in
739 725 803 791 alio
813 741 914 816 potu,
931 727 1006 815 quia
1021 749 1080 816 per
1099 728 1212 792 nuum
1221 728 1333 792 laetitia
1347 724 1552 817 significauit.
1566 726 1662 795 Unde
1681 729 1823 797 :Vitium

232 824 370 891 laetificat
390 848 446 890 cor
461 824 612 889 hominis.
631 824 694 889 Per
709 823 772 888 boc
791 846 920 911 quoque
940 840 1050 914 aperte
1067 824 1226 900 ostendit,
1246 822 1502 889 inmtimahilem
1518 823 1661 890 laetitiam
1674 848 1733 914 per
1747 849 1823 915 pas·

232 924 356 987 sionem
373 945 463 987 suam
474 921 624 987 Ecclesiae
640 920 823 1002 affiaturam,
838 944 934 1008 quam
946 921 1065 1001 Sancti,
1083 922 1225 1009 quiante
1241 921 1415 988 adventum
1428 944 1523 987 suum
1538 921 1679 1003 fuerunt,
1692 922 1824 993 minime

232 1020 425 1102 habuerunt,
447 1020 522 1107 quia
537 1018 707 1083 moriendo
728 1042 794 1084 non
809 1020 988 1084 transibant
1008 1017 1177 1095 advitam,
1195 1018 1262 1084 imo
1278 1019 1312 1084 in
1328 1018 1455 1083 inferno
1473 1017 1711 1085 detinebantur.
1728 1017 1826 1084 Unde

232 1138 292 1180 nec
313 1137 426 1181 eorum
446 1116 591 1181 natalitia
606 1118 641 1181 in
657 1116 788 1181 ecclesia
810 1115 1026 1182 recursum.
1052 1117 1101 1181 De
1123 1138 1207 1204 aqua
1227 1139 1294 1181 non
1315 1115 1467 1206 legimus,
1485 1116 1575 1206 quod
1596 1116 1828 1183 Cluisttuhuic

230 1229 430 1278 sacramento
447 1212 619 1278 addiderit.
639 1215 703 1278 Cnr
718 1214 815 1304 igitur
823 1213 899 1278 vino
917 1212 1130 1279 admisceam?
1144 1212 1210 1279 Sed
1220 1212 1368 1289 dicimus,
1387 1212 1476 1302 quod
1491 1237 1550 1303 per
1560 1235 1676 1302 aquam
1689 1211 1827 1302 populus

231 1311 375 1398 gentium
392 1309 587 1400 designatur.
606 1310 703 1376 Unde
719 1334 810 1400 aquae
826 1311 936 1376 multae
949 1310 1062 1401 populi
1079 1310 1189 1393 multi3
1208 1326 1246 1376 ut
1260 1312 1348 1376 enim
1363 1333 1490 1400 semper
1505 1311 1540 1375 in
1555 1309 1647 1379 fluxu
1659 1326 1693 1376 et
1707 1310 1740 1374 in
1755 1333 1828 1379 mo-

231 1405 355 1472 bilitate
371 1430 472 1495 aqua,
496 1408 540 1472 ita
555 1408 693 1498 populus
709 1408 763 1473 ille
782 1409 817 1472 in
833 1407 921 1473 fluxu
941 1409 1044 1473 caruis
1060 1422 1093 1473 et
1111 1408 1317 1474 instabilitate
1337 1406 1479 1497 quadam
1503 1406 1717 1474 detinebatur.
1741 1407 1827 1474 Nam

232 1502 320 1567 nullo
343 1503 423 1593 legis
450 1503 502 1569 vel
524 1505 757 1594 Prophetarum
775 1507 853 1595 jugo
874 1505 1076 1584 refrenatis,
1097 1529 1157 1595 per
1178 1505 1269 1571 lucos
1290 1521 1323 1570 et
1345 1527 1416 1570 aras
1444 1505 1629 1571 daemonum
1649 1504 1726 1570 hinc
1749 1504 1826 1573 inde

231 1601 429 1689 raptabatur.
448 1604 530 1666 Cum
544 1602 640 1691 igitur
655 1618 730 1667 ante
744 1619 882 1668 mortem
899 1603 1014 1668 Christi
1030 1603 1168 1694 populus
1183 1604 1242 1669 iste
1257 1604 1290 1667 in
1305 1603 1481 1668 Ecclesiam
1496 1625 1563 1666 non
1578 1603 1743 1681 intrasset,
1758 1625 1826 1668 nou

230 1714 299 1761 erat
321 1700 531 1780 conveniens,
548 1698 637 1787 quod
661 1723 760 1788 aqua,
784 1725 857 1790 quae
877 1702 1030 1792 gaudium
1047 1702 1089 1768 de
1110 1704 1177 1787 ejus
1197 1700 1331 1765 introitu
1352 1700 1519 1790 exprimit,
1538 1698 1721 1765 adderetur.
1744 1701 1826 1767 Cum

229 1816 308 1859 vero
321 1812 432 1884 postea
450 1798 601 1879 intraret,
621 1796 761 1863 Ecclesia
777 1797 818 1864 de
834 1800 1052 1884 ejiciamini
1071 1816 1104 1864 et
1123 1800 1275 1865 societate
1295 1796 1450 1889 gaudens,
1468 1820 1585 1885 aquam
1601 1795 1760 1882 adjunxit.
1778 1798 1827 1863 De

231 1891 386 1958 baccone
406 1892 479 1975 illa,
498 1914 569 1980 quae
585 1894 632 1958 ibi
646 1913 796 1984 apparet,
816 1896 935 1985 ambigi
950 1896 1111 1976 similiter,
1130 1919 1173 1960 an
1188 1896 1293 1985 ipsum
1310 1917 1426 1983 corpus
1441 1895 1572 1973 Christi,
1591 1894 1672 1959 sicut
1689 1916 1763 1959 vere
1779 1908 1827 1961 est

230 1986 287 2067 ibi,
310 1991 355 2053 ita
379 1991 413 2054 in
433 1992 569 2056 veritate
590 1991 765 2081 frangatur.
789 1992 853 2058 Sed
874 1991 1029 2074 dicimus,
1050 1991 1139 2081 quod
1160 1994 1241 2058 sicut
1259 2015 1327 2058 esse
1343 1992 1472 2058 videtur
1492 1992 1596 2081 panis,
1621 2007 1653 2056 et
1676 2014 1743 2057 uon
1766 2006 1824 2071 est,

230 2083 356 2151 videtur
371 2108 500 2175 quoque
517 2088 629 2153 vinum
638 2111 718 2168 esse,
732 2112 806 2153 cnm
821 2105 930 2154 tamen
945 2091 1056 2154 vinum
1070 2113 1134 2154 non
1147 2092 1188 2155 sit
1201 2113 1209 2154 ε
1223 2090 1268 2154 sic
1279 2088 1406 2154 videtur
1417 2088 1533 2179 frangi,
1550 2111 1625 2153 cum
1636 2088 1828 2155 fractionem

230 2181 350 2245 nullam
367 2183 500 2272 recipiat
523 2184 706 2273 nullamque
729 2188 867 2275 partium
888 2187 1063 2253 sectionem
1080 2187 1243 2276 suscipiat.
1259 2187 1328 2252 Nec
1341 2203 1391 2252 est
1404 2201 1535 2275 propter
1550 2186 1614 2250 hoc
1628 2186 1827 2274 phantastim

228 2279 309 2342 visio
330 2278 403 2360 illa,
427 2281 504 2368 quia
525 2304 593 2345 non
615 2283 721 2347 estad
738 2284 962 2373 deceptionem
978 2284 1029 2349 vel
1049 2283 1125 2349 fidei
1148 2307 1307 2364 emonem,
1327 2283 1385 2349 sed
1406 2282 1596 2348 sacramenti
1616 2281 1827 2347 commenda*

230 2376 363 2441 tionem.
382 2376 447 2442 Sed
462 2400 534 2441 mun
553 2377 595 2443 de
611 2379 766 2446 fractione
781 2380 848 2459 illa,
865 2399 937 2460 quae
953 2380 990 2446 fit
1004 2382 1038 2445 in
1055 2382 1159 2463 altari,
1177 2380 1269 2446 facile
1289 2381 1330 2446 sit
1349 2380 1553 2470 responderi,
1564 2378 1617 2445 ‚dc
1635 2379 1706 2459 illa,
1730 2402 1827 2467 quam

229 2473 371 2538 Christus
386 2474 461 2539 fecit
475 2476 508 2539 in
525 2499 627 2555 coena,
645 2474 685 2541 de
700 2501 763 2566 qua
778 2480 979 2568 Evangelista
998 2503 1006 2543 ι
1026 2480 1134 2568 Fregit
1150 2495 1183 2543 et
1200 2478 1300 2543 dabat
1317 2476 1480 2567 discipulis
1494 2477 1570 2556 suis,
1587 2498 1685 2564 grave
1700 2474 1828 2542 videtur

231 2566 408 2651 absolvere,
427 2595 469 2636 an
484 2573 605 2637 scilicet
617 2574 652 2637 in
668 2575 803 2639 veritate
816 2597 933 2665 corpus
947 2599 1040 2641 suum
1055 2576 1187 2664 fregerit
1202 2590 1235 2641 et
1249 2598 1307 2667 per
1317 2591 1424 2665 partes
1432 2573 1577 2640 'divisum
1589 2573 1749 2663 discipulis
1762 2574 1827 2639 suis

230 2667 410 2733 tradiderit.
439 2669 496 2733 Ad
517 2670 607 2758 qnod
632 2671 781 2758 equidem
810 2673 1072 2762 respondendum
1097 2673 1238 2754 videtin,
1265 2673 1354 2763 quod
1376 2688 1480 2737 totum
1509 2674 1669 2761 integrum
1694 2687 1727 2736 et
1750 2693 1826 2760 per·

229 2763 360 2847 lectum,
378 2765 459 2830 sicut
477 2766 517 2832 de
532 2767 666 2857 Virgine
677 2768 834 2851 traduxit,
850 2772 895 2834 ita
908 2771 1079 2858 unicnique
1094 2770 1323 2859 discipulorum
1338 2785 1448 2834 totum
1460 2786 1494 2834 et
1505 2770 1668 2859 integrum
1681 2766 1826 2834 tradidit.

227 2861 280 2925 Sic
296 2862 393 2927 etiam
405 2864 439 2927 in
456 2862 548 2927 altari
561 2865 603 2929 ab
615 2887 811 2956 unoquoque
823 2866 966 2933 fidelium
979 2868 1144 2957 recipitur.
1158 2868 1257 2950 Quod
1268 2883 1376 2933 autem
1391 2867 1472 2932 dixit
1482 2865 1684 2957 Evangelista
1699 2889 1707 2931 ι
1722 2866 1830 2957 Fregit

229 2973 262 3021 et
278 2958 369 3024 dedit
388 2959 550 3051 discipulis
566 2963 649 3044 suis,
666 2963 710 3027 sic
726 2986 802 3030 sanc
818 2964 1060 3056 intelligendum
1076 2965 1190 3054 liquet,
1209 2965 1320 3057 fregit,
1338 2964 1372 3030 id
1388 2981 1453 3047 est,
1468 2963 1637 3044 revelavit,
1657 2978 1689 3028 et
1705 2964 1830 3054 aperuit

230 3056 408 3146 discipulis,
433 3060 512 3147 quid
533 3062 597 3124 hoc
622 3079 856 3128 sacramentum
879 3063 1081 3153 significaret,
1107 3065 1197 3152 qu'od
1221 3064 1374 3129 videlicet
1391 3086 1507 3152 corpus
1527 3061 1713 3142 ecclesiam,
1740 3062 1829 3150 quod

228 3156 355 3243 sanguis
370 3155 563 3221 hilaritatem
579 3157 666 3222 illam
683 3182 779 3246 quam
797 3160 929 3225 ecclesia
945 3160 986 3226 de
1002 3162 1051 3225 sui
1068 3162 1271 3227 redemtione
1285 3162 1386 3225 habet
1400 3161 1563 3249 figruaret.
1581 3157 1678 3223 Unde
1694 3159 1749 3247 qui
1765 3160 1828 3223 hoc

229 3254 398 3341 ignorant,
421 3276 489 3317 non
513 3254 659 3332 bactrum
683 3256 717 3320 id
733 3273 790 3339 est,
819 3281 886 3322 non
903 3258 1079 3323 revelatum
1098 3257 1275 3323 secundum
1298 3259 1346 3322 sui
1364 3256 1629 3347 significationem
1654 3256 1824 3344 accipiunt.

229 3349 327 3431 Quod
344 3364 451 3413 autem
467 3350 512 3415 sic
527 3374 604 3415 sane
615 3368 648 3416 et
659 3354 887 3418 convenienter
898 3356 1016 3444 exponi
1032 3355 1143 3444 possit,
1158 3355 1336 3419 Hieremias
1351 3351 1489 3418 ostendit
1504 3376 1513 3417 t
1527 3351 1656 3416 Parvuli
1666 3352 1828 3441 petierunt

228 3468 359 3532 panem,
378 3461 410 3511 ct
425 3470 493 3511 non
510 3462 579 3512 erat
594 3449 649 3537 qui
665 3450 827 3540 frangeret
840 3452 898 3516 eis.
916 3452 1012 3517 Panis
1027 3452 1086 3517 iste
1097 3453 1252 3541 scriptura
1268 3467 1327 3530 est,
1344 3473 1442 3539 quem
1452 3471 1584 3539 panem,
1601 3447 1637 3513 id
1653 3464 1712 3530 est,
1730 3470 1827 3536 quam

228 3543 417 3632 scripturam
442 3544 567 3633 parvuli
588 3545 705 3610 infirmi
728 3563 803 3613 ante
824 3546 999 3613 adventum
1021 3549 1137 3614 Christi
1159 3549 1219 3613 sibi
1240 3548 1356 3637 frangi,
1381 3546 1496 3623 idest,
1521 3547 1637 3635 aperiri
1661 3561 1693 3609 et
1708 3546 1828 3634 exponi

228 3639 394 3726 petebant,
414 3656 446 3705 et
463 3664 529 3705 non
545 3657 614 3706 erat
623 3644 678 3730 qui
693 3643 854 3734 frangeret
868 3646 926 3724 eis,
945 3645 1049 3710 donec
1060 3648 1184 3710 veniret
1198 3645 1352 3724 Christus,
1369 3644 1424 3732 qui
1436 3644 1573 3733 aperiret
1589 3642 1633 3707 eis
1644 3641 1824 3731 scripturas.

228 3735 323 3800 Unde
331 3736 470 3802 loannes
481 3739 516 3801 in
533 3738 715 3829 apocalypsi
728 3765 735 3806 :
747 3743 788 3806 Et
802 3766 898 3808 nemo
910 3758 1036 3832 poterat
1047 3744 1169 3832 aperire
1181 3742 1299 3806 librum
1311 3757 1344 3806 ct
1355 3740 1479 3806 solvere
1488 3739 1650 3830 signacula
1663 3739 1744 3822 ejus,
1760 3755 1823 3805 etc.

229 3833 270 3896 Et
284 3833 368 3898 bene
386 3832 500 3899 dicitur
515 3835 670 3925 scriptura
685 3839 789 3928 panis,
808 3840 883 3929 quia
899 3861 938 3903 ea
953 3856 989 3903 ut
1004 3840 1078 3904 cibo
1095 3839 1228 3929 spiritali
1243 3839 1378 3903 interior
1391 3839 1506 3917 homo,
1521 3837 1601 3901 sicut
1617 3850 1650 3900 et
1666 3836 1826 3925 corporali

230 3930 381 4010 exterior,
401 3930 541 3997 reficitur
557 3949 589 3997 et
604 3950 807 4000 sustentatur.
827 3936 907 4019 Quae
925 3936 1121 4025 frangenda,
1139 3935 1248 4016 idest,
1266 3934 1459 4025 exponenda
1476 3950 1534 4012 est,
1554 3933 1641 4022 quia,
1659 3931 1739 3997 sicut
1755 3933 1826 3998 duri

229 4027 319 4115 panis
343 4044 448 4093 crusta
473 4028 651 4118 frangenda
675 4048 765 4112 sunt,
791 4048 827 4096 ut
849 4032 891 4098 ad
915 4032 1088 4098 medullam
1111 4049 1144 4097 et
1166 4033 1300 4115 micam,
1318 4056 1390 4121 quse
1405 4033 1491 4096 intus
1505 4047 1564 4108 est,
1582 4030 1765 4112 veniamus,
1783 4030 1827 4094 sic

229 4139 336 4189 cortex
354 4141 387 4189 et
403 4142 482 4191 testa
502 4125 603 4191 literae
620 4127 796 4217 frangenda
813 4145 871 4213 est,
889 4130 999 4211 idest,
1017 4132 1113 4196 series
1128 4129 1229 4195 literae
1246 4125 1458 4219 exponenda,
1476 4144 1512 4192 ut
1528 4126 1569 4192 ad
1587 4125 1775 4209 medullam,
1792 4126 1827 4192 id

230 4235 288 4298 est,
306 4219 348 4284 ad
365 4221 549 4288 interiorem
566 4246 692 4289 sensum
708 4227 818 4291 venire
835 4225 1008 4291 valeamus.

273 4315 361 4383 Solet
378 4343 506 4408 quoque
523 4322 636 4409 quaeri,
653 4345 751 4409 quare
767 4322 935 4413 discipulis
945 4325 1049 4413 ipsum
1064 4324 1210 4401 tradidit,
1227 4323 1376 4415 passibile
1391 4323 1539 4388 videlicet
1556 4346 1597 4386 an
1616 4320 1822 4412 impassibile.

232 4410 281 4477 Ad
295 4413 383 4501 quod
400 4414 546 4499 dicimus,
567 4418 655 4506 quod
673 4418 713 4484 de
731 4421 918 4487 auctoritate
930 4423 994 4487 hoc
1011 4421 1182 4487 diffinitum
1202 4446 1269 4486 non
1285 4421 1451 4485 habemus.
1470 4420 1642 4484 Possumus
1658 4434 1766 4483 tamen
1784 4420 1825 4484 de

226 4511 291 4572 hoc
309 4534 416 4577 secure
433 4511 646 4604 respondere,
668 4515 756 4604 quod
779 4517 869 4584 dedit
885 4520 948 4585 tale
965 4520 1058 4608 quale
1075 4520 1188 4585 voluit.
1207 4520 1239 4583 Si
1260 4520 1347 4583 enim
1363 4516 1464 4581 voluit
1480 4517 1525 4582 eis
1546 4518 1672 4582 tradere
1689 4517 1825 4581 immor-

228 4603 304 4684 tale,
322 4606 405 4673 bcne
421 4609 551 4698 quidem
567 4615 600 4678 iu
615 4612 672 4678 illo
687 4628 832 4703 tempore
848 4615 1134 4706 impassibilitatem
1151 4616 1200 4682 sui
1216 4615 1324 4705 potuit
1339 4637 1512 4690 assumere,
1529 4615 1610 4680 sicut
1626 4614 1707 4678 etin
1723 4619 1825 4677 morte'

227 4701 425 4772 claritateac
445 4708 519 4772 vitas
543 4709 731 4775 immortalis
750 4713 940 4777 venustavit.
965 4712 996 4776 Si
1019 4730 1125 4777 antem
1147 4711 1283 4777 voluerit
1306 4710 1383 4777 dare
1403 4710 1551 4802 passibile
1572 4726 1605 4776 et
1629 4711 1692 4773 hoc
1716 4707 1825 4796 utique

229 4801 343 4889 potuit,
361 4802 404 4867 ita
422 4820 543 4884 tamen,
559 4806 647 4896 quod
663 4830 737 4872 cum
756 4831 868 4873 eorum
886 4809 1039 4874 dentibus
1055 4826 1256 4889 attereretur,
1275 4808 1354 4873 nihil
1371 4808 1447 4873 inde
1464 4810 1595 4873 sentiret
1610 4801 1751 4892 nihilque
1768 4801 1825 4868 de-

228 4897 374 4963 fectionis
393 4902 426 4964 in
448 4926 482 4967 sc
499 4921 670 4968 assumeret
690 4928 697 4969 :
716 4906 796 4971 sicut
816 4906 913 4970 etiam
934 4906 1030 4971 beato
1046 4904 1219 4972 Vincentio
1235 4905 1334 4970 talem
1349 4906 1495 4995 corporis
1507 4901 1699 4968 soliditatem
1717 4897 1823 4981 dedit,

229 4993 317 5081 quod
341 5020 453 5085 parum
476 4999 517 5065 de
538 5001 599 5065 illis
625 5003 809 5083 tormentis,
827 5027 899 5092 quaa
916 5005 946 5068 ei
962 5003 1194 5083 inserebantur,
1222 5005 1331 5069 sensit.
1357 5003 1390 5067 Si
1416 5003 1503 5066 enim
1528 4999 1655 5089 aliquis,
1682 4997 1824 5086 quinon

229 5091 363 5158 baberet
385 5095 533 5161 eamdem
550 5098 616 5162 aim
633 5099 667 5162 in
684 5121 818 5189 corpore
834 5124 910 5183 suo,
932 5116 1057 5166 tantum
1075 5100 1233 5167 decimam
1250 5116 1373 5189 partem
1394 5097 1520 5163 illarum
1535 5117 1702 5186 poenarum
1717 5117 1825 5160 susce·
