4559 6100
481 532 527 601 80
1076 525 1198 599 PETRI
1223 525 1452 599 nasutum

488 709 505 746 u
525 680 626 769 dam,
649 705 667 743 s
691 691 727 749 et
747 677 816 774 ipsi
832 675 994 747 sciebant
1017 675 1105 771 quid
1132 675 1346 748 dicerent.»
1377 681 1490 747 Item:
1522 673 1754 763 «Quomodo
1775 673 1952 772 sapienter
1977 678 2063 746 l³ro⁴

480 796 610 895 phetae,
629 793 677 868 ad
697 795 808 866 instar
823 792 1015 865 brutorum
1030 795 1254 886 animalium,
1272 796 1359 891 quid
1376 793 1549 884 dicerent,
1568 791 1807 888 ignorabant?
1828 823 1843 856 a
1861 792 1953 863 Hinc
1968 808 2021 866 est
2033 808 2068 865 et

480 914 570 987 illud
585 914 763 1010 origenis,
779 911 975 1010 Epistolam
990 910 1090 983 Pauli
1107 912 1153 984 ad
1169 916 1350 984 Romanos
1371 915 1607 1011 exponentis:
1626 940 1643 978 u
1659 909 1865 983 Secundum
1882 910 2067 983 revelatio·

480 1057 565 1104 nem
579 1032 737 1128 mysterii
747 1032 887 1103 aeternis
900 1030 1123 1127 temporibus
1137 1032 1247 1124 taciti,
1258 1045 1326 1103 etc.
1344 1030 1414 1102 Sed
1430 1029 1688 1128 requirendum
1702 1043 1755 1100 est
1770 1042 1889 1100 utrum
1901 1027 1938 1100 id
1949 1028 2065 1101 dicam

482 1151 518 1221 in
532 1149 672 1223 silentio
684 1148 865 1241 habiturn,
877 1165 917 1220 ut
930 1149 1081 1222 omnino
1092 1149 1212 1223 nullus
1222 1150 1421 1245 agnoverit,
1436 1172 1555 1247 neque
1568 1149 1636 1246 ipsi
1648 1146 1794 1244 quidem
1808 1148 1869 1245 qui
1878 1148 2068 1222 annuntia·

481 1268 568 1342 bant
583 1269 783 1369 Prophetae.
804 1268 891 1340 Mihi
907 1268 1055 1365 quidem
1070 1267 1174 1341 valde
1188 1267 1383 1341 absurdum
1400 1267 1555 1356 videtur,
1575 1279 1613 1339 ut
1633 1266 1794 1338 dicamus
1809 1265 2004 1364 Prophetas
2020 1269 2068 1339 ita

481 1379 646 1479 scripisse
661 1377 708 1451 de
721 1378 952 1452 sacramentis
968 1377 1111 1467 divinis,
1126 1393 1168 1450 ut
1182 1403 1256 1451 non
1267 1378 1505 1451 intellexerint
1519 1401 1597 1476 qoae
1606 1376 1786 1469 dicebant,
1798 1399 1882 1448 cum
1889 1377 2070 1475 Scriptura

482 1496 577 1571 dicat
597 1525 606 1567 ε
629 1528 647 1566 u
667 1498 815 1596 Sapiens
840 1495 1003 1593 intelligit
1025 1521 1104 1594 quae
1125 1495 1174 1570 de
1190 1522 1253 1570 ore
1267 1499 1343 1595 ejus
1358 1484 1575 1596 procedunt,
1594 1508 1630 1567 et
1650 1496 1686 1566 in
1705 1482 1808 1567 labiis
1830 1509 1950 1594 portat
1966 1495 2069 1569 intel·

485 1648 502 1682 «
516 1617 661 1690 lectum.
684 1645 702 1686 n
721 1617 758 1688 Si
774 1638 860 1690 vero
874 1640 949 1688 non
961 1614 1201 1688 intellexerint
1213 1640 1292 1713 quae
1305 1614 1352 1690 de
1366 1641 1429 1689 ore
1442 1617 1592 1715 proprio
1609 1613 1851 1713 proterebant,
1870 1637 1945 1687 non
1967 1629 2069 1689 erant

481 1736 675 1834 sapientes.
691 1734 795 1809 Unde
809 1736 839 1807 si
854 1735 1000 1807 stultum
1017 1748 1071 1807 est
1088 1734 1284 1833 Prophetas
1301 1759 1430 1832 negare
1447 1734 1624 1835 sapientes
1640 1732 1760 1827 luisse,
1786 1747 1894 1806 restat
1910 1748 1949 1805 ut
1967 1734 2069 1806 intel·

483 1854 634 1928 lexerint
649 1879 729 1953 quae
744 1852 986 1953 proferebant.
1015 1853 1144 1926 Paulus
1160 1851 1246 1926 dicit
1266 1854 1462 1927 audivisse¹
1480 1883 1498 1923 a
1515 1853 1624 1927 verba
1645 1878 1724 1951 quae
1738 1852 1911 1926 nonlicet
1928 1850 2069 1925 homini

487 2002 504 2042 a
518 1974 635 2072 loqui,
651 2003 668 2040 s
687 1997 762 2045 non
779 1972 879 2070 quod
896 1974 973 2070 ipse
988 1974 1130 2070 ignoret
1145 1971 1248 2072 quod
1262 1972 1430 2068 audierit,
1448 1972 1512 2047 sed
1528 1971 1627 2071 quod
1643 1971 1721 2045 aliis
1738 1970 1896 2072 pandere
1912 1996 1991 2068 quae
2002 1970 2069 2044 sibi

484 2105 568 2164 suut
586 2090 753 2182 iudicata,
768 2114 843 2163 non
860 2091 993 2164 liceret.
1009 2097 1059 2164 lta
1074 2116 1160 2191 ergo
1176 2107 1294 2192 potest
1308 2106 1344 2166 et
1358 2092 1523 2165 hocloco
1535 2091 1672 2163 dictum
1682 2089 1796 2163 videri
1811 2104 2070 2165 sacramentum
2150 2111 2162 2123 ·

484 2210 520 2280 in
538 2210 679 2283 silentio
696 2208 873 2302 habitum,
891 2210 994 2310 quod
1010 2211 1141 2284 scirent
1158 2210 1307 2310 quidem
1323 2209 1522 2308 Prophetae,
1538 2207 1601 2282 sed
1616 2208 1824 2281 bominibus
1841 2207 1879 2281 id
1898 2224 1951 2283 est
1962 2210 2071 2308 vulgo

484 2352 558 2400 non
576 2328 892 2420 manifestaverint,
913 2327 976 2400 sed
995 2330 1160 2422 texerint,
1179 2331 1375 2403 secundum
1389 2344 1606 2428 praeceptum
1624 2330 1703 2419 Dei,
1725 2353 1912 2428 usquequo
1929 2344 2071 2428 tempus

483 2442 636 2531 adesset,
654 2457 690 2516 et
706 2441 865 2515 Verbum
882 2465 966 2514 caro
984 2441 1098 2515 fieret.
1115 2445 1215 2517 Adeo
1227 2468 1374 2542 quoque
1387 2467 1610 2542 quecunque
1619 2442 1869 2542 praedicantur,
1888 2446 1937 2517 ita
1951 2443 2022 2516 dici
2033 2460 2071 2516 ut

483 2560 629 2657 intelligi
644 2563 785 2660 possint
810 2560 1002 2660 Apostolus
1021 2561 1136 2660 jubet,
1160 2576 1200 2634 ut
1225 2565 1376 2635 omnino
1401 2588 1423 2635 a
1449 2560 1699 2662 praedicatione
1723 2562 1980 2661 quiescendum
1996 2588 2072 2637 esse

484 2684 678 2782 precipiat,
698 2686 728 2755 si
743 2685 781 2755 io
800 2683 858 2755 his
873 2708 953 2774 quae
968 2684 1196 2783 praedicanda
1210 2701 1295 2757 sunt
1308 2684 1401 2759 desit
1411 2687 1474 2783 qui
1489 2686 1706 2785 prophetare
1724 2685 1849 2777 valeat,
1870 2684 1942 2759 hoc
1960 2703 2013 2760 est
2028 2712 2071 2761 ea

418 2816 420 2819 ’
485 2825 564 2898 quae
577 2800 746 2874 dicuntur
761 2824 954 2900 exponere,
972 2815 1007 2874 et
1023 2825 1152 2876 eorum
1167 2803 1435 2902 intelligentiam
1452 2805 1602 2904 aperire.
1625 2804 1728 2877 Unde
1751 2805 1824 2903 ipse
1841 2829 1910 2877 nos
1933 2804 1981 2877 ad
1998 2807 2070 2904 spi-

485 2920 667 2992 ritualium
680 2918 861 2992 donorum
877 2919 1097 2995 desiderium
1110 2920 1305 2996 exhortans
1318 2924 1353 2995 in
1368 2924 1485 3024 prima
1499 2922 1546 2997 ad
1560 2923 1763 2997 Corinthios
1773 2923 1928 3023 Epistola
1938 2925 2045 2998 dicit⁸
2060 2954 2067 2996 :

488 3037 754 3112 «AEmulamini
777 3041 988 3141 spiritualia,
1003 3041 1115 3143 magis
1140 3058 1261 3119 autem
1287 3061 1327 3119 ut
1344 3044 1578 3148 prophetetis,
1597 3077 1615 3113 n
1641 3044 1713 3119 hoc
1734 3059 1788 3119 est
1811 3069 1919 3145 super
1946 3061 2072 3120 caetera

485 3157 637 3253 Spiritus
653 3162 766 3232 sancti
782 3159 893 3256 dona,
908 3162 979 3235 boc
998 3165 1152 3238 maxime
1167 3165 1380 3260 desiderate,
1392 3180 1432 3241 ut
1444 3191 1525 3266 quae
1536 3165 1655 3265 lingua
1675 3166 1916 3267 proferuntur,
1930 3163 2002 3237 hoc
2019 3181 2073 3236 est

485 3275 521 3346 in
539 3276 656 3351 verbis
671 3293 814 3371 sonant,
834 3303 899 3380 per
915 3281 1185 3381 intelligentiam
1201 3283 1315 3357 rideri
1334 3284 1482 3379 faciatis,
1499 3299 1535 3358 et
1550 3309 1729 3384 exponere
1747 3285 1903 3384 posside.
1915 3285 2009 3372 Quia
2021 3300 2073 3358 et·

484 3396 581 3466 enim
599 3396 786 3495 Prophetae
802 3429 820 3467 «ι
835 3398 998 3474 videntes
1015 3432 1032 3467 t>
1049 3403 1248 3501 antiquitus
1264 3402 1488 3492 dicebantur,
1513 3403 1682 3477 hocloco
1709 3403 1896 3502 Apostolus
1916 3403 2072 3503 prophe·

483 3528 559 3586 tare
574 3513 672 3608 dicit,
695 3517 810 3588 visum
822 3518 1060 3616 intelligentiae
1074 3521 1289 3595 ministrare.
1312 3553 1329 3590 n
1356 3524 1428 3612 Qui
1443 3523 1552 3595 etiam
1568 3523 1686 3596 statim
1701 3544 1924 3622 prosequens
1938 3538 2073 3621 quanta

484 3632 530 3702 sit
547 3632 681 3705 utilitas
693 3634 948 3732 prophetandi,
961 3651 1116 3733 etquam
1133 3637 1364 3712 excellentius
1390 3642 1434 3712 sit
1452 3639 1668 3739 prophetare
1694 3665 1804 3739 quam
1827 3638 1926 3738 loqui
1952 3640 2074 3738 lingua

485 3750 576 3841 sola,
601 3749 639 3822 id
655 3765 709 3824 est
722 3751 831 3823 verba
854 3777 1033 3852 exponere
1058 3759 1170 3853 magis
1191 3782 1301 3855 quam
1327 3758 1506 3832 formare:
1530 3791 1548 3826 (ι
1567 3762 1637 3849 Qui
1653 3763 1749 3833 enim
1762 3761 1922 3858 loquitur
1936 3757 2071 3858 lingua,

484 3869 614 3964 inquit,
633 3893 709 3941 non
726 3869 935 3944 hominihus
947 3871 1120 3969 loquitur,
1135 3875 1198 3948 sed
1217 3880 1308 3949 Deo.
1322 3909 1339 3944 r
1356 3882 1470 3952 Nemo
1488 3882 1584 3953 enim
1601 3879 1714 3970 audit,
1732 3879 1805 3952 hoe
1823 3894 1876 3953 est
1894 3879 2070 3978 intelligit.

484 3991 604 4074 Quem
631 3989 737 4061 etiam
763 3988 926 4062 auditum
951 3994 1128 4067 Dominus
1159 3996 1309 4093 requirit
1332 3998 1500 4070 diceos⁸:
1522 4030 1540 4066 u
1556 4001 1626 4088 Qui
1648 3998 1756 4072 habet
1779 4023 1882 4071 aures
1904 3997 2074 4072 audiendi

486 4103 619 4181 audiat.
641 4135 659 4174 u
688 4112 775 4181 ltem
798 4109 985 4207 Apostolus
1006 4110 1053 4184 de
1079 4112 1230 4187 utilitate
1255 4115 1510 4215 prophetandi,
1535 4117 1727 4215 subjecit⁸z
1749 4123 1874 4190 «Nam
1901 4119 1965 4216 qui
1988 4141 2075 4216 pro·

487 4222 610 4321 phetat
621 4224 841 4319 hominibus,
857 4226 1015 4326 loquitur
1024 4230 1072 4304 ad
1080 4231 1396 4307 aedificationem»)
1418 4239 1459 4306 Et
1472 4236 1639 4309 iterum⁸z
1657 4267 1675 4302 α
1687 4239 1758 4326 Qui
1771 4236 2072 4335 loquiturlingua,

485 4347 712 4444 semetipsum
728 4345 896 4440 aedificat3
918 4351 982 4447 qui
1006 4366 1127 4425 autem
1152 4353 1345 4452 prophetat
1362 4354 1556 4430 Ecclesiam
1572 4355 1736 4430 aedificat.
1756 4360 1850 4431 Volo
1872 4370 1991 4429 autem
2009 4379 2075 4426 vos

485 4486 611 4535 omnes
623 4462 724 4562 loqui
730 4464 871 4563 linguis,
881 4469 994 4565 magis
1008 4483 1129 4542 autem
1143 4471 1371 4571 prophetare.
1388 4478 1476 4545 Nam
1486 4475 1600 4572 major
1608 4489 1662 4548 est
1672 4477 1736 4574 qui
1749 4475 1952 4577 prophetat,
1962 4497 2075 4572 quam

485 4582 547 4678 qui
566 4581 726 4681 loquitur
745 4584 886 4683 linguis,
903 4587 970 4659 nisi
992 4586 1084 4662 sorte
1111 4590 1363 4690 interpretetur
1380 4605 1420 4664 ut
1440 4595 1596 4668 Ecclesia
1614 4592 1887 4671 aedificationem
1909 4592 2073 4692 accipiat.

486 4702 731 4795 Nunc'autem,
751 4703 888 4796 iratres,
905 4706 934 4777 si
950 4729 1085 4781 venero
1100 4709 1149 4781 ad
1165 4733 1230 4782 ros
1245 4709 1375 4809 linguis
1390 4710 1552 4809 loquens,
1569 4712 1659 4812 quid
1672 4712 1775 4786 vohis
1792 4711 1976 4812 prodero?
1988 4742 2006 4779 a
2021 4714 2076 4783 De

517 5011 761 5146 :lllbtcssotistlpzttap
773 5027 818 5079 zu,
830 5027 852 5068 r.
869 5020 893 5071 t.
904 5042 933 5056 -
944 5017 971 5067 ²1
984 5018 1113 5082 conatu,
1125 5032 1180 5083 cap.
1191 5034 1243 5084 nr,
1255 5037 1279 5075 r.
1288 5022 1534 5087 adlaturam
1548 5039 1584 5087 rr,
1595 5039 1619 5077 r.
1631 5023 1871 5083 ts-ucouus,
1880 5035 1935 5086 erp.
1948 5036 1999 5082 xrr,
2012 5037 2036 5071 r.
2050 5025 2074 5075 t.

486 5116 514 5127 -
610 5106 653 5156 ,n
724 5106 763 5157 sq.
