4559 6100
768 553 1018 629 THEOLOGIA
1045 556 1319 636 cnutsnlttta.
1772 560 1844 633 379

242 699 442 776 secuudum
458 701 585 776 eisecta
605 727 755 803 operum
777 729 927 778 suorum
945 705 1065 781 dicere
1090 707 1261 800 solemus,
1281 706 1393 780 modo
1418 706 1617 780 secundum
1643 709 1843 783 naturalem

242 819 412 896 bonitatis
430 848 503 896 suae
515 823 696 916 allectum,
717 850 828 924 quem
844 827 880 898 iu
895 827 1012 926 seipso
1032 827 1079 900 ab
1092 844 1226 901 aeteruo
1247 828 1384 922 habuit,
1409 829 1501 901 sicut
1522 827 1843 929 diligentiuspost·

242 941 393 1015 modum
418 943 689 1041 distinguemus.
719 949 821 1017 Nunc
848 961 968 1019 autem
992 947 1053 1021 illa
1080 948 1239 1022 Platonis
1264 948 1373 1024 verba
1395 946 1441 1020 de
1470 948 1589 1020 anima
1612 948 1739 1019 mundi
1761 950 1843 1022 dili·

242 1077 365 1161 genter
390 1063 636 1157 discutiamus,
668 1080 708 1138 ut
734 1067 771 1138 in
799 1067 849 1138 eis
870 1068 1041 1168 Spiritum
1064 1084 1228 1141 sanctum
1253 1068 1481 1165 integerrime
1509 1066 1736 1164 designatum
1763 1092 1842 1141 esse

243 1203 492 1276 agnoscamus.
506 1182 601 1254 Dicit
618 1183 737 1281 itaque
750 1181 843 1255 hanc
855 1201 938 1257 ante
955 1185 1084 1258 mundi
1102 1186 1399 1259 constitutionem
1414 1185 1543 1260 iactam
1557 1186 1631 1257 sive
1644 1186 1801 1280 genitam
1820 1209 1840 1256 a

240 1304 319 1373 Deo
341 1325 430 1394 esse,
456 1304 493 1374 in
515 1328 590 1401 quo
612 1303 764 1402 Spiritus
785 1308 898 1378 sancti
916 1321 1129 1405 perpetuam
1152 1309 1435 1407 processionem,
1465 1329 1535 1403 qua
1561 1329 1603 1377 er
1629 1308 1707 1376 Deo
1735 1310 1838 1378 Patre

241 1434 306 1514 est,
336 1421 455 1515 nobis,
482 1424 521 1494 ni
545 1423 661 1517 sallor,
686 1425 854 1498 insinuat.
885 1426 1010 1498 Solent
1032 1427 1168 1525 quippe
1193 1426 1402 1526 philosophi
1428 1426 1560 1498 sactum
1590 1449 1632 1496 ex
1659 1429 1738 1496 Deo
1762 1424 1835 1497 sive

241 1543 401 1638 genitum
424 1544 543 1617 dicere
566 1569 675 1618 omne
692 1547 792 1643 quod
810 1571 830 1619 a
850 1551 928 1620 Deo
949 1547 1060 1621 habet
1075 1573 1166 1620 esse.
1192 1547 1295 1621 Unde
1318 1562 1354 1620 et
1367 1552 1516 1619 Hermes
1531 1546 1695 1644 superius
1711 1545 1838 1617 Filium

241 1661 306 1734 nei
332 1663 464 1736 lactum
485 1690 507 1738 a
527 1670 603 1738 Deo
620 1667 721 1759 dixit,
740 1690 809 1765 pro
831 1666 903 1740 hoc
919 1667 1019 1765 quod
1034 1668 1080 1740 ab
1101 1670 1181 1768 ipso
1195 1668 1305 1741 habet
1324 1693 1400 1740 esse
1422 1682 1606 1764 tamquam
1628 1666 1839 1738 aeternaliter

241 1783 393 1878 genitus,
411 1809 486 1856 nou
506 1779 752 1885 temporaliter
768 1788 815 1860 ab
833 1789 911 1886 ipso
930 1788 1042 1861 factus
1065 1804 1126 1861 aut
1148 1803 1299 1862 creatus.
1323 1788 1422 1860 Plato
1446 1812 1593 1884 quoque
1610 1809 1718 1857 omne
1738 1785 1838 1880 quod

240 1925 262 1973 a
276 1906 353 1974 Deo
369 1928 446 1976 esse
458 1905 566 1977 hahet
582 1908 743 2002 genitum
764 1931 808 1979 ex
822 1910 900 2008 ipso
918 1908 1017 2001 dicit,
1038 1934 1114 1981 nou
1138 1924 1259 1981 tamen
1277 1933 1387 1980 omne
1404 1905 1505 2005 quod
1521 1930 1542 1979 a
1558 1910 1637 1977 Deo
1654 1919 1706 1977 est
1724 1904 1837 1977 filium

239 2022 315 2117 ejus
340 2047 429 2112 esse,
458 2025 555 2097 velut
576 2028 695 2125 ipsum
718 2027 896 2100 mundum
922 2044 958 2101 et
981 2044 1098 2102 cetera
1121 2032 1198 2127 ejus
1222 2054 1344 2128 opera.
1371 2030 1424 2100 Ait
1449 2041 1570 2099 autem
1592 2026 1655 2114 sic,
1683 2050 1766 2096 cum
1793 2024 1839 2096 de

240 2142 378 2214 mundo
396 2160 501 2217 autea
524 2146 667 2219 locutus
684 2148 729 2219 ad
747 2149 904 2220 animam
922 2149 1050 2221 mundi
1073 2150 1309 2248 pervenisset¹
1327 2176 1335 2219 z
1363 2179 1380 2213 ιι
1393 2152 1466 2220 Nec
1484 2161 1626 2237 tamen,
1645 2146 1773 2241 inquit,
1793 2170 1837 2217 eo

240 2284 312 2355 quo
336 2287 403 2334 nos
427 2263 473 2334 ad
495 2290 649 2363 praeseus
670 2265 853 2364 loquimur
869 2268 998 2341 ordine
1015 2285 1135 2340 ortum
1159 2270 1288 2341 animae
1307 2273 1404 2340 Deus
1427 2267 1566 2352 annuit,
1582 2266 1837 2362 junioremque

239 2403 281 2451 ac
297 2383 535 2478 posteriorem
557 2386 771 2484 corporibus
792 2412 872 2460 eam
900 2389 993 2460 lecit.
1018 2393 1142 2485 Neque
1159 2390 1256 2460 enim
1275 2387 1425 2459 decebat
1451 2410 1529 2457 rem
1549 2385 1791 2481 antiquiorem
1816 2409 1836 2456 a

238 2503 441 2597 postgenita
459 2506 533 2600 regi
542 2510 565 2577 ¹.
583 2536 600 2571 >a
620 2510 733 2580 ltemz
756 2535 774 2576 u
787 2512 884 2580 Deus
896 2523 970 2581 tam
987 2509 1196 2607 antiquitate
1208 2531 1316 2606 quam
1328 2504 1519 2579 virtutibus
1535 2506 1661 2604 praeire
1678 2505 1835 2577 animam

238 2634 373 2692 naturae
394 2627 558 2722 corporis
576 2626 698 2722 jussit;
720 2625 979 2726 dominamque
1001 2652 1081 2701 eam
1097 2641 1133 2699 et
1149 2628 1337 2726 principali
1354 2627 1436 2725 jure
1456 2625 1569 2697 voluit
1590 2649 1667 2697 esse
1686 2625 1781 2696 circa
1798 2625 1837 2695 id

238 2741 338 2837 quod
360 2757 564 2817 tueretur.»
585 2750 624 2817 ln
648 2772 721 2845 quo
742 2749 850 2821 etiam
872 2747 1074 2820 notandum
1094 2763 1148 2820 est
1171 2748 1273 2846 quod
1293 2748 1381 2820 dum
1403 2770 1484 2819 eam
1500 2770 1650 2845 praeesse
1670 2745 1833 2842 regimini

238 2860 364 2932 mundi
386 2877 426 2934 ut
449 2863 637 2939 dominam
660 2867 759 2957 dicit,
788 2866 951 2966 profecto
968 2891 1049 2939 eam
1066 2869 1168 2939 omni
1189 2867 1330 2966 praelert
1350 2880 1533 2957 creaturae,
1558 2878 1594 2940 et
1615 2869 1733 2936 Deum
1759 2888 1836 2936 esse

236 2984 383 3076 astruit,
412 3009 495 3057 cum
523 2986 759 3084 postmodum
785 2989 840 3060 his
868 2986 986 3062 verbis
1010 2990 1167 3062 animam
1192 2987 1319 3062 mundi
1346 2987 1488 3062 vocavit
1509 3014 1517 3059 :
1542 3017 1560 3054 r
1576 2990 1654 3058 Hoc
1682 2984 1771 3057 dixit
1800 2999 1836 3056 et

237 3100 384 3175 demum
394 3104 561 3202 reliquias
579 3109 707 3204 prioris
720 3110 973 3200 concretionis,
985 3133 1026 3181 ex
1041 3133 1113 3206 qua
1126 3109 1254 3181 mundi
1268 3109 1424 3180 animam
1436 3107 1725 3198 commiscuerat,
1740 3118 1834 3176 cto.»

237 3226 333 3296 Beue
356 3238 476 3296 autem
502 3225 674 3322 Spiritum
695 3242 858 3299 sanctum
875 3229 1032 3300 animam
1049 3227 1175 3299 mundi
1193 3227 1295 3325 quasi
1312 3227 1423 3298 vitam
1442 3224 1681 3297 universitatis
1700 3225 1833 3321 posuit,

234 3364 319 3412 curn
341 3343 377 3413 in
394 3342 556 3416 bonitate
576 3347 641 3416 Dei
661 3347 783 3417 omnia
800 3345 1073 3444 quodammodo
1090 3347 1210 3417 vivere
1226 3343 1394 3435 habeant,
1414 3359 1450 3416 et
1466 3344 1632 3415 universa
1649 3356 1834 3437 tamquam

234 3461 315 3532 viva
330 3462 401 3533 siut
419 3463 515 3561 apud
537 3469 665 3556 Deum,
685 3480 720 3537 et
736 3465 833 3537 nulla
852 3480 1006 3557 mortua,
1023 3464 1095 3536 hoc
1109 3479 1162 3536 est
1178 3463 1276 3536 nulla
1294 3463 1444 3554 inutilia,
1464 3486 1533 3535 nec
1550 3462 1627 3560 ipsa
1644 3458 1737 3532 mala
1753 3483 1835 3556 quae

234 3580 344 3653 etiam
361 3584 496 3680 optimc
512 3608 576 3680 per
592 3583 789 3657 bonitatem
806 3586 916 3683 ipsius
933 3584 1190 3683 disponuntur,
1205 3584 1306 3680 juxta
1321 3582 1421 3682 quod
1440 3596 1511 3653 tam
1528 3579 1624 3679 apud
1641 3579 1834 3674 Evangeli—

234 3711 339 3791 stam,
364 3724 473 3797 quam
489 3702 586 3799 apud
612 3703 814 3776 Platonicos
830 3705 1003 3801 scriptum
1025 3728 1101 3776 esse
1124 3704 1383 3793 meminimus⁸,
1405 3701 1538 3800 «quod
1563 3700 1696 3772 lactum
1719 3711 1773 3771 est
1795 3699 1833 3770 in

235 3819 314 3917 ipso
337 3821 410 3893 vita
431 3838 519 3909 erat,
534 3852 552 3891 u
572 3845 614 3895 ac
631 3825 661 3895 si
679 3838 802 3922 aperte
824 3824 977 3917 dicatur,
999 3824 1123 3897 omnia
1141 3825 1387 3922 temporaliter
1403 3823 1493 3895 lacta
1516 3844 1581 3920 per
1604 3821 1736 3918 ipsum,
1760 3816 1833 3889 hoc

233 3953 288 4011 cst
303 3965 368 4037 per
388 3941 503 4039 ipsam
519 3944 586 4014 Dei
602 3943 804 4016 bonitatem
819 3944 978 4031 condita,
1000 3945 1038 4016 in
1062 3946 1139 4041 ipsa
1155 3944 1221 4017 Dei
1243 3943 1404 4016 bonitate
1420 3939 1694 4040 quodammodo
1711 3962 1834 4038 peren·

234 4059 327 4132 niter
350 4059 540 4155 vivebant,
568 4087 651 4135 cum
673 4063 772 4163 apud
799 4063 961 4137 divinam
987 4064 1254 4164 providentiam
1283 4063 1406 4135 omnia
1430 4061 1478 4134 ab
1504 4076 1639 4133 aeterno
1664 4083 1730 4157 per
1757 4064 1834 4156 ejus

233 4179 430 4254 bonitatem
451 4183 588 4281 optime
613 4199 731 4256 essent
749 4184 928 4279 ordinata,
953 4200 992 4258 ut
1006 4202 1080 4258 tam
1102 4185 1195 4258 bene
1219 4184 1359 4281 singula
1380 4181 1577 4281 procedere
1593 4178 1700 4252 vellet
1716 4201 1834 4276 quan-

233 4314 309 4373 tum
338 4317 532 4401 oporteret.
567 4306 658 4377 Huic
685 4330 760 4377 non
789 4307 987 4404 incongrue
1019 4305 1109 4378 illud
1136 4304 1297 4403 Apostoli
1320 4327 1523 4376 consonare
1548 4300 1705 4392 videtur,
1732 4296 1834 4395 quod

233 4426 399 4524 perhibet
420 4428 721 4529 philosophorum
740 4431 918 4527 quosdam
936 4430 1078 4523 dixisse,
1101 4428 1203 4528 quod
1223 4432 1260 4502 in
1283 4431 1381 4501 Deo⁸
1403 4428 1600 4516 «vivimus,
1627 4446 1830 4513 movemur,

233 4560 269 4618 et
291 4571 432 4638 sumus,
451 4577 470 4615 u
491 4573 534 4622 ac
557 4551 587 4621 si
611 4550 707 4624 hanc
732 4552 890 4626 animam
916 4550 1041 4623 mundi
1065 4552 1184 4650 ipsum
1208 4549 1447 4647 intelligerent
1470 4553 1600 4620 Deum.
1620 4543 1729 4634 Quod
1746 4565 1832 4616 vero

233 4665 320 4740 dicit
343 4671 462 4739 Deum
487 4670 705 4766 excogitasse
728 4673 872 4744 tertium
895 4671 1023 4742 animae
1046 4696 1172 4768 genus,
1200 4667 1302 4767 quod
1324 4670 1482 4741 animam
1513 4665 1640 4740 mundi
1663 4664 1830 4748 dicimus,

233 4791 304 4864 tale
324 4807 379 4865 est
403 4795 496 4866 acsi
518 4797 799 4868 tertiamaDeo
825 4812 861 4868 et
887 4802 966 4895 Noy
991 4819 1183 4895 personam
1204 4807 1340 4866 astruat
1366 4817 1442 4865 esse
1468 4792 1638 4891 Spiritum
1664 4802 1828 4861 sanctum

233 4911 270 4981 in
291 4911 352 4985 illa
370 4913 544 5011 spirituali
561 4914 682 4987 divina
700 4915 912 4990 substantia.
936 4917 1146 5015 Excogitare
1169 4913 1302 4988 dicitur
1321 4919 1431 5006 Deus,
1450 4912 1522 4986 hoc
1547 4925 1600 4986 est
1623 4934 1665 4984 ex
1692 4910 1831 5005 integro

273 5185 315 5237 'In
328 5185 430 5239 Timar.
451 5214 481 5227 -
496 5186 545 5239 ¹lu
555 5189 628 5240 editts
640 5189 694 5241 nt.
706 5182 847 5255 -rtm,
858 5202 912 5253 rap.
925 5202 945 5254 r,
954 5202 978 5240 r.
990 5193 1016 5242 a.
1029 5212 1060 5228 -
1078 5189 1155 5241 tart.
1167 5189 1267 5254 Amet,
1284 5199 1340 5252 rap.
1358 5198 1419 5252 xm,
1431 5198 1455 5237 r.
1465 5188 1492 5237 ⁸.
1525 5236 1527 5243 ,
