4559 6100
177 110 250 198 gari
264 111 479 200 conspiceres3
495 126 533 181 ut
548 108 641 175 facile
656 105 791 197 quilibet
801 106 961 194 judicaret
983 108 1055 175 illos
1074 131 1142 174 non
1159 109 1284 174 Christo
1298 123 1374 173 vota
1390 106 1588 198 persolvere,
1615 105 1673 172 sed
1691 109 1774 173 Bac-

178 224 256 291 cho.
276 226 364 291 Inter
377 227 448 291 haec
462 225 639 291 salutantur
652 225 761 314 cyphi,
778 224 894 314 pocula
909 222 1122 305 celebrantur,
1140 223 1311 289 laudantur
1327 224 1418 304 vina,
1443 220 1628 312 pontificum
1648 238 1776 312 guttura

179 343 363 435 irrigantur.
381 344 473 412 Tunc
488 344 600 435 aliquis
615 344 794 410 Horatiano
808 343 873 410 sale
888 343 999 410 ludere
1015 343 1138 434 posset¹
1161 367 1170 409 ι

501 540 628 615 Nullam,
645 544 732 617 Varo,
746 560 827 601 sacra
841 540 900 600 vite
913 541 995 620 prius
1010 542 1120 601 severis
1133 539 1279 602 arborem.

177 722 264 789 Nam
280 721 372 806 illud,
390 723 480 813 quod
494 725 584 791 idem
599 740 695 815 poeta
711 726 746 790 in
763 723 825 790 alio
842 725 983 791 carmine
1000 724 1157 814 promit²,

503 927 587 984 Nunc
600 936 643 983 est
656 921 825 997 bibendum,
839 942 918 983 nnnc
930 921 1004 1002 pede
1016 921 1109 983 libero

498 1015 643 1077 Pulsanda
657 1017 791 1076 tellus...

174 1201 224 1265 ibi
250 1203 436 1268 memoriter
469 1204 650 1293 gerebatur.
678 1202 808 1286 Quanto
841 1202 997 1268 salubrius
1031 1200 1195 1268 audiretur
1223 1202 1325 1268 suavis
1348 1218 1452 1292 poetae
1481 1200 1587 1268 Galli¹
1621 1204 1775 1267 sententia

175 1317 347 1388 luculentis
364 1321 542 1388 admodum
557 1321 702 1389 versibus
716 1322 857 1414 vigilata.
876 1323 931 1387 Ait
946 1323 1054 1388 enim:

500 1537 574 1597 Vina
586 1535 691 1618 probo,
704 1537 729 1598 si
743 1548 811 1616 pota
823 1537 922 1614 modo,
938 1535 1102 1616 debentque
1116 1538 1245 1618 probari.

581 1632 612 1693 si
627 1650 687 1691 non
701 1643 770 1711 pota
783 1631 883 1707 modo,
898 1631 965 1691 vina
979 1651 1091 1692 venena
1106 1645 1188 1711 puto.

175 1814 242 1882 Sed
259 1815 365 1881 lethaei
379 1816 469 1893 potio
482 1816 567 1884 succi
582 1816 771 1908 pontificum
787 1817 886 1883 corda
898 1819 965 1904 jam
982 1816 1161 1907 sepelierat.
1179 1817 1274 1894 Ecce,
1295 1816 1398 1906 inquit
1415 1817 1608 1907 Satyricus‘,

506 2070 744 2090 .........
771 2033 851 2089 Inter
868 2029 973 2109 pocula
992 2040 1127 2108 quarunt

499 2121 652 2183 Pontifices
667 2122 758 2182 saturi
770 2121 841 2202 quid
854 2121 903 2182 dia
919 2135 1052 2202 poemata
1065 2132 1195 2183 narrent.

177 2334 324 2423 Denique
339 2356 414 2399 cum
438 2335 558 2424 ahquid
574 2335 690 2403 subtile
706 2337 915 2429 divinumque
930 2337 1077 2419 sonabat,
1094 2337 1184 2427 qnod
1200 2337 1328 2403 auribus
1343 2334 1578 2428 pontilicahbus
1597 2350 1666 2400 erat
1688 2336 1778 2400 inso-

176 2450 287 2531 litum,
314 2451 480 2518 audientes
500 2477 613 2521 omnes
636 2455 875 2522 dissecabantur
896 2457 1047 2524 cordibus
1063 2459 1138 2541 suis,
1164 2474 1196 2524 et
1212 2457 1390 2523 stridebant
1406 2455 1557 2521 dentibus
1574 2455 1608 2518 in
1629 2454 1775 2536 Petrum,

177 2587 211 2636 et
226 2570 336 2637 oculos
357 2572 452 2662 talpae
467 2574 624 2641 hahentes
640 2577 674 2641 in
690 2577 918 2669 philosophum
938 2601 946 2644 ι
965 2579 1053 2661 Hoc,
1078 2580 1245 2668 inquiunt,
1263 2578 1438 2643 sineremus
1454 2578 1561 2641 virere
1576 2574 1779 2639 monstrum?

177 2687 408 2779 Moventesque
433 2708 530 2782 caput
553 2695 643 2782 quasi
666 2692 789 2759 Judaei⁸
813 2718 821 2761 :
845 2726 858 2752 a
872 2696 964 2777 Vah,
987 2674 1152 2787 inquiunt,
1176 2712 1250 2762 ecce
1271 2697 1326 2786 qui
1348 2695 1481 2762 destruit
1496 2693 1652 2784 templum
1669 2694 1774 2758 Dei.»

177 2807 230 2872 Sic
247 2808 395 2895 judicant
410 2811 508 2878 verba
524 2812 654 2879 luminis
670 2814 765 2895 caeci,
788 2814 833 2879 sio
848 2817 953 2880 virum
969 2816 1114 2881 sobrium
1137 2815 1293 2881 damnant
1309 2816 1405 2896 ebrii,
1432 2816 1476 2881 sic
1491 2830 1603 2880 contra
1622 2835 1779 2904 organum

177 2926 340 2994 Trinitatis
356 2928 516 2997 disserunt
537 2930 650 2998 calices
666 2931 815 3016 facundi,
841 2934 885 3000 sic
904 2951 1016 3000 contra
1034 2935 1211 3027 simplicem
1228 2935 1391 3025 disputant
1413 2933 1556 3013 cornuti,
1575 2933 1619 2997 sic
1634 2947 1780 2997 sanctum

176 3068 284 3129 canes,
302 3047 347 3115 sic
363 3052 549 3142 margaritas
564 3054 656 3143 porci
671 3053 859 3121 corrodunt.
877 3054 928 3120 Sic
940 3054 987 3120 sal
1003 3071 1096 3121 terrae
1112 3053 1299 3121 infatuatur.
1318 3056 1369 3122 Sic
1385 3055 1462 3147 legis
1475 3052 1581 3120 fistula
1597 3050 1777 3118 obturatur.

176 3164 394 3232 Concionatur
413 3170 538 3259 sapiens
558 3168 642 3252 vir⁸,
665 3172 758 3256 «Qui
774 3174 882 3265 'tangit
902 3174 1008 3265 picem
1030 3173 1250 3265 inquinabitur
1266 3173 1306 3240 ab
1323 3198 1379 3241 ea:
1397 3206 1410 3233 υ
1430 3172 1519 3264 qnod
1541 3194 1600 3238 nos
1623 3170 1685 3235 alio
1704 3193 1779 3260 pos·

145 3281 149 3288 ’
176 3305 285 3350 sumus
308 3286 444 3353 reddere
466 3312 578 3372 versu,
605 3291 698 3375 «Qui
724 3293 826 3383 tangit
847 3293 960 3359 vinum
983 3294 1204 3384 inquinabitur
1228 3295 1270 3359 ab
1294 3318 1375 3362 eo.»
1403 3295 1532 3360 Biberat
1556 3294 1780 3383 episcoporum

175 3402 330 3470 sobrietas
354 3409 542 3499 sanguinem
565 3434 635 3476 uvoe
661 3413 928 3497 meracissimum,
953 3417 1042 3501 cujus
1068 3414 1285 3505 integritatem
1302 3438 1384 3506 aqua
1410 3437 1478 3483 non
1503 3413 1777 3505 devirginaverat,

176 3523 252 3610 quia
268 3525 446 3594 secundum
461 3528 657 3615 Martialem,

497 3736 614 3795 Grande
628 3735 714 3797 nimis
728 3738 821 3799 scelus
835 3752 878 3799 est
895 3759 1009 3800 sacrum
1023 3739 1158 3822 jugulare
1170 3741 1337 3814 falernum,

574 3833 634 3890 Nec
646 3832 775 3893 Bacchus
788 3834 928 3914 Lympha}
944 3835 1109 3916 conjugium
1123 3835 1257 3915 patirurt

175 4028 390 4120 impleverant
398 4036 549 4123 primates
565 4040 652 4107 orbis
663 4043 846 4136 philosophi
858 4048 993 4137 gutturis
1008 4045 1095 4112 dolia
1107 4070 1164 4113 sua
1178 4045 1285 4112 vivido
1296 4046 1385 4107 rino.
1397 4042 1493 4127 Cujus
1508 4039 1596 4107 calor
1612 4041 1657 4106 ita
1673 4041 1778 4106 inces-

175 4166 260 4215 serat
278 4154 436 4234 cerebris,
456 4157 542 4222 utin
557 4160 661 4223 somni
680 4160 845 4253 letargiam
867 4164 952 4227 oculi
973 4164 1119 4229 omnium
1134 4161 1345 4228 solverentur.
1363 4162 1451 4228 Inter
1465 4163 1535 4228 haec
1556 4177 1648 4227 sonat
1663 4159 1776 4248 lector,

215 4391 276 4456 ¹0d.
290 4403 311 4468 l,
325 4409 364 4458 ts.
376 4433 407 4444 —
421 4408 485 4461 'Oct
496 4406 516 4471 l,
529 4413 569 4462 ³7.
581 4413 633 4449 -⁸
651 4410 695 4464 tlte
708 4422 773 4465 terte
789 4416 906 4466 alludttur
918 4418 950 4467 ad
1004 4418 1109 4468 rlautur.
1120 4444 1152 4455 -
1165 4417 1283 4473 ‘Persius
1296 4418 1363 4480 Sat,
1375 4417 1401 4481 1,
1416 4430 1439 4468 r.
1452 4420 1493 4470 30.
1506 4443 1538 4455 -
1548 4415 1649 4481 ⁸liare,
1666 4431 1721 4482 cap·
1734 4430 1777 4478 ss,

178 4483 273 4537 Gallum
295 4494 393 4550 pectam
415 4501 489 4553 quem
502 4494 590 4543 metult
607 4492 733 4560 vrorum,
754 4498 868 4559 quamvls
884 4498 951 4549 allati
1004 4501 1083 4552 aab.
1097 4499 1313 4562 -·scrtt.‚up.
1328 4512 1386 4564 un,
1405 4514 1428 4550 v.
1450 4502 1473 4553 1.
1488 4498 1642 4551 -2Versus
1660 4502 1778 4566 prlorest

178 4577 262 4616 versus
274 4578 320 4619 nee
330 4568 356 4618 ln
371 4567 434 4620 Galli
445 4583 490 4622 nec
505 4573 532 4623 ln
543 4571 713 4627 Pseudo-Gall!
726 4576 867 4639 fragmentis
879 4591 950 4642 repe-
1003 4579 1132 4646 sturnus,
1145 4579 1166 4644 1,
1182 4584 1227 4642 193
1240 4582 1402 4644 posteriorem
1414 4581 1500 4633 nulllbl
1513 4582 1629 4632 rtdtmus.
