4559 6100
517 517 729 590 urrsrom
754 516 815 590 ln
840 515 1086 591 urrscoruu
1110 518 1411 604 elatustum.
1671 480 1758 594 'tn

195 669 422 761 convictam,
445 681 551 764 atque
580 668 727 764 insuper
745 666 850 739 exilio
867 667 1013 768 punita,
1032 667 1164 740 multas
1189 669 1226 740 in
1255 693 1313 741 me
1329 669 1566 742 contumelias
1590 674 1628 742 et
1648 675 1765 748 minas

194 789 384 880 evomuerit,
414 790 491 860 viso
517 786 694 886 opusculo
717 787 879 883 quodam
910 805 1034 860 nostro
1061 788 1109 861 de
1124 787 1207 869 ¹fide
1230 802 1359 861 sanctae
1386 789 1585 883 Trinitatis,
1613 795 1768 868 maxime

192 909 337 982 adversus
356 907 520 980 haeresim
540 904 739 1005 praefatam,
759 930 831 1003 qua
849 907 924 1005 ipse
942 906 1086 980 infamis
1103 923 1174 1001 est,
1192 909 1411 1007 conscripto.
1436 910 1644 983 Nuntiatum
1669 912 1770 985 insu-

193 1054 244 1127 per
260 1027 359 1100 nobis
381 1042 434 1100 est
450 1050 472 1098 a
487 1026 648 1124 quodam
664 1025 839 1125 discipulo
861 1040 1006 1117 nostro,
1028 1028 1088 1100 cui
1111 1027 1196 1100 inde
1219 1027 1361 1100 locutus
1384 1042 1456 1121 est,
1476 1030 1576 1128 quod
1593 1055 1659 1103 vos
1678 1047 1765 1104 tunc

191 1148 353 1222 absentem
373 1158 610 1246 exspectaret,
630 1158 671 1218 ut
684 1144 787 1218 vobis
805 1146 843 1218 in
864 1145 926 1218 illo
947 1147 1122 1246 opusculo
1138 1147 1314 1245 quasdam
1330 1148 1481 1222 haereses
1496 1174 1556 1222 me
1576 1151 1765 1224 inseruisse

191 1282 411 1342 monstraret:
432 1282 467 1339 et
491 1290 556 1338 vos
578 1290 725 1363 quoque
749 1279 876 1339 contra
904 1291 980 1357 me,
1003 1268 1094 1339 sicut
1116 1282 1153 1340 et
1178 1293 1304 1341 omnes
1326 1293 1418 1366 quos
1436 1269 1575 1359 nititur,
1597 1295 1767 1344 commo-

189 1402 279 1460 veret.
304 1386 413 1475 Quod
438 1388 469 1458 si
495 1386 545 1459 ita
571 1398 642 1475 est,
670 1398 710 1456 ut
738 1385 776 1457 in
801 1383 874 1456 hoc
895 1409 1042 1483 quoque
1063 1412 1163 1459 nunc
1189 1387 1248 1460 ille
1275 1390 1458 1486 persistat,
1486 1413 1677 1489 precamur
1701 1418 1766 1463 vos

188 1506 318 1606 atbletas
339 1505 504 1599 Domini,
526 1519 559 1576 et
580 1502 666 1576 fidei
687 1528 795 1576 sacrae
817 1503 1041 1595 defensores,
1064 1519 1104 1578 ut
1126 1520 1259 1579 statuto
1281 1492 1365 1580 loco
1387 1522 1423 1581 et
1446 1524 1610 1607 tempore
1633 1535 1766 1583 conve·

188 1626 284 1698 nienti
300 1640 410 1699 meet
426 1624 526 1697 illum
543 1625 769 1714 convocetis,
789 1638 824 1696 et
840 1648 964 1697 coram
983 1625 1177 1698 Catholicis
1190 1640 1226 1698 et
1241 1625 1402 1700 diseretis
1419 1628 1521 1719 viris,
1537 1652 1630 1725 quos
1646 1630 1766 1703 vobis·

186 1771 257 1818 cum
270 1745 502 1845 provideatis,
519 1769 598 1841 quae
617 1744 675 1816 ille
694 1744 887 1816 adversum
902 1770 961 1818 me
981 1745 1167 1819 absentem
1184 1746 1346 1819 mussitet
1364 1748 1569 1839 audiantur,
1587 1764 1624 1822 et
1638 1747 1767 1822 debitae

185 1866 382 1938 correctioni
404 1864 629 1962 subjaceant,
649 1863 704 1935 vel
722 1861 781 1936 ille
799 1863 845 1938 de
866 1866 956 1937 tanti
979 1866 1139 1938 criminis
1161 1866 1411 1965 impositione,
1438 1868 1495 1940 vel
1515 1892 1582 1966 ego
1603 1867 1649 1941 de
1670 1883 1767 1945 tanta

183 1985 348 2058 scribendi
365 1986 656 2085 praesumptione.
683 1989 821 2058 lnterea
839 1999 962 2057 autem
981 1990 1060 2058 Deo
1085 1986 1215 2081 gratias
1234 1985 1350 2059 refero
1370 1986 1470 2083 quod
1494 2012 1678 2061 summum
1701 1990 1767 2059 Dei

183 2107 353 2177 inimicum
374 2119 410 2177 et
430 2103 514 2176 fidei
533 2103 809 2192 labefactorem,
830 2105 867 2176 in
891 2103 963 2176 fide
984 2107 1208 2179 contrarium
1230 2107 1260 2178 si
1283 2107 1444 2205 periere,
1464 2120 1501 2179 et
1517 2132 1584 2206 pro
1602 2105 1674 2180 lide
1697 2133 1767 2203 qua

180 2241 316 2318 stamus,
334 2224 506 2297 dimicare
522 2221 742 2322 compellor;
766 2238 801 2297 et
819 2223 919 2321 quod
937 2249 1090 2297 numero
1111 2225 1293 2297 bonorum
1316 2224 1507 2297 hominum
1525 2226 1601 2323 jam
1622 2250 1697 2300 esse
1715 2230 1767 2299 vi·

179 2343 261 2415 deor
273 2369 316 2418 ex
332 2343 408 2441 ejus
422 2343 670 2437 infestatione,
689 2367 799 2440 quem
821 2342 907 2416 solis
923 2342 1033 2416 bonis
1047 2368 1189 2444 semper
1204 2356 1345 2416 constat
1362 2368 1439 2418 esse
1459 2344 1648 2439 infestum,
1666 2345 1768 2442 cujus

179 2478 245 2535 tam
261 2464 331 2536 vita
347 2489 457 2562 quam
469 2464 658 2564 disciplina
674 2464 844 2536 omnibus
857 2477 911 2535 est
927 2463 1127 2537 manifesta.
1148 2464 1215 2536 llic
1225 2477 1352 2537 contra
1369 2464 1550 2562 egregium
1564 2463 1666 2538 illum
1680 2489 1768 2564 prae·

175 2608 295 2657 eonem
309 2583 439 2656 Christi
453 2583 648 2657 liebertum
667 2582 870 2655 Arbrosello
884 2597 1137 2657 contumacem
1150 2608 1259 2656 ausus
1271 2598 1324 2657 est
1337 2584 1531 2684 Epistolam
1547 2583 1766 2683 confingere,

175 2720 209 2777 et
222 2719 346 2778 contra
359 2703 462 2777 illum
476 2702 706 2801 magnificum
724 2701 887 2776 Ecclesiae
897 2705 1094 2777 Ductorem
1111 2703 1320 2777 Anselmum
1337 2705 1629 2778 Cantuariensem
1647 2705 1770 2778 Archi-

171 2825 378 2923 episcopum
389 2823 482 2896 adeo
498 2849 564 2922 per
579 2823 816 2899 contumelias
833 2824 980 2910 exarsit,
998 2838 1037 2895 ut
1052 2822 1100 2896 ad
1115 2824 1209 2921 regis
1224 2824 1361 2922 Angliei
1382 2824 1572 2923 imperium
1584 2824 1631 2899 ab
1648 2825 1771 2921 buglis

172 2944 320 3040 turpiter
335 2944 527 3043 impudens
543 2945 620 3041 ejus
636 2944 864 3017 coutumacia
879 2944 924 3014 sit
940 2943 1072 3039 ejecta,
1090 2956 1128 3016 et
1144 2942 1203 3016 vix
1219 2959 1297 3015 tum
1314 2969 1399 3017 cum
1417 2948 1488 3017 vita
1505 2942 1667 3016 evaserit.
1690 2946 1771 3016 Vult

169 3086 253 3135 eum
262 3058 416 3134 inlamiae
427 3061 561 3134 habere
574 3065 801 3161 participem,
815 3080 853 3133 ut
864 3088 930 3160 per
942 3064 1126 3134 infamiam
1138 3061 1324 3134 bonorum
1340 3087 1441 3135 suam
1459 3061 1665 3135 consoletur
1679 3063 1736 3134 iul
1757 3108 1770 3121 ·

167 3184 293 3275 uriam,
314 3207 381 3255 nec
399 3182 468 3257 nisi
489 3182 630 3255 bonum
650 3181 746 3272 odit,
767 3181 831 3282 qui
846 3180 966 3255 bonus
982 3205 1059 3254 esse
1075 3206 1150 3253 non
1169 3183 1348 3255 sustinet:
1368 3183 1432 3280 qui
1454 3182 1504 3255 ob
1523 3183 1771 3282 intemperan-

166 3305 255 3377 tiam
281 3305 494 3401 arrogantiae
515 3328 608 3393 suae,
634 3300 681 3375 ab
704 3316 857 3399 utroque
880 3325 1010 3398 regno,
1036 3300 1073 3373 in
1095 3326 1170 3399 quo
1190 3316 1420 3375 conversatus
1442 3316 1511 3394 est,
1536 3317 1609 3376 tam
1631 3303 1771 3399 Anglo-

163 3449 249 3495 rum
272 3423 407 3497 scilicet
426 3445 537 3521 quam
558 3427 796 3515 Francorum,
823 3445 907 3493 cum
926 3444 1071 3493 summo
1094 3419 1274 3494 dedecore
1301 3420 1469 3521 expulsus
1488 3435 1559 3512 est,
1577 3436 1614 3493 et
1634 3423 1672 3497 in
1693 3423 1772 3522 ipsa

162 3546 270 3641 cujus
286 3543 429 3645 pudore
445 3542 642 3616 canonicus
659 3542 803 3634 dicitur,
821 3541 919 3616 beati
928 3541 1071 3614 Martini
1082 3541 1244 3632 ecclesia,
1263 3565 1338 3614 uon
1353 3565 1554 3640 nunquam,
1575 3556 1613 3614 ut
1623 3528 1736 3632 aiunt,
1751 3567 1771 3612 a

159 3666 353 3738 canonicis
369 3662 598 3755 verberatus,
623 3688 762 3736 morem
783 3662 930 3736 solitum
948 3661 1155 3735 servaverit.
1175 3663 1329 3735 Nomine
1345 3661 1531 3760 designare
1548 3663 1629 3760 quis
1645 3663 1711 3734 iste
1728 3664 1771 3733 sit

156 3807 476 3882 supervacaneum
493 3784 592 3877 duxi,
612 3807 721 3880 quem
738 3781 927 3880 singularis
944 3777 1092 3854 infamia
1107 3779 1328 3854 infidelitatis
1345 3795 1381 3854 et
1398 3782 1477 3855 vitae
1493 3782 1569 3879 ejus
1583 3780 1771 3880 singulari-

158 3918 215 3975 ter
227 3901 435 3975 notabilem
447 3899 542 3974 lacit.
554 3903 621 3974 Hic
636 3904 727 3975 sicut
742 3901 1112 4000 pseudo-Dialecticus
1124 3902 1219 3975 itaet
1230 3900 1622 3991 Pseudo-Christianus,
1638 3925 1723 3974 cum
1735 3901 1772 3972 in

154 4022 358 4095 dialectica
372 4046 436 4095 sua
449 4021 586 4095 nullam
602 4045 694 4112 rem,
713 4020 777 4094 sed
790 4022 905 4095 solam
921 4023 1066 4094 vocem¹
1083 4034 1203 4118 partes
1213 4019 1348 4095 babere
1363 4023 1529 4114 astruat²,
1549 4021 1597 4094 ita
1613 4019 1773 4093 divinam

150 4143 341 4239 paginam
359 4140 588 4242 impudenter
603 4142 793 4241 pervertit,
812 4156 853 4214 ut
870 4166 914 4213 eo
931 4140 1014 4213 loco
1035 4164 1109 4238 quo
1130 4140 1311 4212 Dominus
1332 4155 1471 4239 partem
1493 4141 1599 4239 piscis
1620 4140 1689 4213 assi
1709 4165 1772 4212 eo·

150 4260 343 4352 medisse,
362 4276 502 4360 partem
517 4260 626 4358 hujus
647 4261 746 4333 vocis
767 4285 847 4359 quae
871 4275 925 4334 est
941 4261 1049 4359 piscis
1063 4260 1152 4354 assi,
1172 4284 1248 4331 non
1266 4275 1406 4360 partem
1428 4260 1479 4331 rei
1496 4259 1692 4356 intelligere
1706 4285 1775 4331 co-

146 4393 285 4474 gatur.
302 4380 401 4464 Quid
416 4381 524 4477 igitur
541 4381 673 4452 mirum
682 4381 705 4470 ⁸,
724 4380 754 4452 si
766 4380 871 4478 isqui
887 4381 925 4452 in
937 4379 1069 4452 coelum
1085 4405 1128 4451 os
1143 4402 1281 4477 ponere
1297 4379 1497 4472 consuevit,
1511 4379 1549 4450 in
1564 4378 1667 4451 terris
1683 4377 1774 4448 insa-

145 4498 257 4590 niat;
288 4511 326 4568 et
343 4495 408 4593 qui
422 4500 620 4572 Dominum
636 4501 875 4598 persequitur,
894 4498 1066 4573 membris
1082 4499 1159 4596 ejus
1179 4497 1341 4594 deroget,
1360 4513 1397 4567 et
1415 4496 1552 4567 nemini
1571 4509 1696 4596 parcat
1712 4498 1774 4592 qui

143 4641 222 4690 nec
235 4616 321 4690 sibi
337 4639 483 4714 parcere
498 4615 639 4714 potest?
656 4615 793 4687 Valete.

178 4853 184 4879 ¹
196 4850 259 4900 stc.
283 4847 351 4899 cod
368 4845 429 4907 neg.
446 4846 498 4896 Sed
510 4845 593 4896 rotem
605 4858 692 4898 rocem
711 4846 800 4897 desunt
815 4845 841 4895 ln
856 4845 916 4896 edtt.
936 4844 1063 4896 tub-²
1073 4841 1124 4895 Stc.
1136 4842 1198 4896 cod.
1215 4843 1275 4904 lter.
1289 4843 1416 4894 AErtimat.
1430 4842 1622 4895 amb-³810.
1635 4843 1696 4895 cod.
1712 4843 1771 4907 neg.

139 4929 183 4978 tte
196 4930 282 4995 quid
301 4928 388 4993 initur
401 4927 513 4978 mireris.
527 4928 600 4978 Amb.

872 5119 1082 5141 unffi-“¹-
1116 5103 1121 5116 l
