4559 6100
461 507 532 579 528
1062 508 1189 580 l'E'l'ltl
1217 508 1452 580 ABAELtnDt
1535 527 1537 532 ·

401 659 410 671 ’
459 681 534 727 nou
558 670 733 754 tempore,
753 655 818 728 sed
839 657 1058 756 proprietate
1073 672 1222 749 naturae,
1243 673 1282 729 ut
1297 656 1352 729 sol
1370 657 1479 730 diem.
1501 660 1579 755 lpse
1595 656 1702 727 etiam
1721 653 1937 751 Augustinus
1955 650 2049 724 hauc

457 790 600 847 secutus
625 776 802 848 rationem
828 801 973 849 omnem
1003 800 1148 849 causam
1171 776 1385 849 efficientem
1414 777 1500 849 dicit
1528 775 1685 874 capitulo
1712 800 1800 864 xxx,
1835 772 1917 844 libri
1945 774 2047 862 Quae·

456 898 612 967 suenum
629 900 827 981 LXXXIII,
846 895 904 967 lris
920 896 1079 968 verbis¹:
1103 929 1120 963 α
1132 898 1203 983 Qui
1222 901 1348 995 quaerit
1363 922 1428 968 cur
1443 901 1539 968 Deus
1555 894 1710 983 voluerit
1725 893 1904 965 mundum
1918 891 2045 977 lacere,

455 1034 601 1086 causam
621 1014 748 1110 quaerit
764 1014 958 1087 voluntatis
976 1016 1054 1086 Dei.
1079 1015 1150 1089 Sed
1174 1017 1293 1087 omnis
1309 1040 1416 1088 causa
1434 1014 1591 1087 efficiens
1612 1030 1683 1103 est;
1703 1037 1812 1085 omne
1832 1025 1952 1084 autem
1972 1008 2047 1081 effi-

454 1135 552 1206 ciens
574 1134 689 1231 majus
705 1149 770 1223 est,
789 1160 901 1232 quam
922 1135 959 1207 id
980 1135 1081 1232 quod
1094 1134 1259 1207 efficitur.
1283 1134 1377 1206 Nihil
1400 1150 1521 1206 autem
1538 1134 1652 1230 majus
1667 1131 1852 1215 voluntate
1869 1132 1948 1202 Dei.
1970 1135 2048 1201 Non
2144 1144 2149 1157 ·

456 1278 542 1350 ergo
559 1253 636 1350 ejus
650 1277 757 1327 causa
773 1254 966 1351 quaerenda
988 1270 1053 1327 est.
1071 1284 1087 1322 u
1107 1259 1187 1342 Qua
1205 1255 1352 1352 quidem
1368 1255 1507 1327 ratione
1524 1252 1708 1326 manifeste
1724 1251 1964 1338 convincitur,
1983 1274 2049 1320 nec

456 1377 573 1445 Deum
596 1378 735 1447 Patrem
760 1399 836 1445 esse
859 1398 1005 1449 causam
1025 1374 1114 1464 Filii,
1140 1400 1225 1447 cum
1247 1374 1413 1447 videlicet
1435 1399 1502 1445 nec
1522 1373 1641 1471 ipsum
1656 1371 1800 1459 efficiat,
1822 1394 1932 1467 quern
1950 1366 2048 1440 nullo

456 1490 568 1563 modo
598 1491 693 1585 lacit,
720 1492 784 1564 sed
811 1493 1065 1567 tautummodo
1096 1495 1227 1589 gignit,
1255 1518 1322 1565 nec
1347 1493 1462 1589 major
1487 1518 1532 1565 eo
1557 1493 1615 1576 sit,
1644 1491 1711 1562 nisi
1738 1490 1828 1563 sorte
1850 1486 2049 1562 secundum

456 1611 573 1684 carnis
589 1613 867 1710 susceptionem.
887 1613 1084 1700 Quomodo
1103 1615 1211 1684 etiam
1235 1612 1397 1685 dicemus
1411 1613 1628 1710 principium
1646 1610 1702 1683 vel
1720 1611 1896 1705 originem
1916 1607 2049 1679 habere

457 1730 493 1802 id
513 1730 613 1829 quod
634 1747 814 1817 aeternum
830 1733 903 1805 est?
917 1736 1080 1804 AEternas
1095 1756 1182 1804 vero
1196 1746 1232 1803 et
1247 1746 1441 1804 coaeternas
1457 1730 1526 1803 sibi
1546 1756 1622 1803 esse
1638 1746 1708 1803 tres
1727 1752 1898 1828 personas
1912 1741 2048 1801 certum

456 1867 521 1922 est.
550 1855 630 1925 Non
656 1866 710 1923 est
734 1853 854 1949 itaque
876 1853 987 1924 altera
1012 1853 1158 1926 alterius
1184 1853 1418 1951 principium,
1441 1851 1505 1923 sed
1530 1874 1752 1947 unaquaeque
1775 1850 1851 1920 sine
1872 1847 2049 1946 principio

458 1984 531 2065 est,
560 1971 644 2066 quia
672 1985 803 2043 aeterna
832 1986 905 2062 est,
938 1986 974 2044 et
1001 1972 1165 2044 omnium
1194 1970 1344 2043 aliarum
1373 1995 1495 2043 rerum
1523 1971 1752 2070 principium.
1781 1969 1924 2067 Quippe
1950 1965 2050 2064 quod

458 2102 645 2180 aeternum,
665 2090 756 2163 sicut
773 2091 809 2161 in
835 2091 937 2161 tertio
958 2093 1167 2186 Topicorum
1187 2091 1328 2162 Boetius
1348 2088 1486 2180 desiuit,
1514 2089 1652 2185 origine
1668 2102 1777 2180 caret,
1798 2087 1870 2158 lroc
1887 2101 1940 2159 est
1956 2087 2052 2184 prin·

458 2208 567 2305 cipio.
597 2213 668 2282 Nec
691 2207 779 2280 illud
805 2209 953 2305 quidem
979 2208 1095 2298 obest,
1120 2209 1222 2306 quod
1248 2209 1401 2281 dicimus
1425 2213 1543 2283 Deum
1566 2213 1705 2280 Patrem
1731 2207 1950 2307 principium
1976 2207 2050 2276 siue

458 2328 649 2427 principio,
668 2333 736 2401 etF
737 2328 839 2402 ilium
853 2329 1073 2428 principium
1088 2328 1133 2400 de
1149 2329 1343 2427 principio,
1364 2329 1435 2400 lroc
1451 2344 1504 2400 est
1518 2328 1563 2401 de
1577 2333 1677 2400 Patre
1691 2328 1753 2424 qui
1766 2341 1819 2398 est
1834 2325 2051 2425 principium

458 2448 622 2519 omnium
645 2463 913 2539 creaturarum,
934 2449 1068 2548 quippe
1091 2472 1174 2521 cum
1194 2446 1346 2521 dicimus
1363 2448 1409 2521 de
1427 2448 1618 2547 principio,
1639 2472 1714 2519 non
1732 2446 1899 2519 addimus
1914 2469 1995 2536 suo,
2014 2460 2052 2516 ut

457 2590 532 2639 uon
558 2566 635 2641 Filii
670 2568 888 2666 principium
918 2568 1134 2664 intelligatur
1158 2570 1274 2657 Pater,
1307 2568 1370 2640 sed
1397 2580 1642 2641 ereaturarum
1673 2567 1859 2658 omniurn,
1895 2565 1986 2637 sicut
2018 2578 2054 2635 et

459 2685 566 2758 Filius
583 2686 674 2785 ipse,
696 2688 760 2784 qui
776 2686 823 2758 de
837 2702 950 2759 semet
970 2688 1063 2760 ait²:
1087 2718 1104 2752 n
1123 2687 1341 2784 Principium
1359 2688 1422 2784 qui
1438 2701 1473 2757 et
1488 2686 1619 2784 loquor
1636 2686 1753 2759 vobis.
1769 2717 1786 2752 »
1806 2685 1876 2757 Sed
1895 2684 2052 2755 fortassis

458 2803 548 2879 dicis
571 2806 670 2880 nulla
693 2807 832 2879 ratione
850 2805 1047 2879 dicendum
1067 2830 1144 2878 esse
1167 2805 1261 2877 hauc
1279 2831 1469 2903 personam
1492 2832 1569 2881 esse
1589 2833 1631 2880 ex
1656 2806 1729 2898 illa,
1754 2805 1817 2879 sed
1838 2829 1911 2875 non
1929 2827 2052 2876 econ·

458 2950 576 3018 verso,
605 2927 673 2999 nisi
698 2926 758 3000 illa
780 2925 888 3023 hujus
908 2925 1070 3025 quaedam
1089 2951 1197 3000 causa
1220 2927 1265 2997 sit
1282 2940 1389 3022 atque
1404 2927 1505 3021 origo
1522 2927 1596 2997 sive
1610 2927 1841 3027 principium,
1859 2927 2052 3023 praesertim

458 3070 542 3118 cum
567 3045 663 3119 hanc
684 3073 726 3120 ex
754 3045 812 3119 illa
838 3047 936 3120 nasci
961 3045 1145 3135 dicamus,
1172 3044 1271 3143 quod
1295 3062 1347 3118 est
1373 3046 1478 3129 oriri,
1504 3071 1623 3143 aquo
1647 3047 1747 3143 origo
1775 3043 1872 3120 dicta
1895 3059 1960 3117 est.
1987 3046 2051 3118 Cui

458 3165 606 3266 quidem
632 3167 761 3240 rationi
788 3167 855 3265 ipsi
880 3192 1026 3265 quoque
1049 3167 1217 3240 doctores
1242 3166 1410 3239 catholici
1435 3166 1629 3266 plurimum
1656 3167 1841 3263 suffragari
1870 3165 2050 3254 videntur,

459 3284 523 3358 ubi
538 3310 817 3384 nonnumquam
838 3288 956 3386 ipsum
980 3292 1122 3362 Patrem
1140 3312 1285 3360 causam
1301 3287 1400 3379 Filii,
1417 3312 1480 3359 seu
1499 3288 1716 3386 principium
1731 3286 1887 3359 duarum
1903 3286 2051 3359 aliarum

458 3430 695 3504 personarum
720 3407 861 3497 dicunt,
889 3431 1032 3480 necnon
1058 3422 1130 3480 tam
1155 3411 1296 3479 Patrem
1321 3410 1439 3505 ipsum
1462 3431 1571 3504 quarn
1593 3406 1721 3478 Filium
1740 3429 1817 3478 esse
1837 3407 2051 3504 principium

458 3528 610 3626 Spiritus
635 3528 767 3617 Sancti,
790 3529 926 3626 quippe
946 3528 1008 3623 qui
1032 3552 1075 3599 ex
1101 3528 1186 3630 ipsis
1209 3543 1275 3612 est,
1295 3552 1370 3598 non
1394 3552 1458 3625 per
1487 3526 1766 3623 generationem,
1785 3524 1847 3596 sed
1872 3550 1937 3622 per
1967 3551 2052 3623 pro·

458 3648 679 3738 cessionem,
701 3660 737 3718 et
753 3660 826 3717 tam
843 3651 985 3718 Patrem
1003 3646 1102 3732 Filii,
1122 3670 1233 3742 quam
1251 3644 1377 3718 Filium
1398 3646 1549 3743 Spiritus
1566 3646 1686 3716 Sancti
1703 3659 1811 3743 caput
1833 3668 1923 3716 esse.
1952 3644 2053 3716 Unde

459 3766 674 3859 Augustinus
689 3764 783 3837 libro
804 3768 1045 3856 Quaestionum
1066 3769 1268 3856 LXXXIII,
1288 3764 1445 3863 capitulo
1462 3767 1562 3856 xvid,
1588 3763 1635 3835 de
1651 3763 1740 3835 Filio
1758 3764 1825 3835 Dei
1848 3763 2049 3836 disserens:

462 3911 480 3948 n
492 3886 602 3976 Deus,
617 3884 751 3981 inquit,
772 3884 936 3956 omnium
953 3908 1033 3979 quae
1049 3898 1150 3972 sunt,
1170 3908 1276 3955 causa
1293 3883 1476 3970 est.Qu0‹l
1493 3898 1613 3958 autem
1630 3885 1794 3956 omnium
1808 3909 1928 3956 rerum
1947 3907 2053 3954 causa

459 4016 525 4092 est,
552 4003 659 4073 etiam
685 4003 872 4101 Sapientiae
897 4028 969 4076 suae
993 4027 1098 4075 causa
1127 4017 1180 4074 est
1207 4029 1215 4073 ε
1247 4029 1313 4075 uec
1339 4028 1511 4101 umquam
1535 4007 1632 4077 Deus
1655 4004 1731 4075 sine
1755 4004 1939 4102 sapientia.
1970 4005 2052 4074 Suae

460 4121 566 4218 igitur
584 4123 807 4220 sempiternae
823 4123 1012 4221 Sapientiae
1029 4145 1137 4196 causa
1162 4137 1214 4194 est
1229 4102 1466 4223 sempiterna,
1485 4148 1553 4195 nec
1573 4137 1735 4220 tempore
1752 4124 1851 4222 prior
1872 4138 1926 4195 est
1944 4146 2054 4220 quam

459 4264 523 4312 sua
545 4241 737 4340 Sapientia.
757 4272 774 4307 u
795 4247 850 4313 De
872 4240 1078 4313 Ortlrodora
1094 4241 1182 4313 Fide
1197 4243 1355 4340 capitulo
1375 4246 1421 4314 1⁸:
1445 4242 1677 4335 «Credimus,
1693 4244 1824 4341 inquit,
1846 4267 1960 4314 unum
1979 4268 2056 4316 esse

460 4363 577 4432 Deum
597 4365 738 4435 Patrem
760 4377 796 4433 et
816 4361 943 4436 Filium
961 4376 999 4434 et
1016 4362 1186 4460 Spiritum
1203 4365 1387 4436 Sanctum.
1412 4366 1552 4435 Patrem
1573 4388 1618 4434 eo
1635 4362 1736 4461 quod
1753 4363 1885 4436 habeat
1902 4362 2052 4451 Filium,

460 4479 587 4551 Filium
616 4505 660 4552 eo
688 4481 787 4578 quod
815 4479 945 4553 habeat
964 4487 1123 4574 Patrern3
1154 4481 1326 4580 Spiritum
1351 4485 1525 4554 Sanctum
1553 4506 1597 4553 eo
1626 4483 1726 4578 quod
1751 4484 1796 4555 sit
1822 4507 1867 4554 ex
1892 4486 1994 4556 Patre
2020 4497 2055 4556 et

461 4598 562 4672 Filio.
588 4603 690 4673 Pater
706 4626 791 4698 ergo
811 4602 1028 4702 principium
1044 4603 1206 4695 Deitatis,
1226 4626 1338 4699 aquo
1355 4602 1461 4674 Filius
1478 4616 1594 4688 natus,
1615 4627 1727 4700 aquo
1745 4603 1895 4702 Spiritus
1911 4619 2055 4676 sanetus

460 4743 535 4796 uon
562 4734 681 4812 natus,
706 4722 890 4819 quianon
913 4737 967 4796 est
984 4723 1108 4812 Filius,
1136 4748 1255 4822 neque
1291 4724 1484 4819 ingenitus,
1507 4724 1592 4820 quia
1615 4748 1689 4796 non
1716 4737 1766 4796 est
1794 4728 1907 4815 Pater,
1937 4748 2056 4821 neque

458 5028 575 5156 5¹31).
596 5042 683 5092 xxuu,
701 5030 763 5094 Opp.
779 5037 798 5082 t.
817 5028 1009 5091 v1.·-²tosn.,
1025 5045 1082 5094 cap.
1101 5043 1153 5092 rur,
1172 5046 1193 5082 r.
1211 5035 1250 5083 ts.
1265 5059 1290 5068 -
1308 5035 1317 5064 ³
1333 5031 1393 5095 Cap.
1410 5043 1464 5088 rvr.
1485 5030 1549 5094 opp.
1575 5038 1593 5081 t.
1617 5028 1656 5080 Vl.
1672 5056 1701 5066 -
1720 5030 1864 5092 *Genuad.,
1887 5031 1917 5080 de
1939 5030 2054 5093 Dopnrat.

471 5120 508 5156 ,ee
543 5142 562 5165 .,
574 5122 629 5173 cap.
644 5123 662 5160 1.
