4559 6100
662 657 955 734 turnoutttrto
982 658 1042 730 An
1066 660 1372 734 THEOLOGlAlll.
1742 662 1812 735 l35

215 831 281 879 nec
304 808 387 881 loco
404 811 542 881 moveri
563 811 693 909 possit,
712 809 775 908 qui
792 809 942 908 Spiritus
961 824 1031 900 est,
1051 823 1125 883 tam
1143 810 1444 910 pbilosophorum
1471 832 1582 907 quam
1606 824 1813 882 sanctorum

213 928 408 1002 assertione
422 928 599 1003 docemur
610 985 619 1021 ,
630 931 720 1003 sicut
733 928 779 1002 de
788 929 988 1026 quantitate
999 945 1194 1005 tractantes
1202 929 1425 1004 ostendimus
1434 928 1522 1002 cum'
1529 931 1811 1025 grammaticam'

214 1045 462 1121 scriberemus.
483 1048 523 1121 ld
542 1051 676 1149 quippe
687 1049 804 1122 solum
815 1049 916 1147 quod
932 1048 1046 1121 locale
1061 1064 1136 1141 est,
1158 1049 1318 1123 localiter
1335 1048 1473 1121 moveri
1492 1063 1629 1148 potest,
1646 1049 1703 1121 vel
1716 1048 1813 1121 loca-

213 1165 293 1239 liter
304 1166 435 1240 alicubi
446 1171 582 1262 teneri,
597 1170 690 1243 sicut
709 1186 762 1243 est
773 1194 919 1269 corpus.
935 1169 1029 1242 Nihil
1047 1172 1146 1243 enim
1163 1171 1276 1244 locale
1293 1184 1368 1259 est,
1389 1168 1444 1242 vel
1458 1169 1619 1241 localiter
1635 1171 1812 1242 contineri

213 1300 349 1383 potest,
368 1288 437 1360 nisi
452 1289 557 1387 quod
576 1290 631 1362 sui
655 1290 926 1389 interpositione
942 1289 1252 1364 circumstantium
1272 1313 1393 1362 rerum
1409 1288 1614 1362 distantiam
1638 1288 1813 1361 intervalli

213 1421 330 1502 potest
345 1406 489 1482 lacere:
514 1409 623 1482 veluti
646 1411 675 1481 si
693 1409 799 1482 alicui
828 1409 1002 1481 continuo
1033 1412 1179 1509 corpori
1203 1411 1302 1482 stilus
1317 1408 1374 1482 vel
1395 1407 1648 1508 corpusculum
1666 1407 1812 1507 aliquod

212 1526 407 1621 inseratur,
428 1531 545 1602 statim
562 1554 628 1628 per
644 1530 721 1627 ejus
741 1530 1050 1628 interpositionem
1070 1554 1213 1603 necesse
1239 1546 1293 1603 est
1314 1530 1470 1629 aliquam
1487 1528 1663 1602 intervalli
1678 1528 1812 1602 distan-

213 1645 298 1717 tiam
311 1644 388 1719 lieri
402 1648 496 1721 inter
508 1649 698 1749 particulas
709 1650 994 1741 circumstantes,
1012 1674 1091 1746 quae
1108 1663 1190 1748 post
1205 1648 1407 1722 adinvicem
1424 1650 1640 1721 continuatae
1657 1649 1808 1721 lucrant.

213 1764 248 1835 Si
262 1786 349 1838 vero
364 1766 495 1839 albedo
511 1767 569 1839 vel
584 1768 720 1867 aliquid
736 1768 992 1867 incorporeum
1014 1767 1082 1840 illis
1099 1770 1228 1841 inesset
1243 1768 1446 1868 particulis,
1468 1766 1566 1841 nulla
1581 1792 1708 1840 eorum
1725 1792 1810 1840 con-

213 1883 361 1956 tinuatio
377 1884 460 1958 ideo
479 1886 670 1986 deperiret.
690 1886 833 1959 Nullum
853 1887 960 1985 igitur
976 1888 1232 1986 incorporeum
1248 1886 1408 1959 localiter
1421 1888 1557 1959 moveri
1573 1902 1708 1986 potest,
1727 1890 1812 1985 quia

213 2024 278 2072 nec
290 2000 452 2077 localiter
468 2003 600 2077 alicubi
617 2029 692 2077 esse
710 2019 841 2103 potest.
860 2006 1012 2077 Maxime
1027 2030 1114 2079 vero
1132 2009 1250 2095 Deus,
1271 2005 1333 2103 qui
1350 2004 1483 2102 ubique
1496 2029 1561 2104 per
1577 2002 1812 2077 substantiam

209 2144 285 2192 esse
301 2122 536 2214 conceditur,
556 2149 631 2197 non
647 2123 758 2196 babet
773 2150 847 2222 quo
860 2140 1047 2199 moveatur
1063 2125 1245 2216 localiter,
1259 2150 1343 2197 cum
1357 2124 1493 2224 ubique
1507 2125 1551 2197 sit
1565 2126 1809 2199 essentialiter.

209 2243 344 2314 lloreri
358 2245 494 2343 quippe
511 2243 692 2337 localiter,
711 2244 749 2317 id
765 2259 817 2318 est
832 2243 877 2317 de
893 2246 975 2318 loco
990 2245 1038 2320 ad
1053 2245 1177 2318 locum
1193 2246 1343 2318 transire
1360 2269 1435 2318 non
1450 2259 1588 2345 potest,
1609 2245 1676 2317 nisi
1694 2270 1807 2318 unum

208 2358 409 2436 deserendo
421 2363 544 2437 locum
561 2367 687 2463 migret
702 2364 750 2437 ad
761 2363 883 2436 alium.
903 2363 1049 2437 Nullum
1063 2380 1183 2438 autem
1204 2364 1337 2438 deserit
1351 2364 1473 2437 locum
1492 2379 1594 2436 motu
1608 2362 1733 2458 locali,
1749 2368 1811 2463 qui

207 2505 351 2581 semper
370 2482 579 2557 substantiae
594 2510 665 2557 suae
681 2484 866 2582 presentia
883 2485 920 2555 in
935 2484 1106 2557 omnibus
1123 2499 1177 2557 est
1191 2483 1291 2557 locis.
1307 2488 1399 2557 Cum
1416 2485 1536 2581 itaque
1553 2488 1650 2556 Deus
1672 2485 1708 2555 in
1728 2486 1812 2556 Vir·

207 2601 329 2697 ginem
346 2602 487 2697 venire,
506 2618 570 2676 aut
586 2603 707 2703 aliquo
730 2602 859 2675 dicitur
873 2603 1111 2697 descendere,
1127 2602 1328 2677 secundnm
1343 2627 1484 2703 aequam
1501 2629 1573 2676 suae
1585 2605 1805 2703 operationis

205 2719 425 2815 efficaciam,
446 2747 520 2796 non
539 2725 740 2797 secundum
764 2722 916 2797 localem
940 2726 1182 2798 accessionem
1206 2723 1352 2820 intelligi
1373 2722 1494 2796 debet.
1513 2723 1610 2812 Quid
1636 2741 1688 2798 est
1713 2726 1811 2797 enim

204 2840 307 2913 aliud
325 2867 409 2915 eum
426 2844 463 2914 in
486 2845 657 2942 virginem
679 2842 907 2917 descendisse
923 2858 962 2915 ut
984 2846 1253 2935 incarnaretur,
1271 2843 1338 2914 nisi
1357 2867 1454 2935 eum,
1481 2857 1520 2915 ut
1537 2857 1696 2917 nostram
1717 2868 1813 2916 assu·

205 2976 323 3034 meret
339 2960 599 3059 infirmitatem,
623 2988 661 3036 se
684 2962 902 3056 humiliasse,
922 2979 962 3036 ut
977 2963 1053 3037 haec
1076 2962 1225 3063 quidem
1240 2962 1443 3036 humiliatio
1462 2964 1539 3061 ejus
1555 2962 1720 3037 videlicet
1736 2963 1813 3062 ejus

204 3081 425 3180 intelligatur
444 3083 659 3158 descensus?
675 3085 732 3156 stc
749 3098 785 3158 et
797 3086 939 3183 quoties
955 3085 1077 3183 aliquo
1095 3082 1314 3159 descendere
1330 3083 1386 3157 rel
1406 3085 1528 3158 venire
1542 3083 1673 3157 dicitur
1690 3089 1811 3174 Deus,

202 3226 282 3276 non
296 3202 425 3300 aliquis
439 3204 518 3301 ejus
533 3204 655 3277 localis
666 3227 846 3295 accessus,
862 3204 926 3277 sed
936 3205 1064 3301 aliquis
1073 3229 1178 3278 novae
1192 3204 1413 3303 operationis
1426 3203 1573 3276 allectus
1584 3204 1807 3277 ostenditur:

198 3323 265 3418 qui
294 3323 402 3395 etiam
425 3347 508 3395 cum
539 3326 575 3395 in
603 3323 780 3421 quosdam
802 3325 947 3418 venire,
971 3323 1028 3396 rel
1052 3348 1073 3397 a
1095 3323 1312 3420 quibusdam
1338 3324 1506 3397 recedere
1537 3322 1687 3414 dicitur,
1709 3324 1810 3420 juxta

194 3442 388 3516 donorum
405 3467 557 3515 suorum
574 3441 805 3516 collationem
822 3443 879 3516 vel
898 3442 1180 3516 subtractionem
1206 3443 1411 3540 intelligitur
1430 3442 1486 3533 id,
1511 3466 1586 3513 non
1609 3431 1808 3514 secundum

189 3560 355 3634 localem
372 3562 449 3659 ejus
460 3562 656 3636 adrentum
668 3561 726 3634 vel
742 3586 940 3654 recessum3
957 3563 1020 3660 qui
1035 3560 1185 3659 ubique,
1205 3577 1245 3634 ut
1261 3562 1481 3643 dictumest,
1503 3585 1568 3660 per
1584 3562 1808 3660 praesentiam

186 3706 272 3753 snae
299 3680 510 3755 substantiae
528 3705 671 3781 semper
687 3682 875 3773 exsistens,
894 3706 969 3753 non
987 3681 1096 3755 habet
1118 3707 1194 3779 quo
1220 3681 1357 3752 moveri
1378 3678 1538 3752 localiter
1554 3680 1678 3779 possit.
1698 3681 1808 3767 Quod

181 3817 323 3874 tamen
341 3801 479 3900 ubique
496 3827 572 3875 esse
590 3825 656 3900 per
666 3799 900 3875 substantiam
912 3799 1062 3894 dicitur,
1073 3801 1173 3898 juxta
1190 3802 1267 3896 ejus
1285 3798 1482 3898 potentiam
1491 3798 1547 3871 vel
1562 3798 1808 3895 operationem

175 3919 271 3992 dici
288 3919 470 4012 arbitror,
493 3945 535 3994 ac
550 3922 581 3993 si
596 3920 761 3994 uidelicet
777 3921 955 3993 diceretur
972 3922 1019 3993 ita
1036 3920 1068 3992 ei
1088 3935 1218 3992 cuncta
1234 3918 1315 3991 loca
1332 3942 1409 3990 esse
1429 3918 1630 4017 presentia,
1647 3931 1688 3990 ut
1707 3919 1809 3990 ineis

171 4039 339 4138 aliquid
356 4041 500 4139 operari
518 4064 706 4139 nunquam
720 4054 850 4132 cesset,
872 4064 940 4112 nec
954 4041 1030 4137 ejus
1047 4040 1206 4139 potentia
1225 4039 1269 4109 sit
1291 4037 1422 4110 alicubi
1435 4038 1562 4111 otiosa.
1578 4043 1666 4110 Nam
1683 4039 1808 4136 etipsa

163 4160 295 4253 loca,
314 4174 354 4232 et
372 4158 552 4259 quidquid
565 4175 618 4233 est
636 4161 674 4232 in
691 4161 757 4248 eis,
778 4161 846 4232 nisi
863 4185 929 4260 per
945 4161 1062 4258 ipsum
1077 4172 1358 4245 conserventur,
1378 4181 1524 4230 manere
1541 4182 1614 4230 non
1633 4171 1804 4256 possunt3

158 4296 204 4352 et
221 4304 318 4380 per
334 4276 577 4353 substantiam
596 4281 632 4351 in
650 4280 702 4353 eis
721 4304 798 4353 esse
819 4278 971 4370 dicitur,
998 4281 1059 4352 ubi
1087 4304 1152 4379 per
1172 4278 1325 4378 propriae
1343 4277 1509 4349 virtutem
1527 4276 1732 4350 substantiae
1749 4277 1809 4349 ali·

155 4401 274 4499 quid
298 4423 500 4497 nunqnam
517 4400 659 4499 operari
675 4413 806 4488 cessat,
821 4398 880 4473 rel
897 4423 939 4472 ea
954 4401 1054 4499 ipsa,
1080 4415 1119 4472 ut
1136 4398 1274 4471 dictum
1290 4412 1362 4489 est,
1382 4397 1578 4490 servando,
1598 4395 1654 4469 vel
1672 4396 1806 4493 aliquid

152 4524 195 4593 in
220 4522 302 4594 eis
321 4542 394 4617 per
416 4520 574 4618 seipsum
592 4518 841 4592 ministrando.
867 4521 956 4592 Nam
978 4520 1044 4592 etsi
1061 4518 1189 4615 longas
1204 4541 1333 4590 manus
1351 4540 1451 4612 reges
1468 4515 1603 4589 babere
1617 4515 1804 4607 dicantur,

147 4667 201 4715 eo
236 4636 374 4740 quod
396 4639 597 4737 potentiam
620 4662 722 4710 suam
745 4638 783 4709 in
810 4636 1016 4737 longinquis
1046 4651 1235 4710 exerceant
1258 4635 1362 4726 locis3
1394 4659 1470 4707 non
1498 4649 1616 4708 tamen
1642 4635 1714 4708 hoc
1743 4660 1807 4734 per

140 4757 437 4836 substantiam
453 4781 557 4830 suam
575 4755 691 4829 lacere
707 4755 890 4829 sufficiunt
902 4756 1004 4856 quod
1019 4781 1085 4856 per
1101 4757 1252 4829 vicarios
1270 4768 1391 4851 agunt.
1412 4756 1510 4827 Sicut
1526 4779 1612 4853 ergo
1627 4755 1747 4827 anima
1769 4756 1805 4824 in

135 4903 354 4984 corpore
380 4900 445 4977 per
475 4878 712 4952 substantiam
735 4900 860 4970 snam,
887 4878 1001 4974 magis
1028 4902 1139 4976 quam
1163 4901 1227 4977 per
1255 4874 1472 4975 positionem
1498 4877 1650 4948 localem
1677 4873 1806 4945 dicitur

133 5029 252 5099 ese,
286 5022 361 5075 eo
374 4997 507 5070 seilicet
520 4995 621 5096 quod
637 5020 703 5096 per
717 4997 872 5096 propriae
887 4996 1051 5095 rigorem
1066 4995 1273 5071 substantiae
1284 4995 1402 5093 ipsum
1417 4993 1571 5069 vivificet
1587 5019 1628 5068 ac
1647 5006 1802 5081 moveat,

165 5285 325 5337 'pm
345 5270 531 5327 maternas
