4559 6100
687 572 731 644 ΙΝ
756 570 999 644 srtstotttt
1023 570 1084 644 ΑΙ)
1109 569 1333 646 sustuna
1536 597 1542 614 ·
1728 568 1799 642 365

216 721 367 812 tandum
391 718 494 817 quod
520 741 605 794 cum
630 717 767 795 dictum
791 720 859 812 sit,
886 748 905 789 n
920 719 954 793 ei
980 718 1044 817 φή
1069 732 1199 817 potens
1221 731 1324 809 est,n
1348 716 1490 794 ridetur
1507 716 1730 816 superfluere
1754 715 1804 791 nd

217 866 362 926 tensum
382 842 438 916 rel
452 842 771 934 constructionem,
794 839 895 938 quod
912 841 950 913 in
969 838 1041 914 fine
1057 837 1267 936 subposuit,
1292 867 1313 906 n
1329 837 1387 920 orti
1399 865 1441 929 ,s
1457 862 1543 914 cum
1565 839 1603 912 in
1624 837 1802 935 principio

217 961 350 1038 scilicet
365 960 509 1036 dixisset
528 959 605 1048 uei,
620 987 638 1028 u
658 960 727 1033 nisi
745 960 836 1036 torte
851 974 1001 1059 propter
1015 959 1162 1055 longam
1178 956 1488 1055 interpositionem
1502 956 1539 1030 id
1556 954 1632 1030 fieri
1647 955 1799 1030 dicatur.

217 1079 328 1154 Multa
351 1080 485 1178 quippe
513 1092 597 1154 sunt
620 1079 831 1178 interposita
855 1081 948 1154 inter
967 1078 1055 1156 illud
1081 1079 1188 1168 «ei,u
1206 1075 1307 1175 quod
1332 1090 1386 1152 est
1400 1078 1647 1176 ,praernistum
1674 1090 1710 1149 et
1733 1075 1805 1148 hoc

218 1198 320 1297 qnod
346 1199 384 1270 in
410 1197 482 1270 fine
506 1197 745 1295 subjungitur,
768 1200 975 1275 «honoret
999 1199 1123 1295 gloria.
1137 1196 1325 1296 »Ideoque
1349 1198 1451 1295 quasi
1474 1196 1608 1270 oblitus
1629 1197 1675 1268 sit
1696 1197 1807 1296 irnpe-

219 1319 308 1389 ritus
336 1315 449 1390 lector
470 1316 530 1389 cui
555 1316 769 1414 adjungatur
793 1319 914 1392 honor
940 1332 975 1390 et
1002 1318 1127 1416 gloria,
1157 1316 1382 1415 suppositum
1407 1332 1460 1389 est
1485 1318 1614 1388 seui.»
1646 1320 1692 1389 Ut
1719 1340 1804 1414 ergo

218 1437 341 1520 litterae
367 1436 587 1508 constructio
613 1437 876 1535 quoquomodo
901 1453 1058 1530 texatur,
1085 1438 1133 1509 ita
1158 1437 1266 1533 hujus
1299 1435 1463 1509 versiculi
1492 1436 1710 1534 principium
1742 1434 1804 1507 lini

219 1554 411 1651 conjunge.
434 1584 452 1621 n
468 1555 510 1626 Ei
525 1570 644 1627 autem
671 1557 734 1654 qui
749 1572 878 1655 potens
894 1572 946 1629 est
962 1582 1046 1646 vos,
1065 1570 1135 1629 etc.
1151 1586 1168 1622 s
1186 1555 1307 1628 honor
1323 1570 1358 1627 et
1374 1554 1486 1650 gloria
1508 1555 1570 1646 sit,
1598 1552 1752 1625 subaudi
1769 1568 1806 1626 et

219 1697 355 1761 rursus,
375 1673 472 1765 «cui,
484 1700 504 1741 n
521 1671 756 1748 subaudiatur
773 1690 866 1767 «est,
879 1704 895 1738 υ
910 1700 951 1749 ac
964 1677 993 1748 si
1004 1675 1167 1749 videlicet
1183 1674 1323 1747 dicatur
1342 1701 1350 1744 t
1373 1674 1412 1745 Ei
1429 1674 1474 1744 sit
1489 1672 1611 1745 honor
1626 1688 1661 1744 et
1677 1672 1802 1769 gloria,

219 1793 322 1889 cujus
346 1805 416 1885 est,
436 1816 478 1864 ac
501 1794 530 1864 si
545 1793 686 1867 dicatur
702 1795 806 1867 sicuti
827 1818 951 1869 resera
966 1809 1037 1887 est,
1059 1796 1103 1867 sit
1120 1796 1267 1891 inquam
1289 1818 1353 1892 per
1373 1797 1493 1864 lesum
1517 1792 1719 1886 Christum,
1742 1818 1807 1892 per

221 1933 329 2008 quem
353 1910 605 2007 glorificandus
632 1928 686 1985 est
708 1919 824 1987 Pater.
850 1919 901 1985 Ex
923 1914 992 1986 hac
1016 1913 1163 2012 quidem
1187 1913 1258 1986 line
1279 1912 1434 2013 epistolae
1461 1912 1617 1984 arbitror
1640 1910 1807 1985 ecclesia-

220 2029 326 2101 sticos
354 2030 520 2105 doctores
556 2033 795 2130 expositiones
819 2047 856 2105 et
882 2058 1065 2106 sermones
1091 2058 1175 2105 snus
1204 2032 1380 2105 consimili
1407 2031 1478 2103 line
1504 2030 1739 2122 concludere,
1770 2032 1806 2103 in

221 2148 361 2221 actione
384 2148 549 2222 videlicet
572 2152 765 2245 gratiarum
781 2153 859 2225 Dei.
882 2182 900 2221 n
913 2151 1133 2225 Confirmare
1149 2183 1166 2219 s
1184 2153 1222 2223 in
1247 2150 1317 2223 fide
1333 2149 1466 2223 scilicet
1481 2175 1559 2246 quae
1576 2165 1628 2222 est
1645 2152 1806 2223 omnium

221 2263 404 2338 bonorum
441 2267 736 2362 fundamentum,
769 2301 787 2337 α
798 2273 898 2368 Juxta
927 2273 1159 2369 Evangelium
1196 2250 1316 2343 meum
1345 2284 1381 2341 et
1407 2268 1697 2368 praedicationem
1725 2274 1806 2342 lesu

221 2382 364 2476 Christi,
378 2415 397 2451 s
417 2386 618 2460 secundum
639 2388 840 2462 doctrinam
859 2416 947 2463 meae
963 2390 1237 2490 praedicationis,
1262 2414 1340 2487 quae
1365 2403 1418 2461 est
1441 2390 1548 2460 etiam
1563 2392 1645 2459 lesu
1662 2388 1805 2479 Christi,

223 2524 297 2572 non
321 2501 390 2576 alia
405 2503 622 2602 pradicatio,
639 2508 724 2604 quia
738 2507 833 2580 idern
850 2509 950 2608 qnod
964 2510 1023 2583 ille
1042 2510 1199 2609 praedico
1216 2507 1446 2606 Evangelium
1471 2533 1605 2596 meum,
1626 2507 1700 2580 sive
1718 2533 1807 2607 prae·
1897 2549 1903 2556 ·

225 2618 443 2694 dicationem
467 2626 548 2695 lesu
572 2623 703 2696 Christi
727 2625 810 2699 dico
838 2627 988 2721 saetam,
1019 2628 1249 2701 «secumdum
1274 2614 1525 2700 revelationem
1545 2627 1701 2724 mysterii
1715 2653 1733 2694 n
1752 2627 1809 2701 vel

224 2739 430 2814 confirmari
455 2743 656 2817 secundum
681 2744 935 2820 revelationem
961 2773 1092 2821 meam.
1117 2749 1323 2845 Mysterium
1346 2746 1476 2819 dicitur
1493 2762 1668 2820 secretum
1693 2761 1728 2819 et
1753 2772 1811 2820 oc·

224 2857 372 2933 cultum.
392 2859 497 2934 Unde
515 2878 552 2936 et
566 2865 715 2962 mystica
736 2865 871 2939 locutio
889 2866 1020 2939 dicitur
1036 2867 1282 2964 significativa,
1302 2892 1381 2968 quae
1400 2892 1475 2940 non
1498 2881 1551 2940 est
1574 2856 1707 2965 aperta.
1735 2870 1810 2971 idg-

224 2978 370 3052 sterium
390 2980 491 3078 quod
513 3006 613 3055 nunc
635 2984 852 3083 patefactum
878 3000 948 3079 est,
973 2987 1049 3087 ipse
1070 3001 1123 3061 est
1145 2987 1400 3087 redemptionis
1424 3000 1554 3061 nostrae
1571 2986 1720 3078 modus,
1747 2988 1810 3085 qui

225 3095 312 3170 olim
340 3099 474 3172 latebat
499 3102 536 3173 in
564 3104 782 3202 propheticis
807 3105 948 3203 scriptis
973 3106 1137 3179 nondum
1160 3108 1346 3207 expositis,
1382 3105 1445 3178 sed
1467 3131 1565 3178 nunc
1582 3106 1668 3205 ipsis
1693 3120 1765 3179 tam
1790 3132 1812 3180 a

225 3216 366 3290 Christo
382 3240 493 3315 quam
507 3242 531 3291 a
546 3219 652 3293 nobis
668 3223 856 3320 expositis,
879 3223 1055 3297 revelatus
1071 3241 1137 3297 est.
1170 3230 1223 3299 De
1243 3226 1382 3297 Christo
1399 3225 1533 3322 quippe
1548 3225 1720 3321 scriptum
1736 3240 1809 3314 est,

227 3336 312 3431 quia
330 3364 350 3404 n
366 3336 541 3436 incipiens
566 3362 589 3412 a
604 3343 727 3436 Moyse
751 3355 788 3413 et
803 3341 972 3414 omnibus
987 3344 1185 3442 prophetis,
1201 3342 1512 3443 interpretabatur,
1536 3358 1606 3414 etc.
1626 3374 1644 3408 s
1665 3372 1683 3410 «
1702 3344 1811 3416 Taciti

225 3455 365 3525 aeteruis
377 3456 612 3554 temporibus,
621 3459 722 3556 quod
731 3484 830 3533 nnnc
845 3460 1061 3560 patefactum
1077 3478 1130 3535 est
1144 3489 1210 3561 per
1220 3465 1413 3563 scripturas
1419 3460 1676 3560 prophetarum
1685 3486 1812 3535 secun·

226 3571 316 3643 dum
332 3589 549 3672 preceptum
565 3580 686 3649 aeterni
707 3579 773 3651 Dei
790 3578 836 3651 ad
853 3580 1095 3653 obedientiam
1117 3581 1200 3654 fidei
1220 3583 1359 3655 »idest
1377 3579 1576 3655 absconditi
1593 3605 1812 3677 usquenunc
1911 3580 1920 3593 '

227 3714 382 3790 semper,
394 3716 462 3765 nec
477 3718 542 3792 per
549 3696 810 3793 expositionem
819 3699 962 3772 revelati
976 3725 1137 3799 unquam
1154 3702 1313 3775 ulterius.
1331 3702 1472 3801 Quippe
1489 3724 1572 3773 curn
1587 3701 1654 3799 ipsi
1669 3725 1814 3799 quoque

228 3810 451 3907 septuaginta
469 3811 680 3912 interpretes
700 3816 738 3889 in
761 3819 835 3892 suis
851 3817 1143 3893 translationibus
1156 3844 1238 3917 quae
1251 3819 1296 3893 de
1309 3820 1397 3892 Filio
1406 3820 1473 3892 Dei
1483 3819 1650 3892 dicuntur
1661 3818 1814 3892 maxime

229 3927 427 4019 reticuisse,
447 3929 504 4002 vel
523 3930 657 4005 velasse
671 3937 878 4029 credantur,
901 3938 1193 4037 «prophetarum
1210 3969 1227 4007 n
1245 3939 1332 4012 dicit
1348 3939 1594 4038 potiusquam
1610 3937 1712 4041 legis,
1731 3939 1814 4036 quia

228 4039 384 4111 maxime
409 4038 481 4112 hnc
505 4044 714 4139 mysterium
739 4047 777 4118 in
800 4048 986 4147 prophetis
1010 4052 1227 4140 continetur,
1254 4050 1317 4123 ubi
1338 4050 1495 4149 apertius
1516 4050 1590 4122 sire
1610 4048 1751 4148 plenius
1770 4048 1816 4120 de

229 4153 370 4227 Christo
395 4172 470 4229 erat
486 4160 753 4259 prophetatum.
777 4167 991 4240 Patefactum
1016 4182 1070 4241 est
1091 4167 1174 4241 dico
1191 4170 1228 4242 in
1246 4168 1414 4242 omnibus
1430 4166 1605 4239 Gentibus
1621 4166 1816 4241 secundum

230 4287 447 4372 praeceptum
468 4281 592 4352 aeterni
615 4283 698 4374 Dei,
722 4281 761 4354 id
786 4298 838 4357 est
863 4285 992 4358 Christi
1020 4286 1187 4361 dicentis¹
1209 4316 1218 4359 :
1240 4317 1259 4357 u
1278 4292 1412 4362 linntes
1427 4287 1465 4358 in
1482 4286 1660 4359 mundum
1675 4286 1817 4359 univer·

229 4412 324 4483 sum,
349 4408 448 4465 etc.»
475 4397 542 4468 Dei
562 4397 660 4492 dico,
688 4403 851 4496 «aterni,
868 4434 886 4471 n
904 4403 986 4478 licet
1008 4408 1208 4480 secundum
1231 4407 1417 4480 hominem
1442 4406 1579 4477 initium
1599 4404 1738 4477 habuit.
1765 4404 1818 4476 Ad

232 4505 320 4594 hoc,
344 4510 473 4607 inquit,
498 4529 552 4585 est
578 4519 806 4614 patefactum,
834 4545 909 4595 uon
934 4525 1052 4597 solnm
1076 4541 1117 4598 ut
1134 4526 1284 4600 credant
1312 4550 1438 4599 omnes
1463 4540 1601 4622 gentes,
1621 4523 1684 4596 sed
1709 4524 1819 4620 magis

231 4641 272 4699 ut
292 4629 327 4700 ei
350 4626 537 4721 obediant,
555 4633 593 4705 id
616 4651 669 4707 est
685 4638 884 4712 secundum
901 4641 1009 4714 fidem
1029 4658 1245 4742 operentur,
1269 4645 1354 4732 «Ei,
1379 4645 1540 4742 iuquam,
1561 4644 1704 4740 cognito
1722 4665 1818 4713 nunc

229 4768 295 4841 per
321 4750 443 4820 lesum
467 4748 649 4825 Christum
672 4756 737 4827 soli
765 4759 916 4855 sapienti
936 4764 1026 4855 Deo,
1046 4790 1063 4830 r
1086 4761 1123 4834 id
1149 4777 1203 4834 est
1227 4763 1289 4861 qui
1311 4786 1409 4834 nunc
1433 4761 1655 4858 singulariter
1679 4760 1819 4857 sapiens

230 4879 436 4962 appareres
459 4866 532 4940 hnc
547 4871 650 4968 quod
668 4898 733 4972 per
747 4875 927 4949 Christum
943 4881 1049 4976 egerit
1067 4882 1103 4952 in
1120 4880 1192 4954 hoc
1209 4880 1465 4980 redemptionis
1486 4894 1615 4952 nostrae
1636 4879 1818 4976 mysterio,

263 5157 375 5227 Qun,
387 5176 444 5229 esp.
456 5178 512 5230 sn,
526 5180 549 5217 r.
565 5174 602 5222 ts.
