4559 6100
498 69 586 134 Deus
601 82 671 131 tota
687 66 824 132 trinitas.
846 96 859 125 ι
879 68 1095 159 Augustinus:
1115 96 1130 124 α
1150 67 1262 157 Igitur,
1281 83 1318 132 ut
1342 90 1410 132 non
1429 67 1534 133 solum
1549 65 1639 155 quod
1654 65 1768 132 beatus
1784 65 1975 131 Ambrosius
1994 89 2116 134 vetum

499 203 532 253 et
555 185 645 275 quod
665 203 792 252 sanetus
815 187 1031 278 Hieronymus
1055 185 1191 254 dicam:
1219 210 1287 252 non
1318 182 1423 253 solum
1446 186 1646 252 divinitatem
1668 187 1767 278 patris
1790 185 1849 251 sed
1873 208 1934 252 nec
1966 185 2027 251 filii
2052 211 2116 253 nec

500 302 627 392 spiritus
659 302 761 368 sancti
784 318 932 369 naturam
953 319 1086 393 possunt
1106 303 1192 369 oculi
1213 305 1317 368 carnis
1341 304 1494 394 aspicere.
1516 332 1529 361 ι
1554 304 1638 368 Item
1657 302 1692 366 in
1717 302 1877 366 Doctrina
1896 300 2111 368 abatiam:

502 452 517 480 ι
534 424 597 489 Res
610 423 727 511 quibus
741 421 889 504 fruimur,
908 438 999 512 pater
1014 439 1048 488 et
1060 420 1143 487 filius
1154 437 1187 489 et
1195 423 1323 512 spiritus
1339 437 1479 504 sanctus,
1501 437 1534 487 et
1548 422 1619 486 baec
1632 421 1757 489 trinitas
1773 444 1838 485 una
1858 419 2111 511 quodammodo

498 564 550 606 res
566 558 625 607 est.
640 573 654 599 ι
675 544 758 607 Item
777 565 785 608 :
802 573 816 602 ι
835 545 874 607 In
889 542 1039 608 omnibus
1055 543 1151 608 rebus
1178 541 1240 607 illae
1259 542 1336 607 sola
1355 557 1431 608 sunt
1455 542 1570 630 quibus
1598 540 1770 643 fruendum
1792 555 1858 621 est,
1875 562 1953 628 quas
1969 556 2113 608 eternas

499 676 595 750 atque
626 661 905 727 incommutabiles
927 660 1077 727 dumus.
1096 691 1110 719 n
1129 660 1223 727 Idem
1249 660 1290 724 de
1304 664 1420 750 Agone
1433 660 1611 725 christiano
1624 683 1636 723 :
1659 689 1673 718 ι
1692 658 1867 724 Credamus
1882 658 1916 722 in
1932 675 2064 748 patrem
2080 676 2112 726 et

497 779 600 846 filium
618 795 651 845 et
671 781 816 870 spiritum
838 795 1000 861 sanctum,
1022 781 1093 846 haec
1114 796 1233 845 aeterna
1254 795 1328 845 sunt
1348 795 1443 870 atque
1458 777 1747 845 incommutabilia.
1768 811 1782 837 »
1801 777 1898 842 Unde
1912 777 2107 846 lohannes:

502 930 516 957 ι
528 902 607 966 Tres
622 915 696 965 sunt
708 900 743 963 in
759 899 854 980 coelo,
871 900 928 988 qui
941 900 1159 964 testimonium
1176 899 1362 990 perbibent,
1376 914 1467 988 pater
1478 914 1512 964 et
1525 898 1607 964 filius
1623 914 1657 963 et
1668 898 1797 988 spiritus
1809 912 1947 962 sanctus.
1968 927 1985 953 ι
1999 896 2110 963 Smen-

498 1017 577 1085 dum
602 1035 651 1084 est
669 1040 764 1100 vero,
782 1017 871 1106 quod
891 1019 926 1082 in
946 1019 1122 1084 substantia
1142 1034 1259 1083 sanctae
1276 1017 1592 1109 trinitatisquselibet
1607 1018 1741 1083 nomina
1763 1040 1830 1083 non
1851 1014 1940 1081 aliud
1960 1031 1995 1081 et
2017 1016 2109 1083 aliud

496 1137 696 1230 significant,
720 1138 785 1202 sive
801 1153 957 1226 quantum
981 1137 1024 1203 ad
1039 1154 1147 1228 partes
1164 1138 1229 1203 sive
1244 1152 1402 1226 quantum
1418 1135 1461 1202 ad
1476 1137 1660 1226 qualitates,
1676 1134 1734 1202 sed
1749 1137 1852 1226 ipsam
1867 1135 1968 1201 solam
1984 1159 2057 1202 non
2074 1139 2107 1203 in

496 1275 602 1349 partes
637 1255 772 1322 divisam
806 1280 867 1323 uec
892 1280 952 1348 per
978 1259 1146 1347 qualitates
1172 1273 1328 1322 mutatam
1360 1255 1540 1347 significant
1561 1258 1784 1322 substantiam.
1818 1255 1895 1321 Non
1920 1256 2020 1346 igitur
2046 1281 2107 1347 per

495 1400 666 1469 pemonam
690 1377 777 1442 aliud
799 1375 920 1466 aliquid
939 1375 1152 1466 significamus
1177 1400 1275 1466 quam
1299 1398 1357 1467 per
1376 1375 1605 1458 substantiam,
1632 1375 1707 1441 licet
1728 1398 1769 1440 er
1788 1373 1931 1464 quadam
1946 1374 2106 1465 loquendi

496 1493 726 1562 comuetudine
744 1494 902 1584 triplicare
923 1495 1081 1561 soleamus
1095 1520 1284 1586 personam,
1305 1520 1372 1562 non
1395 1495 1617 1575 substantiam,
1641 1495 1722 1560 sicsu
1739 1494 1844 1559 Greci
1867 1462 2029 1584 triplicare
2046 1520 2104 1561 so·

422 1642 426 1643 ⁷
496 1616 565 1680 lent
589 1615 812 1681 substantiam.
835 1613 949 1703 Neque
964 1637 1041 1681 vero
1064 1614 1239 1681 dicendum
1263 1629 1328 1697 est,
1352 1612 1442 1703 quod
1465 1612 1585 1679 infide
1609 1614 1758 1678 trinitatis
1781 1630 1889 1679 errem
1907 1614 2103 1704 triplicando

496 1735 724 1812 substantiam,
748 1735 822 1822 quia
840 1732 915 1799 licet
931 1733 1023 1799 aliter
1046 1732 1156 1800 dicant
1173 1756 1271 1823 quam
1290 1756 1362 1816 nos,
1381 1731 1416 1798 id
1432 1749 1541 1798 tamen
1561 1733 1698 1799 credunt
1712 1732 1800 1822 qnod
1817 1755 1893 1815 nos,
1911 1734 2004 1821 qnia,
2022 1735 2104 1800 siem

496 1853 653 1934 diximus,
678 1853 743 1918 sire
764 1876 902 1943 pmsona
923 1854 988 1919 sive
1009 1853 1187 1919 substantia
1208 1855 1274 1919 sire
1297 1852 1432 1918 essentia
1453 1852 1488 1916 in
1504 1853 1574 1919 Deo
1591 1874 1720 1942 prossus
1742 1850 1831 1916 idem
1850 1850 2041 1941 significant.
2063 1855 2102 1918 In

398 1960 402 1969 ¹
496 1975 657 2043 locutione
684 1974 772 2038 enim
798 1987 925 2039 tantum
949 1972 1114 2038 diversitas
1141 1988 1208 2055 est,
1237 1973 1276 2037 in
1299 1970 1364 2037 fide
1396 1974 1518 2053 uuitas3
1548 1971 1689 2060 alioquin
1711 1974 1780 2058 jam
1804 1995 1871 2036 non
1899 1987 1981 2037 esset
2014 1972 2101 2062 apud

496 2095 626 2160 Graecos
650 2091 794 2157 ecclesia.
820 2090 853 2155 Si
878 2106 987 2156 autem
1011 2090 1071 2180 ipsi
1092 2091 1136 2155 sic
1157 2089 1321 2180 loquendo
1344 2113 1445 2156 unum
1472 2088 1605 2171 dieunt,
1633 2112 1733 2179 quare
1759 2113 1818 2155 nos
1844 2089 1933 2156 idem
1959 2089 2100 2157 dicendo

495 2212 690 2276 mentiamur
712 2232 781 2274 non
804 2207 913 2276 rideo.
935 2239 949 2266 υ
968 2209 1018 2274 De
1035 2207 1215 2275 diversitate
1232 2209 1348 2277 divinae
1376 2210 1563 2275 substantia
1587 2210 1652 2275 sire
1676 2233 1734 2299 per
1754 2209 1923 2299 qualitates
1949 2211 2015 2274 sive
2041 2234 2102 2300 per

495 2344 601 2420 partes
614 2328 727 2394 beatus
735 2325 936 2406 Ambrosius,
948 2327 988 2392 de
998 2327 1029 2390 F
1029 2327 1095 2408 ide,
1114 2344 1147 2393 et
1160 2328 1274 2395 beatus
1282 2330 1491 2420 Augustintu,
1506 2330 1546 2394 de
1563 2330 1738 2413 Trinitate,
1755 2329 1800 2393 sic
1816 2327 1998 2418 loquuntur.
2010 2330 2099 2393 Am·

494 2449 644 2515 brosius:
663 2478 677 2506 e
688 2450 775 2514 Deus
790 2469 911 2512 nomen
928 2461 977 2512 est
993 2446 1178 2513 substantiae
1196 2447 1363 2539 simplicis,
1379 2473 1447 2515 non
1464 2452 1644 2536 conjunctae
1665 2448 1716 2514 vel
1730 2448 1935 2538 composita,
1951 2448 2001 2511 mi
2015 2447 2101 2514 nibil
2226 2434 2227 2481 l

495 2568 631 2652 aecidat,
644 2567 701 2634 sed
717 2566 918 2658 solumquod
928 2566 1073 2632 ditinum
1089 2569 1185 2632 estin
1203 2583 1315 2634 natura
1330 2569 1449 2634 habeat
1461 2592 1530 2634 sua.
1543 2569 1777 2659 »Augustinust
1788 2599 1802 2625 ι
1813 2567 1974 2656 Quicquid
1982 2590 2098 2634 secun-

495 2687 574 2754 dum
584 2688 752 2778 qualitates
768 2687 832 2753 dici
845 2703 939 2777 pater
944 2685 1085 2766 videtur,
1100 2685 1278 2752 secundum
1292 2688 1502 2753 substantiam
1516 2703 1548 2753 et
1565 2689 1735 2754 essentiam
1748 2702 1796 2752 est
1810 2685 2066 2777 Intelligendum.
2079 2720 2093 2745 ·

495 2809 578 2873 Item
598 2831 606 2873 z
627 2839 641 2865 ι
659 2807 800 2872 Nomina
816 2821 954 2896 quatuor
970 2822 1061 2888 sunt,
1076 2826 1129 2871 res
1144 2821 1253 2871 autem
1267 2831 1331 2873 una
1352 2824 1411 2873 est.
1435 2806 1575 2891 Quando
1599 2830 1675 2898 ergo
1697 2809 1768 2872 hee
1791 2808 2098 2893 nominayariamus

495 2927 559 2992 sive
575 2925 777 3017 singulariter
797 2925 862 2992 sive
882 2924 1046 3014 pluraliter
1060 2923 1274 3014 proferendo,
1298 2950 1382 3008 non,
1403 2927 1477 3015 quia
1498 2921 1586 2993 alidd
1606 2949 1707 2992 unum
1729 2938 1827 3015 quant
1849 2925 1984 2991 alterurn
2006 2928 2099 3016 signi·

495 3045 585 3130 ficet,
602 3048 666 3113 boc
686 3045 837 3128 facimus,
861 3043 918 3111 sed
933 3068 994 3135 pro
1015 3044 1082 3110 sola
1102 3044 1303 3135 loquentium
1318 3047 1500 3130 voluntate,
1523 3048 1639 3138 quibus
1653 3046 1724 3114 talis
1739 3044 1894 3134 loquendi
1915 3069 1990 3111 usus
2005 3071 2096 3113 eom-

494 3166 627 3257 plaeuit.
649 3167 683 3232 si
701 3167 789 3232 enim
804 3165 937 3232 diversae
954 3182 1060 3256 partes
1075 3165 1121 3230 ibi
1135 3183 1241 3232 essent
1249 3214 1258 3246 ,
1276 3182 1312 3232 ut
1328 3166 1427 3233 altera
1442 3190 1599 3258 persona,
1617 3167 1716 3234 altera
1732 3167 1908 3233 substantia
1925 3167 2095 3250 dicerettu,

495 3285 635 3351 fortassis
656 3287 739 3351 ratio
760 3284 865 3374 aliqua
888 3305 999 3350 earum
1026 3309 1084 3351 cur
1104 3309 1206 3352 unum
1228 3285 1442 3377 singulariter,
1468 3288 1603 3353 alterum
1622 3285 1787 3378 pluraliter
1806 3287 2041 3378 proferremus,
2062 3303 2098 3352 ut

494 3405 646 3486 hominis,
672 3405 747 3493 quia
764 3405 825 3469 alia
840 3427 914 3494 pars
934 3420 983 3470 est
1001 3427 1137 3496 corpus,
1160 3406 1222 3474 alia
1243 3406 1369 3487 anima,
1391 3429 1491 3474 unam
1512 3407 1653 3472 animam
1669 3407 1818 3489 dicimus,
1840 3405 1898 3473 sed
1913 3406 2007 3498 plura
2022 3430 2096 3473 eor-

496 3547 577 3615 pera
602 3538 735 3614 propter
755 3523 899 3612 eorporis
922 3538 1028 3612 partes
1051 3523 1210 3608 diversas3
1231 3525 1288 3592 sed
1306 3548 1411 3615 neque
1434 3525 1496 3591 alia
1515 3525 1649 3615 qualitas
1667 3550 1725 3617 per
1740 3547 1928 3617 personam,
1954 3524 2017 3590 alia
2040 3547 2096 3615 per

494 3644 704 3711 substantiam
723 3639 774 3707 vel
796 3641 966 3706 essentiam
985 3641 1226 3732 significaretis,
1245 3647 1339 3733 quia,
1357 3647 1439 3712 siem
1455 3647 1523 3732 jam
1540 3646 1696 3729 diximus,
1714 3646 1749 3710 in
1765 3648 1835 3713 Deo
1858 3646 1947 3711 nulla
1969 3668 2096 3735 prorsas

494 3759 630 3849 qualitas
646 3775 705 3825 est.
719 3758 791 3823 »Ex
798 3758 862 3822 bac
874 3757 971 3847 igitur
985 3774 1169 3824 sanctarum
1184 3759 1656 3849 Scripturartim'numerositate
1671 3761 1807 3854 diligens
1821 3761 1923 3828 lector
1935 3760 2095 3853 intelligit,

494 3897 621 3946 sanctos
640 3880 696 3969 qui
715 3902 769 3945 eas
786 3879 1042 3968 consmipserunt
1059 3902 1264 3969 nequaquam
1284 3882 1320 3945 in
1334 3882 1404 3947 Deo
1420 3897 1543 3947 tantam
1560 3883 1812 3973 singularitatem
1833 3882 2043 3964 intellexisse,
2061 3898 2097 3947 ut

493 4024 559 4066 una
581 3999 649 4065 sola
671 4022 741 4083 res,
759 4021 826 4063 una
850 3997 1019 4088 singularis
1041 3998 1219 4065 substantia
1241 3999 1343 4065 tribus
1364 4000 1426 4066 illis
1447 4003 1633 4067 nominibus
1654 4001 1878 4094 appellaretur,
1903 4025 1946 4068 ne
1967 4003 2033 4068 boe
2054 4001 2095 4069 de

414 4171 422 4178 .
492 4121 564 4186 Deo
584 4120 755 4186 sentientes
775 4117 809 4182 in
830 4115 919 4182 illam
938 4116 1155 4183 Sabellianam
1175 4118 1311 4185 baeresin
1336 4118 1533 4187 laberentur.
1550 4120 1653 4187 Multa
1674 4123 1761 4187 enim
1777 4122 2038 4188 inconvenientia
2056 4144 2096 4186 ex

490 4242 553 4306 hac
576 4238 756 4306 sabellium
779 4235 997 4328 singularitate
1022 4211 1150 4305 videtur
1172 4241 1338 4329 oonsequi.
1365 4240 1479 4331 Neque
1500 4264 1578 4307 vero
1603 4264 1641 4306 ea
1662 4265 1733 4330 quse
1758 4240 1826 4307 dixi
1847 4242 1924 4309 ideo
1947 4241 2035 4326 dixi,
2059 4258 2095 4307 ut
2167 4259 2172 4268 ·

491 4359 630 4449 aliquem
652 4357 805 4439 doceam,
823 4354 881 4423 sed
896 4343 1022 4446 petitu,
1046 4358 1073 4423 si
1092 4380 1197 4424 sacras
1213 4358 1391 4448 Scripturas
1411 4383 1480 4425 non
1499 4376 1586 4426 recte
1607 4360 1772 4452 intelligo,
1795 4360 1933 4444 discam,
1962 4362 2039 4450 quia
2059 4361 2093 4424 in

492 4478 642 4545 omnibus
666 4478 808 4568 paratior
828 4500 900 4543 sum
921 4475 1043 4543 discere
1066 4500 1165 4567 quam
1187 4476 1322 4563 dooere,
1353 4495 1386 4545 et
1407 4480 1493 4545 malo
1520 4478 1631 4545 audire
1655 4480 1844 4572 magistrum
1865 4503 1965 4569 mam
1990 4479 2094 4546 audiri
