4559 6100
502 82 640 150 subdit:
671 83 709 146 ln
732 81 794 145 hac
821 80 974 156 trinitate,
993 94 1056 144 eto.
1092 79 1213 143 Contra
1244 80 1374 145 Arrium
1405 81 1523 171 quippe
1556 79 1692 170 agebat,
1721 81 1776 172 qui
1808 78 2029 146 diversitatem
2067 82 2126 145 in-
2245 119 2247 136 .

440 256 447 265 .
504 201 691 291 aequalitatis
717 200 749 264 in
776 214 895 264 sanem
918 198 1068 262 trinitatis
1092 196 1268 262 substantia
1284 199 1440 288 ponebat,
1462 215 1608 290 patrem,
1625 200 1727 266 lilium
1743 217 1776 267 et
1795 200 1939 291 spiritum
1962 215 2127 266 sanctem

503 319 654 412 gradibus
671 319 834 409 dignitatis
849 317 1058 408 distinguens.
1077 316 1157 382 ideo
1173 339 1251 406 ergo
1268 316 1368 384 dicit:
1390 348 1404 376 α
1424 319 1516 382 Totae
1531 333 1596 384 tres
1611 340 1758 409 personas
1774 335 1943 384 coaeternae
1957 319 2021 383 sibi
2043 338 2128 387 mut

504 456 537 507 et
553 438 748 528 coequalem
760 470 772 496 ι
784 438 810 502 si
827 438 914 503 enirn
929 453 1113 518 ooaetemm,
1131 435 1212 500 nihil
1224 437 1312 526 prius
1328 453 1384 501 aut
1399 435 1571 526 posterius3
1590 438 1619 503 si
1632 438 1823 529 coequales,
1839 438 1919 503 nihil
1934 442 2046 525 majoe
2066 454 2127 503 aut
2247 435 2249 475 ³

504 559 622 623 minus.
646 556 739 620 Hanc
762 555 859 645 igitur
880 554 1051 618 Arrianam
1066 553 1320 643 separationem,
1342 569 1453 617 contra
1475 575 1572 640 quam
1601 554 1733 644 agebat,
1761 551 1937 620 secundum
1958 553 2126 620 videlicet
2248 594 2249 615 2

505 676 663 768 graduum
680 674 929 755 distinctionem,
948 673 1140 738 Athanasius
1155 671 1316 762 prohibet,
1334 695 1411 736 nam
1428 673 1563 737 omnino
1578 675 1813 764 separationem
1830 696 1897 738 non
1915 673 2041 755 aufert,
2063 675 2124 738 ubi
2247 688 2249 730 ι

506 819 559 862 aas
584 811 759 862 coeternas
774 809 808 859 et
827 793 1006 883 coaequales
1023 791 1112 859 dicit.
1131 791 1166 857 Si
1186 793 1272 857 enim
1289 792 1485 881 coequales,
1504 808 1627 858 suntet
1643 793 1796 884 equalem
1821 792 1983 882 aequalitas
2004 810 2124 860 autern
2247 816 2249 846 ι

506 939 632 1007 semper
643 917 728 980 inter
742 913 834 1005 plura
850 915 1002 996 est,nihil
1018 914 1105 979 enirn
1123 911 1183 978 sibi
1199 912 1320 1001 aequale
1334 922 1398 995 est,
1416 912 1514 978 beato
1530 914 1702 979 Ambrosio
1715 914 1865 981 dicente:
1889 946 1901 970 a
1921 914 2033 979 Nemo
2052 916 2124 1004 ipse
2247 932 2249 946 ¹

506 1037 565 1101 sibi
579 1033 665 1100 solus
682 1032 811 1123 equalis
825 1050 883 1098 est.
906 1064 921 1091 1·
942 1035 1028 1098 Dum
1041 1033 1138 1124 igitur
1153 1034 1188 1097 in
1204 1032 1380 1098 substantia
1396 1048 1514 1098 sanctae
1528 1033 1677 1099 trinitatis
1694 1032 1907 1124 aequalitatem
1925 1049 1958 1098 et
1974 1050 2122 1099 coaeter-
2247 1069 2249 1080 ·

506 1157 641 1220 nitatem
654 1156 767 1245 ponit,
783 1155 818 1218 in
834 1176 872 1218 ea
889 1153 1001 1241 utique
1023 1153 1259 1242 separationem
1275 1151 1466 1242 pluralitatis
1489 1151 1652 1242 relinquit.
1675 1153 1737 1218 Sed
1754 1153 1927 1244 prioritatis
1948 1169 1984 1217 et
2005 1170 2123 1242 poste·

505 1270 659 1335 rioritatis
671 1291 731 1358 per
752 1283 968 1349 coeternum,
990 1268 1184 1333 minoritatis
1199 1284 1235 1332 et
1246 1266 1436 1352 majoritatis
1455 1265 1573 1356 gradus
1589 1266 1728 1334 dicendo
1750 1267 1928 1357 coequales
1941 1267 2119 1359 extinguit.

506 1388 605 1471 Quod
626 1405 734 1452 autern
755 1409 856 1451 unam
874 1409 941 1451 non
964 1385 1167 1479 singularmer
1189 1385 1410 1471 substantiam,
1436 1384 1494 1451 sed
1509 1410 1568 1477 per
1583 1385 1822 1452 similitudinem
1843 1403 1877 1452 et
1899 1385 2121 1476 aequalitatem

508 1507 781 1590 dicat,manifesta
791 1504 1002 1585 demonstrat,
1014 1529 1088 1571 cunr
1098 1504 1193 1571 dicit:
1209 1506 1306 1571 oUna
1319 1505 1478 1588 divinitas,
1495 1504 1624 1595 equalis
1634 1505 1914 1596 gloria,coeterna
1925 1508 2091 1591 majestas.
2102 1537 2118 1563 ι

507 1629 576 1693 Nisi
593 1628 680 1693 enim
695 1627 880 1716 pritrequam
899 1648 999 1690 unam
1015 1624 1097 1691 dixit
1116 1624 1336 1691 subdidisset:
1354 1624 1499 1714 AEquelis
1519 1624 1641 1716 gloria,
1658 1640 1817 1690 coaeterna
1837 1627 1998 1711 majestas,
2016 1650 2120 1691 unam

509 1771 548 1814 ex
557 1745 800 1830 comuemdine,
808 1745 840 1811 id
852 1744 1097 1837 estsingrrlarem
1107 1746 1339 1835 sempeternum
1349 1743 1406 1810 sed
1414 1745 1480 1810 hoc
1489 1743 1826 1834 prorsusaulert,cum
1832 1744 1928 1808 dicit:
1941 1773 1956 1801 ι
1969 1743 2120 1832 AEqualis

506 1866 626 1957 glasia,
640 1896 658 1925 a
672 1882 706 1932 et
722 1865 811 1955 quod
824 1889 927 1931 unum
942 1865 1121 1931 secundum
1137 1864 1351 1954 equalitatem
1369 1864 1539 1953 acceperit,
1557 1862 1710 1930 declarat.
1732 1864 1821 1930 Sicut
1840 1880 1949 1929 autem
1969 1864 2119 1930 ostendi·

508 2008 595 2069 mus,
614 1986 795 2074 quodcum
813 1984 854 2050 de
870 1987 1071 2075 separatione
1088 1984 1275 2049 substantiae
1291 2000 1417 2074 ageret,
1440 2007 1507 2048 non
1523 2006 1653 2049 omnem
1671 2005 1745 2048 eunt
1767 1984 2005 2073 separationem
2021 2006 2119 2049 acoe-

356 2139 365 2153 =
509 2108 604 2194 pisso,
630 2104 688 2169 aed
711 2104 800 2170 illam
825 2104 929 2169 solam
952 2106 1122 2169 Arrianam
1144 2127 1202 2193 per
1228 2104 1387 2195 graduum
1410 2105 1530 2170 scilicet
1555 2102 1811 2185 distinctionem,
1841 2103 1886 2167 ita
1911 2125 2118 2193 summopere

509 2223 762 2313 perquirendum
777 2239 844 2303 eet,
862 2246 937 2287 curn
953 2222 1030 2287 dicit
1047 2245 1056 2288 t
1078 2254 1091 2279 ι
1107 2223 1184 2287 Non
1200 2239 1264 2288 tres
1281 2223 1392 2289 aeterni
1408 2221 1465 2288 sed
1481 2245 1564 2287 uuus
1580 2238 1734 2305 aeternus,
1756 2254 1771 2282 s
1790 2237 1898 2287 utrum
1918 2220 2118 2287 omnimodis

509 2341 780 2432 multiplicitatem
805 2341 990 2406 eternitatis
1006 2357 1174 2406 removeat
1190 2364 1231 2405 an
1248 2357 1336 2407 certo
1352 2342 1465 2407 modo.
1483 2341 1517 2406 Si
1533 2342 1621 2406 enim
1635 2342 1771 2407 ormino
1786 2357 1923 2406 aeternos
1937 2338 1999 2404 dici
2020 2364 2119 2430 posse

510 2478 630 2552 negat,
648 2461 709 2527 sibi
731 2461 792 2551 ipsi
808 2461 990 2529 nuenarius
1003 2477 1071 2553 est,
1084 2462 1139 2550 qui
1155 2478 1222 2527 tres
1233 2484 1387 2552 personas
1404 2478 1539 2528 aeternas
1557 2462 1703 2544 vocarit,
1724 2460 1835 2527 aimus
1853 2483 1907 2527 eas
1927 2475 2117 2526 eomas.

509 2582 545 2647 Si
560 2582 646 2649 euim
662 2594 850 2662 coaeternae,
875 2597 999 2649 suntet
1015 2596 1162 2662 artemae3
1181 2581 1346 2670 quomodo
1367 2606 1445 2674 ergo
1461 2604 1528 2647 non
1544 2598 1608 2647 tres
1625 2570 1747 2663 aterni,
1764 2582 1791 2647 si
1806 2597 1871 2646 tres
1893 2579 1957 2645 tttae
1971 2602 2118 2669 persone

511 2718 586 2768 rarnt
602 2701 751 2768 manre?
770 2704 885 2767 Beattre
901 2702 997 2768 etiam
1026 2702 1235 2791 Augustinus,
1252 2702 1293 2767 de
1316 2702 1474 2768 Doctrina
1493 2701 1672 2766 christiam
1695 2717 1732 2767 et
1745 2700 1785 2766 ale
1800 2703 1915 2790 Agnae
1941 2699 2119 2764 christiam

513 2838 646 2888 tetmnas
661 2820 827 2913 pluraliter
844 2820 982 2911 appellat
997 2818 1107 2886 dicem
1126 2844 1134 2885 t
1156 2851 1170 2877 a
1187 2823 1225 2886 In
1243 2823 1393 2888 omuibus
1408 2824 1505 2914 igitur
1516 2822 1613 2888 rebus
1623 2821 1687 2887 illae
1695 2822 1868 2899 solaesunt,
1885 2819 2003 2908 quibus
2012 2819 2120 2883 fruan-

512 2941 595 3007 darm
606 2956 667 3023 eat,
685 2962 765 3028 quae
789 2956 926 3005 eternas
942 2954 1037 3027 atque
1052 2941 1332 3008 incommutabiles
1349 2941 1499 3009 diximus.
1522 2974 1535 2999 ι
1552 2941 1748 3008 Praedixerat
1764 2942 1874 3006 enirn:
1892 2971 1906 2995 α
1926 2940 1991 3004 Res
2004 2938 2120 3027 quibru

371 3109 374 3112 -
512 3060 660 3145 eamn,
678 3076 770 3150 putee
786 3075 819 3126 et
833 3058 916 3124 filius
931 3075 968 3125 et
980 3060 1112 3149 spir'uus
1123 3077 1264 3127 sanctus.
1281 3091 1295 3120 ι
1316 3062 1420 3143 idem,
1439 3063 1482 3127 de
1497 3064 1613 3153 Agma
1636 3062 1814 3127 chrisum
1831 3085 1845 3124 .-
1868 3089 1884 3118 ιι
1902 3057 2074 3124 Credimus
2087 3059 2119 3122 in

510 3197 637 3271 patrem
651 3196 684 3246 a
699 3179 803 3246 filium
819 3196 855 3247 et
871 3180 1018 3270 spirinse
1040 3197 1199 3247 usuum.
1225 3182 1307 3248 Hac
1321 3199 1441 3248 marsa
1457 3198 1531 3248 mna
1552 3197 1587 3248 at
1603 3181 1829 3248 innuantur.
1851 3212 1866 3238 »
1887 3179 1922 3243 Si
1940 3179 2040 3269 igtur
2062 3179 2119 3243 iste

514 3316 648 3366 aeternas
671 3302 806 3366 omnino
828 3315 944 3392 negat,
962 3316 996 3366 et
1016 3301 1077 3368 sibi
1099 3315 1132 3366 et
1147 3302 1327 3394 Augustino
1349 3304 1505 3370 veraciter
1527 3318 1697 3395 repugnat.
1721 3299 1902 3367 licendum
1924 3313 1973 3364 est
1992 3320 2071 3388 ergo
2090 3314 2119 3362 et

515 3434 649 3484 eternas
671 3441 738 3486 ease
760 3420 939 3509 pluraliter,
963 3437 997 3486 et
1018 3420 1265 3512 qrrudammodo
1285 3445 1354 3488 non
1381 3445 1461 3490 esse.
1480 3423 1533 3488 Sic
1555 3422 1662 3505 enim,
1688 3444 1762 3488 uara
1783 3420 1966 3484 Iohannem
1985 3416 2120 3482 salvam

513 3538 706 3628 pruphetatn
727 3537 867 3618 diceret,
885 3538 990 3604 illese
1005 3540 1202 3630 prophetam
1219 3543 1359 3633 negavit.
1378 3541 1454 3625 Sed,
1472 3558 1510 3607 ut
1525 3564 1633 3630 neque
1650 3563 1759 3630 preco
1777 3539 1922 3604 veritatis
1935 3536 2118 3614 meatim,

514 3656 579 3723 eliu
600 3654 704 3722 moda
724 3659 855 3747 negarit
869 3655 942 3738 ille,
965 3657 1029 3722 alio
1048 3658 1153 3724 modo
1171 3659 1340 3726 affirmavit
1359 3662 1430 3728 iste.
1449 3661 1588 3752 Negavit
1602 3662 1689 3728 enirn
1711 3682 1745 3726 se
1764 3682 1830 3724 aon
1847 3657 2041 3748 prophetam
2057 3676 2121 3721 ene

515 3778 668 3861 unrnirto,
685 3774 745 3844 aed
755 3776 939 3869 simplicem
959 3779 1165 3868 pmphetana,
1183 3781 1257 3869 qttia
1278 3780 1350 3870 plus
1369 3805 1468 3871 quam
1484 3783 1644 3874 propheta
1662 3780 1738 3863 tuit,
1756 3780 1814 3845 ubi
1835 3801 1909 3868 quar
1930 3775 2121 3867 predixerat

515 3896 667 3962 osteudm.
692 3898 859 3988 [nigras
881 3913 915 3968 et
935 3897 1180 3965 hicdioendum
1202 3915 1250 3966 est
1271 3922 1346 3966 eum
1366 3925 1435 3967 non
1455 3893 2121 3988 omniuotresaeternosnegasse,sedee

516 4028 645 4081 numm
662 4014 764 4082 uodo
790 4040 858 4105 quo
882 4019 994 4086 ars-s
1021 4017 1216 4100 allirmabat,
1243 4020 1299 4110 qui
1321 4043 1505 4087 messmam
1532 4020 1715 4088 aeternitatis
1738 4021 1773 4098 in
1794 4016 1941 4110 personis
1963 4013 2119 4079 radebat

516 4132 645 4201 Emerui
667 4136 756 4201 enirn
771 4135 1054 4227 erantplmliter,
1073 4138 1505 4230 sicutplureeresatemae,
1524 4153 1557 4206 et
1573 4140 1683 4205 aterni
1699 4161 1768 4205 nun
1784 4153 1896 4218 erant,
1913 4135 2122 4201 uteternits

515 4254 552 4320 in
573 4255 917 4324 ateramum.
935 4258 1030 4324 Dicat
1051 4257 1237 4348 meliusqtri
1256 4275 1373 4350 potest.
1392 4260 1462 4350 Ego
1484 4258 1802 4326 radiusnonraleo.
1826 4256 2013 4345 Sedneqne
2035 4250 2122 4342 quod

517 4372 591 4440 dico
607 4374 791 4464 importune
809 4374 962 4442 defendo.
981 4378 1092 4444 Dicet
1115 4394 1171 4459 tu,
1206 4394 1316 4444 sancte
1339 4378 1484 4461 Isidore,
1515 4379 1721 4446 ecclesiarum
1747 4379 1846 4445 totius
1870 4376 2032 4466 Hispania
2049 4395 2122 4437 ma-

517 4492 624 4583 gister,
642 4492 721 4582 quid
737 4491 780 4559 de
797 4494 974 4561 substantia
990 4512 1107 4562 sancte
1137 4497 1287 4564 trinitatis
1313 4495 1517 4565 sentiendum
1545 4496 1735 4564 decreveris.
1752 4528 1767 4556 ι
1786 4496 1927 4564 Trinitas
1952 4490 2120 4584 appellffls

2248 4079 2250 4182 l

2247 4221 2250 4340 l
