4559 6100
754 587 1010 664 rfluotoott
1043 588 1319 666 ClllllS'llrlNA·
1762 592 1836 664 429

237 770 315 820 esse
336 746 522 819 naturam.
551 746 628 815 Hoc
653 767 800 840 quoque
822 741 961 815 addidit
983 765 1052 815 nos
1075 765 1151 814 esse
1174 742 1212 814 in
1234 740 1398 813 dominio
1423 740 1520 828 ner,
1540 741 1643 838 cujus
1666 742 1777 817 tutela
1803 760 1838 817 et

235 866 462 964 providentia
479 863 735 962 gubernamur.
755 861 849 935 Nihil
865 865 987 935 a'utem
1004 886 1095 954 esse,
1113 861 1227 934 invito
1245 861 1410 951 domino,
1433 858 1480 933 de
1496 859 1554 933 bis
1568 885 1648 959 qnae
1662 862 1834 961 possidet,

237 1012 280 1058 ex
296 1010 342 1059 eo
360 985 445 1059 loco
467 986 505 1058 in
524 1009 598 1082 quo
617 985 723 1056 snum
741 983 985 1072 constituerat,
1005 980 1254 1056 auferendum.
1275 985 1319 1053 Et
1335 981 1427 1053 sicut
1444 981 1506 1078 qui
1525 980 1635 1053 vitam
1655 982 1837 1082 mancipio

236 1120 426 1203 extorquet
442 1105 574 1190 alieno,
594 1103 745 1176 crimine
766 1128 841 1175 non
858 1103 1007 1194 carebit,
1027 1104 1077 1176 ita
1094 1128 1180 1176 eum
1197 1103 1258 1200 qui
1275 1101 1385 1175 finem
1403 1100 1484 1192 sibi,
1503 1102 1664 1175 Domino
1681 1102 1837 1176 necdum

169 1242 171 1245 ’
232 1225 401 1323 jubente,
426 1225 623 1324 quaesierit,
653 1249 729 1297 non
752 1223 1017 1297 absolutionem
1044 1225 1236 1322 consequi,
1266 1222 1330 1296 sed
1358 1237 1512 1296 reatum.
1539 1224 1622 1295 llaec
1647 1224 1839 1297 Platonicae

235 1360 339 1419 sectae
360 1347 496 1419 semina
520 1345 625 1418 altius
649 1343 809 1418 Plotinus
831 1345 1032 1442 exequitur.
1057 1347 1150 1417 Cum
1173 1358 1327 1434 constet,
1353 1343 1482 1440 inquit,
1511 1344 1839 1417 remunerationem

234 1467 365 1538 animis
383 1467 455 1540 illic
477 1491 554 1539 esse
570 1464 812 1555 tribuendam,
832 1491 901 1563 pro
917 1464 1030 1537 modo
1046 1464 1289 1563 perfectionis,
1308 1462 1481 1562 adquam
1501 1463 1538 1534 in
1561 1462 1630 1536 hac
1648 1464 1719 1537 vita
1743 1491 1838 1540 una-

234 1589 387 1685 quaeque
414 1586 596 1686 pervenit,
626 1611 702 1659 non
736 1600 790 1659 est
821 1584 1096 1686 praecipitandus
1125 1587 1205 1659 vitae
1234 1586 1333 1678 imis,
1364 1610 1448 1658 cum
1478 1583 1599 1657 adbuc
1626 1583 1839 1684 proficiendi

233 1731 311 1778 esse
342 1709 453 1805 possit
478 1708 649 1780 accessio.
676 1712 791 1804 Ergo,
827 1708 988 1805 inquies,
1016 1707 1080 1803 qui
1101 1707 1177 1803 jam
1204 1705 1360 1807 perfecte
1382 1718 1554 1804 purgatus
1580 1719 1656 1794 est,
1690 1727 1839 1778 manum

233 1824 302 1897 sibi
324 1826 433 1900 debet
456 1827 605 1920 inferre,
631 1853 715 1900 curn
739 1852 815 1900 non
841 1828 886 1900 sit
911 1829 942 1900 ei
967 1851 1073 1900 causa
1097 1826 1328 1920 remanendi,
1358 1825 1444 1924 quia
1464 1824 1665 1924 profectum
1692 1824 1839 1900 ulterius

234 1976 310 2023 non
329 1953 489 2050 requirit,
512 1953 574 2051 qui
598 1951 646 2027 ad
672 1975 829 2052 superna
847 1953 1022 2052 pervenit.
1046 1950 1115 2025 Sed
1145 1952 1217 2024 lroc
1238 1952 1331 2050 ipso,
1358 1976 1433 2048 quo
1461 1948 1529 2022 sibi
1551 1950 1705 2022 celerem
1728 1950 1837 2023 finem

232 2095 298 2169 spe
323 2071 481 2144 lruendae
505 2070 736 2145 beatitudinis
762 2074 927 2165 arcessit,
955 2073 1112 2146 irretitur
1137 2072 1266 2169 laqueo
1291 2071 1466 2171 passionis
1495 2099 1503 2142 :
1531 2070 1615 2169 quia
1640 2097 1722 2170 spes
1747 2072 1839 2144 sieut

234 2192 345 2263 timor
370 2192 487 2290 passio
512 2204 577 2263 est.
605 2195 646 2263 Et
663 2190 735 2265 hoc
757 2207 811 2265 est
834 2191 933 2289 quod
951 2192 1084 2265 Paulus
1103 2192 1217 2265 fitium
1238 2217 1303 2292 spe
1319 2192 1399 2263 vitae
1416 2191 1565 2263 verioris
1586 2190 1633 2262 ad
1655 2215 1693 2262 se
1717 2191 1839 2262 venire

231 2324 490 2408 properantem
510 2308 681 2408 prohibet
703 2335 746 2383 ac
768 2310 920 2409 repellit.
950 2310 1024 2383 Nisi
1050 2312 1147 2384 enim
1174 2336 1258 2384 cum
1284 2315 1403 2403 Deus,
1433 2311 1563 2409 inquit,
1589 2311 1662 2382 istis
1688 2321 1723 2383 te
1751 2333 1839 2382 cor·

230 2430 332 2527 poris
356 2429 529 2502 custodiis
551 2430 767 2521 liberaverit,
796 2432 869 2503 hnc
894 2431 959 2503 tibi
987 2432 1105 2504 aditus
1131 2447 1252 2530 patere
1279 2456 1353 2505 non
1378 2446 1508 2531 potest.
1535 2435 1608 2503 Nec
1630 2429 1837 2529 dicitquod

231 2550 301 2621 nisi
330 2576 428 2623 mors
450 2550 621 2624 naturalis
641 2550 839 2642 advenerit,
868 2553 960 2623 mori
982 2577 1057 2624 non
1080 2552 1229 2652 poteris,
1257 2552 1321 2625 sed
1342 2551 1415 2624 lruc
1439 2551 1560 2623 uenire
1586 2577 1660 2623 nou
1689 2554 1834 2652 poteris.

231 2671 314 2742 Pari
335 2684 456 2743 autem
474 2670 676 2744 constantia
693 2695 803 2761 mors,
824 2696 891 2744 nec
914 2673 1061 2745 veniens
1085 2698 1150 2771 per
1172 2687 1337 2747 naturam
1354 2672 1516 2744 timenda
1537 2686 1604 2764 est,
1629 2697 1696 2744 nec
1712 2687 1839 2746 contra

229 2791 400 2865 ordinem
416 2793 578 2891 cogenda
598 2805 779 2864 naturae.»
798 2795 890 2865 Cum
913 2792 1034 2892 itaque
1056 2808 1118 2866 aut
1140 2794 1340 2892 Diogenem
1361 2809 1423 2867 aut
1444 2791 1690 2866 Tlreobrotnm
1707 2793 1754 2866 de
1769 2779 1838 2866 sibi

229 2911 330 2986 illata
359 2929 477 2986 morte
505 2911 697 2986 defendere
725 2937 834 2987 nemo
867 2931 1060 3013 praesumat
1091 2944 1099 2986 z
1129 2915 1286 2988 arbitror
1312 2929 1432 2988 tamen
1457 2914 1530 2987 boc
1559 2915 1607 2988 ad
1633 2915 1839 3014 exemplum

226 3032 448 3129 tolerantia,
478 3047 515 3108 et
540 3033 587 3107 ad
614 3047 865 3132 contemptum
890 3035 998 3133 hujus
1021 3036 1116 3124 vitae,
1146 3052 1182 3110 et
1208 3034 1425 3109 desiderium
1449 3052 1590 3109 aeternae
1614 3034 1720 3108 nobis
1745 3035 1839 3110 salu·

224 3152 344 3227 briter
373 3179 394 3228 a
424 3156 555 3227 sanctis
590 3152 752 3251 patribus
782 3179 859 3227 esse
888 3157 1131 3253 propositum;
1170 3170 1208 3227 ut
1241 3153 1313 3227 lroc
1344 3154 1469 3227 saltem
1500 3154 1746 3227 laudabilem
1775 3155 1837 3227 illo

224 3289 467 3367 monstretur,
499 3271 601 3373 quod
624 3271 721 3346 banc
747 3272 857 3345 vitam
887 3274 937 3346 ita
962 3276 1237 3373 contempserit,
1266 3299 1341 3345 nou
1365 3272 1466 3370 quod
1491 3271 1559 3344 sibi
1590 3298 1719 3346 manus
1748 3276 1837 3370 inje-

222 3392 337 3485 cerit,
368 3395 404 3466 in
434 3395 503 3467 isto
531 3407 653 3467 autem
682 3390 783 3489 quod
814 3394 1055 3466 immortalem
1083 3394 1211 3466 animae
1239 3391 1497 3466 beatitudinem
1526 3406 1626 3465 tauto
1657 3393 1836 3468 desiderio

220 3512 418 3611 amplexus
442 3516 499 3586 sit.

282 3636 378 3705 Etsi
404 3647 487 3731 post
511 3636 765 3712 abstinentiam
789 3652 826 3710 et
852 3636 1182 3733 magnanimitatem
1204 3634 1520 3735 philosophorum,
1543 3661 1837 3736 eorumquoque

217 3752 493 3828 continentiam
518 3758 805 3851 consideremus3
837 3757 951 3831 mutu
977 3756 1014 3829 in
1045 3756 1298 3830 confusionem
1325 3770 1486 3829 nostram
1512 3756 1559 3830 de
1580 3757 1631 3830 eis
1656 3771 1693 3829 et
1714 3756 1761 3830 ab
1787 3760 1837 3831 eis

215 3877 362 3974 scripta
387 3876 621 3975 reperiemus,
641 3896 676 3953 et
698 3881 734 3952 in
753 3883 804 3954 eis
823 3876 1023 3952 christianae
1045 3878 1279 3967 castimoniae,
1299 3901 1409 3974 quam
1430 3876 1542 3950 ludaei
1558 3902 1634 3950 non
1656 3878 1836 3951 intellexe-

213 4009 331 4084 runt,
359 3997 548 4096 incoepisse
576 3999 898 4098 pulchritudinem.
922 4002 975 4070 De
995 4020 1069 4096 qna
1091 4023 1157 4097 per
1182 3999 1402 4097 Sapientiam
1428 3998 1608 4072 dicitur⁸z
1641 4001 1704 4070 «Ο
1727 4022 1835 4095 quam

211 4115 384 4217 pulchra
405 4131 459 4190 est
476 4133 575 4191 casta
598 4122 781 4217 generatio
804 4145 889 4194 cum
908 4117 1085 4193 claritate!
1099 4147 1116 4186 n
1133 4118 1171 4191 id
1187 4135 1239 4192 est
1254 4120 1476 4192 continentia
1495 4120 1572 4191 vitae
1596 4144 1680 4191 cum
1703 4118 1835 4191 illumi·
1920 4125 1923 4128 ”

211 4236 378 4309 natione
392 4237 586 4336 sapientiae,
603 4264 688 4313 cum
705 4241 776 4313 sint
787 4255 824 4313 et
841 4240 944 4312 latnae
958 4239 1123 4336 virgines,
1143 4239 1245 4337 cujus
1259 4253 1295 4312 et
1309 4238 1454 4312 laudem
1471 4240 1589 4312 statim
1607 4240 1837 4339 prosequitur

208 4354 373 4428 dicens⁸
392 4382 400 4428 ε
423 4360 670 4432 «Immortalis
686 4360 784 4432 enim
802 4375 855 4433 est
877 4360 1053 4431 memoria
1071 4358 1178 4450 illins,
1206 4359 1380 4458 quoniam
1401 4359 1500 4458 apud
1519 4364 1634 4432 Deum
1654 4373 1741 4432 nota
1759 4375 1832 4450 est,

205 4489 249 4548 et
269 4473 382 4574 apud
404 4475 584 4550 homines.
605 4510 621 4545 a
641 4481 734 4550 Cum
756 4502 911 4578 praesens
931 4492 998 4569 est,
1024 4479 1209 4551 imitantur
1230 4479 1346 4571 illam,
1363 4494 1399 4551 et
1421 4478 1625 4553 desiderant
1649 4503 1729 4553 eam
1750 4504 1834 4552 cum

202 4618 250 4666 se
268 4593 458 4684 eduxerit,
476 4612 511 4669 et
524 4597 561 4668 in
575 4612 793 4697 perpetuum
808 4613 983 4671 coronata
995 4598 1208 4698 triumphat,
1227 4598 1582 4697 incoinquinatorum
1597 4600 1833 4672 certaminum

200 4715 420 4814 praemium
445 4715 617 4817 vincens,
645 4742 757 4816 quam
783 4733 819 4791 et
845 4720 984 4791 Veritas
1011 4718 1187 4816 apostolis
1215 4719 1369 4817 injungit
1395 4718 1553 4813 dicens‘,
1585 4721 1695 4791 «Sint
1720 4716 1832 4791 lumbi

201 4834 339 4909 vestri
357 4836 553 4934 praecincti,
570 4866 590 4906 n
609 4851 647 4910 et
661 4837 853 4936 Apostolus
870 4838 1024 4911 maxime
1041 4838 1276 4912 commendat
1295 4839 1462 4912 dicens':
1487 4844 1662 4912 «Bonum
1686 4854 1738 4912 est
1763 4836 1833 4909 bo·

232 5135 354 5198 'Apud
365 5133 514 5184 llacrotrtum
532 5148 581 5185 non
599 5134 648 5187 Det
663 5136 707 5186 sed
725 5135 950 5199 renuntietur.
969 5162 999 5177 -·
1016 5137 1106 5203 ’Sap.,
1120 5151 1174 5202 cap,
1192 5150 1227 5197 u.
1243 5154 1265 5190 r.
1286 5145 1305 5190 t.
1324 5164 1348 5176 -
1361 5137 1449 5191 ’ltin
1506 5139 1513 5169 ⁴
1527 5138 1602 5204 lue,
1619 5153 1672 5204 rap.
1687 5154 1732 5201 ru,
1749 5157 1772 5195 s.
1791 5146 1832 5194 ut.

189 5244 229 5258 —
244 5221 258 5253 ⁸
273 5214 409 5270 Corinth.
422 5214 443 5279 l,
454 5229 509 5279 cap.
525 5229 566 5276 ru,
580 5230 603 5268 r.
620 5220 641 5268 t.
