4559 6100
443 535 515 608 3⁰0
1042 540 1173 616 Pt'tttt
1197 538 1429 614 ABAELAllDl

444 707 508 783 per
528 685 701 783 Spiritum
716 702 894 782 sanctum,
913 702 996 788 post
1010 691 1260 764 ascensionem
1279 688 1326 763 ad
1349 691 1422 762 hoc
1441 689 1561 789 ipsum
1577 686 1806 762 mittendum.
1827 687 2033 763 Notandum

443 827 529 876 vero
544 803 616 877 hoc
636 806 737 904 quod
757 809 921 905 adjunxit
938 812 1130 909 Apostolus
1150 827 1193 883 :u
1209 814 1277 882 Aut
1298 809 1379 909 quis
1399 806 1594 881 descendet
1609 808 1646 879 in
1663 806 1847 906 abyssum,
1862 835 1881 874 u
1898 832 2036 907 nequa·

443 939 552 1021 quam
568 925 604 996 in
621 928 854 1028 suprapositis
867 929 982 1026 Moysi
995 929 1113 1002 verbis
1122 929 1313 1021 contineri,
1325 927 1388 1000 sed
1398 952 1465 1028 pro
1476 925 1844 1001 hocibiessedictum
1859 932 2036 1027 :ulloque

444 1059 541 1117 trans
565 1069 662 1119 mare
685 1050 856 1147 positum,
881 1063 948 1123 eto.
968 1081 985 1116 u
1004 1054 1087 1122 Haec
1103 1051 1225 1149 itaque
1251 1046 1380 1140 verba,
1402 1047 1461 1120 vel
1480 1048 1557 1146 ipse
1575 1047 1767 1148 Apostolus
1787 1069 1935 1121 sensum
1950 1073 2034 1147 pro·

442 1177 584 1236 sectatus
606 1166 786 1263 adjunxit,
811 1167 868 1242 vel
892 1170 983 1244 sorte
998 1169 1100 1268 juxta
1123 1170 1252 1259 aliam,
1275 1193 1349 1267 qua
1371 1191 1469 1240 nunc
1493 1168 1647 1258 utimur,
1674 1166 1963 1260 translationem,
1991 1191 2034 1241 ea

444 1296 582 1356 mutum
604 1285 744 1385 collegit
767 1313 845 1386 quae
868 1315 1066 1389 congruere
1087 1290 1285 1389 propositae
1302 1288 1484 1361 sententiae
1500 1286 1601 1359 vidit.
1630 1292 1750 1360 Potest
1775 1285 1908 1385 quippe
1931 1288 2033 1385 quod

442 1400 585 1496 dicitur,
606 1432 712 1480 «nou
733 1423 786 1480 est
802 1423 900 1483 trans
916 1434 1015 1483 mare
1036 1411 1210 1511 positum,
1227 1440 1245 1477 u
1269 1410 1317 1481 ita
1334 1407 1483 1505 intelligi
1501 1421 1540 1480 ut
1557 1432 1632 1480 non
1648 1407 1746 1480 sitin
1767 1405 1908 1505 abysso,
1925 1405 1963 1479 id
1979 1424 2032 1481 est

372 1615 374 1624 J
442 1523 478 1594 in
496 1524 636 1598 inlerno
657 1526 816 1602 locatum
836 1556 845 1600 ε
866 1545 906 1601 ut
921 1529 1087 1604 videlicet
1109 1543 1260 1630 propter
1279 1528 1412 1626 ipsum,
1432 1526 1516 1599 illuc
1531 1540 1698 1626 oporteat
1712 1526 1869 1623 aliquem
1884 1524 2031 1599 descen·

442 1641 540 1736 dere,
563 1661 598 1717 et
624 1670 723 1719 mare
745 1648 852 1746 hujus
875 1648 985 1722 seculi
1003 1663 1044 1722 ut
1059 1649 1108 1722 ad
1128 1647 1219 1722 illud
1234 1644 1455 1747 profundum
1480 1646 1610 1718 inserui
1629 1645 1815 1745 perveniat
1830 1657 2031 1745 penetrare,

364 1841 373 1848 ,
443 1776 482 1834 ut
506 1764 574 1837 tale
595 1765 640 1837 sit
663 1765 755 1839 ultra
779 1792 891 1841 mare.
913 1773 962 1841 Ac
976 1768 1007 1841 si
1024 1768 1176 1855 dicatur,
1196 1765 1367 1840 deorsum
1386 1778 1469 1867 post
1484 1787 1596 1860 mare,
1615 1764 1653 1838 id
1672 1778 1726 1838 est
1739 1766 1776 1837 in
1799 1763 1859 1837 illa
1873 1763 2032 1837 ulteriori

443 1884 680 1958 amaritudine
696 1886 844 1979 inserui,
862 1902 946 1986 post
961 1889 1143 1963 miseriam
1158 1887 1342 1987 praesentis
1355 1887 1448 1959 vitae.

495 2003 644 2077 «Corde
667 2007 775 2079 enim.
793 2038 810 2073 a
832 2011 926 2080 Bene
942 2006 1035 2099 dixi,
1055 2006 1258 2080 confitearis
1273 2019 1310 2078 et
1325 2004 1460 2090 credas,
1477 2004 1562 2103 quia
1585 2017 1779 2102 utrumque
1794 2004 2032 2078 necessarium

441 2137 506 2212 est,
534 2123 615 2220 quia
641 2126 751 2198 corde
774 2125 930 2199 creditur
953 2126 1092 2200 adhoc
1115 2139 1157 2199 ut
1173 2124 1387 2223 justificetur
1409 2123 1486 2222 ipse
1509 2125 1573 2221 qui
1597 2122 1725 2215 credit,
1754 2121 1839 2221 quia
1862 2123 1938 2195 sine
1963 2121 2034 2195 fide

441 2242 661 2341 impossihile
686 2259 738 2316 est
754 2248 832 2318 Deo
852 2244 1006 2344 placere.
1027 2249 1070 2316 Et
1086 2259 1213 2345 postea
1227 2244 1404 2317 consessio
1421 2241 1463 2314 fit
1477 2239 1524 2315 de
1545 2242 1617 2314 hoo
1637 2243 1716 2340 ipso
1731 2240 1833 2341 quod
1849 2241 1977 2336 credit,
1995 2257 2033 2314 ut

441 2360 604 2433 Ecclesiae
614 2360 729 2434 fidelis
742 2379 963 2460 aggregetur,
976 2378 1011 2437 et
1023 2377 1243 2437 sacramenta
1254 2364 1331 2462 ejus
1346 2362 1547 2462 participet.
1564 2391 1583 2429 a
1596 2361 1691 2433 Dicit
1704 2363 1800 2434 enim
1814 2362 2003 2461 scriptura,
2014 2391 2031 2428 u

441 2493 481 2551 ut
503 2481 666 2578 superius
690 2482 727 2553 iu
751 2484 840 2555 isaia
862 2484 1167 2584 comprehensum
1183 2497 1249 2555 est.
1264 2512 1282 2552 r
1298 2487 1377 2555 Nou
1393 2482 1503 2555 enim.
1522 2512 1539 2549 a
1558 2481 1638 2553 Dixi
1654 2506 1795 2574 omnes,
1812 2483 1887 2554 sive
1902 2481 2034 2555 scilicet

440 2599 581 2673 ludaeos
606 2600 681 2673 sive
702 2602 880 2699 Gentiles,
899 2618 936 2677 et
957 2604 1086 2677 merito
1109 2606 1195 2703 quia
1219 2604 1378 2677 adhunc
1400 2602 1636 2676 obtinendam
1652 2602 1805 2676 salutem
1821 2602 1911 2675 nihil
1930 2603 2035 2676 refert

442 2719 626 2793 diversitas
649 2721 883 2820 populorum,
903 2723 1105 2796 dummodo
1132 2745 1204 2796 uua
1225 2724 1272 2796 sit
1296 2722 1405 2816 lides,
1426 2723 1512 2820 quia
1535 2722 1572 2794 iu
1596 2747 1683 2794 eum
1708 2719 1887 2794 credimus
1914 2721 2035 2819 potius

441 2863 551 2938 quam
566 2840 601 2913 ei
617 2842 781 2934 veleum,
795 2857 956 2942 utsupra
970 2843 1214 2915 meminimus.
1227 2872 1245 2909 a
1255 2843 1364 2914 Dives
1380 2842 1419 2913 in
1434 2865 1574 2932 omues,
1590 2868 1605 2909 u
1624 2838 1663 2913 id
1678 2855 1730 2912 est
1745 2838 1922 2911 sufficiens
1939 2839 2033 2912 veris

444 2983 570 3034 omues
597 2959 711 3033 ditare
735 2961 887 3050 divitiis,
911 2991 929 3030 a
943 2963 1004 3060 qui
1022 2963 1205 3057 invocant,
1222 2988 1241 3031 a
1261 2985 1336 3034 nou
1361 2960 1425 3060 qui
1448 2974 1590 3033 vocant.
1607 2959 1758 3032 Vocatio
1780 2959 1916 3058 quippe
1936 2973 2034 3031 exte·

441 3082 579 3153 riorum
606 3106 716 3154 sonus
743 3097 796 3154 est
824 3082 1040 3177 verborum,
1068 3081 1114 3155 de
1144 3106 1216 3180 qua
1241 3081 1391 3154 dicitur¹
1410 3107 1418 3152 ε
1435 3085 1544 3153 uNou
1570 3082 1688 3153 omnis
1716 3080 1780 3178 qui
1805 3078 1894 3152 dicit
1919 3079 2030 3167 mihi,

443 3202 598 3274 Domine
624 3202 795 3294 Domine,
822 3202 968 3276 intrabit
991 3204 1029 3275 in
1055 3226 1209 3298 regnum
1230 3200 1419 3275 coelorum.
1434 3232 1452 3267 a
1480 3199 1663 3275 luvocatio
1685 3222 1774 3272 vero
1804 3213 1857 3272 est
1886 3200 2035 3272 interior

442 3320 590 3414 clamor,
607 3321 643 3394 id
660 3337 713 3394 est
727 3321 872 3397 devotio
889 3324 1000 3395 animi
1016 3321 1064 3395 ad
1079 3327 1198 3395 Deum
1214 3322 1437 3422 suspirantis,
1456 3318 1502 3395 de
1517 3343 1589 3419 qua
1606 3320 1719 3418 Moysi
1734 3318 1900 3391 dicitur¹:
1913 3319 2034 3408 «Quid

443 3441 575 3515 clamas
590 3442 637 3514 ad
654 3443 734 3516 me?
744 3474 762 3512 u
783 3473 801 3513 a
817 3445 944 3517 Omnis
958 3445 1069 3534 enim,
1086 3469 1105 3511 u
1117 3442 1164 3515 ab
1184 3442 1394 3515 auctoritate
1409 3440 1519 3532 isaiae,
1533 3469 1550 3508 u
1564 3463 1700 3511 nomeu
1714 3439 1875 3528 Domini,
1893 3466 1911 3505 u
1929 3437 1968 3510 id
1984 3452 2037 3510 est

446 3562 609 3634 notitiam
623 3564 699 3659 ejus
716 3578 752 3635 et
767 3565 1089 3637 manifestationem
1102 3562 1295 3635 devotione
1310 3560 1481 3661 postulat,
1496 3559 1542 3632 de
1556 3582 1631 3657 qua
1645 3556 1796 3630 dicitur⁸
1810 3584 1818 3628 ε
1833 3587 1852 3626 u
1865 3561 1906 3628 Et
1921 3558 2035 3631 mani·

445 3681 581 3755 lestabo
595 3683 627 3753 ei
649 3682 836 3780 meipsum.
850 3711 868 3750 a
886 3688 929 3754 Et
942 3682 1160 3755 Psalmista‘:
1176 3680 1380 3772 «satiabor,
1393 3712 1410 3746 u
1430 3680 1587 3778 inquit,«
1604 3703 1688 3751 cum
1706 3678 1910 3778 apparuerit
1923 3677 2035 3775 gloria

446 3814 553 3871 tua.»
575 3799 804 3887 «Quomodo
820 3825 919 3897 ergo.
936 3828 953 3867 a
972 3804 1085 3871 Suum
1110 3813 1146 3870 et
1161 3800 1315 3872 aliorum
1337 3799 1591 3899 Apostolorum
1612 3797 1772 3870 officium
1791 3795 2033 3886 commendat,

447 3918 673 3991 ostendendo
691 3920 824 3993 scilicet
842 3943 950 4017 quam
974 3914 1172 3991 necessaria
1192 3919 1237 3989 sit
1259 3942 1386 3990 eorum
1409 3917 1627 4017 predicatio,
1646 3931 1687 3989 ut
1708 3917 1855 3990 credant
1871 3916 2037 3989 homiues

445 4053 480 4108 et
493 4036 688 4129 salventur.
708 4040 951 4112 Continuatio.
974 4037 1279 4135 Quandoquidem
1296 4040 1358 4137 qui
1375 4038 1595 4111 invocaverit
1609 4036 1816 4129 salvabitur,
1834 4061 1920 4132 ergo
1940 4038 2038 4109 invo

446 4156 582 4232 candus
598 4174 652 4231 est
668 4156 888 4252 hominibus,
908 4172 948 4231 ut
964 4158 1159 4231 salventur.
1177 4158 1278 4231 «Sed
1294 4160 1331 4230 in
1348 4183 1458 4257 quem
1476 4156 1641 4229 noudum
1656 4156 1930 4248 crediderunt,»
1950 4180 2037 4253 ergo

446 4277 633 4375 quomodo
649 4279 895 4351 invocabunt?
913 4277 1140 4367 «Quomodo
1159 4277 1307 4351 credent
1322 4278 1376 4350 eil
1387 4308 1404 4345 u
1417 4282 1466 4349 Ac
1484 4276 1514 4349 si
1530 4290 1652 4376 aperte
1665 4276 1774 4365 dicat,
1789 4275 1890 4349 nullo
1910 4273 2032 4348 modo.

449 4426 466 4466 u
478 4399 551 4470 Ei»
571 4398 610 4471 id
629 4414 773 4471 estnon
793 4397 910 4471 solum
930 4399 967 4470 iu
989 4422 1086 4489 eum,
1105 4395 1170 4468 sed
1186 4421 1253 4469 uec
1270 4398 1316 4491 ei,
1333 4397 1370 4470 id
1387 4410 1440 4469 est
1452 4397 1637 4496 praeceptis
1655 4395 1711 4468 vel
1729 4393 2038 4468 admonitionibus

445 4517 531 4613 ejus.
561 4522 715 4607 «Quem
744 4544 817 4591 non
844 4518 1048 4610 audierunt,
1069 4545 1087 4585 a
1112 4540 1230 4613 neque
1258 4540 1323 4616 per
1347 4518 1502 4616 seipsum
1531 4515 1797 4616 praedicantem,
1827 4539 1945 4614 neque
1974 4539 2039 4615 per

445 4634 556 4709 alium
580 4639 746 4735 quicum
770 4626 990 4738 predicaret.
1011 4667 1027 4702 α
1048 4634 1245 4725 Quomodo
1271 4651 1390 4710 autern
1417 4636 1578 4729 audient,
1598 4638 1675 4709 sine
1694 4635 1957 4735 praedicante,u
1982 4637 2039 4710 vel

446 4757 523 4856 ipso
546 4758 602 4830 vel
618 4757 703 4829 alio.
725 4762 822 4830 «Aut
835 4757 1021 4855 quomodo
1040 4755 1315 4855 praedicabunt»
1338 4756 1462 4854 aliqui,
1480 4787 1497 4826 u
1509 4758 1577 4829 nisi
1602 4757 1802 4847 mittantur,
1816 4784 1834 4824 u
1853 4756 2039 4855 sicutipse

445 4875 551 4949 Filius
567 4900 587 4947 a
607 4880 720 4967 Patre,
736 4891 771 4949 et
787 4876 943 4976 Apostoli
959 4874 1102 4975 abipso
1121 4875 1222 4966 Filio,
1240 4877 1289 4948 ita
1305 4877 1356 4950 eis
1372 4874 1532 4949 dicente⁸
1551 4902 1560 4948 τ
1583 4877 1713 4949 «Sicut
1729 4876 1824 4948 misit
1841 4901 1900 4949 me
1918 4880 2035 4967 Pater,

480 5148 1066 5217 mantuanense.ar.-²1tcou.‚op.m,v.
1077 5150 1300 5215 15.-³Jom.,esp.
1308 5149 1580 5215 xu,r.2t.-⁴Pmtm.
1588 5163 1638 5215 su,
1647 5165 1670 5201 v.
1678 5149 1848 5203 ta—‘tomu
1859 5160 1989 5213 esurus.
1997 5150 2037 5200 tt.
