4559 6100
486 71 573 136 Deus
588 84 658 134 tota
674 68 811 135 trinitas.
833 98 847 127 s
867 69 1082 160 Augustinus:
1103 98 1117 126 ι
1137 69 1250 160 Igitur,
1268 85 1306 134 ut
1330 93 1397 135 non
1417 68 1521 135 solum
1537 68 1627 158 quod
1642 69 1756 134 beatus
1771 68 1963 134 Ambrosius
1983 91 2114 136 venam
2234 80 2239 93 '

487 204 520 254 et
543 188 632 277 quod
652 205 780 254 sanctus
802 188 1019 281 Hieronymus
1043 189 1179 256 dicam:
1207 213 1275 255 non
1306 184 1412 255 solum
1434 188 1634 255 divinitatem
1656 190 1755 280 patris
1778 188 1836 254 sed
1862 212 1922 254 nec
1956 188 2019 254 lilii
2044 214 2115 256 nec

487 305 614 396 spiritus
647 305 748 370 sancti
772 323 919 372 naturam
940 321 1074 396 possunt
1093 306 1179 371 oculi
1200 306 1304 371 carnis
1328 306 1481 395 aspicere.
1503 335 1517 362 ι
1542 306 1626 370 ltem
1645 305 1680 368 in
1705 305 1865 369 Doctrina
1884 303 2109 371 christiana:

489 454 504 482 «
521 426 584 493 Res
599 424 714 513 quibus
729 424 877 507 fruimur,
895 441 987 514 pater
1002 442 1036 491 et
1047 423 1130 490 filius
1140 440 1174 491 et
1183 426 1310 515 spiritus
1326 440 1466 506 sauctus,
1488 439 1521 490 et
1535 423 1606 488 haec
1620 424 1744 491 trinitas
1761 447 1826 488 una
1846 422 2108 515 quodammodo

486 567 537 609 res
553 559 612 609 est.
627 575 642 602 ι
662 546 746 610 Item
764 568 773 609 t
789 575 803 603 α
823 547 860 610 In
877 545 1027 610 omnibus
1041 545 1137 612 rebus
1165 543 1228 610 illae
1246 545 1323 610 solae
1343 561 1419 610 sunt
1442 545 1558 634 quibus
1586 542 1759 647 fruendum
1779 558 1845 625 est,
1863 565 1941 631 quas
1958 560 2109 610 aetemas

486 679 583 753 atque
614 663 892 729 incommutabiles
914 662 1064 728 diximus.
1083 694 1098 721 ν
1117 662 1210 729 Idem
1236 663 1277 727 de
1292 666 1407 753 Agone
1421 663 1624 728 christiano:
1647 692 1661 720 ι
1680 660 1855 727 Credamus
1870 661 1904 725 in
1919 677 2056 751 patrem
2073 680 2108 729 et

485 782 587 848 filium
606 798 639 847 et
658 784 804 873 spiritum
825 798 987 863 sanctum,
1010 783 1080 847 haec
1101 797 1221 848 aterna
1241 797 1316 848 sunt
1336 798 1431 872 atque
1446 780 1734 848 incommutabilia.
1755 813 1770 839 ι
1788 779 1885 846 Unde
1900 780 2101 849 lohannes:

489 904 594 968 «Tres
609 902 730 968 suntin
746 901 841 983 coelo,
859 902 915 990 qui
928 902 1147 967 testimonium
1164 902 1350 992 perbibent,
1363 916 1455 991 pater
1466 916 1499 967 et
1512 900 1597 993 filius
1610 917 1645 965 et
1656 900 1785 991 spiritus
1797 915 1934 965 sanctus.
1957 931 1973 957 n
1988 900 2104 966 Scien-

486 1020 565 1087 dum
590 1037 638 1087 est
657 1042 752 1101 vero,
769 1020 858 1108 quod
879 1021 1110 1086 insubstantia
1129 1036 1247 1086 moctae
1264 1020 1580 1111 trinitatisquaelibet
1595 1021 1729 1085 nomina
1750 1042 1817 1084 non
1839 1017 1927 1083 aliud
1948 1034 1984 1084 et
2005 1019 2102 1086 alind

484 1139 683 1233 significant,
707 1141 773 1205 sive
789 1155 945 1229 quantum
969 1139 1011 1206 ad
1026 1156 1134 1230 partes
1151 1141 1217 1205 sire
1232 1155 1389 1229 quantum
1407 1138 1449 1204 ad
1464 1141 1647 1229 qualitates,
1664 1137 1721 1204 sed
1737 1140 1839 1228 ipsam
1855 1137 1958 1203 solam
1974 1163 2049 1205 non
2066 1142 2101 1206 in
2232 1204 2235 1219 ,

484 1278 590 1352 partes
625 1258 760 1325 divisam
793 1282 855 1325 nec
880 1283 939 1351 per
965 1262 1133 1349 qualitates
1159 1276 1316 1325 mutatam
1347 1258 1527 1350 significant
1548 1260 1771 1325 substantiam.
1806 1258 1882 1323 Non
1908 1259 2009 1348 igitur
2039 1284 2100 1350 per

482 1403 655 1472 personam
677 1378 765 1445 aliud
787 1378 907 1468 aliquid
927 1378 1140 1470 significamus
1164 1402 1262 1468 quam
1286 1401 1344 1470 per
1364 1379 1593 1461 substantiam,
1620 1378 1695 1444 licet
1715 1401 1756 1444 ex
1776 1376 2098 1484 quadamlloquendi
2232 1432 2236 1467 ,

483 1497 713 1565 consuetudine
730 1496 890 1588 triplicare
910 1497 1069 1564 soleamus
1083 1521 1272 1590 personam,
1292 1523 1359 1565 non
1382 1496 1605 1578 substantiam,
1628 1498 1710 1562 sicut
1727 1498 1832 1562 Graeci
1854 1497 2020 1587 triplicare
2038 1523 2096 1565 so·

484 1618 553 1683 lent
577 1617 799 1683 substantiam.
823 1617 936 1705 Neque
952 1639 1029 1684 vero
1052 1616 1226 1684 dicendum
1251 1632 1315 1700 cst,
1340 1614 1430 1705 quod
1452 1615 1573 1682 infide
1597 1617 1747 1682 trinitatis
1769 1633 1877 1682 errent
1895 1617 2096 1706 triplicando

483 1737 712 1815 substantiam,
735 1738 810 1825 quia
829 1736 902 1802 licet
918 1737 1010 1803 aliter
1034 1736 1144 1802 dicant
1161 1758 1259 1826 quam
1278 1759 1350 1819 uos,
1369 1734 1404 1800 id
1420 1751 1529 1801 nmen
1549 1736 1686 1803 creduut
1700 1735 1788 1826 quod
1804 1758 1880 1819 nos,
1899 1738 1993 1824 quia,
2011 1739 2097 1804 sicin

485 1857 641 1937 diximus,
665 1856 730 1921 sire
752 1878 889 1945 persona
911 1857 976 1922 sire
996 1856 1174 1922 mbstantia
1196 1857 1262 1921 sive
1284 1856 1419 1921 essentia
1441 1855 1476 1919 in
1491 1856 1562 1922 Deo
1579 1878 1708 1945 prorsus
1729 1854 1818 1920 idem
1838 1853 2031 1945 significant.
2055 1859 2095 1922 lu

386 1962 390 1971 ⁴
483 1977 645 2047 locutione
671 1976 759 2042 enim
785 1990 912 2042 tautum
936 1975 1102 2041 diversitas
1128 1991 1195 2057 est,
1225 1975 1263 2040 iu
1287 1973 1352 2041 lide
1384 1976 1506 2056 unitas,
1536 1974 1677 2063 alioquin
1699 1977 1768 2062 jam
1793 1998 1859 2040 non
1886 1990 1969 2040 esset
2002 1976 2094 2065 apud

483 2098 614 2163 Graecos
638 2094 782 2159 ecclesia.
807 2093 841 2157 Si
866 2110 975 2159 autem
998 2094 1059 2183 ipsi
1079 2094 1123 2159 sic
1145 2093 1309 2183 loquendo
1331 2116 1434 2159 unum
1460 2092 1593 2175 dicunt,
1621 2115 1721 2182 quare
1746 2116 1806 2158 uos
1831 2091 1920 2158 idem
1947 2091 2092 2161 dicendo

483 2214 678 2279 mentiamur
700 2236 767 2276 non
792 2210 901 2277 video.
922 2242 936 2269 ι
956 2212 1006 2276 De
1022 2211 1203 2278 diversitate
1220 2213 1336 2279 div'mae
1364 2214 1550 2279 substantias
1574 2213 1640 2278 sire
1663 2235 1722 2302 per
1743 2211 1911 2303 qsralitates
1938 2213 2005 2277 sive
2032 2238 2093 2304 per

483 2347 589 2422 partes
601 2331 715 2397 beatus
723 2329 924 2411 Ambrosius,
935 2330 975 2394 de
985 2330 1017 2393 F
1017 2330 1082 2411 ide,
1101 2347 1134 2395 et
1147 2331 1261 2397 beatus
1270 2334 1478 2423 Augustinus,
1493 2333 1534 2397 de
1550 2333 1726 2415 Trinitate,
1743 2333 1788 2396 sic
1803 2330 1991 2421 loquuntur.
2003 2334 2090 2396 Am-

482 2452 632 2518 brosius:
651 2481 665 2510 c
675 2452 763 2517 Deus
777 2472 898 2515 nomen
916 2465 964 2515 est
981 2449 1166 2516 substansia
1184 2451 1351 2543 simplicis,
1368 2476 1435 2518 non
1451 2455 1632 2540 conjuncte
1652 2450 1703 2517 vel
1718 2451 1923 2541 composita,
1940 2452 1993 2515 tui
2008 2451 2092 2517 nibil

483 2571 619 2656 accidat,
632 2570 689 2637 sed
705 2570 809 2636 solum
816 2570 906 2659 quod
914 2570 1061 2635 divinum
1076 2586 1124 2636 est
1139 2573 1173 2636 in
1190 2587 1303 2636 natura
1318 2573 1437 2638 habent
1449 2595 1518 2637 sua.
1531 2602 1544 2629 »
1554 2572 1764 2662 Augustinus:
1776 2601 1790 2628 a
1800 2570 1962 2658 Quicquid
1970 2593 2090 2636 secun-

483 2691 562 2758 dum
573 2692 740 2781 qrsalitates
756 2690 820 2756 dici
834 2705 926 2781 pater
932 2688 1072 2770 ridetur,
1087 2688 1266 2755 secundum
1280 2691 1489 2756 substantiam
1503 2706 1537 2756 et
1553 2691 1723 2757 mantiam
1736 2705 1784 2755 est
1798 2687 2084 2779 intelligendum.»

483 2811 566 2875 Item
586 2834 594 2875 :
615 2841 629 2868 ι
647 2810 788 2875 Nomina
803 2825 941 2900 quatuor
957 2825 1048 2891 sunt,
1063 2828 1117 2875 res
1132 2825 1241 2875 autem
1255 2833 1319 2875 una
1340 2827 1399 2876 est.
1423 2809 1563 2895 Quando
1587 2833 1663 2901 ergo
1685 2811 1756 2876 brec
1778 2809 2090 2895 nominayariamus

482 2929 548 2995 sive
563 2928 764 3020 singsrlariter
784 2929 850 2994 sive
869 2927 1034 3019 pluraliter
1048 2927 1262 3018 proferendo,
1285 2953 1369 3013 non,
1390 2930 1466 3018 quia
1487 2924 1574 2995 alitid
1593 2952 1695 2995 unum
1718 2952 1814 3019 quam
1836 2927 1972 2993 alterum
1994 2930 2090 3018 sigui-

483 3048 572 3134 lioet,
591 3052 654 3116 boc
674 3048 825 3131 fadmus,
848 3047 906 3114 sed
921 3072 981 3139 pro
1002 3047 1070 3113 sola
1089 3047 1290 3137 loquentium
1306 3051 1488 3134 voluntate,
1510 3051 1627 3141 quibus
1640 3051 1712 3116 talis
1727 3047 1881 3137 loquendi
1901 3072 1978 3114 usus
1993 3073 2087 3115 oom-

482 3170 615 3261 placuit.
637 3170 671 3234 si
689 3170 776 3235 enim
791 3167 925 3234 diversae
941 3185 1048 3259 partes
1063 3167 1108 3233 ibi
1123 3185 1246 3248 essent,
1264 3186 1300 3234 ut
1316 3170 1415 3236 altera
1430 3194 1587 3261 persona,
1605 3171 1703 3237 altera
1720 3167 1895 3236 substantia
1911 3169 2086 3252 diceretur,

483 3288 623 3354 fortassis
644 3291 727 3354 ratio
747 3288 853 3378 aliqua
875 3307 986 3354 earum
1013 3312 1071 3355 cur
1092 3312 1193 3354 unum
1216 3288 1430 3380 singulariter,
1456 3290 1590 3356 alterum
1610 3288 1775 3379 plrualiter
1794 3289 2028 3380 proferremus,
2051 3305 2090 3354 ut

482 3408 634 3488 hominis,
659 3409 735 3495 quia
751 3408 813 3472 alia
827 3429 901 3498 pars
921 3423 970 3473 est
989 3431 1124 3499 corpus,
1148 3409 1210 3476 alia
1231 3409 1357 3490 anima,
1380 3432 1478 3476 unam
1499 3410 1641 3475 animam
1657 3409 1806 3491 dicimus,
1827 3408 1885 3475 sed
1900 3409 1994 3499 plura
2009 3402 2087 3475 cor?

484 3550 566 3619 pora
590 3541 722 3617 propter
743 3525 887 3616 corporis
909 3542 1016 3614 partes
1038 3527 1197 3613 diversas,
1219 3527 1277 3595 sed
1294 3551 1399 3617 neque
1421 3528 1484 3594 alia
1503 3528 1638 3618 qualitas
1654 3553 1713 3619 per
1728 3549 1915 3621 personam,
1942 3527 2003 3592 alia
2027 3549 2086 3617 per

468 3647 691 3717 substantiam
710 3643 762 3710 vel
783 3645 953 3710 essentiam
973 3644 1214 3735 significaretur,
1232 3649 1326 3738 quia,
1345 3650 1426 3715 sicut
1442 3650 1512 3736 jam
1527 3648 1684 3731 diximus,
1701 3649 1737 3713 in
1752 3650 1822 3715 Deo
1845 3648 1935 3718 nulla
1956 3670 2086 3737 prorsus

481 3764 617 3854 qualitas
633 3779 692 3829 est.
706 3761 779 3827 »Ex
786 3761 849 3826 hac
862 3760 958 3852 igitur
973 3778 1157 3828 sanctarum
1171 3762 1644 3853 Scripturarum'numerositate
1659 3763 1795 3856 diligens
1808 3762 1910 3830 lector
1923 3763 2084 3854 iutelligit,

481 3901 608 3950 sanctoe
627 3883 683 3973 qui
703 3905 757 3949 eas
773 3882 1029 3972 conscripserunt
1047 3906 1251 3973 nequaquam
1272 3886 1306 3949 in
1321 3886 1392 3951 Deo
1408 3901 1532 3951 tantam
1548 3885 1799 3977 singularitatem
1820 3883 2028 3968 intellexisse,
2048 3901 2086 3950 ut

481 4027 546 4071 una
568 4002 636 4069 sola
659 4024 729 4085 res,
748 4025 812 4067 una
838 4000 1007 4091 singularis
1028 4002 1205 4068 substantia
1228 4003 1331 4069 tribus
1352 4004 1414 4070 illis
1436 4004 1621 4071 nominibus
1641 4004 1866 4096 appellaretur,
1891 4027 1933 4071 ne
1955 4005 2018 4069 boc
2040 4003 2084 4071 de

402 4173 411 4182 .
472 4125 552 4190 ¹Deo
571 4124 743 4190 sentientes
763 4122 797 4186 in
817 4119 907 4185 illam
926 4120 1142 4187 sabellianam
1163 4123 1299 4188 heresin
1323 4122 1642 4190 laberenturMulta
1662 4126 1749 4190 enim
1765 4123 2023 4190 inconvenientia
2041 4146 2083 4188 ex

478 4245 540 4309 bac
563 4242 744 4310 sabelliana
767 4238 985 4332 singularitate
1010 4215 1138 4308 videtin
1160 4243 1326 4332 consequi.
1354 4244 1467 4333 Neque
1487 4266 1566 4310 vero
1591 4267 1629 4310 ea
1650 4268 1722 4334 qua
1746 4244 1814 4310 dixi
1834 4243 1911 4311 ideo
1935 4243 2020 4326 dixi,
2044 4260 2083 4309 ut
2162 4265 2167 4274 ·

478 4362 617 4452 aliquem
640 4361 792 4444 docmm,
811 4359 869 4427 sed
884 4347 1009 4449 potiui,
1034 4362 1060 4426 si
1080 4384 1185 4427 sacras
1201 4362 1379 4452 Scripturas
1399 4386 1467 4428 non
1487 4379 1574 4429 recte
1595 4363 1759 4455 intelligo,
1783 4362 1922 4445 discam,
1949 4363 2025 4452 quia
2045 4362 2081 4426 in

478 4481 630 4548 omnibus
653 4481 796 4572 paratior
816 4502 887 4546 sum
909 4478 1031 4546 discere
1054 4504 1153 4571 quam
1174 4479 1310 4565 docere,
1340 4497 1374 4548 et
1395 4482 1481 4548 malo
1507 4481 1619 4548 audire
1643 4483 1832 4575 magistrum
1853 4505 1952 4572 quam
1977 4479 2083 4546 audiri
