4559 6100
425 509 428 520 ⁵
478 571 551 647 aaa
1078 559 1467 644 rarntmmmnt

478 721 551 794 lt'oc
567 721 918 820 ‹dietumslt,»quod
942 719 1108 794 videlicet
1129 744 1293 819 egressus
1312 721 1390 819 ejus
1403 721 1449 793 ab
1464 720 1573 793 initio
1596 722 1641 793 sit
1660 746 1683 794 a
1702 721 1831 795 diebus
1852 717 2068 790 aeternitatis.

477 846 665 918 AEternum
677 844 815 942 qnippe
830 857 883 915 eat
899 840 1000 939 qttod
1015 843 1154 939 origine
1171 856 1280 914 caret.
1293 841 1402 930 Quod
1416 841 1446 914 si
1461 840 1534 913 lroc
1549 840 1703 914 reserant
1718 842 1763 914 ad
1781 839 1958 927 lllessiam,
1970 835 2070 907 iilum

478 964 609 1035 scilicet
637 964 832 1036 maximum
847 961 1075 1062 prophetam,
1096 977 1135 1034 ut
1148 962 1402 1059 aiunt‚'-quem
1419 975 1628 1060 expectant,
1649 963 1711 1058 qni
1728 975 1848 1033 tamen
1870 954 2069 1030 secundant

478 1107 542 1155 eos
556 1083 669 1154 bomo
685 1107 798 1181 puras
813 1096 902 1173 erat,
920 1105 995 1154 non
1009 1083 1115 1153 etiam
1133 1086 1252 1169 Deus;
1272 1081 1463 1154 ostendant
1478 1083 1558 1178 quis
1575 1099 1735 1179 egressus
1747 1081 1825 1177 ejus
1841 1093 1995 1151 aeternus
2010 1075 2067 1167 sit,

477 1201 534 1273 vel
562 1202 659 1274 unde
686 1202 896 1274 aeternaliter
922 1200 1137 1297 egrediatur.
1168 1202 1204 1272 si
1232 1214 1351 1273 antem
1379 1201 1502 1273 dicant
1527 1226 1612 1274 eum
1639 1201 1852 1274 aeternaliter
1879 1197 2000 1294 effudi
2026 1219 2067 1269 er

369 1321 371 1332 ’
479 1321 672 1411 Bethleem,
697 1322 858 1419 eoquod
876 1321 952 1417 ejus
967 1321 1131 1392 nativitas
1152 1320 1188 1391 in
1207 1345 1250 1392 eo
1273 1320 1355 1392 loco
1379 1321 1498 1394 sutura
1512 1319 1558 1393 ab
1573 1336 1707 1393 aeterno
1730 1319 1873 1418 provisa
1894 1318 1937 1390 sit
1954 1341 1974 1388 a
1990 1320 2068 1392 Deo

477 1454 513 1511 et
523 1441 771 1538 praedestinata
788 1469 801 1511 εΔ
817 1441 891 1513 hoc
911 1441 1035 1537 utique
1057 1438 1171 1512 modo
1197 1438 1386 1536 cujuslibet
1404 1439 1577 1529 hominis,
1601 1438 1658 1510 vel
1685 1438 1874 1535 cujuslibet
1898 1436 1947 1508 rei
1971 1436 2068 1508 nati-

478 1561 567 1633 vitas
592 1576 722 1634 aeterna
759 1577 833 1655 est,
863 1562 951 1658 qnia
976 1560 1139 1632 videlicet
1171 1560 1217 1632 ab
1241 1573 1374 1631 aetemo
1400 1561 1555 1659 provisa.
1582 1560 1728 1638 Discunt
1754 1561 1874 1655 itaque
1901 1571 2067 1629 aetemam

476 1686 749 1777 generationem«
768 1707 856 1776 esse,
880 1703 989 1780 quam
1015 1694 1050 1753 et
1072 1683 1241 1779 scriptam
1259 1680 1395 1778 legunt,
1421 1695 1458 1754 et
1473 1681 1628 1777 legendo
1644 1679 1872 1779 profitentur,
1895 1693 1932 1750 et
1958 1675 2067 1776 proll·

476 1815 589 1874 tentes
611 1827 687 1874 non
710 1801 875 1874 eredunt.
900 1799 1153 1899 Respondeant
1175 1800 1281 1871 etiam
1307 1799 1416 1889 mihi,
1442 1823 1526 1871 cnm
1542 1800 1693 1871 audiunt
1710 1798 1923 1898 prophetam
1945 1797 2067 1868 dicen·

476 1926 564 1991 tem¹
578 1948 585 1989 :
601 1921 743 1993 «Verbo
758 1922 906 1993 Domini
919 1920 999 1993 coeli
1015 1919 1147 1993 firmati
1163 1934 1260 2009 sunt,
1275 1935 1312 1992 et
1328 1921 1453 2019 spiritu
1466 1922 1539 1992 oris
1550 1920 1627 2016 ejus
1640 1920 1758 1991 omnis
1775 1920 2065 2006 amaseorum»

474 2039 562 2136 quid
586 2062 650 2137 per
678 2040 835 2112 Verbum
856 2040 1017 2130 Domini,
1037 2039 1125 2136 quid
1148 2063 1213 2137 per
1234 2064 1276 2111 os
1293 2040 1381 2136 ejus,
1400 2038 1458 2112 vel
1481 2063 1546 2138 per
1569 2039 1739 2136 Spiritum
1756 2037 1832 2133 ejus
1854 2035 2062 2132 intelligant.

474 2162 594 2230 Unum
619 2160 753 2258 qnippe
770 2159 934 2231 omniunt
955 2158 1105 2231 aliarum
1127 2181 1247 2229 rernm
1264 2159 1483 2257 principium
1497 2163 1614 2230 Deum
1631 2183 1708 2230 esse
1723 2171 1879 2244 constat;
1900 2171 1937 2227 et
1960 2181 2067 2228 omne

475 2277 572 2374 quod
591 2292 657 2370 est,
685 2292 749 2351 ant
767 2283 864 2354 Deus
882 2291 950 2369 est,
970 2293 1006 2349 et
1021 2276 1103 2350 ideo
1128 2292 1315 2363 aeternum,
1343 2292 1405 2349 aut
1429 2277 1476 2350 ab
1499 2291 1633 2350 meran
1659 2277 1721 2349 illo
1747 2276 1924 2375 principio
1947 2291 2068 2348 manet

473 2412 643 2470 creatum.
664 2399 843 2495 Scriptum
856 2411 1025 2495 praeterea
1041 2401 1131 2469 est¹r
1154 2429 1172 2462 «
1183 2402 1222 2469 ln
1238 2398 1418 2496 principio
1433 2397 1566 2471 creavit
1579 2402 1675 2470 Dens
1689 2397 1819 2469 coelum
1835 2408 1870 2466 et
1887 2411 2017 2467 terram
2031 2421 2065 2464 :r

474 2515 570 2588 unde
587 2530 668 2590 ante
685 2517 761 2588 haec
780 2515 870 2588 nibil
884 2532 1044 2589 creatum
1059 2541 1135 2588 esse
1154 2516 1294 2589 volunt.
1318 2517 1473 2589 Verbum
1492 2518 1612 2614 itaque
1630 2516 1719 2589 illud
1736 2541 1811 2613 quo
1836 2514 1915 2587 coeli
1937 2515 2066 2590 lirmati

473 2649 567 2725 sunt,
596 2652 632 2708 et
648 2636 731 2709 ideo
749 2636 848 2734 prins
864 2650 921 2707 est·
939 2636 1105 2731 hirqnos
1121 2637 1322 2728 constituit,
1337 2650 1496 2708 creatum
1511 2661 1585 2708 non
1604 2651 1669 2728 est,
1689 2637 1801 2708 immo
1820 2650 1969 2722 creator,
1991 2636 2067 2733 ipse

473 2756 535 2851 qui
551 2759 646 2828 Deus
668 2769 739 2844 est,
758 2778 832 2851 quo
850 2753 929 2826 caeli
949 2753 1079 2825 firmati
1094 2770 1191 2826 sunt.
1210 2756 1247 2826 Si
1266 2769 1386 2827 autem
1403 2755 1476 2827 hoc
1492 2755 1645 2828 verbum
1667 2754 1892 2829 locutionem
1903 2754 2064 2848 aliquam

473 2875 539 2946 Dei
554 2876 796 2947 transitoriam
812 2872 1004 2973 appellent,
1021 2873 1113 2943 sicut
1129 2887 1165 2944 et
1178 2871 1329 2944 verbum
1344 2873 1515 2966 bominis,
1533 2899 1578 2946 eo
1595 2874 1763 2948 videlicet
1778 2875 1876 2972 quod
1892 2873 2063 2969 scriptum

473 2996 563 3066 est³:
594 2994 724 3065 «Dixit
750 2997 846 3066 Deus
872 3007 907 3065 et
924 2993 1016 3065 sacta
1045 3005 1148 3083 sunt3
1167 3019 1185 3059 n
1214 3006 1321 3091 atque
1345 2994 1394 3067 ita
1417 2998 1513 3065 Dens
1535 3018 1682 3093 quoque
1703 2996 1793 3067 sicut
1813 2993 1925 3064 homo
1952 2990 2065 3064 modo

448 3174 451 3179 .
472 3108 644 3206 loquitur,
662 3133 744 3181 cum
763 3109 837 3181 ait:
861 3137 878 3175 n
894 3107 970 3179 Fiat
993 3106 1065 3199 lux,
1084 3136 1102 3172 a
1128 3106 1240 3200 modo
1257 3112 1433 3199 conticet,
1455 3109 1617 3209 prolecto
1635 3108 1883 3209 permutabilis-
1899 3121 1953 3178 est
1969 3107 2066 3178 divi-

472 3229 592 3300 nitatis
613 3229 806 3321 artemitas,
822 3252 906 3300 cum
924 3250 999 3299 non
1020 3250 1164 3327 semper
1184 3228 1294 3300 dicat⁸
1313 3228 1406 3302 «fiat
1422 3230 1525 3317 lura»
1547 3245 1582 3302 et
1604 3245 1719 3303 cetera
1734 3255 1815 3327 quae
1825 3231 1900 3326 jam
1921 3227 2067 3300 condita

471 3369 565 3427 sunt.
594 3355 691 3442 Quid
725 3356 832 3427 etiam
857 3376 949 3453 opus
968 3353 1090 3426 Verbo
1116 3352 1268 3426 audibili
1293 3355 1359 3428 suit
1382 3368 1465 3428 ante
1493 3355 1619 3427 mundi
1644 3356 1958 3441 constitutionem,
1984 3376 2066 3425 cum

470 3474 635 3546 nondum
662 3488 753 3547 esset
780 3475 839 3546 cui
866 3473 1086 3572 loqueretur,
1116 3472 1173 3546 vel
1198 3474 1262 3571 qui
1288 3473 1456 3545 audiret?
1483 3474 1666 3570 Numquid
1692 3498 1797 3546 mane
1812 3473 1971 3545 Verbum
1990 3496 2064 3543 non

472 3595 633 3693 protulit,
660 3595 689 3664 si
708 3616 800 3691 opus
815 3593 929 3665 verbo
946 3618 1019 3665 non
1045 3592 1172 3665 luerit?
1191 3594 1386 3689 praesertim
1402 3618 1483 3666 cum
1509 3594 1585 3665 sola
1602 3593 1766 3665 voluntas
1786 3593 1976 3683 sufficeret,
1999 3614 2065 3663 nec

474 3713 592 3785 adbuc
621 3714 749 3809 aliquis
777 3727 868 3784 esset
893 3713 955 3807 qui
981 3711 1104 3784 audito
1131 3711 1381 3785 instrueretur.
1413 3717 1496 3801 Quo
1526 3715 1632 3785 etiam
1663 3712 1881 3812 proferendo
1915 3710 2064 3783 verbum

472 3832 661 3920 emitteret,
678 3854 762 3902 cum
780 3830 900 3902 nullus
917 3829 1039 3903 adbuc
1055 3830 1159 3901 loeus
1174 3844 1315 3901 creatus
1330 3845 1434 3923 esset,
1453 3856 1520 3904 nec
1538 3858 1600 3905 aer
1615 3833 1733 3906 adlauc
1751 3831 1918 3905 conditus
1933 3854 1976 3901 ex
1991 3853 2064 3927 qno

470 3947 580 4021 verba
603 3949 830 4021 formantur?
846 3947 987 4038 Quibus
1003 3949 1111 4021 etiam
1128 3949 1375 4021 instrumentis
1392 3951 1500 4023 verba
1517 3953 1699 4039 formaret,
1728 3971 1811 4024 curn
1826 3970 1897 4023 nee
1919 3975 1974 4039 os,
1997 3973 2064 4022 nec

469 4093 551 4167 pars
568 4069 688 4167 aliqua
704 4071 818 4143 inesse
834 4072 946 4170 possit
956 4070 990 4141 ei
1006 4070 1069 4166 qui
1083 4070 1234 4141 omnino
1251 4069 1400 4169 simplex
1415 4087 1467 4144 est
1484 4088 1520 4145 et
1538 4073 1786 4145 indivisibilis?
1806 4094 1915 4144 omne
1928 4072 2063 4168 quippe

471 4188 569 4286 quod
587 4189 747 4287 partibus
760 4204 913 4281 constat,
931 4189 1108 4288 posterius
1124 4202 1178 4260 est
1193 4189 1400 4263 naturaliter
1413 4190 1469 4262 bis
1483 4218 1526 4264 ex
1542 4192 1673 4290 quibus
1687 4206 1839 4284 constat,
1858 4206 1893 4262 et
1907 4212 2062 4286 quornm

470 4322 650 4380 conventu
667 4306 867 4406 proficitur,
893 4332 977 4379 cum
1000 4333 1043 4379 ex
1066 4308 1153 4405 ipsis
1168 4331 1245 4381 esse
1268 4331 1374 4381 suum
1392 4311 1582 4384 contrahat
1600 4337 1642 4386 ex
1666 4312 1797 4409 quibus
1813 4325 1865 4383 est
1887 4309 2065 4382 constitu·-

470 4440 559 4498 tum.
580 4430 699 4498 Omne
715 4428 837 4518 etiam,
858 4427 973 4525 inquit
987 4426 1100 4521 Plato,
1120 4426 1221 4525 quod
1233 4429 1402 4524 junctum
1417 4445 1484 4520 est,
1503 4446 1631 4504 natura
1645 4430 1852 4505 dissolubile
1870 4444 1932 4501 est.
1953 4426 2062 4515 Quod

470 4546 498 4617 si
525 4545 693 4643 Spiritum
719 4546 865 4618 Domini
879 4560 1030 4618 ventum
1057 4546 1267 4643 intelligant,
1293 4548 1397 4619 sicuti
1423 4547 1473 4620 ibi
1497 4551 1659 4649 accipere
1679 4551 1850 4624 volarat:
1879 4581 1897 4616 κ
1911 4547 2064 4648 Spiritus

421 4712 424 4724 ·
469 4661 615 4733 Domini
637 4659 815 4735 serebatur
836 4684 944 4760 super
967 4686 1121 4760 aquas»
1143 4686 1202 4753 eo,
1223 4675 1263 4735 ut
1277 4663 1509 4760 aiunt,qnod
1525 4681 1655 4737 ventus
1669 4668 1707 4739 in
1726 4668 1828 4763 aquis
1852 4688 1941 4762 quas
1966 4687 2063 4735 com·

470 4786 761 4859 moratmaaime
779 4800 962 4884 appareat,
978 4786 1168 4885 quomodo
1183 4787 1347 4885 Spiritus,
1367 4786 1405 4859 id
1427 4802 1480 4860 est
1501 4788 1696 4862 flatus-nris
1713 4791 1860 4863 Domini
1877 4814 1954 4862 esse
1971 4787 2063 4860 dica·

500 5095 614 5227 ¹21³th
628 5106 713 5163 uun,
729 5099 836 5150 Μ.-
852 5096 970 5161 tvm,
988 5109 1075 5161 cept,
1093 5110 1117 5150 r.
1138 5098 1518 5165 t.·-·1³rotn.xm1,r.a
1541 5126 1569 5140 -
1591 5104 1707 5166 tuerer..
1726 5118 1783 5168 cap.
1798 5117 1820 5167 r,
1839 5117 1862 5154 r.
1875 5100 2060 5165 a.-⁴lta'd.,

469 5187 490 5223 V.
522 5213 528 5225 .
