4559 6100
761 536 1019 615 muotoets
1045 538 1323 619 GHRlSl'thh.
1779 546 1844 618 53t

248 695 366 769 evenit
383 693 442 767 rel
467 692 611 767 evenire
626 703 759 791 potest,
777 715 862 764 cum
879 678 972 789 saepe
988 691 1097 764 etiam
1117 691 1182 765 lilii
1199 689 1408 792 parentibus
1425 691 1496 764 siut
1512 690 1745 791 preferenda
1765 691 1852 766 dico

249 826 400 917 postea:
424 812 609 911 Numquid
631 813 740 911 isqui
759 813 853 912 patri
870 834 936 883 suo
960 832 1026 910 per
1046 814 1171 886 omnia
1189 811 1335 911 aequalis
1353 822 1427 902 est,
1447 827 1509 884 aut
1535 812 1684 885 luctasse
1707 798 1852 904 melior,

249 936 286 1007 in
302 926 425 1034 aliquo
441 932 624 1030 indignior
638 946 691 1004 est
707 945 809 1031 putre
827 930 917 1004 suoi
933 935 1012 1003 Non
1031 933 1171 1030 utique,
1192 954 1276 1004 cum
1293 930 1438 1030 aequalis
1455 930 1489 1002 ei
1507 952 1570 1030 per
1587 913 1712 1004 omnia
1727 933 1773 1003 sit
1789 948 1854 1007 aut

250 1054 400 1127 lortasse
426 1052 566 1125 melior.
597 1046 635 1123 Si
658 1065 780 1125 autem
807 1051 845 1123 in
873 1049 975 1123 nullo
1003 1052 1147 1149 penitus
1180 1053 1210 1123 is
1239 1044 1318 1123 talis
1346 1048 1530 1147 indignior
1552 1061 1607 1122 est
1634 1064 1735 1148 patre
1761 1075 1851 1146 suo,

248 1170 439 1270 quomodo
460 1174 498 1244 in
518 1192 564 1245 eo
582 1168 766 1269 indignior
782 1169 972 1244 vocabitur
996 1170 1097 1268 quud
1118 1185 1173 1243 est
1191 1169 1238 1243 ab
1255 1170 1335 1268 ipso
1362 1197 1371 1240 ε
1396 1184 1458 1243 aut
1479 1169 1666 1268 quomodo
1691 1168 1855 1265 dignitati

247 1288 397 1387 alicujus
413 1291 453 1364 id
468 1290 696 1388 derogaverit
712 1291 813 1390 quod
836 1290 883 1363 ab
902 1291 975 1363 alio
997 1303 1051 1362 est
1067 1292 1189 1391 potius
1206 1302 1317 1390 quam
1340 1291 1403 1388 qui
1422 1315 1443 1364 a
1461 1314 1499 1364 se
1516 1291 1595 1389 ipso
1612 1302 1723 1380 esset,
1744 1288 1773 1360 si
1790 1302 1857 1387 per

249 1408 374 1485 omnia
389 1432 491 1510 aeque
504 1410 626 1495 bontas
636 1412 681 1484 sit
696 1412 726 1483 is
740 1400 870 1510 qui'est
884 1409 931 1484 ab
948 1406 1034 1504 ulio,
1053 1411 1147 1484 sicut
1159 1427 1212 1483 est
1226 1411 1285 1483 ille
1300 1430 1407 1509 aquo
1420 1410 1497 1510 ipse
1511 1409 1592 1482 est?
1608 1408 1704 1482 Nihil
1720 1408 1856 1509 quippe

249 1530 370 1629 aliqua
395 1528 567 1628 dignitate
586 1529 756 1631 praecedit
779 1530 946 1617 alterurn,
970 1528 1131 1628 quadiu
1148 1530 1249 1605 nullo
1266 1529 1368 1602 buno
1387 1540 1575 1628 exsuperat
1597 1529 1729 1627 ipsum.
1758 1530 1856 1601 Deras

250 1666 372 1723 autem
391 1655 493 1725 Pater
505 1655 624 1724 Deum
642 1649 770 1723 Filium
787 1652 825 1723 in
838 1650 941 1723 nullo
956 1648 1178 1723 transcendit
1194 1649 1310 1744 bono,
1330 1672 1414 1721 cum
1429 1672 1529 1746 aeque
1548 1647 1656 1720 Filius
1673 1662 1710 1720 et
1726 1661 1857 1747 potens

250 1772 297 1844 sit
322 1786 359 1844 et
381 1773 524 1872 sapiens
548 1784 584 1844 et
609 1771 807 1869 benignus,
831 1785 867 1844 et
891 1771 1020 1844 eadem
1044 1794 1111 1870 per
1135 1771 1258 1844 omnia
1285 1770 1373 1843 boni
1402 1769 1573 1870 perfectio
1599 1766 1747 1863 singulis
1772 1769 1857 1840 insit

249 1890 427 1990 personis,
454 1892 548 1964 sicut
569 1904 605 1964 et
629 1888 757 1963 eadem
781 1892 925 1990 penitus
944 1890 1130 1963 individua
1157 1889 1227 1962 illis
1250 1890 1342 1963 inest
1367 1888 1578 1962 substantia.
1599 1888 1709 1977 Quod
1736 1870 1857 1986 itaque

250 2011 418 2110 perhibet
433 2012 630 2085 Mercurius
646 2010 776 2091 lilium
791 2032 868 2084 esse
886 2010 1087 2085 secundum
1101 2010 1304 2084 Dominum
1318 2035 1338 2083 a
1355 2014 1471 2102 Patre,
1491 2009 1563 2082 tale
1578 2023 1631 2081 est
1646 2033 1688 2082 ac
1703 2006 1855 2098 sidicat,

251 2131 370 2230 ipsum
396 2154 543 2230 quoque
558 2128 688 2203 Filium
711 2152 787 2205 esse
804 2131 1017 2224 Dominum,
1037 2144 1073 2203 et
1096 2153 1175 2204 esse
1196 2130 1396 2204 secuudum
1415 2152 1437 2203 a
1453 2134 1571 2218 Patre,
1599 2127 1673 2201 hoc
1696 2143 1751 2200 est
1775 2152 1859 2227 per-

250 2246 421 2325 sonaliter
443 2240 626 2324 diversum
642 2275 664 2325 a
680 2256 759 2324 Deo
776 2257 897 2345 Patre,
918 2275 1029 2350 aquo
1045 2250 1126 2324 solo
1150 2252 1228 2351 ipse
1248 2264 1323 2342 est,
1344 2250 1409 2324 scd
1428 2274 1503 2323 nou
1527 2251 1644 2340 solus,
1671 2274 1755 2322 cum
1780 2249 1858 2347 ipse

249 2394 398 2471 quoque
421 2374 575 2472 Spiritus
601 2372 647 2446 ab
678 2374 840 2472 utrisque
863 2373 921 2445 sit.
953 2374 1062 2462 Quasi
1090 2395 1177 2470 ergo
1201 2372 1319 2470 primo
1342 2371 1426 2444 loco
1447 2370 1556 2443 Filius
1582 2380 1636 2443 est
1663 2392 1707 2442 ex
1734 2373 1856 2460 Patre,

250 2491 352 2564 nullo
375 2484 508 2565 scilicet
534 2492 718 2566 mediante
746 2516 755 2563 t
779 2493 932 2592 Spiritus
956 2516 1046 2566 vero
1067 2494 1171 2591 quasi
1199 2492 1305 2564 tertio
1329 2490 1432 2583 loco,
1462 2492 1637 2589 quhniam
1664 2490 1714 2561 sic
1740 2503 1793 2561 est
1816 2510 1860 2562 ex

251 2614 370 2704 Patre,
399 2610 501 2709 quod
526 2627 581 2685 est
604 2613 713 2685 'etiam
737 2612 898 2685 eis-Filio.
928 2612 1135 2685 secuudum
1161 2613 1282 2709 itaque
1305 2610 1394 2683 dixit
1418 2611 1528 2709 quasi*
1544 2634 1629 2681 eum
1654 2609 1718 2706 qui
1739 2610 1860 2708 primo

251 2728 335 2803 loco
356 2750 401 2803 ex
423 2736 527 2804 Patre
550 2733 609 2824 sit,
628 2756 674 2804 ex
695 2720 957 2831 ipsa'videlicet
978 2732 1056 2829 ejus
1076 2730 1295 2823 substantia,
1326 2745 1361 2803 et
1383 2730 1483 2804 nulla
1503 2729 1572 2803 alia
1597 2730 1860 2802 interveniente

251 2872 419 2947 persona.
440 2848 563 2924 Sedet
578 2874 662 2927 cum
679 2851 807 2924 dicunt
825 2851 1035 2951 Philosophi
1058 2866 1219 2925 mentem
1239 2876 1282 2924 ex
1300 2853 1452 2923 Summo
1465 2853 1543 2922 Deo
1560 2863 1698 2940 natam,
1717 2847 1790 2921 hoc
1801 2862 1861 2921 est

252 2962 413 3043 Verbum
430 2994 474 3042 ex
491 2975 570 3044 Deo
586 2975 703 3064 Patre,
719 2995 917 3067 summum,
935 2985 976 3044 ut
991 2972 1130 3045 dictum
1149 2986 1215 3064 est,
1235 2971 1361 3044 dicunt
1377 2996 1453 3044 non
1468 2996 1513 3043 ex
1529 2970 1649 3068 aliqua
1664 2969 1855 3070 dignitate3

251 3085 316 3163 sed
332 3114 377 3163 ex
392 3113 438 3163 eo
454 3092 592 3189 quoda
610 3091 712 3164 nullo
728 3093 775 3165 sit
787 3094 879 3191 ipse,
899 3115 983 3165 cum
1000 3107 1126 3165 cetera
1144 3092 1225 3165 duae
1241 3117 1403 3191 personae
1419 3091 1467 3164 ab
1485 3092 1565 3191 ipso
1581 3091 1666 3163 sint.

301 3210 413 3297 Quod
427 3233 514 3283 vero
538 3210 720 3307 objectum
743 3225 796 3284 est
817 3211 918 3310 quod
944 3214 1028 3310 quiu
1050 3212 1149 3286 idem
1167 3214 1212 3285 sit
1233 3212 1468 3284 essentialiter
1487 3209 1595 3282 Filius
1619 3208 1720 3307 quod
1738 3209 1858 3305 Pater,

251 3342 288 3400 et
304 3332 409 3402 Pater
423 3344 567 3428 generet
581 3329 723 3423 Filium,
744 3331 843 3404 idem
856 3341 1005 3428 generet
1020 3333 1192 3430 seipsum,
1213 3331 1286 3403 hoc
1303 3346 1369 3423 est,
1388 3330 1472 3429 quia
1489 3328 1611 3418 Filius,
1630 3327 1856 3419 indiximus,

251 3459 305 3521 est
327 3473 372 3522 ex
392 3453 508 3543 Patre,
534 3449 631 3523 idem
647 3450 692 3522 sit
714 3473 760 3522 ex
775 3452 911 3551 seipso;
934 3449 1036 3524 facile
1052 3466 1106 3523 est
1128 3451 1289 3550 quassari
1305 3475 1348 3523 ex
1364 3449 1596 3523 similitudine
1621 3449 1785 3547 superius
1802 3449 1859 3520 in-

252 3566 375 3662 ducta,
399 3569 446 3644 de
468 3589 550 3642 cera
566 3570 732 3643 videlicet
752 3584 859 3668 atque
876 3593 981 3645 cerea
996 3572 1165 3669 imagine.
1185 3570 1286 3645 ldem
1303 3573 1438 3670 quippe
1455 3584 1508 3643 est
1528 3565 1759 3642 essentialiter
1776 3589 1859 3642 cera

253 3688 331 3786 ipsa
356 3704 393 3762 et
413 3691 532 3788 imago
558 3709 673 3764 cerea.
695 3694 739 3764 Et
756 3713 840 3770 cum
863 3692 983 3787 imago
1006 3692 1085 3790 ipsa
1106 3716 1152 3763 ex
1167 3687 1245 3790 ipsa
1263 3703 1347 3764 cera
1369 3704 1436 3781 est,
1461 3713 1536 3762 nou
1557 3689 1641 3763 ideo
1658 3714 1703 3762 ex
1726 3691 1856 3787 seipsa
1973 3719 1976 3730 ‘

252 3805 329 3880 hoc
344 3823 397 3886 eat
416 3799 601 3882 nonssideu
615 3812 693 3909 ipsa
710 3810 829 3909 image
848 3831 951 3885 cerea
974 3824 1029 3884 est
1048 3835 1092 3884 ex
1113 3812 1191 3911 ipsa
1214 3813 1368 3909 imagine
1390 3834 1514 3903 cerea,
1541 3810 1628 3906 quia
1650 3823 1703 3882 est
1717 3831 1764 3881 ex
1781 3810 1860 3908 ipsa

252 3949 349 4021 cera,
368 3930 534 4027 quamvis
549 3928 626 4001 haec
643 3930 723 4028 ipsa
738 3955 834 4020 cera,
855 3944 892 4003 et
906 3930 983 4003 haec
998 3931 1076 4030 ipsa
1094 3931 1229 4027 imago,
1251 3930 1349 4004 idem
1366 3931 1437 4003 siut
1448 3911 1592 4029 penitus
1609 3929 1857 4020 essentialiter,

254 4071 331 4120 nun
355 4041 576 4122 diffinitione
604 4039 752 4148 quidem
777 4049 835 4124 tel
859 4052 1090 4151 proprietate.
1118 4054 1208 4150 lpsae
1232 4047 1369 4150 quippe
1389 4045 1566 4123 dictiones
1590 4049 1744 4123 relativa
1769 4075 1857 4123 cum
1919 4084 1922 4089 ’

254 4166 302 4239 ad
329 4167 553 4242 identitatem
579 4159 744 4266 ejusdem
767 4172 819 4244 rei
843 4170 1034 4270 praemissis
1060 4170 1271 4244 nominihus
1296 4183 1606 4270 superponuntur,
1630 4195 1710 4242 non
1739 4170 1859 4243 solum

254 4285 302 4360 ad
326 4286 551 4364 identitatem
575 4290 757 4381 emendae,
788 4313 912 4362 rerum
936 4292 1045 4364 etlam
1068 4290 1115 4363 ad
1138 4289 1363 4364 identitatem
1387 4290 1612 4364 diffinitionis
1636 4306 1744 4388 atque
1764 4290 1860 4387 ejus·

254 4407 339 4479 dem
363 4409 514 4506 penitus
540 4421 653 4482 sutus
678 4410 1025 4501 accommodantur,·
1048 4425 1087 4483 ut
1115 4393 1157 4483 si·
1174 4411 1294 4484 dicam
1323 4411 1480 4509 aliquam
1514 4435 1599 4483 rem.
1619 4434 1695 4483 esse
1728 4429 1772 4482 ex
1796 4433 1857 4504 se,

255 4539 401 4621 oportet
414 4541 455 4599 ut
470 4519 564 4601 idem
580 4531 726 4629 penitus
742 4533 826 4621 sint,
842 4532 944 4629 juxta
959 4543 1168 4630 expressum
1184 4555 1262 4603 esse
1276 4555 1405 4622 suum,
1422 4555 1479 4603 res
1498 4509 1667 4630 ipsa'quae
1681 4545 1733 4603 est
1751 4544 1788 4603 et
1803 4553 1860 4604 res

256 4645 333 4741 ipsa
353 4668 397 4717 ex
422 4667 495 4742 que
515 4663 582 4745 est,
597 4649 757 4721 velutivsi
778 4650 877 4722 idem
899 4664 991 4723 esset
1015 4650 1233 4724 diffinitione
1256 4650 1332 4721 haec
1350 4673 1432 4723 cera
1453 4665 1488 4723 et
1504 4650 1580 4723 hac
1595 4653 1717 4748 imago
1740 4674 1857 4741 cerea,

256 4764 348 4836 sicut
364 4764 461 4840 idem
477 4781 531 4839 est
545 4768 641 4839 ensis
657 4779 694 4840 et
709 4789 839 4840 mucro
858 4800 867 4841 :
886 4783 923 4841 et
936 4780 1022 4841 tunc
1041 4795 1125 4842 cum
1139 4768 1422 4843 concederemus
1433 4770 1549 4867 ipsam
1569 4771 1762 4866 imaginem
1780 4775 1858 4841 csse

256 4907 300 4956 ex
315 4884 393 4983 ipsa
416 4909 521 4976 cera,
551 4877 736 4985 oporteret
760 4889 911 4961 concedi
937 4889 1035 4961 idem
1060 4914 1137 4962 esse
1163 4914 1268 4962 exse
1296 4889 1387 4987 ipso.
1417 4893 1509 4961 Cum
1536 4914 1623 4962 vero
1649 4913 1726 4960 uon
1749 4888 1863 4987 possit

256 5001 397 5092 edendi
411 5004 450 5077 id
466 5004 569 5104 quod
582 5006 715 5079 dicitur
733 5027 809 5080 esse
823 5031 865 5081 ex
885 5008 947 5081 illo
967 5007 1065 5080 idem
1084 4991 1161 5081 esse
1175 5009 1392 5082 diffinitione
1411 5033 1496 5081 cum
1510 5010 1586 5114 illo,
1608 5033 1682 5080 non
1705 5023 1759 5081 est
1773 5009 1866 5082 ider)¹

256 5124 496 5214 verumidem
514 5151 591 5200 esse
611 5151 656 5200 ex
672 5152 710 5200 se
729 5127 821 5226 ipso,
839 5127 907 5202 etsi
927 5111 1003 5201 hoc
1013 5128 1112 5202 idem
1132 5129 1178 5201 sit
1194 5129 1427 5203 essentialiter
1442 5153 1486 5202 ac
1509 5153 1661 5202 numero
1679 5153 1765 5202 cum
1781 5127 1865 5204 illut
