4559 6100
482 455 554 531 370
1084 453 1212 526 autur
1237 450 1472 526 temnunt

480 626 559 676 mea
574 601 772 674 substantia
789 626 840 675 es.
859 602 956 674 Nam'
966 602 1050 698 quia
1066 603 1104 674 in
1115 604 1311 676 aeternitate
1327 602 1415 675 nihil
1429 617 1482 675 est
1498 602 1715 701 preteritum
1736 615 1798 674 aut
1818 601 1993 691 futurum,
2012 602 2072 675 sed

483 721 739 795 tantummodo
772 745 948 819 praesens,
984 721 1121 794 idcirco
1156 721 1329 796 adverbio
1360 723 1544 820 temporis·
1565 722 1746 821 presentis
1778 747 1846 821 pro
1879 719 2073 796 aeternitate

483 865 568 913 usus
593 857 659 935 est,
688 841 845 914 dicendo
864 870 882 909 «
895 839 1035 913 hodie»
1055 865 1123 940 pro
1148 840 1372 913 aeternaliter.¹
1400 846 1495 912 Bene
1520 854 1643 913 autem
1669 839 1716 913 ad
1741 869 1758 909 u
1771 839 1912 913 hodie»
1935 841 2073 915 addidit

487 988 506 1030 ιι
517 964 642 1059 genui,
660 989 676 1030 n
716 962 816 1059 quasi
843 962 1008 1058 praesenti
1040 961 1282 1059 praeteritum,
1312 975 1353 1033 ut
1380 958 1545 1033 videlicet
1575 960 1689 1058 ipsam
1715 961 1983 1056 generationem
2008 984 2072 1060 per

486 1109 504 1151 ιι
517 1080 626 1153 hodie
641 1109 659 1148 u
685 1074 909 1179 praesentem¹
926 1104 1086 1178 semper,
1115 1104 1179 1177 per
1216 1080 1351 1175 «genui
1366 1106 1383 1147 n
1411 1078 1611 1179 perlectam*
1633 1103 1708 1151 esse
1738 1077 1946 1172 indicaret,
1965 1104 2071 1152 num-

482 1224 591 1296 quam
617 1199 750 1272 scilicet
775 1211 837 1270 aut
861 1222 998 1271 cessare
1026 1211 1087 1271 aut
1108 1199 1302 1297 incoeptam
1322 1222 1412 1271 esse.
1435 1198 1578 1298 Quippe
1601 1222 1680 1296 quae
1702 1199 1878 1296 praeterita
1901 1198 2071 1296 suntjam

482 1320 661 1418 completa
686 1333 771 1391 sunt
792 1331 828 1389 et
849 1318 1005 1416 perfecta
1022 1345 1031 1390 z
1051 1318 1205 1416 ideoque
1229 1319 1447 1418 praeteritum
1472 1318 1574 1416 quasi
1601 1342 1668 1417 pro
1693 1317 1910 1418 perfectione
1936 1320 2071 1416 posuit,

482 1438 676 1510 ostendens
697 1437 830 1509 scilicet
855 1436 983 1512 Filium
1006 1460 1050 1508 ex
1077 1440 1179 1509 Patre
1204 1461 1346 1535 semper
1372 1438 1467 1534 gigni
1490 1451 1526 1509 et
1542 1461 1684 1537 semper
1707 1438 1866 1534 genitum
1891 1461 1979 1510 esse.
1998 1439 2070 1525 Qui

482 1571 517 1630 et
531 1556 615 1629 alibi
633 1558 789 1656 apertius
804 1557 1033 1629 aeternitatem
1051 1556 1127 1627 Filii
1144 1570 1359 1654 protestatur
1372 1556 1513 1629 dicens¹
1534 1583 1542 1628 ι
1565 1586 1584 1624 a
1601 1555 1826 1629 Permanebit
1845 1582 1928 1629 cum
1944 1556 2018 1630 sole
2034 1572 2070 1629 et

480 1690 562 1748 aute
578 1677 707 1749 lunam·
720 1678 757 1747 in
774 1677 1003 1773 generatione
1019 1690 1053 1747 et
1071 1677 1350 1774 generationem.
1370 1706 1386 1742 a
1406 1681 1449 1748 Et
1464 1679 1622 1748 rursum¹
1641 1704 1650 1747 ε
1673 1681 1838 1749 «Tecum
1852 1678 2074 1775 principium

480 1797 517 1868 in
534 1797 592 1869 die
611 1798 750 1869 virtutis
764 1812 831 1868 tuae
841 1798 878 1868 in
889 1795 1140 1894 splendoribus
1155 1809 1374 1885 sanctorum,
1394 1821 1436 1869 ex
1451 1811 1554 1869 utero
1571 1811 1654 1869 ante
1666 1791 1852 1869 lucilerum
1872 1798 1979 1894 genui
1996 1810 2066 1869 te.»

356 1971 359 1982 .
480 1921 533 1988 De
560 1916 629 1988 bac
651 1916 758 1988 etiam
783 1915 952 1988 ineffabili
972 1931 1008 1988 et
1030 1930 1160 1988 aeterna
1183 1917 1426 2013 generatione,
1447 1917 1529 1990 <sive
1554 1918 1662 1988 etiam
1688 1917 1891 2017 temporali,
1917 1929 2071 2014 quarum

480 2050 630 2132 utraque
654 2034 826 2107 mirabilis
851 2049 916 2128 est,
940 2036 1046 2109 lsaias
1066 2035 1248 2108 admirans
1271 2037 1337 2106 ait⁸
1362 2062 1370 2105 ι
1391 2036 1702 2108 «Generationem
1726 2037 1801 2132 ejus
1825 2039 1905 2134 quis
1927 2060 2069 2108 enarra·

479 2153 556 2227 bit?
571 2185 589 2223 s
605 2180 647 2227 ac
659 2156 689 2227 si
703 2170 825 2254 aperte
837 2155 972 2228 diceret
991 2184 999 2226 ι
1017 2159 1097 2228 Non
1111 2169 1165 2252 est
1180 2155 1251 2227 lroc
1266 2154 1439 2227 disserere
1453 2154 1603 2227 humani
1618 2156 1765 2251 ingenii,
1784 2156 1847 2227 sed
1864 2156 1971 2227 solius
1987 2157 2066 2245 Dei,

357 2259 362 2272 ’
479 2276 580 2371 cujus
598 2288 716 2347 tamen
732 2274 883 2374 Spiritus
894 2275 930 2346 in
950 2274 1187 2348 bisfidelibus
1200 2276 1380 2372 quosvult
1396 2275 1574 2373 loquitur,
1588 2275 1666 2373 ipso
1685 2287 1885 2365 attestante,
1906 2277 1967 2373 qui
1983 2276 2065 2348 ait⁸z

481 2423 499 2462 a
512 2399 591 2465 Non
612 2419 677 2465 vos
695 2396 778 2466 estis
799 2395 861 2491 qui
876 2394 1080 2493 loquimini,
1099 2395 1160 2467 sed
1178 2396 1330 2493 Spiritus
1348 2396 1458 2467 Patris
1474 2395 1581 2466 vestri
1597 2395 1659 2492 qui
1680 2395 1839 2491 loquitur
1855 2396 1892 2466 in
1914 2395 2030 2467 vobis.
2048 2424 2070 2462 u·

479 2514 717 2611 Hieronymus
735 2516 841 2586 etiam
856 2540 964 2613 super
981 2515 1217 2586 Ecclesiasten
1236 2527 1280 2586 e'o
1297 2515 1378 2587 loco
1392 2541 1470 2614 ¹qno
1487 2515 1636 2587 dicitur⁸
1654 2539 1663 2587 :
1685 2516 1807 2601 «Quis
1827 2516 1893 2586 seit
1908 2517 2069 2613 spiritus·

478 2633 633 2705 filiorum
654 2633 844 2705 hominurn
866 2636 897 2705 si
913 2633 1080 2705 ascendat
1099 2659 1254 2726 sursum,
1270 2647 1304 2705 et
1320 2636 1464 2734 spiritus
1481 2634 1618 2733 pecoris
1638 2633 1831 2706 descendat
1848 2632 2015 2706 deorsum
2030 2637 2067 2707 iri

480 2755 632 2826 terram?
646 2782 662 2820 u
680 2752 770 2825 lllud
787 2752 885 2848 quod
898 2753 1033 2824 dictum
1051 2766 1104 2825 est
1122 2781 1140 2820 n
1153 2755 1430 2826 Generationem
1445 2755 1520 2849 ejus
1536 2755 1615 2851 quis
1630 2752 1835 2825 enarrabit?
1851 2780 1868 2819 u
1886 2752 1932 2823 ad
1945 2759 2066 2824 exem*-

478 2871 579 2970 plu'm
590 2871 742 2945 difficilis
756 2896 829 2943 non
844 2871 1071 2969 impossibilis
1085 2872 1195 2944 trahit
1205 2872 1344 2962 dicens,
1359 2872 1561 2969 adjiciendo
1576 2902 1595 2939 α
1610 2873 1710 2959 Quis,
1725 2903 1741 2938 n
1757 2870 1999 2944 difficultatem
2015 2874 2072 2945 rei‘

304 3029 308 3042 =
433 2987 441 2994 ’
478 2992 591 3065 voluit
602 2992 860 3065 demonstrare.
880 2996 1084 3064 Pronomeu
1100 2992 1196 3064 enim
1213 3022 1230 3059 a
1243 2993 1332 3080 Quis
1344 3021 1361 3061 u
1376 2993 1413 3064 in
1426 2993 1609 3092 scripturis
1619 2992 1748 3066 sanctis
1760 3005 1839 3063 uon'
1849 3014 1915 3088 pro
1930 2992 2069 3089 impos-v

477 3112 588 3212 sibili,
597 3112 659 3185 sed
671 3138 739 3211 pro
751 3111 886 3215 diilicili
901 3138 1042 3212 semper
1051 3113 1237 3210 accipitur,
1253 3128 1291 3185 ut
1303 3112 1354 3184 ibi
1365 3142 1383 3181 «
1392 3114 1668 3187 Generationem
1681 3114 1769 3208 ejus,
1777 3141 1794 3179 n
1809 3110 1845 3183 id
1858 3125 1910 3183 est
1921 3109 2068 3203 Christi,

480 3231 796 3330 «quisenarrabitl
808 3248 902 3305 etc.»
919 3237 998 3305 Haec
1011 3234 1117 3306 etiam
1127 3234 1314 3330 Sapientiae
1326 3234 1545 3305 coaeternitas
1556 3257 1639 3303 cum
1650 3233 1752 3303 Patre
1762 3230 1868 3328 plane
1879 3230 1913 3301 iu
1924 3233 2068 3302 Prover-

478 3351 544 3424 biis
559 3367 776 3426 monstratur
789 3351 845 3425 his
861 3332 993 3425 verbis⁷
1007 3378 1015 3423 ε
1031 3382 1049 3421 a
1065 3356 1138 3450 Ego
1153 3353 1325 3451 sapientia
1342 3352 1466 3426 habito
1480 3353 1523 3424 in'
1533 3351 1696 3424 consilio.
1714 3350 1892 3421 Dominus
1911 3349 2066 3446 possedit

479 3498 536 3544 me
548 3474 649 3544 initio
660 3475 798 3545 v'iarum
812 3497 957 3546 suarum
969 3490 1162 3573 antequam
1176 3474 1375 3572 quidquam
1387 3477 1547 3548 lacerata
1562 3472 1752 3572 principio.
1765 3470 1819 3542 ab
1831 3480 1965 3541 aeterno
1976 3468 2067 3540 ordi·

478 3607 560 3663 nata
576 3615 655 3663 sum
672 3603 863 3689 antequam
877 3607 969 3665 terra
983 3592 1102 3681 fieret,
1116 3593 1272 3664 necdum
1289 3607 1389 3666 erant
1402 3594 1535 3690 abyssi,
1549 3607 1584 3664 et
1599 3616 1666 3688 ego
1675 3591 1751 3687 jam
1766 3603 1940 3686 concepta
1952 3612 2067 3660 eram:

479 3701 639 3771 Necdum
648 3716 791 3773 montes
800 3725 973 3798 aquarum
983 3719 1188 3801 eruperant,
1201 3702 1354 3776 necdum
1365 3718 1505 3776 montes
1516 3703 1613 3800 gravi
1627 3700 1720 3772 mole
1729 3701 1972 3790 constiterant,
1984 3714 2065 3771 ante

477 3816 585 3911 colles
598 3840 665 3912 ego
679 3818 914 3915 parturiebar.
930 3818 1054 3892 Adhuc
1070 3835 1201 3893 terram
1215 3846 1289 3893 non
1302 3822 1431 3893 lecerat
1446 3836 1481 3892 et
1497 3820 1662 3893 cardines
1674 3818 1772 3892 orbis
1787 3835 1904 3906 terrae;
1918 3817 2063 3915 quando

476 3937 697 4034 praeparabat
709 3938 832 4030 eoelos,
848 3938 1010 4030 aderam;
1029 3941 1177 4038 quando
1194 3942 1421 4041 appendebat
1436 3941 1666 4014 fundamenta
1681 3954 1793 4031 terrae,
1807 3963 1889 4010 cum
1907 3963 1951 4009 eo
1967 3960 2063 4009 eram

476 4071 602 4130 cuncta
619 4083 857 4157 componens,
874 4075 909 4131 et
925 4059 1129 4134 delectabar
1147 4086 1212 4160 per
1227 4063 1385 4160 singulos
1403 4062 1492 4151 dies,
1510 4060 1637 4133 ludens
1653 4083 1776 4132 coram
1794 4084 1838 4130 eo
1856 4058 1957 4128 omni
1974 4071 2065 4128 tem·

475 4201 607 4274 pore.»
627 4177 723 4264 Quid
741 4179 837 4249 enirn
855 4180 1010 4276 apertius
1027 4179 1074 4253 ad
1088 4193 1256 4253 aeternam
1275 4184 1540 4278 generationem
1556 4180 1678 4265 Verbi,
1694 4203 1802 4275 quam
1819 4179 1856 4249 id
1872 4175 1970 4274 quod
1988 4175 2065 4274 ipsa

475 4297 654 4394 Sapientia
678 4296 854 4395 perbibet,
876 4324 914 4370 se
932 4312 1012 4370 ante
1035 4300 1163 4373 mundi
1187 4303 1479 4374 constitutionem
1502 4314 1715 4398 conceptam
1729 4302 1807 4371 'esse
1823 4312 1860 4369 et
1883 4296 2060 4394 parturiri,

475 4406 510 4487 et
535 4441 573 4488 se
599 4442 681 4489 cum
709 4423 810 4490 Patre
836 4421 1047 4493 aeternaliter
1071 4435 1343 4520 permanentem
1367 4446 1508 4520 semper
1533 4419 1657 4493 ludere
1686 4444 1809 4492 coram
1837 4442 1903 4504 eo,
1929 4415 2063 4512 quippe

473 4534 573 4632 quod
600 4552 815 4636 conceptum
835 4541 1043 4637 parturitur,
1071 4541 1195 4638 utique
1218 4542 1255 4611 in
1278 4542 1358 4639 ipso
1380 4554 1434 4612 est
1454 4564 1476 4613 a
1498 4564 1572 4638 quo
1589 4554 1791 4637 generatur.
1817 4541 1860 4607 Et
1885 4534 2064 4633 Sapientia

473 4655 510 4726 in
525 4657 601 4754 ipsa
609 4655 814 4742 ,substantia
830 4658 902 4731 sive
921 4662 1072 4733 essentia
1085 4661 1248 4759 potentia
1264 4674 1329 4749 est,
1348 4684 1431 4732 cum
1452 4661 1529 4758 ipsa
1548 4659 1682 4731 scilicet
1696 4657 1860 4755 quaedam
1877 4655 1921 4727 sit
1938 4669 2065 4753 poten·

502 4978 619 5030 'Ptolm
634 4992 698 5041 mar,
713 4993 736 5030 v.
750 4983 774 5032 5.
791 5006 820 5017 -
835 4981 950 5031 'Prolata
967 4994 1017 5043 clx,
1031 4995 1053 5032 ι.
1067 4985 1091 5033 a,
1109 5010 1139 5020 -
1157 4981 1243 5034 ’laete
1296 4996 1318 5035 a.
1330 4985 1369 5035 at.
1381 4981 1460 5033 -⁸ln
1471 4984 1582 5044 vulgata:
1594 4954 1709 5046 Spiritus
1717 4979 1831 5045 fiturum
1842 4978 1965 5027 Adam....'
1978 4976 2065 5040 etapi-

469 5070 524 5121 tttt,
537 5073 560 5111 r.
573 5063 597 5113 8.
610 5061 825 5125 -⁴ttatu.‚cap.
838 5075 864 5125 x,
876 5074 900 5111 r.
912 5063 1006 5114 tu.-⁸
1018 5061 1120 5124 Eccleu,
1132 5077 1188 5128 cap.
1200 5077 1240 5126 ιιι,
1295 5064 1551 5128 ritutjameutoram.
1566 5088 1593 5100 -
1605 5065 1613 5095 ⁷
1624 5064 1712 5120 noa..
1723 5074 1778 5123 cap.
1790 5072 1845 5118 utu
1856 5073 1878 5107 r.
1895 5059 2024 5119 tt'etsqq.
