4559 6100
498 557 545 627 2⁰
1084 554 1223 631 ‚estut
1249 553 1485 627 assAEtAsnt

496 722 581 770 xxm
602 698 651 771 de
663 703 802 771 loanne
820 700 1011 797 Baptista¹z
1032 728 1049 767 u
1072 703 1149 795 ligo
1162 724 1231 771 vox
1247 700 1433 773 clamantis
1448 702 1484 772 in
1501 700 1656 775 deserto.
1676 729 1694 764 n
1712 698 1811 788 ideo,
1830 699 1960 795 inquit,
1977 722 2084 773 vona

495 815 672 914 propheta
685 831 830 890 vocatus
843 831 909 909 est,
921 817 1006 915 quia
1013 819 1163 891 verbum
1175 818 1321 916 praeibat
1332 817 1432 914 quod
1445 834 1499 891 est
1511 818 1642 891 dicere.
1655 818 1755 889 Sicut
1765 815 1918 888 verbum
1926 814 2084 889 audibile

495 934 531 1004 in
549 934 711 1008 auditore
736 935 904 1034 praecedit
916 934 1150 1032 intelligibile,
1170 939 1254 1034 quia
1276 937 1440 1010 videlicet
1456 938 1555 1035 prius
1579 961 1646 1009 vox
1663 949 1781 1027 sonat,
1794 949 1835 1007 ut
1852 931 2084 1033 postmodum
2161 943 2169 949 ‘

495 1076 538 1124 ex
555 1077 597 1124 ea
613 1051 811 1125 intellectus
827 1055 1073 1152 concipiatur:
1092 1056 1140 1127 ita
1154 1056 1302 1129 loannis
1316 1054 1522 1154 praedicatio
1540 1054 1714 1148 anteibat,
1726 1053 1922 1126 adventum
1936 1049 2084 1123 Domini

494 1170 874 1245 nuntiandoVerbum
883 1174 1002 1271 itaque
1013 1172 1098 1246 dicit
1107 1188 1325 1273 conceptum
1338 1176 1479 1268 mentis,
1488 1189 1523 1248 et
1535 1174 1728 1273 quamdam
1740 1170 1976 1267 intelligentiae
1984 1168 2085 1241 locu-

495 1289 634 1362 tionem
654 1316 732 1388 quae
754 1291 789 1363 in
809 1305 929 1365 mente
942 1291 1131 1378 formatur,
1150 1291 1198 1365 ad
1214 1293 1315 1390 eujus
1338 1292 1608 1365 similitudinem
1625 1290 1827 1387 unigenitus
1843 1286 2002 1361 Verbum
2016 1285 2084 1357 Dei

493 1423 532 1481 et
542 1410 644 1505 qnasi
657 1409 821 1507 quaedam
835 1410 911 1506 ejus
922 1411 1170 1487 intellectualis
1186 1435 1229 1485 ac
1243 1426 1417 1510 perpetua
1434 1411 1583 1501 locutio,
1597 1412 1633 1484 in
1650 1409 1752 1506 cujus
1765 1406 1992 1507 providentia
2002 1428 2082 1477 om·

494 1527 597 1601 nium
615 1527 661 1600 ab
677 1543 810 1603 aeterno
826 1529 969 1629 praefixa
984 1532 1147 1605 consistit
1160 1530 1340 1604 ordinatio
1357 1545 1465 1629 atque
1472 1530 1648 1628 operatio.
1669 1527 1774 1601 Unde
1791 1542 1827 1600 et
1842 1528 1982 1623 Moyses
1998 1548 2083 1596 cum

493 1646 529 1717 in
548 1644 696 1721 diversis
713 1673 832 1725 rerum
848 1649 1089 1725 creationibus
1104 1649 1274 1739 iaciendis
1289 1650 1542 1749 praemittat¹,«
1562 1648 1658 1720 Dixit
1673 1650 1781 1732 Deus,
1798 1673 1815 1712 a
1834 1658 1870 1717 et
1884 1644 1931 1715 ad
1948 1643 2084 1715 dictum

493 1767 610 1838 statim
627 1766 798 1865 adjungat
814 1768 980 1843 ellectum
996 1769 1139 1861 dicens,
1163 1798 1179 1837 u
1201 1772 1244 1839 Et
1259 1767 1392 1841 iactum
1408 1783 1461 1841 est
1479 1769 1544 1859 ita,
1567 1795 1585 1835 n
1603 1779 1732 1838 cuncta
1747 1768 1864 1836 Deum
1880 1760 2085 1837 condidisse

492 1885 529 1955 in
548 1883 681 1979 verbo,
700 1886 771 1960 boc
787 1902 841 1961 est
857 1889 894 1960 in
911 1889 1085 1988 sapientia
1105 1913 1169 1963 sua
1187 1887 1364 1978 ostendit,
1386 1886 1423 1959 id
1439 1900 1492 1960 est
1509 1887 1629 1961 omnia
1648 1881 1918 1956 rationabiliter.
1939 1885 1993 1953 De
2010 1904 2084 1979 quo

492 2002 601 2076 etiam
621 2005 803 2081 Psalmista
821 2007 887 2079 ait·
905 2034 914 2078 ι
936 2036 953 2075 a
972 2006 1069 2080 Dixit
1087 2022 1122 2080 et
1138 2006 1348 2092 factasunt,
1371 2032 1389 2073 n
1407 2004 1445 2077 id
1461 2019 1513 2077 est
1530 2004 1668 2077 ratione
1685 2015 1815 2074 efficta
1830 1998 1994 2072 condidit
2011 2000 2085 2072 sive

492 2121 685 2195 ordinavit.
704 2125 777 2211 Qui
793 2124 904 2197 etiam
918 2124 991 2198 hoc
1007 2124 1157 2198 verbum
1178 2125 1263 2198 alibi
1286 2124 1444 2222 apertius
1459 2122 1730 2212 demonstrans,
1748 2143 1822 2192 non
1841 2142 1917 2192 esse
1932 2117 2084 2191 verbum

491 2240 667 2330 audibile,
684 2255 720 2315 et
735 2243 1002 2331 transitorium,
1016 2244 1086 2335 ¹sed
1102 2243 1321 2342 intelligibile
1336 2257 1371 2315 et
1387 2265 1621 2342 permamns,
1641 2240 1731 2313 ait⁸:
1752 2267 1771 2307 a
1789 2239 1860 2325 Qui
1878 2237 1960 2310 lesit
1975 2235 2086 2310 coelos

491 2359 527 2430 in
544 2360 744 2448 intellectu,
768 2389 787 2430 n
804 2361 876 2435 boc
901 2377 954 2435 est
974 2363 1189 2436 admodum
1209 2363 1311 2435 illum
1325 2386 1400 2459 quo
1418 2385 1481 2434 eos
1499 2360 1657 2459 primum
1673 2357 1899 2431 ordinaverat
1917 2358 1954 2429 in
1971 2356 2085 2429 verbo

492 2480 639 2571 mentis,
656 2458 694 2553 id
714 2481 821 2555 estin
835 2497 1031 2582 conspectu
1054 2508 1126 2556 suae
1145 2496 1317 2583 perpetue
1330 2483 1455 2571 omnia
1478 2476 1698 2578 providentis
1713 2475 1963 2572 intelligentiae.
1982 2480 2084 2549 Hanc

490 2610 611 2669 autem
627 2598 902 2677 intellectualem
918 2601 985 2673 Dei
1006 2600 1247 2687 locutionem,
1268 2600 1306 2672 id
1330 2614 1384 2673 est
1404 2612 1573 2673 aeternam
1593 2621 1665 2669 suae
1686 2595 1865 2695 sapientie
1885 2593 2081 2668 ordinatio·

488 2740 574 2789 nem
601 2719 815 2814 Augustinus
828 2720 883 2791 ‘de
911 2722 1059 2795 civitate
1077 2722 1159 2811 Dei,
1187 2717 1263 2791 lib.¹
1276 2744 1348 2805 xvr,
1369 2742 1450 2817 cap.
1469 2743 1519 2809 v1,
1538 2713 1771 2789 describens:
1795 2743 1813 2782 «
1837 2715 1919 2802 Dei,
1941 2715 2079 2811 inquit,

488 2846 571 2907 ante
594 2835 726 2909 factum
752 2848 878 2931 suum,
904 2838 1040 2941 locutio
1060 2839 1115 2912 sni
1138 2838 1249 2936 ipsius
1272 2835 1354 2911 iacti
1378 2850 1431 2908 est
1454 2833 1757 2907 incommutabilis
1781 2834 1884 2927 ratio,
1905 2856 1984 2930 quae
2008 2858 2082 2907 non

489 2952 597 3027 habet
623 2978 753 3027 sonum
777 2969 995 3056 strepentem
1017 2969 1124 3056 atque
1145 2969 1406 3043 transeuntem,
1434 2953 1498 3029 sed
1521 2955 1594 3027 vim
1615 2954 1831 3055 sempiterne
1858 2966 2081 3043 manentem,

489 3087 525 3145 et
543 3075 788 3173 temporaliter
801 3092 1023 3176 operantem.
1044 3107 1061 3144 s

538 3194 856 3280 Quemadmodum
880 3223 968 3272 reno
996 3223 1076 3298 quse
1088 3199 1134 3272 ad
1151 3201 1349 3298 potentiam
1364 3201 1557 3300 pertinent,
1572 3199 1684 3295 Patri3
1702 3222 1782 3295 quae
1796 3195 1845 3270 ad
1855 3193 2081 3294 sapientiam,

484 3310 576 3384 ⁴liiiio
593 3312 791 3412 specialiter
815 3315 1042 3409 tribuuntur3
1060 3319 1111 3391 ita
1135 3344 1216 3417 quse
1229 3317 1276 3392 ad
1295 3320 1543 3418 operationem
1561 3318 1689 3390 divinae
1705 3317 1823 3414 gratiae
1846 3316 2022 3401 attinent,
2041 3337 2084 3385 ac

417 3413 422 3436 ’
487 3429 616 3504 divinae
638 3432 822 3507 charitatis
845 3434 1065 3532 bonitatem,
1083 3439 1231 3538 Spiritui
1247 3452 1373 3512 sancto
1390 3436 1630 3530 ascribuntur,
1646 3437 1738 3510 sieut
1756 3448 1808 3507 est
1822 3433 1982 3506 remissio
1999 3455 2083 3528 pec·

487 3562 671 3643 catorum,
703 3567 739 3625 et
762 3545 1064 3655 duorumcunqne
1083 3556 1267 3629 donorum
1298 3555 1528 3643 distributio,
1552 3581 1593 3628 ex
1614 3556 1691 3629 sola
1712 3554 1874 3628 bonitate
1894 3552 1987 3647 ejus,
2007 3575 2081 3622 non

487 3693 573 3741 vero
590 3695 633 3741 ex
647 3672 781 3743 meritis
794 3674 927 3744 nostris
943 3675 1179 3772 proveniens3
1198 3674 1312 3771 qualis
1328 3689 1381 3746 est
1402 3675 1624 3771 regeneratio
1643 3676 1684 3745 in
1697 3673 1877 3770 baptismo
1889 3667 1935 3741 ad
1951 3667 2082 3740 dimit-

485 3787 596 3860 tenda
611 3802 772 3886 peccata,
792 3790 1017 3866 confirmatio
1034 3817 1103 3891 per.
1114 3792 1381 3892 impositionem
1398 3815 1525 3864 manus
1537 3792 1715 3892 Episcopi,
1733 3786 1950 3864 addendum
1964 3809 2083 3860 mma·
2109 3820 2123 3828 ·

486 3920 607 3980 turam
627 3907 955 4005 virtutum-quibus
981 3911 1114 3983 scilicet
1139 3910 1348 4004 virtutibus,
1369 3924 1452 4009 post
1479 3911 1726 3984 remissionem
1743 3921 1972 4008 peccatoram
1998 3928 2081 4002 per·

486 4038 650 4123 cenem,
671 4027 831 4099 resistere
843 4029 1037 4102 ualeamus
1056 4031 1206 4103 inimico
1227 4044 1311 4103 tunc
1332 4029 1579 4103 vehementius
1602 4029 1812 4124 insurgenti.
1832 4026 1890 4097 Sic
1910 4038 1948 4098 et
1965 4036 2084 4097 cetera

487 4146 854 4242 Sacramenta-quaein
864 4149 1021 4244 scotera
1031 4148 1287 4238 coniiciuntur,
1301 4174 1344 4221 es
1362 4149 1524 4223 bonitate
1533 4149 1599 4221 Dei
1614 4147 1761 4246 Spiritui
1774 4142 1965 4218 tribuenda
1978 4156 2078 4233 sunt,

488 4278 528 4362 nt
543 4287 587 4334 ex
602 4263 674 4336 hoc
689 4265 853 4364 patenter
859 4266 1036 4340 *innuatur
1049 4269 1168 4367 ipsum
1182 4268 1311 4341 fflrinae
1323 4267 1493 4340 bonitatis
1507 4268 1687 4357 affectum,
1699 4280 1809 4366 atque
1819 4264 1949 4335 divinae
1963 4261 2081 4358 gratiae

487 4378 716 4453 dulcedinem
737 4384 888 4482 Spiritus
903 4386 1016 4457 sancti
1032 4385 1210 4480 uocabulo
1227 4387 1389 4486 exprimi.
1418 4387 1549 4485 spirim
1573 4385 1707 4485 quippe
1724 4384 1798 4456 oris
1819 4380 1954 4473 nostri,
1972 4379 2010 4454 id
2029 4394 2083 4454 est

484 4498 646 4572 anhelitu
664 4501 822 4574 maxime.
833 4501 984 4576 affectus
994 4505 1105 4577 animi
1121 4504 1307 4604 patefiunt,
1323 4530 1408 4577 cum
1424 4504 1590 4579 videlicet
1612 4517 1674 4576 aut
1696 4526 1769 4602 prae
1785 4523 1910 4575 amere
1926 4497 2081 4595 strepita-

488 4619 582 4712 mus,
607 4621 678 4691 au't
691 4645 763 4718 prae
781 4619 915 4694 laboris
931 4637 994 4700 aut
1008 4623 1144 4696 dolans
1164 4625 1539 4722 angustiagemimus,
1551 4622 1655 4698 Unde
1672 4623 1709 4694 in
1734 4620 1808 4693 hoo
1827 4620 1910 4692 loco
1931 4616 2083 4715 Spiritus

485 4737 714 4837 montispes
728 4738 859 4813 allento
879 4739 1271 4841 beneipnnitur,ijuxta'
1281 4742 1368 4818 illud
1387 4743 1593 4843 sapientie*
1609 4768 1653 4814 a«
1671 4739 1920 4836 Buaignusest
1935 4735 2080 4834 spiritus

518 5044 694 5109 rimmo.
718 5061 737 5109 t,
756 5060 779 5097 v.
801 5050 840 5100 ts.
864 5047 1147 5113 letificasti-xm.
1167 5053 1191 5101 t.
1216 5077 1244 5088 -
1267 5052 1385 5112 ’deum
1407 5065 1461 5114 sap.
1483 5064 1501 5115 r,
1521 5065 1545 5104 v.
1564 5055 1578 5103 s
1600 5060 1637 5102 et.
1649 5046 1861 5113 rsa-wem.
1883 5058 1960 5106 xxxii,
1980 5046 2080 5094 nt.-

487 5123 1085 5193 ‘sinuessanus-·se,p.‚.up,1,r.e.
1320 5173 1321 5176 ,
1521 5161 1524 5166 «
1586 5139 1588 5144 ·
