4559 6100
732 527 1287 640 rasorocucnnrsrnus.
1736 567 1808 639 sos

219 712 342 810 doque
357 711 614 812 pretiosiorem
636 711 674 788 iu
698 715 919 812 sterquilinio
948 714 1241 816 deprehendere,
1269 740 1380 814 quam
1406 715 1446 788 in
1472 731 1685 790 omameuto
1698 715 1808 813 'regio

220 846 405 931 umquam
440 833 581 932 sapiens
614 832 796 908 aurifaber
826 833 942 907 velent
971 858 1213 934 componere3
1243 849 1281 907 et
1313 833 1457 908 tenebat
1484 835 1679 909 certissime
1710 835 1810 908 dona

221 953 287 1030 uei
311 978 376 1053 per
398 954 658 1055 quodcumque
682 954 817 1028 malum
839 956 1081 1028 contaminari
1102 980 1179 1028 uon
1201 980 1328 1057 posse,
1353 980 1421 1028 nec
1443 954 1565 1028 divina
1588 967 1810 1028 sacramenta

169 1153 175 1166 Ι
221 1086 388 1146 contactu
406 1099 601 1173 pravorum
617 1074 812 1171 inquinari,
830 1099 914 1148 cum
933 1075 1046 1148 autin
1064 1076 1214 1148 nomine
1230 1076 1408 1148 Trinitatis
1425 1073 1588 1148 infideles
1603 1075 1807 1174 baptizant,

221 1200 283 1259 aut
304 1190 458 1286 pessime
475 1192 611 1290 quique
627 1191 736 1268 verba
751 1191 874 1264 divina
894 1191 1102 1291 predicant,
1122 1207 1184 1264 aut
1204 1191 1412 1291 prophetias
1428 1189 1640 1288 loquuntur,
1658 1204 1693 1263 et
1715 1214 1809 1298 uon·

222 1330 409 1405 nunquam
435 1311 607 1388 miracula
631 1311 777 1386 laniunt.
806 1315 1051 1410 Quaeoumque
1072 1312 1170 1385 enim
1190 1311 1289 1385 bona
1311 1327 1408 1400 sunt,
1430 1336 1451 1384 a
1472 1316 1551 1414 Deo
1571 1335 1647 1384 esse
1665 1334 1810 1384 necesse

222 1442 296 1520 est,
326 1455 395 1502 nec
419 1455 461 1504 ea
487 1431 729 1528 quorumlibet
756 1431 890 1505 malitia
915 1434 1156 1506 contaminari
1181 1447 1345 1532 possunt.
1377 1430 1482 1504 Unde
1517 1455 1585 1504 neo
1621 1429 1809 1531 prophetia

223 1546 364 1624 Balaam
389 1550 529 1648 gentilis
551 1566 657 1649 utque
676 1551 779 1626 arioli
799 1575 900 1625 saera
916 1553 1123 1652 reprobavit
1146 1553 1350 1646 auctoritas,
1374 1577 1446 1650 qua
1462 1550 1695 1651 postmodum
1718 1550 1811 1644 Magi

222 1666 385 1762 primitie
407 1671 576 1743 Gentium
603 1672 737 1745 incitati
764 1671 972 1766 creduntur,
999 1686 1040 1744 ut
1064 1697 1163 1745 nova
1188 1685 1383 1771 apparente
1404 1670 1503 1743 stella
1528 1694 1664 1742 novum
1687 1669 1810 1742 'statim

222 1807 343 1883 regern
363 1807 572 1886 quererent,
599 1815 665 1866 nec
687 1791 825 1889 Syhillae
842 1793 897 1865 rel
913 1792 1046 1889 Virgilii
1059 1792 1226 1866 rancinia
1246 1790 1437 1891 spiritualis
1451 1789 1581 1863 doctor
1596 1791 1810 1887 Augustinus

222 1921 428 1982 sanctorum
455 1903 646 2011 prophetis
668 1912 824 1985 inserere
859 1912 1009 2010 timuit,
1025 1911 1212 1984 attendens
1238 1895 1326 1983 illud
1358 1910 1538 2010 Apostoli¹
1559 1937 1568 1982 z
1592 1939 1610 1980 u
1631 1914 1676 1982 Et
1701 1934 1809 1982 nemo

223 2040 339 2122 potest
361 2028 491 2118 dicere,
517 2033 694 2106 Dominus
708 2036 809 2105 lesus
827 2058 836 2103 :
855 2031 924 2103 nisi
943 2032 981 2103 in
998 2032 1130 2130 Spiritu
1148 2046 1287 2125 sancto,
1301 2059 1319 2099 n
1339 2056 1406 2105 nec
1422 2030 1648 2131 prophetiam
1666 2029 1809 2128 Caiphae

223 2148 478 2222 commendare
504 2152 723 2248 Evangelista
745 2152 876 2223 veritus
904 2165 957 2223 est
987 2150 1110 2224 dicens
1125 2153 1164 2224 ἐ
1194 2181 1212 2221 «
1227 2155 1304 2225 Hoc
1330 2166 1450 2225 autem
1475 2175 1496 2223 a
1516 2133 1709 2248 semetipso
1734 2174 1810 2222 non

223 2264 324 2358 dixit,
343 2266 407 2340 sed
420 2292 505 2340 cum
522 2284 613 2344 esset
629 2270 792 2343 Pontifex
808 2271 892 2342 anni
912 2269 1017 2356 illius,
1039 2270 1279 2370 prophetarit.
1295 2301 1312 2337 s
1333 2276 1405 2343 Nec
1423 2271 1586 2368 ipsorum
1603 2267 1809 2342 daemouum

224 2386 425 2461 testimonia
449 2389 681 2486 Evangelium
698 2390 850 2480 reticuit,
873 2414 957 2462 cum
976 2390 1024 2463 ad
1045 2416 1172 2464 eorum
1192 2390 1440 2490 expulsionem
1454 2388 1613 2463 Domino
1631 2388 1809 2478 veniente,
1878 2377 1883 2386 ’

223 2533 307 2582 eum
322 2515 434 2600 lason
447 2515 631 2588 &aarum
647 2538 710 2586 seu
733 2514 861 2587 Filium
877 2515 944 2586 Dei
958 2514 1193 2588 inclamarent
1210 2540 1252 2588 ac
1267 2514 1535 2587 confiterentur.
1555 2513 1698 2612 Quippe
1710 2512 1812 2608 cujus

223 2629 391 2703 virtutem
416 2632 491 2704 sive
515 2633 706 2727 nascentis,
733 2657 796 2706 seu
824 2634 1023 2725 morientis,
1050 2635 1124 2707 sive
1145 2636 1371 2732 resurgentis,
1399 2633 1456 2706 vel
1484 2632 1722 2723 ascendentis,
1749 2646 1812 2704 aut

223 2749 395 2823 miracula
416 2750 577 2825 facientis
598 2752 675 2851 ipsa
697 2754 806 2825 etiam
825 2751 1043 2827 insensibilia
1063 2751 1336 2850 quodammodo
1353 2753 1515 2844 sensisse,
1543 2766 1582 2824 ut
1602 2753 1635 2824 ei
1653 2751 1813 2823 testimo·

222 2868 326 2941 nium
342 2893 409 2943 suo
426 2870 539 2944 modo
555 2870 766 2972 preberent,
781 2872 947 2972 perhibet
962 2871 1087 2946 heatus
1103 2873 1315 2970 Gregorius,
1337 2873 1472 2968 angelis
1495 2870 1642 2969 quidem
1659 2887 1696 2944 et
1713 2869 1815 2944 stella

221 2989 342 3061 statim
358 2989 397 3063 in
416 3005 499 3063 ortu
518 2992 628 3090 ipsius
645 2990 914 3094 apparentibus,
936 2993 973 3064 in
995 3007 1111 3065 morte
1122 3017 1211 3066 vero
1232 2992 1308 3066 sole
1325 2991 1532 3085 obscurato,
1558 2990 1666 3091 petris
1685 3004 1720 3064 et
1734 2991 1814 3064 velo

222 3109 349 3209 templi
369 3112 501 3205 scissis,
518 3128 554 3185 et
568 3114 812 3186 monumentis
835 3114 967 3211 apertis
981 3127 1189 3185 sanctorum
1211 3114 1472 3209 resurgentium
1488 3112 1681 3209 multisque
1703 3134 1814 3211 appa·

223 3229 395 3322 rentium,
414 3230 451 3300 in
464 3233 724 3305 resurrectione
741 3247 842 3304 terne
859 3247 960 3302 motu
976 3230 1070 3303 lacto
1085 3256 1170 3303 curn
1186 3232 1323 3303 visione
1343 3232 1567 3328 angelorum,
1585 3245 1622 3302 et
1637 3231 1673 3302 iu
1690 3253 1813 3301 ascen·

220 3343 328 3417 sione
352 3342 451 3417 nube
471 3370 557 3417 eum
581 3346 818 3444 suscipiente,
843 3359 912 3418 etc.
940 3346 1049 3441 Cujus
1073 3370 1218 3443 quoque
1246 3347 1442 3444 potentiam
1467 3359 1578 3443 atque
1604 3344 1814 3441 sapientiam

220 3462 412 3535 universus
443 3463 572 3539 mundi
605 3478 752 3536 ornatus
774 3464 988 3538 annuntiare
1012 3487 1087 3535 non
1117 3478 1241 3567 cessat,
1257 3487 1301 3536 ac
1324 3463 1516 3564 praedicare
1540 3478 1575 3537 et
1608 3486 1675 3534 suo
1703 3462 1813 3535 modo

218 3578 373 3667 laudare
398 3594 436 3655 et
459 3582 732 3675 commendare,
758 3607 800 3656 ex
826 3585 906 3683 ipsa
934 3583 989 3655 sui
1019 3581 1175 3655 mirabili
1201 3584 1464 3681 compositione
1489 3607 1532 3656 ac
1565 3582 1810 3681 dispositione.

221 3697 332 3771 Unde
348 3699 578 3798 Apostolus⁸2
600 3731 619 3770 u
632 3701 837 3795 Invisibilia,
855 3703 986 3800 inquit,
1005 3702 1114 3801 ipsius
1131 3724 1153 3773 a
1168 3716 1332 3775 creatura
1348 3702 1473 3775 mundi
1491 3728 1557 3802 per
1573 3727 1614 3775 ea
1630 3726 1713 3800 quae
1723 3702 1815 3777 saola

216 3833 311 3895 sunt
329 3818 509 3893 intellecta
525 3822 815 3921 conspiciuntur,
834 3822 1051 3920 sempiterna
1065 3830 1213 3920 quoque
1228 3823 1340 3921 virtus
1360 3822 1437 3919 ejus
1454 3835 1490 3895 et
1504 3821 1686 3914 divinitas,
1705 3836 1774 3896 etc.
1796 3851 1812 3886 u

216 3938 318 4011 Hine
352 3952 388 4011 et
422 3938 604 4015 Psalmista
629 3940 889 4015 insensibilium
920 3964 1067 4039 quoque
1093 3955 1337 4015 creaturarum
1371 3939 1537 4043 laudibus
1567 3940 1811 4041 applaudens,

215 4080 353 4133 omnes
376 4060 509 4156 pariter
531 4060 725 4135 adlaudes
749 4061 816 4134 Dei
838 4075 1018 4135 creaturas
1038 4062 1178 4154 inuitat,
1196 4061 1306 4159 quasi.
1319 4087 1361 4134 ex
1380 4060 1549 4134 omuibus
1572 4062 1707 4162 optime
1724 4084 1813 4134 con·

215 4176 310 4251 ditis
332 4176 455 4251 leudes
478 4180 544 4252 Dei
564 4203 586 4252 a
610 4180 717 4255 nobis
738 4181 867 4277 exigat,
893 4181 956 4279 qui
980 4204 1048 4280 pro
1073 4180 1180 4255 nobis
1206 4182 1244 4252 in
1273 4181 1413 4254 mundo
1441 4180 1605 4255 condidit
1634 4180 1811 4254 universa.

215 4294 330 4407 llnde
345 4310 381 4371 et
398 4321 420 4371 a
437 4300 640 4377 summitate
655 4300 737 4374 coeli
758 4315 792 4374 et
808 4299 1024 4379 sublimitate
1047 4301 1258 4397 angelorum
1275 4325 1421 4375 exorsus
1437 4324 1550 4399 usque
1566 4299 1614 4373 ad
1638 4299 1813 4373 dracones

214 4429 258 4489 et
281 4432 467 4514 serpentes
487 4433 596 4518 atque
620 4418 768 4518 abyssos
787 4420 927 4494 divinas
949 4419 1107 4493 extendit
1129 4444 1236 4493 voces
1256 4444 1340 4494 cum
1361 4419 1497 4494 dixit‘:
1526 4450 1543 4488 u
1561 4419 1721 4495 Laudato
1741 4423 1817 4491 Do·

212 4535 367 4607 minum
384 4535 431 4609 de
449 4550 542 4610 terra
557 4538 732 4613 dracones
743 4554 778 4613 et
794 4562 921 4613 omncs
935 4539 1065 4636 abyssi.
1084 4568 1101 4607 n
1120 4544 1162 4612 Et
1177 4540 1348 4612 iterum⁸2
1364 4568 1383 4609 κ
1394 4543 1585 4638 Serpentes
1601 4553 1637 4612 et
1653 4537 1816 4613 volucres

211 4668 404 4753 pennatae,
421 4683 440 4724 u
468 4658 530 4754 qui
554 4682 621 4730 nec
644 4658 763 4756 aliqua
784 4657 925 4757 reptilia
946 4658 1169 4756 pretermisit
1190 4657 1275 4732 alibi
1296 4658 1468 4731 dioens⁸z
1496 4688 1514 4726 n
1529 4658 1693 4733 [audent
1715 4656 1815 4729 illum

209 4771 308 4846 coeli
331 4787 367 4847 et
391 4789 504 4869 terra,
530 4801 650 4871 mare,
678 4792 713 4851 et
729 4779 862 4851 'omnia
886 4777 1025 4876 reptilia
1052 4778 1088 4850 in
1113 4778 1177 4851 eis.
1196 4808 1214 4844 ι
1233 4778 1398 4873 Legimus
1420 4779 1528 4851 etiam
1555 4779 1592 4851 in
1620 4779 1690 4850 rita
1715 4774 1815 4849 Pauli

246 5085 254 5113 ¹
268 5079 392 5133 Corinth.
405 5083 426 5144 1,
437 5097 490 5147 cap.
503 5097 548 5146 su,
561 5097 584 5135 r.
597 5088 622 5138 3.
635 5109 664 5123 -
675 5089 685 5118 ²
695 5085 782 5150 loen,
795 5100 848 5151 esp.
859 5100 888 5153 u,
900 5100 922 5138 r.
935 5089 1034 5140 51.-³
1043 5088 1117 5139 Rom.
1125 5126 1132 5153 ,
1145 5100 1200 5152 cap.
1213 5101 1231 5150 r,
1243 5101 1267 5139 r.
1279 5090 1318 5140 20.
1328 5090 1373 5124 -⁴
1385 5087 1481 5139 Pmlm.
1493 5098 1589 5149 murm,
1604 5099 1627 5137 r.
1639 5083 1808 5148 7.-⁸tt1‘u.,
1891 5132 1896 5145 ,

253 5164 300 5213 to.
316 5162 473 5217 aarum.
484 5178 572 5228 urm,
583 5180 606 5216 r.
619 5168 661 5219 ³5.
