4559 6100
429 548 443 618 t
450 544 499 617 32
1027 545 1149 618 PETRI
1173 542 1403 618 ABAELARDI

427 698 514 770 tiam
526 696 659 770 babeat
672 694 903 787 ambulandi,
922 696 1030 773 eriam
1052 720 1135 770 eum
1156 699 1194 769 in
1209 699 1311 796 aquis
1330 711 1447 788 natat3
1467 720 1551 771 cum
1571 710 1691 770 tamen
1718 695 1849 769 dicitur
1866 724 1875 769 ε
1894 712 2023 797 potens

427 833 481 890 est
501 816 685 891 ambulare
706 818 744 890 in
767 817 887 917 aquis,
904 817 934 889 si
953 816 1000 889 ad
1020 831 1141 890 actum
1159 816 1370 891 ambulandi
1390 818 1637 917 potiusquam
1656 814 1704 888 ad
1727 818 1926 916 potentiam
1945 816 2021 890 haec

428 935 680 1012 determinatio
704 937 897 1029 referatur,
921 951 961 1010 ut
981 937 1147 1011 videlieet
1167 936 1405 1034 intelligamus
1431 962 1515 1010 eum
1542 936 1677 1010 habere
1701 937 1901 1036 potentiam
1924 937 2023 1010 huuc

428 1071 550 1130 aetum
572 1057 761 1131 exercendi
783 1058 890 1131 etiam
905 1058 943 1129 in
962 1056 1083 1151 undis,
1106 1056 1233 1130 salsum
1248 1071 1322 1149 est3
1346 1057 1376 1129 si
1396 1072 1519 1130 autern
1535 1056 1581 1131 ad
1596 1059 1796 1158 potentiam
1815 1056 2022 1131 ambulandi

428 1177 537 1249 etiam
555 1178 648 1251 inter
664 1201 775 1276 aquas
793 1176 970 1271 habitam,
987 1202 1008 1249 e
1027 1178 1209 1271 eontrario
1225 1201 1350 1250 verum
1367 1190 1433 1249 est.
1452 1178 1568 1249 Sicut¹
1584 1193 1704 1252 autem
1723 1203 1850 1252 verum
1870 1192 1924 1250 est
1939 1202 2023 1251 eum

429 1294 498 1369 hac
510 1299 671 1395 potentia
682 1323 757 1371 non
775 1322 895 1371 carere
910 1298 1017 1371 etiam
1033 1298 1128 1370 inter
1140 1321 1265 1395 aquas,
1283 1296 1366 1369 licet
1377 1297 1474 1370 hane
1487 1298 1537 1370 ibi
1551 1299 1751 1398 potentiam
1767 1321 1931 1371 exercere
1948 1321 2023 1369 non

430 1418 560 1515 possit:
580 1418 629 1491 ita
645 1444 721 1491 ηοη
739 1433 791 1491 est
814 1441 959 1491 neeesse
975 1416 1032 1491 vel
1048 1421 1164 1490 Deum
1186 1416 1244 1490 vel
1268 1416 1424 1515 aliquem
1440 1419 1477 1489 in
1496 1418 1617 1517 aliquo
1639 1433 1804 1519 tempore
1821 1441 1942 1490 carere
1957 1441 2024 1516 po·

430 1538 539 1609 tentia
556 1536 692 1636 aliquid
707 1537 878 1629 faciendi,
892 1538 1055 1636 quamvis
1064 1561 1109 1610 eo
1121 1551 1284 1637 tempore
1300 1562 1465 1612 exercere
1477 1562 1552 1610 non
1565 1539 1679 1638 possit
1695 1538 1793 1611 illam
1808 1537 2019 1636 potentiam.

429 1665 518 1734 Nam
533 1677 569 1734 et
591 1662 788 1737 infantulus
803 1662 954 1736 omuino
971 1661 1091 1735 adhue
1107 1661 1236 1735 debilis
1255 1662 1302 1735 ad
1319 1661 1579 1753 incedendum,
1603 1660 1793 1759 gressibilis
1808 1674 1930 1733 tamen
1950 1660 2024 1756 jam

428 1793 501 1873 est,
531 1797 568 1854 et
595 1784 794 1882 potentiam
812 1784 888 1881 jam
909 1782 1019 1857 babet
1041 1782 1250 1856 ambulandi
1270 1780 1511 1881 quandoque,
1539 1781 1622 1854 licet
1650 1807 1727 1854 non
1749 1779 1870 1853 adbuc
1895 1783 1932 1854 in
1952 1794 2025 1852 tam

428 1914 549 1974 tenera
563 1916 677 1975 aetate.
697 1907 772 1977 Hac
788 1904 909 2003 itaque
924 1904 1065 1977 ratione
1075 1904 1238 2004 potentia
1248 1901 1461 1976 incarnandi
1477 1905 1573 1974 Deus
1590 1902 1750 2001 privatus
1763 1925 1840 1973 nou
1852 1914 1905 1972 est
1914 1922 2024 1996 quam

429 2021 516 2093 olim
528 2024 705 2118 exercuit,
726 2022 810 2097 licet
826 2048 907 2097 eam
923 2048 1087 2097 exercere
1099 2022 1212 2095 modo
1225 2023 1309 2097 ideo
1323 2047 1398 2095 non
1412 2022 1542 2122 possit,
1561 2023 1647 2120 quia
1662 2044 1743 2093 eam
1760 2019 1907 2091 minime
1924 2043 2023 2091 nune

427 2143 583 2215 exerceri
599 2144 779 2216 convenit.
800 2147 874 2217 Nec
890 2146 1080 2243 quisquam
1097 2167 1256 2241 unquam
1268 2144 1386 2240 aliqua
1400 2141 1561 2242 potentia
1576 2142 1736 2240 privatus
1752 2139 1900 2232 dicitur,
1913 2163 2025 2237 quem

345 2290 350 2301 ·
427 2276 565 2334 certum
590 2266 653 2353 sit,
681 2264 712 2335 si
736 2264 861 2356 vellet,
878 2288 961 2337 earn
988 2287 1154 2337 exercere
1179 2287 1309 2361 posse,
1328 2287 1395 2335 nec
1418 2263 1496 2359 ejus
1518 2261 1690 2334 voluntati
1716 2283 1938 2360 quemquam
1966 2284 2023 2333 re·

425 2381 550 2454 sistere
562 2382 693 2455 valere.
710 2387 801 2456 Cum
817 2398 938 2456 autem
954 2383 1041 2456 inde
1056 2383 1288 2482 omnipotens
1302 2382 1461 2473 dicatur,
1486 2396 1527 2453 nt
1548 2405 1658 2480 supra
1672 2380 1920 2472 meminimus,
1940 2379 2024 2477 quia

425 2525 567 2601 semper
582 2502 759 2601 quidquid
777 2503 862 2577 velit
878 2504 1010 2603 possit,
1030 2528 1172 2603 semper
1193 2528 1294 2600 aeque
1312 2504 1543 2602 omnipotens
1566 2516 1637 2592 est,
1660 2525 1746 2573 cum
1761 2522 1904 2598 semper
1922 2499 2024 2597 quid-

426 2621 516 2716 quid
532 2621 634 2709 velit,
656 2636 795 2696 eertum
808 2623 854 2695 sit
869 2647 953 2696 eum
969 2621 1152 2720 complere
1167 2647 1295 2721 posse,
1311 2646 1378 2696 neo
1393 2622 1470 2719 ejus
1485 2645 1646 2719 unquam
1663 2621 1886 2693 voluntatem
1901 2618 2022 2717 aliquo

427 2739 685 2838 impedimento
702 2741 894 2815 disturbari
909 2766 1024 2841 posse.
1046 2743 1117 2830 Qui
1133 2743 1240 2814 etiam
1257 2744 1348 2815 sieut
1363 2743 1486 2815 omnia
1497 2765 1641 2840 semper
1656 2740 1722 2812 scit
1733 2763 1813 2836 qnae
1826 2737 2039 2835 aliquando*

426 2860 519 2951 vult,
541 2885 609 2933 nee
639 2886 799 2959 unquam
832 2861 988 2959 aliquam
1016 2862 1202 2936 scientiam
1236 2863 1387 2950 amittit,
1412 2862 1470 2935 vel
1501 2861 1724 2934 voluntatem
1748 2873 1880 2951 mutat,
1913 2884 2022 2958 quam

424 3004 584 3079 unquam
599 2980 727 3056 habuit
746 3009 754 3054 :
773 2983 824 3057 ita
847 3008 990 3084 semper
1013 2983 1137 3057 omnia
1161 2996 1279 3083 potest
1304 3008 1384 3083 quae
1411 2982 1605 3082 aliquando
1622 2994 1757 3083 potest,
1773 3005 1842 3054 nec
1862 3004 2024 3080 uuquam

424 3100 545 3198 aliqua
571 3126 636 3173 sua
660 3104 823 3201 potentia
850 3095 1028 3203 privatur(
1044 3103 1117 3176 Etsi
1135 3105 1234 3176 enim
1259 3104 1362 3176 seivit
1387 3102 1476 3174 olim
1503 3127 1563 3175 me
1584 3103 1806 3175 nasciturum
1823 3104 1933 3194 esse’,
1948 3126 2024 3173 ηοη

425 3234 543 3293 tamen
568 3219 651 3294 ideo
669 3222 756 3295 olim
777 3222 912 3322 aliquid
928 3223 1030 3295 seivit
1050 3222 1150 3321 quod
1176 3223 1287 3297 modo
1304 3247 1380 3295 non
1394 3223 1505 3313 seiat3
1530 3221 1594 3296 sed
1609 3222 1649 3295 id
1669 3221 1716 3294 de
1740 3222 1924 3294 nativitate
1945 3245 2023 3294 mea

423 3365 522 3414 nune
539 3342 648 3415 etiam
664 3343 751 3434 scit,
774 3342 875 3441 quod
900 3343 1035 3416 sciebat
1059 3358 1253 3441 antequam
1272 3341 1393 3434 fieret,
1412 3342 1495 3416 licet
1510 3357 1547 3415 et
1563 3357 1650 3416 tunc
1667 3357 1702 3414 et
1718 3365 1817 3413 nunc
1836 3340 1933 3413 hane
1948 3342 2023 3437 ejus

421 3461 607 3534 scientiam
620 3460 768 3535 diversis
777 3461 894 3535 verbis
907 3463 1058 3563 exprimi
1071 3477 1266 3561 oporteret.
1281 3464 1424 3562 Quippe
1436 3461 1536 3561 quod
1550 3478 1637 3535 tuuc
1650 3460 1809 3533 futurum
1822 3476 1898 3534 erat
1911 3458 2022 3532 modo

422 3595 608 3676 peractum
624 3594 695 3669 est,
712 3580 868 3678 ideoque
887 3580 998 3654 verba
1014 3595 1235 3654 commutata
1258 3583 1404 3655 suntad
1422 3583 1541 3682 ipsum
1562 3581 1844 3679 designandum3
1862 3580 1954 3650 sicut
1968 3578 2023 3651 di·

422 3699 534 3770 versis
549 3697 772 3798 temporibus
795 3699 985 3799 loquentes
1003 3699 1169 3773 eamdem
1185 3700 1283 3773 diem
1308 3700 1420 3775 modo
1439 3727 1504 3801 per
1522 3703 1594 3776 hoo
1617 3699 1828 3775 adverbium
1848 3723 1931 3770 eras
1954 3699 2024 3771 de·

424 3818 604 3915 signamus
624 3817 712 3890 dum
739 3817 859 3892 adbuc
880 3819 999 3893 sutura
1014 3836 1088 3914 est,
1111 3821 1225 3894 inodo
1250 3822 1433 3922 perindie
1455 3822 1543 3896 dum
1564 3846 1718 3922 pmens
1737 3834 1807 3909 est,
1824 3816 1936 3892 modo
1959 3844 2026 3917 per

422 3936 600 4010 hericum
615 3940 793 4038 praeterita
815 3952 882 4012 est.
909 3945 1110 4039 Antequam
1126 3942 1248 4041 itaque
1262 3967 1443 4035 nascerer,
1462 3968 1546 4016 cum
1560 3944 1665 4015 sciret
1679 3947 1776 4014 Deus
1792 3964 1851 4013 me
1866 3940 2024 4012 nascitu-

423 4082 506 4130 rum
522 4082 611 4151 esse,
624 4083 667 4132 eo
680 4058 827 4157 quidem
845 4074 1097 4162 temporeque
1113 4063 1314 4137 nasciturus
1331 4087 1429 4136 eram
1444 4090 1453 4133 ε
1467 4088 1567 4136 nune
1580 4086 1726 4161 quoque
1737 4060 1972 4133 nihilominus
1985 4058 2024 4130 id

424 4178 503 4271 seit,
514 4178 648 4253 scilicet
662 4179 793 4254 eodem
808 4196 971 4281 tempore
986 4206 1045 4256 me
1061 4196 1187 4257 natum
1201 4208 1296 4275 esse3
1317 4184 1369 4256 sic
1385 4199 1421 4256 et
1436 4182 1534 4257 idem
1550 4182 1597 4255 de
1612 4181 1740 4255 eadem
1751 4180 1934 4253 nativitate
1943 4202 2027 4252 mea

425 4321 522 4372 nunc
546 4325 694 4398 quoque
713 4301 789 4374 vult
804 4302 904 4400 quod
921 4318 1010 4378 tune
1025 4304 1162 4378 voluit:
1182 4319 1222 4377 ut
1241 4304 1408 4378 videlieet
1430 4319 1517 4377 tnnc
1547 4302 1666 4395 fieret,
1686 4301 1835 4402 quando
1852 4325 1932 4373 eam
1947 4297 2030 4370 fieri

423 4418 470 4492 ab
480 4431 614 4493 aeterno
629 4421 746 4494 voluit
759 4436 796 4495 et
810 4424 924 4496 seivit.
946 4428 991 4495 Et
1008 4423 1166 4519 attende,
1183 4424 1301 4523 quod,
1313 4424 1417 4497 sicuti
1427 4449 1511 4497 enm
1524 4423 1678 4497 dicimus
1693 4450 1701 4494 :
1716 4427 1813 4495 Deus
1829 4422 1894 4492 soit
1910 4416 2028 4490 modo

422 4537 461 4612 id
484 4537 617 4612 factum
637 4563 730 4633 esse,
750 4542 809 4614 vel
828 4540 905 4614 vult
929 4544 1041 4616 modo
1064 4543 1103 4616 id
1124 4545 1256 4618 sactum
1273 4569 1368 4642 esse,
1387 4543 1476 4617 illud
1499 4540 1622 4634 modo,
1642 4541 1689 4616 ad
1711 4540 1853 4615 diversa
1870 4537 2030 4635 conjun-

422 4673 535 4749 ctum,
555 4662 716 4733 seusum'
735 4662 994 4736 enuntiationis
1010 4679 1145 4755 mutat;
1165 4666 1213 4737 ita
1230 4645 1351 4758 etiarn,
1367 4679 1409 4736 ut
1425 4687 1534 4764 supra
1551 4663 1793 4753 meminimus,
1812 4684 1897 4733 eum
1911 4657 1994 4730 dico
2015 4686 2027 4730 ε

421 4795 539 4879 potest
559 4782 672 4857 modo
688 4782 726 4855 id
745 4781 877 4877 faeere,
897 4775 997 4858 idern
1010 4786 1220 4860 adverbium
1239 4787 1475 4885 conjunctum
1492 4785 1538 4859 ad
1556 4784 1697 4858 diversa
1715 4784 1881 4856 sensum‘
1894 4779 2036 4869 variat.

450 5100 456 5128 ¹
469 5094 508 5147 ste
520 5095 581 5147 end.
593 5095 656 5147 Vtut.
668 5097 699 5149 Si
709 5096 822 5149 Anib-
832 5101 841 5130 ²
852 5043 897 5151 Eli
907 5102 1084 5152 interseruntur
1092 5102 1117 5151 tn
1129 5101 1187 5150 edtt.
1247 5113 1301 5150 esse
1314 5102 1435 5151 ridentur.
1448 5127 1480 5139 -
1493 5103 1503 5133 ³
1514 5100 1554 5150 ste
1568 5097 1630 5149 cod.
1642 5067 1733 5148 Victor.
1747 5096 1895 5147 Successori
1908 5091 1980 5142 amb.
1996 5120 2061 5138 --

418 5175 491 5227 amb.
507 5177 545 5229 Ne
558 5182 642 5230 maten
655 5179 721 5231 sciat
732 5192 773 5230 me
784 5180 945 5232 natuturam
957 5194 1008 5232 este
1021 5193 1075 5243 qrta
1086 5181 1188 5233 delenda
1248 5182 1302 5234 *sie
1312 5181 1373 5234 Cod.
1386 5182 1477 5234 Vtetur.
1490 5182 1637 5233 successum
1650 5180 1723 5230 amb.
