4559 6100
1402 0 1408 18 .
1465 0 1471 16 t
1489 0 1499 46 ,
1541 0 1543 3 ψ
1562 32 1572 53 .

642 138 808 231 magister,
826 158 898 201 cum
911 134 975 200 hoe
991 134 1174 224 Augustino
1190 132 1232 199 ad
1247 133 1379 199 beatum
1396 134 1631 221 Hieronymum
1653 132 1773 222 loquen

644 260 751 324 obrius
770 258 811 322 sit
827 277 936 321 senem
954 252 1071 319 docere
1086 276 1184 343 quam
1206 251 1340 331 discere,
1363 252 1443 317 mibi
1464 268 1574 317 tamen
1591 251 1679 317 nulla
1705 268 1774 316 aetas

643 372 743 457 Quod
759 387 867 437 autem
885 369 977 452 dicis,
994 393 1047 436 me
1063 392 1162 435 unam
1177 369 1371 460 singularem
1387 383 1505 432 sanotae
1522 367 1671 431 trinitatis
1686 366 1775 431 subst

643 493 755 581 ntique
778 506 842 572 est,
864 489 1006 555 sednon
1026 488 1116 555 illam
1131 487 1347 553 sabellianam
1367 485 1636 576 singularitatem,
1653 486 1688 549 in
1704 509 1768 573 qua

642 608 705 675 illis
727 609 829 675 tribus
851 608 1037 673 nominibus
1062 608 1252 699 appellatur,
1275 604 1333 672 sed
1354 606 1388 670 in
1413 629 1475 695 qua
1500 605 1677 669 substantia
1698 606 1774 669 trina

642 730 817 807 unitatem,
837 742 873 791 ut
892 726 980 791 nulla
997 727 1059 790 tria
1079 749 1215 817 usquam
1235 739 1360 790 tantam
1375 724 1534 806 habeant3
1553 722 1643 789 nulla
1663 725 1774 789 enimt

643 848 778 936 aequalia
797 862 882 928 sunt,
900 847 982 911 sicut
997 847 1151 936 scriptum
1166 863 1215 912 est
1233 868 1241 910 ε
1263 875 1278 902 «
1293 846 1332 909 In
1347 844 1410 908 hac
1424 844 1566 909 trinitate
1582 842 1661 908 nihil
1679 845 1767 933 prius

642 981 699 1030 aut
716 967 837 1046 minus,
859 963 917 1030 sed
932 981 1008 1031 totae
1025 982 1089 1031 tres
1102 988 1248 1055 persona
1264 979 1433 1029 coaeoernaa
1444 962 1505 1028 sibi
1519 978 1593 1028 sunt
1609 979 1642 1028 et
1658 985 1774 1052 coaequ:

642 1084 733 1175 quod
751 1086 858 1151 inore
876 1082 1015 1150 duorum
1035 1083 1085 1150 vel
1102 1085 1200 1149 trium
1216 1084 1346 1150 testium
1367 1097 1429 1148 stet
1443 1106 1541 1148 omne
1557 1083 1712 1163 verbum,
1734 1106 1774 1147 no

641 1205 809 1294 apposito,
837 1204 984 1293 quintum
1009 1219 1043 1268 et
1057 1203 1192 1271 ’sextum
1213 1225 1430 1293 apponamus,
1456 1226 1595 1290 quorum
1620 1203 1774 1268 testimon:

642 1324 831 1412 aequalitatis
851 1323 1021 1403 roborata,
1040 1345 1083 1388 ne
1102 1322 1271 1387 videamur
1292 1318 1351 1386 niti
1367 1321 1495 1386 testium
1516 1345 1652 1388 numero
1674 1338 1708 1388 et
1727 1345 1774 1388 oct

640 1442 861 1532 subterfugere
888 1441 1048 1506 rationem
1075 1455 1108 1506 et
1132 1464 1201 1506 non
1227 1439 1346 1506 andere
1375 1463 1507 1505 manum
1534 1464 1702 1507 conserere
1727 1467 1774 1532 pra

639 1562 788 1642 unitatis,
811 1559 962 1626 eamdem
981 1559 1279 1651 oompr....emus¹.
1298 1561 1359 1627 Die
1381 1584 1477 1653 ergo,
1503 1560 1598 1627 beate
1624 1561 1774 1626 Athanasi

640 1679 792 1747 defensor
806 1679 1010 1760 substantias,
1032 1681 1097 1762 die,
1113 1681 1192 1771 quid
1209 1680 1250 1770 de
1267 1682 1335 1772 ipsa
1351 1680 1528 1765 substantia
1547 1682 1677 1764 sentias,
1696 1697 1746 1764 et,
1765 1706 1774 1746 a

639 1799 759 1891 gradm
774 1798 959 1880 variabant,
982 1799 1100 1882 vicisti,
1125 1801 1172 1866 ita
1193 1815 1226 1866 et
1240 1799 1460 1882 sabellianos,
1479 1800 1534 1888 qui
1554 1824 1707 1891 personas
1727 1824 1774 1866 oot

644 1920 785 2008 «Neque
801 1917 1036 1987 confundentes
1051 1942 1218 2009 personas,
1236 1943 1341 2010 neque
1358 1943 1416 2010 per
1432 1920 1643 1986 substantiam
1658 1944 1770 2010 separa

639 2041 695 2129 qui
719 2056 845 2130 patrem
870 2038 986 2117 filium,
1009 2055 1042 2105 et
1065 2040 1166 2106 filium
1188 2057 1313 2131 patrem
1337 2039 1426 2117 dicit,
1454 2039 1543 2129 quod
1568 2062 1696 2106 necesse
1720 2057 1768 2106 est

638 2162 773 2225 nomina
788 2181 887 2225 unam
906 2159 1007 2225 solam
1025 2183 1096 2226 rem
1112 2161 1305 2252 singularem
1323 2158 1501 2251 significare
1517 2159 1667 2227 voluerit.
1686 2162 1774 2225 Omnt

638 2281 687 2347 rei
703 2281 836 2346 nomina
853 2278 894 2344 de
910 2302 943 2345 se
959 2280 1098 2347 invicem
1113 2280 1341 2371 praedicantum
1360 2281 1409 2344 Ita
1424 2280 1520 2371 igitur
1534 2297 1627 2370 pater
1643 2282 1774 2347 insama

640 2417 689 2465 est
715 2399 797 2464 filius
820 2400 876 2487 qui
897 2399 962 2467 hoa
977 2414 1083 2464 tutum
1103 2420 1214 2489 passus
1238 2416 1302 2481 est·,
1327 2398 1417 2489 quod
1445 2415 1603 2489 quantum
1623 2422 1710 2465 sanae
1731 2399 1774 2464 fid

638 2519 748 2606 quitur
762 2542 770 2583 ε
785 2518 926 2605 «lNeque
939 2517 1151 2604 substantiam
1167 2534 1390 2608 separantes.»
1402 2518 1578 2609 Diligenter
1592 2517 1771 2584 intendend

638 2653 757 2702 sanetae
776 2635 926 2700 trinitatis
948 2636 1143 2702 omnimodis
1166 2661 1209 2702 an
1231 2654 1320 2703 certo
1344 2636 1445 2703 modo
1469 2637 1610 2726 separari
1629 2636 1774 2727 prohibet

638 2771 688 2822 est
703 2780 785 2839 una,
808 2770 844 2820 ut
858 2755 956 2820 etiam
971 2754 1078 2844 plures
1099 2755 1179 2837 sint,
1204 2756 1285 2822 sicut
1298 2757 1413 2822 Graeca
1435 2756 1553 2820 clamat
1567 2753 1713 2836 ecclesia,
1733 2779 1774 2820 no

637 2876 732 2965 plura
752 2874 941 2966 pluralitatis
958 2873 1030 2965 lege
1049 2892 1253 2966 separantur,
1276 2879 1352 2965 quia
1372 2877 1525 2967 seriptum
1549 2891 1613 2956 est,
1640 2875 1729 2965 quod
1749 2900 1774 2941 ot

637 2994 785 3084 pantium
807 2993 989 3085 pluralitate
1012 2995 1175 3100 consistit,
1191 2994 1272 3078 Quae
1297 3017 1374 3086 ergo
1402 2994 1585 3061 differentia
1607 2995 1642 3059 in
1663 2995 1726 3061 hae
1748 2995 1774 3085 pl

638 3112 785 3180 eundum
801 3137 878 3196 nos,
901 3114 1151 3196 substantiarum
1171 3138 1249 3181 vero
1266 3112 1445 3182 seeundum
1464 3115 1595 3180 Graecos
1611 3115 1670 3196 sit,
1692 3137 1773 3204 perq

637 3248 688 3298 est
696 3232 871 3298 substantia
884 3234 982 3322 patris
997 3257 1095 3322 quam
1110 3251 1214 3325 pater,
1232 3250 1266 3300 et
1280 3235 1458 3300 substantia
1474 3233 1530 3298 filii
1546 3256 1644 3324 qtram
1659 3232 1752 3316 filius,
1769 3259 1774 3297 ε

637 3367 672 3417 et
693 3368 839 3418 ereatura
856 3375 947 3441 aqnae
963 3377 1047 3443 aqua
1068 3370 1126 3419 est.
1146 3355 1230 3436 Quia
1250 3376 1327 3445 ergo
1344 3368 1437 3444 pater
1453 3351 1698 3444 genuit'filium,
1718 3354 1774 3418 sub

637 3473 788 3566 stantiam
808 3471 877 3538 filii.
896 3473 980 3555 Quia
1000 3473 1097 3564 igitur
1119 3473 1219 3539 altera
1241 3491 1290 3540 est
1310 3472 1487 3539 substantia
1503 3474 1703 3564 generantis,
1721 3473 1774 3537 alti

638 3589 680 3654 ab
704 3591 787 3675 alia,
813 3615 938 3683 semper
953 3592 1042 3659 enim
1056 3616 1214 3683 generans
1230 3610 1263 3659 et
1277 3608 1465 3684 generatum
1482 3591 1575 3684 plura
1590 3608 1683 3677 sunt,
1699 3617 1771 3657 non

637 3709 726 3775 beati
744 3711 914 3800 Augustini
934 3710 1102 3801 preafatam
1117 3713 1325 3794 sententiam,
1344 3734 1409 3801 qua
1425 3712 1470 3777 ait
1489 3711 1580 3801 quod
1598 3711 1687 3777 nulla
1704 3736 1774 3777 orur

637 3828 768 3919 gignat,
795 3852 867 3917 quae
893 3831 980 3896 enim
1004 3830 1136 3922 generat
1159 3847 1208 3898 est
1228 3832 1390 3923 ingenita,
1415 3833 1523 3924 genita
1544 3855 1620 3898 vero
1644 3833 1692 3897 est
1718 3834 1774 3897 nni

634 3947 919 4038 unigenimmsunt
933 3950 1038 4039 plura,
1054 3951 1135 4015 sieut
1150 3952 1346 4041 Augustinus
1357 3951 1398 4015 de
1416 3952 1579 4016 Trinitate
1597 3951 1665 4016 ait:
1687 3977 1701 4010 a
1717 3949 1774 4014 Fili

632 4065 718 4131 tiam
741 4065 839 4132 debet
863 4067 960 4156 patri,
984 4098 998 4125 ι
1022 4066 1057 4132 id
1080 4083 1139 4146 est,
1163 4069 1253 4156 quod
1280 4084 1327 4137 est
1356 4069 1534 4134 substantia
1561 4092 1580 4133 a
1603 4084 1696 4159 patre
1717 4067 1774 4133 hal

637 4206 708 4249 non
729 4209 806 4276 ergo
828 4186 963 4251 omnino
985 4209 1154 4276 possumus
1169 4189 1271 4254 vitare
1294 4188 1529 4278 separationem
1557 4184 1663 4253 faeere
1684 4187 1774 4251 insu

635 4304 748 4371 Restat
773 4329 863 4397 ergo,
884 4320 922 4371 nt
937 4321 1026 4373 certo
1053 4306 1154 4372 modo
1179 4307 1413 4397 separationem
1429 4307 1617 4398 prohibeam
1635 4307 1691 4397 qui
1704 4306 1774 4372 mo(

679 4567 686 4598 ¹
696 4563 739 4621 Sle
746 4569 887 4622 Schnsllsr.
