4559 6100
747 570 1006 645 tflnotoutt
1031 570 1303 645 ctttttsttttts.
1756 573 1832 648 459

224 722 441 796 inhabitatio
466 744 613 796 sensum
640 720 753 799 multa
781 721 1023 818 cogitantem,
1053 736 1089 794 et
1114 716 1259 795 difficile
1287 720 1544 794 aestimabimus
1569 742 1649 819 quae
1673 724 1711 796 in
1736 739 1830 800 terra

227 858 325 939 sunt,
340 859 387 916 et
409 866 489 941 quae
511 844 549 915 in
577 846 772 941 prospectu
802 856 888 914 sunt
915 838 1143 914 inveniemus
1169 866 1254 914 cum
1283 841 1419 914 labore.
1450 846 1538 930 Quae
1566 844 1603 914 in
1630 845 1832 919 coelissunt

228 980 350 1038 autem
377 966 459 1062 quis
490 961 742 1059 investigabit?
757 991 775 1030 u
805 960 887 1054 llle,
919 963 1089 1061 inquam,
1121 963 1298 1035 maximus
1322 985 1366 1035 ac
1386 961 1669 1037 studiosissimus
1694 954 1832 1039 naturae

226 1085 430 1183 indagator,
459 1083 518 1157 cui
540 1083 841 1183 incomparabiles
868 1108 969 1184 opes,
996 1084 1055 1156 cui
1082 1106 1210 1182 pacem
1232 1108 1275 1156 ac
1300 1084 1508 1182 sospitatem
1533 1084 1768 1179 continuam,
1801 1088 1831 1157 is

226 1229 374 1304 quoque
397 1205 461 1303 qui
488 1204 701 1303 sapientiam
723 1205 757 1277 ei
783 1203 930 1303 largitus
947 1220 1003 1277 est
1026 1204 1201 1297 contulit,
1234 1228 1281 1276 ne
1304 1224 1378 1304 qua
1399 1202 1493 1276 forte
1516 1206 1735 1279 necessitatis
1757 1206 1831 1278 sol·

228 1323 400 1415 licitudo,
438 1348 583 1422 nequa
617 1326 863 1424 periculorum
890 1326 1059 1399 instantia
1085 1324 1245 1398 studium
1279 1325 1356 1421 ejus
1385 1323 1610 1423 praepediret.
1638 1330 1692 1398 De
1724 1324 1831 1423 hujus

227 1444 376 1544 quidem
405 1443 579 1544 sapientia
604 1467 646 1519 ac
669 1446 790 1519 studio
814 1446 904 1520 liber
934 1447 1058 1519 tertius
1073 1451 1208 1545 Regum
1228 1446 1278 1518 sic
1305 1445 1511 1517 continet¹:
1537 1474 1555 1514 u
1582 1449 1626 1518 Et
1651 1444 1830 1544 praecede·

226 1563 291 1639 bat
318 1564 493 1665 sapientia
520 1564 722 1638 Salomonis
748 1556 961 1665 sapientiam
986 1568 1153 1640 omnium
1178 1558 1416 1639 Orientalium
1434 1580 1471 1637 et
1491 1566 1764 1664 AEgyptiorum3
1795 1579 1831 1639 et

227 1700 306 1759 erat
332 1686 528 1785 sapientior
554 1688 691 1760 cunctis
713 1687 945 1779 bominibus,
975 1704 1011 1761 et
1038 1688 1245 1761 nominatus
1278 1687 1453 1763 universis
1482 1685 1649 1783 gentibus
1678 1711 1745 1786 per
1761 1686 1830 1759 cir-

226 1806 380 1878 cuitum.
408 1810 566 1877 Locutus
593 1821 647 1879 est
671 1832 819 1906 quoque
844 1810 912 1882 tria
942 1809 1053 1883 millia
1084 1807 1293 1908 parabolam
1325 1822 1361 1880 et
1386 1807 1533 1879 fuerunt
1560 1806 1720 1881 carmina
1754 1807 1831 1903 ejus

227 1927 389 2024 quinque
414 1924 550 2016 millia3
580 1940 616 1999 et
643 1926 838 2028 disputavit
860 1954 968 2030 super
989 1928 1087 2026 ligna
1116 1952 1138 2000 a
1165 1927 1275 2000 cedro
1303 1952 1382 2025 quae
1409 1928 1521 2000 estin
1552 1926 1688 1999 Libano
1717 1950 1832 2024 usque

227 2035 273 2108 ad
295 2036 478 2136 hysopum
501 2061 580 2134 quae
602 2038 785 2134 egreditur
801 2040 848 2112 de
870 2041 1018 2139 pariete,
1042 2054 1078 2111 et
1101 2038 1268 2111 disseruit
1289 2039 1338 2111 de
1350 2034 1523 2136 jumentis
1540 2053 1576 2111 et
1597 2036 1828 2128 volucribus,

227 2165 264 2223 et
281 2151 483 2250 reptilibus,
500 2167 536 2224 et
552 2153 722 2251 piscibus.
742 2158 787 2227 Et
798 2154 992 2228 veniebant
1008 2155 1054 2227 de
1068 2156 1208 2227 cunctis
1223 2154 1368 2254 populis
1384 2153 1430 2226 ad
1449 2153 1667 2228 audiendam
1686 2155 1829 2253 sapien·

228 2270 314 2343 tiam
340 2269 557 2365 Salomonis,
583 2288 619 2345 et
642 2273 690 2346 ab
715 2276 891 2347 universis
914 2274 1123 2373 regionibus
1146 2289 1260 2347 terrae.
1279 2305 1297 2341 a
1315 2278 1370 2346 De
1388 2275 1491 2371 cujus
1514 2276 1622 2347 cuam
1644 2274 1832 2373 incompa-

226 2388 331 2462 rabili
347 2390 555 2464 divitiarum
573 2392 756 2467 affluentia
777 2395 871 2467 inter
889 2410 1014 2468 caetera
1036 2394 1167 2466 eodem
1184 2392 1427 2493 subscriptum
1444 2409 1497 2467 cst
1513 2393 1653 2467 libro':
1677 2394 1831 2466 «Sedet

226 2511 394 2585 uniuersa
420 2537 517 2606 vasa,
544 2514 593 2586 de
619 2514 752 2613 quibus
777 2516 928 2615 potabat
952 2541 1015 2588 rex
1041 2515 1227 2607 Salomon,
1255 2529 1359 2589 erant
1383 2530 1574 2612 argentea,
1601 2528 1638 2587 et
1664 2512 1830 2587 universa

226 2629 412 2729 suppellex
437 2631 572 2706 domus
595 2634 705 2706 saltus
734 2635 860 2707 Libani
884 2634 931 2708 de
957 2660 1047 2707 auro
1074 2636 1280 2734 purissimo.
1311 2640 1392 2707 Non
1420 2649 1496 2707 erat
1521 2634 1732 2729 argentum,
1763 2656 1831 2706 nec

228 2748 377 2847 alicujus
402 2751 509 2850 pretii
533 2752 727 2852 putabatur
747 2754 785 2824 in
808 2751 937 2826 diebus
961 2755 1178 2829 Salomonis.
1195 2785 1213 2821 a
1233 2758 1321 2826 ltem
1342 2769 1425 2853 post
1447 2756 1582 2852 pauca⁸
1600 2778 1609 2822 r
1626 2780 1644 2821 u
1663 2754 1833 2851 Fecitque

226 2885 266 2942 ut
288 2885 388 2945 tanta
407 2887 500 2944 esset
520 2871 743 2946 abundantia
769 2875 908 2971 argenti
930 2876 968 2946 in
989 2876 1205 2968 Jerusalem,
1234 2886 1370 2972 quanta
1392 2874 1556 2974 lapidum
1581 2888 1618 2946 et
1635 2873 1831 2949 cedrorum

227 2992 380 3092 praebuit
396 2993 680 3088 multitudinem,
698 2994 800 3094 quasi
816 2996 1018 3069 sicomorus
1034 3020 1115 3096 quae
1128 3010 1327 3070 nascuntur
1343 2997 1381 3068 in
1405 2993 1680 3095 campestribus.
1698 3023 1716 3064 u
1735 2996 1832 3068 Mire

227 3112 376 3211 quidem
401 3138 490 3214 opes
509 3115 727 3207 Salomonis,
753 3117 843 3188 mira
871 3141 981 3216 opera
1000 3141 1080 3215 quae
1101 3118 1313 3209 construxit,
1339 3115 1402 3189 sed
1420 3115 1619 3190 mirabilior
1642 3118 1829 3215 sapientia,

228 3257 307 3331 quoe
320 3259 405 3306 cum
417 3233 564 3308 modico
578 3251 743 3335 praeesset
757 3261 882 3334 regno,
896 3235 1264 3334 tautascongrega'vit.
1277 3241 1396 3325 Quem
1405 3229 1514 3307 etiam
1530 3258 1594 3334 per
1612 3233 1831 3310 exorcismos

227 3378 321 3451 qnos
345 3355 496 3450 invenit,
522 3380 587 3429 seu
614 3381 679 3456 per
704 3356 880 3453 quasdam
907 3372 1044 3429 nature
1070 3381 1193 3429 rerum
1217 3355 1312 3428 vires
1337 3354 1496 3427 occultas
1519 3378 1609 3452 quas
1636 3354 1827 3451 cognovit,

228 3473 453 3550 daemonibus
470 3500 617 3575 quoquc
641 3477 726 3576 ipsis
747 3491 887 3550 certum
909 3492 963 3550 est
987 3477 1181 3550 dominari.
1210 3477 1269 3548 Sic
1287 3477 1323 3547 in
1349 3489 1478 3549 octavo
1490 3472 1649 3547 Judatcae
1666 3471 1832 3573 Antiqui¹

229 3596 314 3665 tarn
341 3594 436 3667 liblo
461 3596 639 3696 losephus
662 3612 796 3690 narrat,
824 3612 861 3670 et
886 3595 1046 3697 seipsum
1072 3595 1111 3668 id
1134 3598 1214 3669 visu
1239 3595 1412 3696 probasse
1438 3593 1623 3695 perbibet,
1650 3592 1831 3667 abstracto

227 3714 394 3788 videlicet
410 3714 591 3789 daemonio
614 3717 683 3815 per
703 3741 810 3790 nares
835 3715 1024 3815 cujusdam
1047 3740 1159 3816 quem
1182 3713 1354 3807 vexabat,
1380 3716 1543 3787 immisso
1562 3713 1700 3786 annulo
1721 3714 1832 3813 ipsius

227 3833 389 3928 naribus,
416 3836 475 3908 cui
498 3834 644 3908 suberat
660 3835 761 3910 radix
786 3835 1002 3911 salomonis.
1022 3833 1261 3934 Cum'itaque
1284 3848 1392 3910 tantae
1423 3833 1832 3934 excellentiasapientiae

227 3969 374 4028 cunctas
385 3980 442 4028 res
458 3955 551 4029 adeo
569 3954 730 4029 difficiles
746 3981 823 4032 esse
836 3957 1022 4054 intelligat,
1037 3970 1078 4028 ut
1093 3955 1262 4056 explicari
1274 3979 1441 4028 sermone
1456 3953 1662 4026 nullatebus
1676 3954 1829 4052 possint,

227 4075 329 4171 quasi
358 4074 448 4149 illud
467 4074 761 4175 philosophicum
788 4091 824 4150 et
852 4079 930 4176 ipse
952 4076 1096 4169 clamet,
1127 4081 1264 4150 «Latet
1291 4101 1402 4150 omne
1426 4099 1603 4167 verum,n
1631 4072 1829 4174 perpende,

229 4195 392 4292 quisquis
409 4219 462 4286 es,
480 4211 617 4293 quanta
644 4198 852 4296 presumtio
884 4198 930 4270 sit
959 4196 1007 4269 de
1032 4221 1093 4284 eo,
1121 4196 1224 4295 quod
1254 4210 1383 4269 cuncta
1408 4193 1627 4268 transcendit
1656 4186 1860 4281 bumana,

228 4309 405 4387 discretus
427 4315 581 4409 ratione,
606 4341 674 4389 nec
692 4317 795 4389 aliter
815 4315 1043 4415 acquiescere
1058 4314 1163 4407 velle,
1188 4316 1308 4389 donec
1329 4340 1373 4388 ea
1391 4339 1471 4414 qum
1496 4313 1679 4403 dicuntur,
1705 4326 1769 4386 aut
1788 4337 1832 4384 ex

227 4454 335 4506 sensu
357 4448 424 4506 aut
444 4437 583 4510 radone
600 4437 760 4511 humana
783 4439 857 4510 siut
877 4436 1078 4530 manifesta,
1102 4436 1206 4535 quod
1229 4450 1282 4526 est
1301 4435 1446 4533 penitus
1461 4433 1573 4508 fidem
1589 4449 1626 4506 et
1644 4445 1745 4540 spem
1764 4433 1834 4505 tol·

229 4549 315 4641 lene,
337 4577 422 4625 curu
445 4559 637 4656 utramque
658 4557 705 4630 de
722 4581 799 4630 non
816 4555 1073 4658 apparentibus
1094 4555 1177 4630 esse
1192 4570 1345 4630 constet.
1374 4554 1481 4627 Unde
1507 4551 1735 4646 Ambrosius,
1762 4581 1782 4621 n
1795 4551 1834 4624 Sl

229 4669 368 4742 ratione
390 4676 602 4773 convincor,
622 4675 732 4749 fidem
747 4676 915 4750 abnuo.»
933 4681 976 4749 Et
993 4675 1216 4776 Apostolus⁴‚
1238 4707 1257 4742 n
1269 4674 1386 4766 Fides,
1409 4675 1540 4773 inquit,
1565 4690 1618 4747 est
1634 4672 1831 4746 substantia

228 4790 491 4888 sperandarum
506 4820 643 4890 rerum,
660 4812 913 4897 argumentum
937 4798 1337 4898 nonapparenrium.»
1360 4800 1405 4869 Et
1421 4794 1523 4868 alibi·
1542 4823 1551 4866 r
1574 4798 1695 4893 «Spes
1710 4805 1833 4865 autern

261 5101 341 5163 'Hw-
354 5100 468 5237 lll,2c⁴tn.
481 5117 520 5172 tt,
537 5120 559 5159 r.
578 5111 617 5162 to.
632 5130 663 5145 -·
680 5108 760 5173 'lton
773 5105 816 5170 111,
835 5121 889 5172 cap.
907 5121 934 5171 x,
947 5110 1020 5160 att.
1035 5134 1064 5144 -
1082 5109 1091 5141 ²
1106 5106 1189 5171 ltin,
1205 5121 1228 5156 v.
1248 5103 1833 5190 rt.-⁴1retr.‚eap.n‚v.t.-·ttcn.,

234 5191 449 5243 capuan..
1036 5219 1041 5228 .
1529 5211 1532 5218 .
1652 5215 1656 5222 .
1786 5219 1787 5222 ,
