4559 6100
420 429 492 503 480
1024 421 1153 495 Putat
1184 422 1419 498 tumtum

416 574 570 677 'septimo
597 572 641 645 de
673 562 848 645 Trinr'iate
869 569 962 643 libro
989 594 1070 669 cap.
1090 592 1127 643 ιν
1147 585 1182 643 et
1199 592 1222 640 v
1239 571 1295 644 his
1314 572 1462 671 quidem
1490 572 1607 646 verbis
1629 575 1675 647 de
1694 580 1772 649 Deo
1797 577 1983 678 disputans
2002 605 2024 651 a.

418 699 482 767 «Si
499 695 572 766 hoc
588 686 642 766 est
658 697 737 766 Deo
754 691 945 788 essequod
964 690 1169 782 subsistere,
1189 693 1239 764 ita
1257 717 1331 765 non
1349 707 1456 766 erunt
1471 692 1633 769 dicende
1647 710 1718 769 tres
1738 696 1956 790 substantiae,
1977 714 2015 771 ut

418 805 493 887 uon
509 815 680 888 dicuntur
696 828 768 886 tres
784 812 944 885 essentiae
961 839 970 882 ι
988 811 1298 909 quemadmodum
1316 812 1488 911 quiahoc
1506 827 1560 886 est
1576 819 1655 887 Deo
1668 841 1745 889 esse
1758 816 1859 914 quod
1875 842 2012 916 sapere,

415 938 508 1008 sicut
530 960 606 1007 non
633 949 705 1006 tres
722 933 905 1021 essentias,
924 932 973 1003 ita
995 956 1062 1004 nec
1081 946 1153 1003 tres
1170 933 1360 1031 sapientias
1381 931 1547 1007 dicimus.
1568 935 1627 1008 Sic
1650 937 1748 1008 euim
1763 938 1850 1033 quia
1869 937 1941 1010 hoc
1964 937 2015 1009 illi

415 1071 469 1130 est
490 1061 607 1129 Deum
624 1079 699 1126 esse
714 1052 815 1151 quod
828 1067 879 1125 est
894 1076 992 1141 esse,
1018 1066 1091 1124 tam
1105 1066 1177 1123 tres
1190 1053 1362 1125 essentias
1377 1077 1488 1150 quam
1504 1059 1685 1133 tresDeos
1703 1056 1773 1128 dici
1790 1056 1841 1128 las
1857 1081 1931 1129 non
1946 1073 2010 1131 est.

415 1179 451 1247 Si
480 1176 600 1249 autem
628 1172 731 1247 aliud
749 1186 802 1245 est
828 1176 905 1245 Deo
931 1197 1021 1259 esse,
1046 1171 1145 1245 aliud
1165 1169 1369 1262 subsistere,
1391 1172 1484 1245 sicut
1505 1174 1604 1246 aliud
1627 1192 1679 1248 est
1705 1181 1892 1269 Decesse,
1916 1177 2014 1249 aliud

416 1287 557 1368 Patrem
580 1319 656 1367 esse
672 1294 729 1366 vel
750 1293 950 1365 Dominum
967 1316 1063 1380 esse3
1091 1290 1192 1389 quod
1213 1293 1308 1369 enim
1327 1305 1395 1385 est,
1415 1293 1461 1368 ad
1482 1319 1519 1367 se
1544 1296 1685 1387 dicitur,
1705 1302 1808 1370 Pater
1829 1313 1948 1371 autem
1966 1299 2013 1370 ad
2063 1311 2069 1317 '

416 1415 557 1501 Filium,
572 1430 608 1486 et
621 1414 799 1485 Dominus
815 1411 861 1484 ad
876 1408 1089 1484 servientem
1105 1424 1305 1485 creaturam
1317 1411 1467 1484 dicitur:
1483 1412 1628 1487 relative
1641 1441 1726 1513 ergo
1739 1416 1912 1509 subsistit,
1923 1419 2013 1489 sicut

417 1535 561 1608 relative
577 1535 702 1632 gignit,
718 1549 753 1606 et
771 1532 915 1605 relative
927 1530 1147 1604 dominatur.
1164 1536 1214 1604 lta
1227 1533 1302 1630 jam
1319 1532 1514 1607 substantia
1528 1561 1603 1610 non
1621 1539 1689 1609 erit
1703 1536 1912 1627 substantia,
1928 1541 2013 1636 quia

416 1656 602 1728 relativum
618 1655 697 1727 erit.
716 1654 814 1727 Sicut
828 1653 924 1725 enim
942 1650 987 1724 ab
1001 1676 1047 1724 eo
1062 1651 1164 1749 quod
1176 1667 1313 1724 estesse
1327 1653 1527 1753 appellatur
1542 1658 1707 1750 essentia,
1727 1659 1775 1730 ita
1789 1659 1835 1730 ab
1852 1683 1897 1730 eo
1913 1660 2012 1756 quod

414 1764 468 1847 est
492 1774 682 1848 subsistere
703 1773 938 1847 substantiam
960 1770 1125 1844 dicimus.
1157 1770 1355 1843 Absurdum
1378 1788 1430 1845 est
1451 1789 1571 1846 autem
1590 1790 1630 1848 ut
1653 1776 1852 1857 substantia
1870 1778 2013 1851 relative

414 1886 566 1968 dicatur.
595 1895 723 1966 Omnis
746 1894 843 1965 enim
870 1917 926 1964 res
947 1891 993 1963 ad
1017 1892 1172 1991 seipsam
1193 1889 1371 1981 subsistit3
1394 1908 1531 1991 quanto
1554 1897 1666 1992 magis
1690 1901 1807 1986 Deus,
1836 1899 1866 1969 si
1891 1912 2012 1972 tamen

413 2010 564 2112 dignum
589 2029 642 2086 est
666 2029 704 2086 ut
725 2018 823 2084 Deus
839 2011 979 2084 dicatur
995 2007 1215 2084 subsistere?
1239 2015 1293 2083 De
1308 2012 1364 2083 bis
1382 2015 1478 2085 euim
1501 2014 1609 2088 rebus
1625 2031 1720 2090 recte
1736 2019 1955 2115 intelligitur,
1975 2021 2011 2091 in

415 2135 547 2232 quibus
564 2133 731 2230 subjectis
754 2145 838 2204 sunt
854 2155 897 2203 ea
918 2156 998 2228 quae
1021 2132 1058 2202 in
1076 2130 1198 2228 aliquo
1219 2156 1296 2203 esse
1321 2131 1481 2230 subJecto
1498 2160 1574 2207 esse
1590 2136 1774 2227 dicuntur,
1801 2139 1893 2211 sicut
1912 2139 2013 2212 color

412 2260 450 2327 in
480 2280 685 2355 corpore.»
715 2259 833 2337 ltem;
858 2284 876 2322 r<
896 2257 963 2325 Res
990 2277 1076 2350 ergo
1103 2251 1293 2337 mutabiles
1319 2278 1438 2351 neque
1469 2256 1648 2356 simplices
1674 2258 1820 2358 proprie
1846 2258 2014 2332 dicuutur

414 2377 632 2449 substantias.
653 2407 671 2442 «
691 2381 778 2448 ltem
800 2403 808 2446 ε
832 2405 849 2440 α
863 2376 966 2446 Nelas
980 2387 1033 2445 est
1045 2388 1166 2445 autem
1189 2374 1309 2447 dicere
1328 2389 1366 2448 ut
1382 2374 1548 2448 subsistat
1561 2391 1597 2449 et
1615 2377 1728 2455 subsit
1745 2382 1842 2451 Deus
1858 2379 2011 2457 bonitati

407 2502 624 2595 'sumatque
651 2486 875 2568 itta'bouius
891 2517 966 2564 uon
988 2490 1184 2566 substantia
1206 2495 1262 2581 sit,
1283 2497 1339 2567 vel
1362 2498 1481 2593 potius
1501 2498 1667 2588 essentia,
1687 2522 1805 2597 neque
1824 2500 1899 2597 ipse
1914 2503 2011 2571 Deus

412 2618 457 2689 sit
476 2617 621 2691 bonitas
635 2640 712 2707 sua,
732 2616 795 2689 sed
813 2617 849 2687 in
865 2614 928 2687 illo
945 2617 989 2685 sit
1011 2628 1183 2711 tauquam
1202 2615 1238 2685 iu
1257 2613 1431 2710 subjecto.
1460 2616 1563 2689 Unde
1585 2617 1813 2691 manifestum
1828 2634 1877 2691 est
1894 2623 2009 2690 Deum

413 2736 558 2809 abusive
578 2736 823 2810 'substantiam
848 2733 988 2819 vocari,
1018 2749 1057 2804 ut
1087 2734 1235 2804 nomine
1262 2733 1447 2805 usitatiore
1470 2735 1685 2833 intelligatur
1709 2739 1880 2830 essentia,
1912 2738 2012 2836 quod

411 2874 556 2931 vere'ac
574 2858 719 2957 proprie
735 2856 880 2944 dicitur,
902 2854 949 2923 ita
966 2866 1005 2924 ut
1022 2852 1171 2925 sortasse
1186 2857 1303 2924 Deum
1317 2855 1435 2925 solum
1455 2853 1526 2926 dici
1543 2872 1707 2956 oporteat
1724 2860 1929 2932 essentiam.
1953 2864 2013 2931 Est

414 2980 510 3053 enim
538 3003 621 3052 vere
646 2976 767 3066 solus,
793 2975 879 3074 quia
905 2970 1208 3045 iucommutabilis
1232 2988 1304 3068 est,
1332 2974 1441 3074 idque
1468 3000 1601 3051 nomeu
1626 3004 1733 3051 suum
1755 2981 1869 3078 Moysi
1896 3005 2012 3058 enun-

413 3101 524 3192 tiavit,
546 3121 630 3172 cum
644 3098 708 3171 ait-¹
728 3124 736 3168 ι
759 3100 863 3192 «Ego
876 3119 958 3167 sum
973 3089 1037 3191 qui
1053 3119 1149 3187 sum;
1168 3109 1203 3167 et
1219 3093 1316 3167 dices
1333 3094 1381 3168 ad
1398 3120 1484 3168 eos:
1505 3099 1577 3185 Qui
1590 3113 1642 3174 est
1660 3101 1754 3173 misit
1767 3124 1826 3173 me
1841 3101 1889 3174 ad
1909 3127 2009 3172 vos.»

412 3220 483 3294 Sed
510 3235 628 3292 tamen
654 3217 728 3289 sive
753 3215 905 3289 essentia
931 3214 1071 3287 dicatur
1095 3213 1196 3311 quod
1222 3216 1369 3314 proprie
1394 3216 1537 3309 dicitur,
1563 3219 1638 3290 sive
1664 3220 1883 3312 substantia,
1914 3221 2012 3318 quod

413 3342 572 3431 abusive,
597 3352 792 3435 utrumque
808 3335 906 3410 adse
923 3333 1055 3407 dicitur
1070 3360 1146 3406 nou
1166 3334 1324 3407 relative.
1345 3335 1449 3408 Unde
1466 3336 1537 3409 hoc
1552 3352 1606 3409 est
1621 3344 1699 3413 Deo
1717 3364 1793 3412 esse
1810 3340 1911 3437 quod
1927 3340 2011 3411 sub·

380 3451 383 3458 ⁴
412 3463 552 3550 sistere3
578 3472 613 3530 et
633 3456 715 3528 ideo
728 3451 765 3529 'si
788 3480 859 3529 una
881 3455 1032 3527 essentia
1052 3455 1217 3546 Trinitas,
1238 3479 1310 3527 una
1331 3456 1438 3527 etiam
1460 3455 1691 3530 substautia⁸.
1708 3488 1726 3526 u
1753 3463 1803 3529 Ex
1821 3459 1878 3531 his
1891 3460 2010 3556 itaque

413 3580 589 3679 liquidum
606 3591 672 3670 est,
693 3600 759 3648 uec
776 3577 883 3648 etiam
894 3575 995 3670 juxta
1016 3574 1254 3670 Augustinum
1270 3578 1386 3645 Deum
1405 3576 1550 3673 proprie
1567 3577 1637 3648 dici
1654 3577 1903 3669 substantiam,
1922 3581 2013 3651 sicut

413 3727 480 3773 nec
499 3702 600 3796 juxta
627 3694 861 3796 philosophos
892 3693 965 3765 ullo
993 3692 1117 3785 modo,
1146 3717 1229 3764 cum
1252 3693 1418 3766 videlicet
1442 3695 1579 3792 aliquid
1604 3697 1640 3770 in
1668 3723 1712 3770 eo
1739 3724 1813 3774 uon
1838 3702 1884 3771 sit
1908 3714 1949 3771 ut
1975 3702 2012 3770 iu

412 3820 586 3916 subjecto,
613 3816 685 3887 hoc
709 3829 825 3888 estut
847 3811 1026 3902 accidens,
1051 3812 1383 3911 sicut-supra-satis
1404 3814 1648 3894 disseruimus.
1668 3821 1760 3889 Cum
1786 3820 1893 3914 igitur
1910 3824 2011 3890 *Deus

412 3967 480 4014 uec
499 3941 600 4035 juxta
623 3937 857 4033 augustinum
878 3933 1025 4034 proprie
1044 3933 1185 4005 dicatur
1208 3933 1421 4027 substantia,
1449 3960 1515 4008 nec
1541 3937 1616 4010 ullo
1641 3939 1753 4010 modo
1771 3941 1873 4035 juata
1894 3939 2010 4037 philo·

413 4061 562 4160 sophos,
587 4060 650 4158 qui
672 4073 793 4130 tamen
816 4079 964 4127 omnem
988 4077 1063 4125 rem
1082 4053 1371 4127 autsubstantiae
1387 4070 1448 4127 aut
1462 4056 1567 4128 alicui
1585 4058 1738 4130 aliorum
1761 4060 2013 4157 praedicamen-

413 4175 533 4255 torum
570 4180 786 4279 applicant:
815 4188 912 4274 patet
940 4173 1099 4274 prolecto
1132 4188 1328 4247 atractatu
1357 4175 1673 4274 Peripateticorum
1707 4177 1806 4252 illam
1833 4205 2011 4253 summam

456 4390 521 4454 ·Iu
547 4384 627 4451 illud
649 4382 731 4448 lob²
754 4389 762 4448 ὲ
787 4382 884 4473 «lpse
908 4380 995 4445 euim
1015 4379 1100 4444 solus
1122 4395 1186 4460 est,
1211 4394 1244 4459 et
1268 4402 1364 4446 nemo
1384 4397 1526 4448 avertere
1550 4399 1656 4473 potest
1673 4387 1883 4476 cogitationes
1904 4389 2007 4474 ejus.»

412 4487 605 4578 Gregorius:
624 4513 637 4538 u
651 4480 750 4546 Aliud
766 4495 813 4544 est
829 4502 908 4559 esse,
927 4476 1015 4543 aliud
1028 4476 1245 4568 principaliter
1262 4499 1341 4558 esse,
1356 4477 1444 4544 aliud
1460 4480 1654 4558 mutabiliter
1664 4506 1743 4565 esse,
1756 4482 1843 4548 aliud
1859 4485 2011 4549 immuta-

412 4584 518 4650 biliter
535 4595 613 4648 esse'.
631 4581 712 4645 Sunt
726 4579 813 4642 enim
829 4578 898 4642 lraec
914 4575 1035 4656 omnia,
1054 4574 1109 4639 sed
1126 4574 1342 4663 principaliter
1358 4599 1424 4640 non
1438 4595 1511 4642 suut
1530 4580 1627 4667 :quia
1645 4581 1678 4643 in
1690 4581 1865 4672 semetipsis
1880 4584 2013 4648 minime

414 4684 599 4762 subsistunt,
618 4694 651 4745 et
666 4678 726 4742 nisi
739 4675 945 4766 gubernantis
962 4695 1060 4737 manu
1076 4677 1259 4754 teneantur,
1278 4697 1345 4739 esse
1362 4696 1564 4765 nequaquam
1579 4693 1724 4766 possunt.
1743 4680 1839 4746 Unde
1855 4682 1953 4746 etiam
1970 4681 2012 4744 ad

413 4782 547 4870 Moysen
575 4773 707 4844 dicitur⁸
730 4797 737 4839 :
758 4774 848 4863 «Ego
864 4794 935 4837 sum
952 4771 1006 4858 qui
1023 4792 1106 4834 sum.
1128 4768 1179 4834 Sic
1196 4769 1281 4835 dices
1298 4771 1368 4836 filiis
1391 4773 1500 4855 lsrael,
1518 4775 1597 4857 Quis
1613 4791 1660 4841 est
1674 4777 1759 4841 misit
1780 4801 1832 4843 me
1851 4778 1977 4844 advos.
1995 4808 2008 4835 ι

450 5061 454 5090 ¹
469 5056 558 5115 titud,
570 5067 624 5114 cap.
639 5065 679 5114 ur,
693 5064 716 5098 r.
731 5051 769 5100 tt.
784 5073 810 5084 -
821 5042 907 5104 uon,
919 5056 975 5105 cap.
988 5054 1058 5101 ιιιιι,
1070 5057 1092 5092 ι.
1109 5047 1145 5095 tt.
1158 5069 1189 5081 -
1200 5045 1209 5075 ³
1221 5045 1315 5109 Esou,
1328 5060 1383 5110 cap.
1396 5060 1432 5108 ιιι,
1445 5062 1466 5102 v.
1483 5051 1519 5099 rt.
