4559 6100
465 508 538 582 68⁰
1056 508 1187 583 Putat
1210 507 1446 584 tustino!

465 659 606 732 bonum
622 658 775 751 censeri,
794 659 855 732 cui
872 660 985 732 virtus
999 659 1119 759 aliqua
1133 659 1242 751 desit,
1260 683 1303 733 ac
1320 682 1387 760 per
1398 658 1473 731 boc
1487 659 1653 731 omnium
1670 655 1853 730 bonorum
1871 656 2066 730 hominum

465 803 533 850 nec
557 779 594 849 in
621 779 757 850 meritis
779 779 860 851 vitae
882 803 951 851 nec
976 780 1013 851 in
1040 778 1273 852 beatitudinis
1297 780 1590 852 remrmeratioue
1611 776 1723 850 ullam
1743 801 1821 850 esse
1842 775 2061 850 distantiam.

464 896 575 986 Quod
595 898 626 969 si
649 898 741 970 sorte
763 898 813 971 ita
827 899 886 985 sit,
910 898 1038 971 eadem
1057 898 1229 972 omnibus
1243 898 1431 972 beatitudo
1448 897 1669 990 retribuum,
1690 912 1727 969 et
1740 921 1868 969 omnes
1882 896 2065 993 aeqmtirer

465 1041 649 1089 summum
674 1017 816 1090 bonum
833 1018 954 1117 adepti
978 1019 1112 1117 pariter
1128 1018 1221 1091 fiunt
1241 1017 1350 1091 beati.
1370 1022 1490 1107 Quam
1511 1031 1678 1118 patenter
1699 1016 1913 1089 sententiam
1929 1015 2065 1089 Tullius

466 1137 504 1207 in
521 1135 684 1209 secundo
697 1137 743 1210 de
758 1139 904 1237 Officiis
923 1137 1018 1211 libro
1033 1137 1090 1210 his
1104 1137 1226 1211 verbis
1240 1136 1446 1238 profitetur¹
1462 1164 1471 1208 :
1491 1137 1659 1209 «lustitia
1676 1160 1761 1208 cum
1778 1135 1857 1207 sine
1872 1133 2064 1234 prudentia

467 1257 554 1329 satis
566 1256 698 1330 habeat
712 1258 943 1349 auctoritatis,
960 1258 1152 1358 prudentia
1169 1259 1247 1330 n'ne
1260 1258 1398 1355 justitia
1414 1255 1505 1329 nibil
1519 1258 1634 1329 valeat
1654 1255 1701 1329 ad
1719 1254 1831 1327 fidem
1849 1253 2061 1327 faciendam.

469 1380 552 1463 Quo
587 1377 684 1450 enim
721 1377 802 1474 quis
830 1380 1008 1450 versutior
1037 1392 1074 1451 et
1107 1376 1284 1470 callidior,
1317 1377 1390 1450 boc
1416 1378 1566 1449 invisior
1596 1393 1635 1450 et
1665 1376 1876 1474 suspectior,
1907 1373 2065 1447 detracta

469 1498 643 1593 opinione
674 1492 876 1596 probitatis.
914 1501 1033 1586 Quam
1068 1496 1119 1568 ob
1149 1520 1228 1569 rem
1259 1496 1500 1593 intelligentiae
1528 1496 1666 1594 justitia
1696 1494 1913 1592 conjuncta,
1949 1516 2067 1591 quan·

468 1631 547 1689 tum
567 1616 683 1707 volet,
703 1616 852 1690 habebit
870 1616 917 1690 ad
941 1617 1140 1691 faciendam
1159 1616 1270 1690 iidem
1289 1618 1433 1689 virium
1455 1617 1593 1689 lustitia
1611 1617 1688 1689 sine
1705 1614 1897 1714 prudentia
1911 1614 2067 1686 multum

470 1737 619 1833 poterit;
651 1739 731 1808 sine
756 1737 892 1833 justitia
918 1737 1007 1809 nihil
1031 1736 1164 1810 valebit
1186 1736 1390 1835 prudentia.
1415 1735 1487 1808 Sed
1510 1760 1558 1809 ne
1586 1737 1668 1833 quis
1689 1736 1736 1807 sit
1757 1733 1966 1824 admiratus,
1984 1758 2065 1825 cur,

469 1881 584 1953 quum
609 1857 703 1927 inter
726 1880 854 1929 omnes
879 1856 1119 1956 philosophos
1143 1870 1304 1948 conam,
1331 1879 1354 1928 a
1378 1879 1511 1953 meque
1535 1857 1613 1955 ipso
1637 1854 1859 1954 disputatum
1883 1876 1977 1952 aoepe
1999 1855 2067 1942 sit,

470 1978 533 2071 qui
559 2000 669 2048 unam
695 1974 863 2068 haberet,
891 2000 1019 2048 omnes
1043 1975 1178 2048 habere
1201 1976 1372 2067 virtutes,
1397 1998 1497 2047 nnnc
1521 1976 1572 2048 ita
1595 1975 1798 2072 sejungam,
1826 1972 1930 2070 quasi
1956 1973 2071 2070 possit

471 2096 676 2193 qnisquam,
695 2096 759 2192 qui
775 2119 851 2167 non
869 2094 965 2167 idem
981 2095 1142 2196 prudens
1155 2097 1214 2184 sit,
1229 2097 1348 2192 justus
1367 2119 1444 2168 esse
1462 2122 1472 2166 :
1496 2092 1564 2166 alia
1580 2108 1636 2167 est
1650 2094 1727 2187 illa,
1745 2118 1830 2165 com
1846 2092 1977 2165 veritas
1991 2091 2072 2189 ipsa

471 2214 617 2287 limatur
632 2217 669 2287 in
685 2214 942 2315 disputatione,
966 2215 1156 2308 subtilitas,
1183 2216 1264 2306 alia,
1287 2239 1372 2287 cum
1391 2215 1441 2288 ad
1459 2216 1670 2315 opinionem
1693 2234 1927 2287 communem
1951 2212 2073 2283 omnis

471 2335 769 2409 accommodatur
787 2337 917 2408 oratio.
942 2338 1061 2424 Quam
1086 2335 1136 2408 ob
1158 2360 1250 2424 rem,
1271 2349 1310 2407 ut
1330 2335 1478 2432 vulgus,
1502 2337 1551 2407 ita
1576 2358 1646 2406 nos
1670 2333 1847 2406 hocloco
1872 2330 2070 2429 loquimur,

473 2472 513 2528 nt
536 2456 626 2529 alios
646 2454 775 2542 sortes,
801 2455 892 2527 alios
915 2456 1012 2528 viros
1031 2454 1172 2546 bonos,
1197 2456 1289 2528 alios
1310 2454 1510 2555 prudentes
1531 2478 1609 2527 esse
1630 2452 1806 2527 dicamus.
1835 2449 2073 2549 Popularibus

473 2577 571 2649 enim
595 2574 714 2648 verbis
734 2588 789 2646 est
810 2574 992 2671 agendum
1017 2590 1054 2648 et
1073 2577 1211 2649 usitatis
1229 2600 1343 2673 quum
1368 2575 1553 2674 loquimur
1577 2573 1625 2648 de
1644 2575 1819 2673 opinione
1840 2570 2037 2671 populari¹.
2050 2600 2069 2638 ιι

473 2697 544 2785 Qui
564 2696 674 2767 etiarn
698 2694 736 2764 in
757 2692 963 2765 Paradoxir
983 2719 1056 2766 non
1078 2694 1196 2767 solum
1219 2697 1257 2767 in
1280 2696 1472 2770 virtutibus
1495 2694 1628 2788 bonos,
1649 2694 1903 2767 verumetiam
1924 2692 1963 2762 in
1988 2714 2073 2789 pec-

473 2816 562 2888 catis
585 2814 636 2886 ita
655 2826 773 2910 aequat
793 2811 921 2906 malos,
944 2828 984 2884 ut
1003 2815 1126 2887 omnia
1144 2829 1291 2913 peccata
1307 2817 1409 2915 paria
1433 2841 1512 2889 esse
1536 2830 1683 2888 astruat.

524 2937 729 3006 Canisrrarr.
749 2937 851 3006 Nunc
868 2933 988 3033 primo
1006 2947 1042 3006 te
1058 2935 1306 3033 importunum
1323 2949 1360 3008 et
1371 2936 1543 3008 corrixari
1553 2936 1687 3034 magis,
1698 2959 1809 3034 quam
1824 2929 2071 3033 philosophari

474 3056 595 3131 video.
615 3054 759 3154 Quippe
774 3075 822 3128 ne
844 3053 892 3126 ad
912 3055 1176 3127 confessionem
1199 3056 1394 3130 manifestae
1417 3057 1575 3130 veritatis
1594 3057 1676 3154 cogi
1690 3056 1856 3147 videaris,
1881 3051 1928 3126 ad
1949 3065 2074 3151 paten-

476 3178 618 3250 tissimae
628 3172 787 3248 bisitatis
797 3174 973 3248 insaniam
988 3189 1023 3247 te
1038 3176 1232 3268 convertis,
1248 3191 1289 3249 ut
1302 3201 1431 3250 omnes
1440 3175 1606 3249 videlicet
1620 3175 1739 3248 bonos
1748 3169 2072 3274 aequaliterbonoa

476 3320 604 3370 omnes
624 3318 706 3367 reos
727 3307 764 3367 et
785 3294 969 3392 aetpraliter
995 3319 1098 3385 reos,
1124 3319 1252 3370 omnes
1273 3298 1406 3396 pariter
1424 3295 1553 3369 eadem
1580 3296 1693 3393 gloria
1714 3294 1771 3367 vel
1794 3311 1903 3395 poena
1931 3313 2076 3363 censeas

480 3416 624 3515 dignos.

527 3541 668 3609 Panos.
700 3536 885 3635 Siquidem
914 3538 951 3609 in
978 3560 1017 3609 re
1039 3537 1180 3609 nonin
1208 3535 1399 3610 hominnm
1425 3537 1599 3638 opinione
1624 3538 1805 3629 consistit,
1833 3539 1897 3636 qui
1924 3562 2077 3639 opernm

478 3657 648 3731 ellectum
673 3656 786 3753 magis
809 3678 920 3753 quam
943 3680 1087 3729 morum
1109 3655 1318 3755 qualitatem
1339 3657 1538 3756 dijudicant
1561 3672 1671 3757 atque
1693 3673 1948 3745 remunerant,
1966 3672 2004 3732 et
2024 3683 2078 3731 sc·

478 3775 640 3848 cundum
661 3797 704 3848 ea
735 3799 815 3873 quae
839 3777 914 3873 geri
940 3778 1096 3850 exterius
1119 3775 1299 3870 videntur,
1323 3777 1415 3850 alios
1435 3778 1604 3876 justiores
1625 3779 1683 3851 rel
1706 3777 1874 3853 fortiores
1899 3781 1976 3852 sive
2001 3802 2077 3850 me·

478 3894 586 3966 liores
600 3894 658 3966 vel
680 3894 877 3968 deteriores
892 3895 970 3969 aliis
986 3896 1164 3995 judicant.
1184 3901 1213 3969 t
1231 3920 1305 3994 qua
1321 3898 1485 3997 prolecto
1503 3899 1679 3971 sententia
1704 3923 1773 3971 nec
1789 3923 1854 3972 vos
1878 3899 1983 3996 longe
2000 3921 2079 3970 esse

480 4013 649 4105 arbitror,
667 4014 697 4085 si
712 4028 867 4087 vestram
885 4015 1073 4113 diligenter
1095 4015 1332 4090 consideretis
1352 4017 1591 4119 disciplinam.
1610 4022 1747 4093 Omnes
1765 4020 1900 4119 quippe
1915 4019 2075 4110 virtutes,

481 4148 522 4206 ιιι
539 4134 594 4206 vir
616 4133 675 4206 ille
695 4134 872 4206 maximus
891 4136 1016 4208 astruit
1037 4133 1276 4235 philosophus
1297 4140 1537 4235 Augustinus,
1571 4163 1645 4213 uno
1667 4141 1819 4214 nomine
1834 4139 1960 4212 caritas
1975 4161 2080 4209 com-

481 4251 691 4353 prehendit,
709 4273 790 4350 qne
810 4251 904 4343 sola,
929 4267 969 4325 ut
990 4254 1142 4352 ipsemet
1165 4255 1232 4346 ait,
1259 4256 1352 4329 inter
1368 4256 1462 4331 lilios
1476 4260 1543 4332 Dei
1563 4273 1600 4333 et
1620 4258 1714 4332 lilios
1736 4258 1872 4333 diaboli
1894 4257 2078 4332 disceruit.

483 4372 589 4447 Unde
613 4387 650 4447 et
670 4373 800 4448 merito
822 4369 984 4470 quodam
1006 4372 1089 4445 loco
1108 4372 1273 4445 meminit
1291 4400 1300 4444 :
1318 4404 1338 4443 ιι
1353 4375 1422 4447 Ubi
1445 4392 1499 4450 est
1512 4380 1642 4453 caritas
1658 4375 1824 4478 quidem,
1842 4379 1945 4479 qnod
1970 4379 2082 4478 possit

484 4492 634 4566 deesse?
660 4492 851 4567 Plenitudo
875 4494 1010 4593 quippe
1032 4493 1120 4590 legis
1143 4506 1197 4566 cst
1220 4492 1412 4567 dilectio.»
1437 4501 1556 4586 Quam
1586 4499 1664 4599 ipse
1692 4501 1755 4597 qni
1778 4498 1852 4573 hoc
1876 4497 1966 4572 dicit
1993 4521 2081 4597 apo·

480 4612 622 4706 stolns',
641 4611 905 4712 plenitudinem
926 4637 1151 4713 prosequens
1174 4627 1211 4686 et
1235 4628 1310 4687 tam
1331 4615 1426 4689 mala
1450 4616 1536 4691 iude
1560 4642 1753 4693 removens
1779 4643 1890 4718 quam
1913 4617 1965 4691 ibi
1986 4616 2083 4690 bona

483 4732 809 4836 comprehendens,
828 4734 895 4806 ait‘
915 4736 1081 4808 «Caritas
1104 4736 1243 4835 patiens
1263 4749 1333 4830 cst,
1356 4737 1513 4836 benigna
1533 4753 1600 4831 est,
1626 4740 1757 4813 caritas
1783 4761 1860 4812 nou
1881 4737 2079 4826 aemulatur,

517 4964 570 5017 'De
582 4963 670 5032 Ome,
682 4964 877 5031 llbllmpx.
889 4965 1261 5021 *taunnrncttoerontr
1312 4968 1807 5036 alumnumalumnum&
1817 4970 2081 5036 abtauit-’m

483 5058 542 5095 nurn
557 5048 582 5096 tn
596 5045 686 5097 (Μία
697 5046 742 5098 Hs.
753 5049 886 5101 admodum
898 5055 1042 5113 comptum
1054 5056 1128 5112 atque
1146 5063 1259 5101 mancum
1312 5063 1367 5115 cap.
1382 5065 1440 5116 arn,
1453 5065 1478 5104 r.
1494 5054 1531 5104 tn
1543 5053 1591 5090 -⁴
1603 5052 1720 5105 eonati.
1733 5052 1753 5114 1,
1763 5064 1819 5116 cap.
1830 5065 1886 5115 ant,
1897 5065 1922 5103 r.
1929 5052 1955 5104 t.

483 5136 514 5175 ea
541 5126 649 5178 ιᾱιιιοιιο
662 5124 830 5180 ΤιιΙιΙιιιοιιιιιι
854 5141 957 5192 operum
979 5126 1101 5182 θιιιῑιιιιι
1121 5131 1261 5182 emendartt
