4559 6100
488 534 537 604 lib
1094 530 1225 602 Putat
1255 529 1490 604 ABAELARDI

490 670 751 753 successionem
783 694 920 773 mutat,
951 695 988 751 et
1015 694 1137 752 narrat
1162 692 1272 778 prout
1299 692 1547 776 opportunum
1573 702 1649 751 esse
1682 676 1837 765 indicat,
1865 675 1967 770 juxta
2000 673 2087 745 illud

493 797 646 871 Boetlrii¹
658 828 667 871 a

922 919 1115 1004 Stabilisque
1130 928 1261 984 manens
1276 920 1331 984 dat
1346 926 1457 984 cuncte
1473 920 1590 984 moveri

491 1168 534 1235 Et
540 1164 616 1262 jam
632 1163 779 1262 quidem
794 1164 957 1264 superius
970 1186 1055 1236 eum
1070 1161 1405 1237 incommutabilem
1417 1186 1495 1235 esse
1506 1164 1758 1260 assignaverat,
1773 1184 1857 1234 eum
1873 1160 1943 1233 ait:
1961 1188 1978 1225 ι
1991 1162 2091 1232 Sem-

488 1307 627 1381 perque
642 1284 679 1355 in
694 1308 761 1357 suo
778 1297 872 1357 statu
888 1297 1136 1383 perseverante
1153 1281 1396 1356 substantia.»
1415 1283 1485 1355 Sed
1495 1281 1597 1380 quod
1612 1280 1792 1354 variabilis
1804 1278 2090 1379 pereliectumet

489 1427 639 1476 suorum
650 1405 886 1477 mutationem
904 1419 1008 1494 esset,
1027 1403 1195 1476 nondum
1209 1402 1415 1494 addiderat3
1427 1402 1527 1499 qnod
1539 1400 1745 1474 nuncsacit.
1762 1404 1857 1472 Bene
1868 1399 1989 1496 itaque
2003 1398 2091 1471 dicit

490 1524 649 1596 animam
674 1524 787 1622 ipsam
813 1522 1002 1622 quoddam
1024 1522 1185 1596 medium
1201 1547 1291 1615 esse,
1322 1520 1361 1594 id
1384 1535 1439 1595 cst
1453 1523 1607 1593 mixtum
1630 1544 1674 1593 ex
1691 1517 1878 1592 individua
1894 1519 1932 1590 in
1950 1541 1988 1590 se
2004 1517 2088 1590 sub·

488 1644 630 1732 stantia,
657 1657 694 1715 et
718 1641 868 1716 dividua
887 1668 953 1743 per
972 1643 1269 1740 conjunctionem
1292 1664 1520 1741 corpoream,
1542 1640 1580 1714 id
1598 1655 1651 1714 est
1667 1638 1960 1736 conjunctionem
1980 1637 2091 1736 ipius

490 1761 537 1834 ad
549 1784 717 1863 corpora,
735 1761 885 1860 qnando
899 1762 1033 1836 scilicet
1045 1763 1122 1861 ipsa
1139 1762 1187 1834 ad
1205 1785 1281 1835 rem
1295 1760 1494 1860 quamlibet
1507 1758 1701 1834 creandam
1714 1756 1972 1855 velregendam
1982 1771 2091 1854 atque

489 1879 754 1979 disponendam
770 1906 808 1955 se
824 1883 993 1982 applicat,
1012 1882 1104 1953 sicut
1119 1881 1283 1955 animalis
1299 1881 1420 1954 anima
1437 1879 1583 1979 corpori
1605 1902 1672 1953 suo
1694 1899 1760 1949 sua
1783 1878 1963 1977 impertiet
1979 1875 2090 1950 bene·

490 1998 587 2093 licia3
611 2001 670 2073 cui
688 2002 795 2074 etiam
812 2001 1051 2102 philosophus
1066 2015 1180 2074 totam
1196 2001 1271 2073 vim
1285 2014 1322 2073 ct
1335 1997 1571 2073 concordiam
1588 1996 1898 2098 proportionalem
1914 2020 2089 2069 numero-

491 2142 573 2190 mm
592 2119 730 2206 tribuit,
750 2133 791 2192 ut
802 2119 932 2192 divinae
944 2120 1064 2216 gratiae
1076 2119 1239 2193 bonitate
1256 2119 1504 2192 universarum
1516 2143 1639 2191 rerum
1652 2115 1884 2192 concordiam
1896 2119 2091 2189 consistere

489 2235 631 2310 doceat.
659 2239 787 2311 Omnis
804 2233 947 2339 'quippe
963 2237 1054 2311 ordo
1073 2254 1209 2313 naturae
1226 2253 1263 2312 et
1278 2240 1458 2312 concinna
1476 2236 1666 2338 dispositio
1681 2260 1917 2309 numerorum
1934 2259 2090 2334 propor-

490 2356 648 2430 tionibus
670 2358 865 2455 uestigatur
889 2373 998 2457 atque
1018 2360 1231 2457 assignatur,
1259 2372 1296 2431 et
1318 2359 1484 2432 omnium
1505 2356 1802 2457 perfectissimum
1818 2353 1999 2452 exemplar
2019 2378 2090 2426 nu·

489 2500 608 2550 merus
623 2478 792 2572 occurrit,
810 2479 872 2577 qui
889 2477 996 2552 rebus
1007 2478 1174 2575 congruit
1182 2477 1373 2569 universis3
1396 2477 1496 2576 quod
1511 2474 1659 2575 quidem
1669 2499 1732 2549 eos
1743 2499 1818 2547 non
1830 2473 1986 2572 latetqui
2000 2474 2089 2574 phi·

488 2594 662 2696 losophiae
683 2598 861 2670 rimamur
886 2620 1030 2672 arcana.
1050 2568 1150 2670 llinc
1175 2611 1229 2675 est
1255 2598 1364 2672 etiam
1387 2597 1489 2696 quod
1513 2597 1756 2683 Arithmetica,
1790 2619 1871 2694 quae
1894 2604 1970 2666 tota
1993 2592 2089 2667 circa

489 2717 741 2814 proportiones
757 2740 992 2790 numerorum
1008 2718 1185 2806 consistit,
1207 2731 1322 2789 mater
1337 2732 1374 2789 et
1389 2718 1555 2815 magistra
1571 2730 1771 2790 ceterarum
1791 2715 1921 2788 artium
1935 2712 2087 2786 dieitur:

488 2833 590 2931 quod
602 2834 737 2907 scilicet
754 2858 799 2907 ex
813 2834 1030 2909 dissectione
1046 2859 1281 2908 numerorum
1295 2850 1497 2909 ceterarum
1510 2860 1633 2909 rerum
1647 2834 1833 2931 vestigatio
1852 2832 2090 2931 doctrinaque

490 2950 657 3051 pendeat.
684 2953 794 3051 Cujus
817 2953 925 3027 etiarn
944 2970 985 3029 ut
1004 2954 1223 3029 ineffabilem
1244 2955 1488 3056 exprimerent
1502 2954 1731 3052 benignitatis
1750 2953 1827 3050 ejus
1842 2951 2086 3040 dulcedinem,

489 3086 603 3146 totam
619 3075 653 3145 ei
668 3075 883 3147 musicarum
908 3078 1231 3149 consonantiarum
1255 3075 1439 3149 ascribunt
1461 3075 1702 3165 harmoniam,
1722 3096 1794 3172 qua
1811 3087 1846 3145 et
1863 3073 1982 3171 ipsum
1995 3072 2089 3169 jugi·

489 3205 543 3265 ter
560 3216 729 3266 resonare
748 3192 1029 3286 firmamentum,
1057 3210 1094 3269 et
1115 3197 1319 3296 superiores
1335 3193 1464 3268 mundi
1479 3208 1598 3295 partes
1615 3193 1745 3293 repleri
1761 3191 1965 3292 perhibent.
1993 3191 2088 3265 Nihil

488 3314 623 3412 quippe
640 3313 806 3412 estquod
819 3316 870 3388 ita
885 3315 1057 3409 oblectet,
1073 3332 1108 3391 et
1117 3317 1230 3390 nimia
1244 3318 1419 3389 suavitate
1434 3317 1490 3389 sui
1503 3315 1635 3389 alliciat
1645 3315 1799 3406 animos,
1812 3312 2086 3400 sicutmelodia;

486 3433 577 3507 nihil
596 3434 643 3506 ita
659 3443 818 3533 pronum
833 3435 880 3509 ad
897 3460 960 3509 eos
975 3434 1252 3535 componendos
1267 3436 1324 3508 vel
1339 3435 1625 3509 commovendos
1638 3435 1694 3507 rel
1706 3432 1903 3532 pacandos,
1920 3446 1973 3523 ut,
1986 3433 2088 3531 juxta

486 3549 574 3625 illud
593 3553 701 3654 primi
717 3553 864 3653 capituli
882 3556 1084 3629 Boethianae
1098 3556 1255 3648 musicae,
1270 3556 1403 3628 scirent
1426 3554 1648 3655 philosophi,
1660 3551 1763 3652 quod
1778 3566 1908 3626 nosnae
1923 3567 1996 3625 tota
2009 3554 2090 3626 ani·

487 3696 555 3744 mae
569 3673 804 3771 corporisque
819 3697 996 3772 compago
1012 3673 1150 3746 musica
1165 3676 1394 3773 coaptatione
1410 3675 1605 3771 conjuncta
1619 3674 1683 3764 sit;
1696 3672 1788 3746 adeo
1804 3670 1951 3770 quidem
1964 3685 2003 3742 ut
2019 3673 2088 3744 ira·

488 3788 660 3863 cundiam
681 3791 930 3889 insaniamque
958 3791 1115 3864 melodia
1135 3792 1267 3886 sedari,
1300 3808 1335 3867 et
1360 3793 1648 3891 gravissimarum
1671 3791 1918 3866 infirmitatum
1941 3787 2088 3864 dolores

487 3910 603 3982 curari
615 3907 948 3984 animadverterent
964 3925 1073 4009 atque
1089 3909 1285 3984 efficerent.
1303 3912 1412 4001 Quod
1425 3914 1488 4010 qui
1505 3914 1661 4011 ignorat,
1679 3936 1747 3985 nec
1763 3909 1981 4010 experiendo
1997 3909 2089 3984 didi·

488 4028 550 4121 cit,
585 4028 705 4102 adhuc
733 4027 826 4126 legat
854 4028 993 4103 dictum
1014 4030 1162 4104 musicae
1181 4031 1397 4129 capitulum,
1418 4045 1454 4107 et
1476 4032 1636 4106 inveniet
1661 4028 1849 4129 quamdo
1870 4028 2091 4127 Pythagoras

486 4146 926 4224 ebrium⁸adolesoentem
957 4149 1025 4222 sub
1041 4148 1186 4250 Phrygii
1209 4150 1311 4224 modi
1336 4177 1429 4225 sono
1452 4153 1659 4244 incitatum,
1685 4149 1858 4251 spondaeo
1879 4151 2089 4223 succinente

485 4266 643 4343 reddidit
663 4268 849 4342 duriorem
862 4282 899 4342 et
913 4270 969 4343 sui
982 4284 1203 4370 compotem.
1221 4275 1312 4344 Nam
1327 4296 1413 4346 cum
1429 4288 1602 4362 scortum,
1622 4273 1753 4372 iuquit,
1775 4271 1812 4344 in
1833 4269 1952 4344 rivalis
1972 4269 2087 4343 domo

487 4402 579 4460 esset
599 4387 775 4481 clausum,
793 4401 902 4486 atque
917 4388 976 4461 illc
990 4388 1115 4462 surena
1136 4388 1289 4463 domum
1311 4391 1418 4464 vellet
1437 4390 1666 4486 comburere,
1693 4414 1851 4488 cumque
1867 4387 2089 4487 Pythagoras

486 4506 670 4580 stellamm
686 4531 825 4599 cursus,
844 4522 887 4581 ut
900 4510 934 4582 ei
950 4533 1031 4583 mos
1043 4523 1135 4600 erat,
1155 4524 1356 4584 nocturnus
1371 4512 1575 4613 inspiceret,
1588 4512 1650 4585 ubi
1663 4509 1836 4584 intellexit
1844 4508 2089 4607 sonoPhrygii

490 4626 589 4700 modi
603 4628 789 4702 incitatum
803 4628 926 4701 multis
937 4629 1138 4703 amicorum
1151 4629 1463 4707 admonitionibus
1475 4656 1498 4706 a
1508 4628 1893 4706 facinoribusnoluisse
1900 4626 2085 4722 desistere,

430 4851 437 4867 Ι
485 4749 620 4823 mutari
649 4748 803 4822 modum
826 4750 1007 4850 pracepit,
1043 4766 1151 4850 atque
1177 4753 1227 4825 ita
1253 4752 1402 4825 furentis
1430 4755 1592 4827 animum
1615 4752 1853 4826 adolescentis
1879 4748 1929 4822 ad
1954 4760 2088 4822 statam

518 5050 524 5080 ¹
544 5047 821 5101 consoLPbil.llt.-²
830 5049 858 5098 ln
869 5048 928 5098 edit.
939 5046 1012 5100 amb.
1025 5049 1129 5113 mnam,
1137 5053 1207 5114 quast
1217 5066 1307 5106 nonen
1316 5054 1451 5119 proprium·
1466 5051 1550 5117 lom
1560 5055 1650 5106 rectius
1664 5049 1959 5117 maiesataam
1970 5050 2002 5100 ab
2012 5046 2086 5099 sum.

488 5125 595 5178 lartene
606 5130 671 5180 edita
682 5129 792 5193 ebrium,
807 5137 835 5179 ut
843 5130 969 5191 sequeutia
981 5130 1156 5182 demonstrant
