4559 6100
708 544 753 614 lN
778 543 1024 615 EPlS‘lOLAhl
1051 545 1109 615 ΑΙ)
1136 544 1360 615 ROMANOS.
1730 558 1734 564 '
1760 548 1826 619 281

241 690 501 787 primogenitus
518 692 552 759 in
571 690 691 761 multis
717 690 925 784 iratribus»
943 692 979 763 id
1004 706 1057 764 est
1080 693 1172 763 inter
1197 691 1329 764 multos
1354 692 1415 789 qui
1438 691 1598 785 ejusdem
1616 696 1727 766 Patris
1750 713 1833 769 sunt

241 808 303 879 lilii
326 833 391 907 per
419 807 675 907 adoptionem,
704 812 779 908 ipse
805 814 867 907 qui
896 836 960 909 per
987 825 1153 883 naturam
1178 809 1272 881 filius
1288 824 1363 899 est,
1384 835 1484 881 more
1511 813 1839 909 primogenitorum·
1906 833 1922 841 ‘

241 928 387 999 excellat
403 928 589 1024 dignitate,
608 954 683 1000 uon
700 931 750 1001 eis
767 930 973 1027 adaequetur
990 929 1236 1022 similitudine,
1252 932 1343 1001 sicut
1355 945 1391 1002 et
1406 932 1480 1029 ipse
1495 933 1587 1003 Patri
1604 933 1747 1029 aequalis
1764 952 1837 1016 est.·

242 1051 342 1142 cujus
365 1049 483 1143 imago
506 1063 573 1120 est.
603 1051 673 1136 Qui
701 1063 820 1122 autern
847 1050 1144 1147 praedestinantur
1168 1049 1291 1139 electi,
1320 1049 1357 1121 id
1383 1064 1436 1120 est
1461 1048 1640 1121 advitam
1665 1066 1832 1126 aeternam

243 1182 487 1265 praeparantur
515 1191 579 1265 per
606 1165 717 1240 fidem
746 1170 948 1260 illuminati,
977 1192 1088 1264 quam
1118 1169 1236 1267 primo
1266 1182 1438 1265 tanquam
1462 1170 1625 1239 omnium
1652 1171 1832 1243 honorum

242 1283 516 1357 fundamentum
531 1273 744 1385 suscipiunt,
760 1303 936 1359 vocantur
951 1286 1188 1385 postmodum
1204 1311 1268 1385 per
1284 1311 1385 1385 spem
1402 1287 1522 1375 illecti,
1540 1313 1622 1358 cum
1636 1289 1709 1384 jam
1728 1293 1833 1364 mise·

243 1403 396 1477 ricordia
413 1407 478 1477 Dei
499 1391 538 1478 ¹et
559 1406 688 1479 virtute
708 1421 1014 1479 sacramentorum
1032 1407 1175 1503 cognita
1195 1406 1241 1478 ad
1258 1406 1352 1478 hene
1373 1406 1597 1505 operandum
1615 1408 1830 1500 alliciuntur,

243 1539 389 1624 propter
405 1539 620 1597 aeternorum
641 1527 773 1597 scilicet
787 1526 1059 1598 retributionem
1078 1552 1085 1595 ε
1107 1524 1239 1597 deinde
1251 1525 1493 1621 justificantur
1515 1528 1660 1598 sincerae
1680 1532 1834 1603 caritatis

242 1643 390 1733 allectu,
419 1670 490 1716 non
513 1645 588 1741 jam
613 1650 691 1717 Deo
718 1659 791 1716 tam
818 1661 967 1745 propter
991 1669 1055 1717 sua
1082 1671 1192 1743 qnam
1218 1660 1365 1745 propter
1389 1648 1507 1746 ipsum
1532 1646 1772 1739 adhaerentes,
1799 1669 1834 1723 et

228 1764 398 1861 denique
411 1764 685 1862 magnificantur
698 1766 735 1837 in
753 1765 886 1838 coelesti
895 1765 1028 1837 scilicet
1045 1766 1158 1864 patria
1172 1764 1365 1838 sublimati.

260 1885 447 1971 ‚Quaestio
471 1911 508 1957 se
534 1886 603 1957 hoc
627 1885 707 1957 loco
731 1887 859 1982 ingerit
883 1885 930 1956 de
950 1885 1070 1957 divina
1086 1885 1221 1984 scilicet
1237 1883 1484 1983 providentia,
1511 1911 1573 1958 seu
1600 1891 1834 1987 praedestina·

245 2005 343 2077 tione
366 2029 446 2101 quae
461 2005 613 2078 liberum
631 2005 738 2077 uobis
761 2006 947 2078 arbitrium
966 2005 1104 2076 auferre
1126 2004 1281 2096 videtur,
1309 2030 1391 2076 cum
1417 2007 1541 2078 omnia
1559 2009 1723 2084 videlicet
1745 2015 1835 2086 sicut

245 2146 265 2194 a
286 2128 362 2219 Deo
380 2126 529 2222 praevisa
549 2140 646 2217 sunt,
666 2151 811 2199 necesse
836 2128 881 2198 sit
902 2127 1056 2216 evenire,
1086 2148 1155 2197 nec
1179 2105 1333 2221 aliquem
1353 2124 1644 2223 praedestinatum
1667 2133 1835 2228 possibile

245 2245 290 2313 sit
303 2245 429 2341 perire.
446 2247 593 2316 Certum
611 2247 745 2344 quippe
764 2259 815 2317 est
836 2247 958 2318 omnia
973 2260 1166 2343 antequam
1189 2244 1277 2316 fiant
1292 2270 1337 2317 eo
1354 2244 1465 2316 modo
1483 2269 1556 2341 quo
1576 2248 1694 2321 futura
1711 2268 1794 2324 sunt
1815 2279 1835 2327 a

246 2367 323 2435 Deo
346 2389 421 2435 esse
448 2366 614 2463 praevisa,
640 2366 714 2437 sive
731 2365 828 2437 bona
852 2367 921 2436 sint
945 2366 1018 2438 sive
1039 2365 1156 2456 mala3
1177 2389 1244 2435 nec
1266 2365 1302 2435 in
1326 2365 1448 2462 aliquo
1475 2366 1734 2462 pmvidentiam
1759 2375 1835 2468 ejus

246 2506 350 2578 posse
375 2483 456 2584 salli.
479 2488 570 2555 Cum
595 2485 713 2581 itaque
729 2483 828 2555 hunc
853 2483 1037 2556 hominem
1062 2485 1124 2581 qui
1148 2483 1239 2555 forte
1256 2483 1518 2555 moechaturum
1544 2498 1609 2573 est,
1635 2489 1835 2585 praeviderit

246 2602 507 2675 moechaturum
528 2628 618 2691 esse,
644 2628 788 2676 necesse
814 2620 866 2675 est
890 2629 973 2675 eum
996 2604 1259 2675 moechaturum
1283 2628 1371 2675 esse.
1398 2603 1506 2691 Quod
1533 2607 1562 2676 si
1587 2629 1670 2678 eum
1691 2633 1836 2684 necesse

244 2736 385 2794 estesse
403 2723 679 2814 moechaturum,
694 2723 764 2795 hoc
780 2737 833 2794 est
845 2723 1064 2814 inevitabile,
1077 2723 1152 2822 jam
1171 2747 1245 2794 non
1263 2737 1316 2794 est
1334 2724 1369 2794 in
1388 2722 1501 2795 libero
1518 2725 1593 2820 ejus
1606 2728 1756 2800 arbitrio
1773 2755 1836 2805 seu

245 2857 419 2939 potestate
442 2859 629 2942 peccatum
647 2843 719 2915 hoc
743 2845 888 2916 evitare.
910 2849 990 2916 Non
1012 2868 1097 2942 ergo
1121 2858 1269 2942 propter
1293 2842 1365 2914 hoc
1386 2858 1573 2941 peccatum
1596 2847 1695 2943 quod
1718 2851 1837 2924 nulla-

247 2979 346 3035 tenus
363 2965 497 3036 evitare
512 2964 642 3064 potuit,
662 2989 745 3035 reus
761 2979 813 3035 est
830 2963 1114 3036 constituendus.
1136 2967 1249 3061 Atque
1264 2963 1312 3033 ita
1329 2964 1452 3035 omnia
1469 2963 1615 3036 malain
1636 2969 1700 3039 Dei
1716 2973 1837 3068 provi·

246 3085 405 3156 dentiam
417 3100 590 3183 tanquam
602 3109 728 3157 eorum
742 3085 977 3156 necessariam
991 3107 1135 3155 causam
1150 3082 1390 3179 retorquenda
1402 3083 1581 3174 videntur,
1599 3102 1636 3158 et
1651 3089 1702 3159 sic
1716 3094 1838 3163 omnia

246 3229 290 3275 eo
314 3206 426 3277 modo
448 3230 521 3302 quo
546 3206 720 3276 eveniunt
745 3203 946 3275 necessario
971 3202 1175 3301 provenire,
1207 3226 1291 3272 cum
1316 3202 1450 3272 scilicet
1471 3204 1521 3273 sic
1546 3227 1567 3275 a
1590 3206 1668 3276 Deo
1691 3212 1838 3305 praevisa

247 3325 387 3412 luerint,
416 3348 483 3396 nec
507 3324 581 3396 ullo
598 3323 710 3395 modo
734 3324 836 3394 aliter
862 3346 965 3420 posse
990 3321 1213 3417 contingere.
1238 3324 1311 3391 Nos
1329 3334 1450 3392 autem
1475 3322 1727 3416 concedimus,
1754 3352 1837 3399 eurn

246 3445 309 3538 qui
326 3444 566 3535 moechaturus
584 3458 639 3516 est
653 3442 853 3514 necessario
872 3440 1135 3512 moechaturum
1154 3464 1244 3528 esse,
1264 3463 1347 3510 cum
1364 3438 1401 3510 id
1423 3443 1519 3511 Deus
1533 3441 1755 3541 praeviderim
1775 3448 1838 3519 sed

247 3584 322 3633 non
342 3561 423 3633 ideo
438 3563 644 3661 simpliciter
660 3561 731 3633 dici
749 3561 918 3633 convenit
940 3584 1022 3631 eum
1043 3583 1119 3629 esse
1134 3560 1333 3630 necessario
1349 3558 1623 3631 moechaturum.
1644 3567 1722 3634 Non
1741 3567 1837 3637 enim

247 3684 322 3754 lnec
349 3682 499 3755 modalis
521 3708 602 3754 cum
626 3675 923 3754 determinatione
941 3679 1039 3751 illam
1063 3678 1263 3775 simplicem
1287 3678 1405 3768 infert,
1431 3678 1478 3751 de
1498 3704 1571 3777 quo
1593 3682 1740 3779 quidem
1759 3684 1839 3756 dili-

247 3804 385 3897 gentius
398 3802 645 3874 disserendum
663 3806 696 3872 Τ
690 3801 870 3899 heologiae¹
890 3815 1020 3871 nostrae
1035 3822 1272 3888 reservamus,
1292 3813 1327 3870 et
1343 3822 1422 3894 quae
1437 3798 1636 3872 differentia
1659 3803 1704 3873 sit
1720 3806 1838 3900 provi·

247 3922 374 3994 dentiae
389 3948 433 3995 ac
446 3921 768 4021 praedestinationis
788 3943 851 3990 seu
869 3918 942 3990 lati.

298 4040 428 4128 «Quid
455 4066 590 4137 ergon
622 4038 927 4135 Quandoquidem
955 4042 1050 4110 Deus
1075 4039 1123 4111 ita
1149 4037 1195 4109 de
1222 4053 1343 4109 nostra
1368 4038 1539 4110 sollicitus
1567 4054 1620 4110 est
1644 4041 1769 4133 salute,
1803 4059 1840 4114 ut
1890 4052 1893 4067 '

248 4162 474 4259 presciverit,
490 4159 727 4259 praedestinet,
747 4159 1019 4257 praedestinatos·
1031 4172 1147 4249 vocet,
1166 4171 1312 4229 vocatos
1328 4156 1510 4255 justificet,
1532 4158 1743 4255 justificatos
1766 4187 1840 4235 ma-

250 4280 406 4373 gnificet,
426 4310 444 4347 «
456 4282 545 4377 quid
564 4280 726 4352 dicemus
741 4278 787 4350 ad
805 4278 894 4366 haec,
910 4306 927 4345 u
946 4276 983 4349 id
1000 4293 1052 4349 est
1068 4292 1193 4349 contra
1211 4277 1286 4348 haec
1303 4276 1404 4374 quod
1423 4276 1719 4374 impedimentum
1740 4296 1842 4378 pote-

251 4403 365 4473 rimus
385 4400 567 4472 invenire?
584 4399 728 4470 Nullum
747 4399 871 4496 utique
890 4425 898 4469 ε
919 4398 1004 4495 qnia
1019 4400 1083 4469 etsi
1101 4423 1142 4469 ex
1159 4394 1265 4468 nobis
1284 4395 1415 4467 infirmi
1433 4422 1569 4487 sumus,
1587 4400 1699 4496 «quis
1717 4410 1843 4471 eontra

252 4545 319 4591 nos
333 4550 349 4587 ιι
369 4520 559 4621 prevalere
576 4520 720 4619 poterit,
745 4549 761 4584 α
777 4518 806 4589 si
822 4522 919 4589 Deus
936 4542 1003 4616 pro
1018 4515 1137 4607 nobis,
1157 4543 1174 4582 ιι
1194 4514 1231 4588 id
1253 4529 1306 4587 est
1321 4540 1404 4587 oum
1427 4520 1542 4587 Deum
1561 4515 1759 4590 habeamus
1780 4540 1842 4618 pa-

251 4654 399 4711 tronum
412 4641 427 4710 ?
439 4644 492 4711 De
512 4639 614 4736 cujus
627 4638 775 4735 quidem
787 4637 991 4736 patrocinio
1006 4636 1060 4708 vel
1073 4634 1282 4707 defensione
1296 4658 1406 4732 quam
1420 4635 1536 4707 securi
1555 4660 1632 4708 esse
1648 4639 1841 4726 valeamus,

253 4760 408 4831 adnectit
439 4754 740 4830 commemorans
762 4756 837 4852 ejus
868 4756 1082 4852 singularem
1114 4754 1343 4826 dilectionem
1378 4780 1486 4853 quarn
1521 4756 1627 4827 nobis
1660 4757 1841 4846 exhibuit,

257 4881 380 4952 dicens
411 4905 420 4951 ι
452 4910 470 4946 o
486 4879 556 4966 Qui
584 4901 658 4948 non
688 4876 847 4975 pepercit
873 4877 979 4947 etiam
1006 4875 1157 4975 proprio
1185 4872 1259 4946 lilio
1287 4899 1368 4966 suo,
1386 4903 1403 4942 u
1423 4874 1738 4966 consubstantiali,
1769 4900 1843 4946 non

288 5162 294 5186 ¹
308 5156 368 5205 tltde
379 5168 454 5218 supra
466 5155 562 5205 Introd.
575 5154 610 5205 od
623 5151 749 5217 turono..
763 5152 806 5201 tib.
820 5148 851 5201 ill
859 5189 865 5215 ,
880 5146 926 5200 suh
939 5150 1025 5212 finem,
1041 5165 1065 5211 r.
1083 5151 1125 5200 tto
1138 5158 1167 5198 et
1176 5162 1230 5211 sqq.
1244 5150 1343 5211 hujusce
1358 5150 1477 5199 :dtttouts

372 5267 395 5307 ιι
