4559 6100
604 643 892 716 turnonncno
918 646 979 717 to
1003 645 1309 719 aasumensi.
1683 598 1750 720 nr

173 815 286 867 verum
300 790 347 865 ad
364 790 530 866 utilitates
546 817 691 891 qnoque
708 818 829 867 rerum
846 797 1011 867 omniurn
1032 810 1115 868 sunt
1131 795 1425 891 accommodate,
1447 812 1483 869 et
1498 798 1635 870 dinrnae
1660 824 1749 870 noc·

172 928 345 1009 tnmaeque
366 909 627 987 vicissitudines
643 911 743 986 nulla
759 913 794 985 in
814 939 853 987 re
871 930 1014 988 mutatae
1034 906 1195 1013 unquam
1218 930 1434 1007 nocuerunt,
1456 942 1535 1015 qnae
1550 917 1652 1012 signo
1669 934 1751 990 sunt

172 1033 279 1105 omnia
295 1056 371 1105 non
386 1031 560 1107 mediocri
574 1032 736 1131 quodam
749 1035 900 1107 consilio
914 1050 1078 1109 naturam
1094 1035 1223 1108 mundi
1237 1034 1487 1109 administrari.
1510 1035 1619 1126 Quod
1634 1039 1664 1109 si
1680 1062 1753 1111 me-

171 1152 379 1249 lius,inquit,
400 1166 572 1251 geruntur
584 1177 626 1227 ea
642 1159 720 1251 quae
734 1155 899 1247 consilio,
915 1150 1024 1253 qnam
1034 1181 1112 1254 quae
1126 1156 1204 1228 sine
1217 1155 1368 1228 consilio
1382 1154 1687 1246 administrantur,
1702 1157 1753 1229 nil

171 1284 278 1344 autem
293 1272 458 1344 omnium
473 1296 595 1345 rerum
606 1271 734 1346 melius
749 1298 859 1371 quam
871 1276 990 1348 omnis
1005 1275 1164 1348 mundns
1174 1274 1463 1348 administratur:
1480 1274 1631 1347 oonsilio
1647 1268 1762 1372 igitur‘

170 1390 316 1463 nundus
329 1390 612 1465 administratur.
625 1419 644 1461 r
663 1396 807 1481 Quanta
823 1407 944 1469 autem
965 1395 1104 1466 ratione
1120 1392 1250 1466 cuncta
1264 1393 1302 1465 in
1319 1392 1457 1465 mundo
1474 1391 1562 1465 fiant
1577 1416 1620 1466 ae
1636 1391 1754 1491 dispo

170 1522 304 1603 uantur,
316 1511 494 1583 maximus
508 1512 671 1584 omniurn
686 1509 987 1612 pbilosophorum
1001 1512 1309 1611 Platodiligenter
1320 1510 1510 1584 attendens
1523 1512 1611 1586 ait¹:
1631 1511 1754 1583 «Nihil
1816 1572 1821 1587 ,

168 1625 202 1698 lit
210 1627 310 1724 cujus
325 1641 446 1701 ortum
465 1653 540 1701 non
558 1628 716 1728 legitima
729 1654 837 1703 causa
850 1644 887 1704 et
896 1632 988 1704 ratio
1003 1632 1200 1730 proece‘da13
1219 1656 1299 1729 quae
1316 1631 1416 1704 enim
1433 1644 1611 1729 quantum
1624 1630 1671 1703 ad
1686 1620 1754 1703 nos

166 1745 302 1821 fortuita
317 1746 486 1821 dicuntur
499 1764 607 1848 atque
624 1749 810 1849 inopinate
826 1751 1087 1849 provenientia,
1105 1752 1211 1824 certis
1227 1752 1263 1823 in
1280 1755 1359 1823 Deo
1376 1751 1524 1822 rationis
1536 1748 1673 1848 legibus
1685 1748 1753 1821 fixa

166 1880 250 1953 sunt,
263 1879 371 1964 atque
381 1867 521 1965 optimo
532 1869 797 1968 quaeque¹tiunt
808 1869 972 1943 consilio.
987 1898 1005 1937 >r
1018 1874 1096 1942 Hoc
1109 1894 1195 1942 vero
1206 1872 1297 1968 quo¹
1312 1869 1447 1969 optime
1460 1883 1591 1941 cuncta
1606 1867 1698 1940 liunt
1710 1892 1754 1941 ac

164 1982 412 2084 disponuntur,
431 1986 640 2081 consilium,
660 1987 718 2061 alii
736 1992 874 2080 Deum,
894 1989 952 2061 alii
969 2004 1134 2062 naturam
1153 1989 1268 2088 ipsam
1284 1994 1422 2082 rerum,
1441 1986 1501 2061 alii
1517 2002 1675 2062 mentem
1691 2011 1752 2060 sen

140 2104 311 2178 ·animam
328 2103 456 2178 muudi
470 2129 599 2180 vocare
612 2106 890 2181 consueverunt.
905 2112 1041 2193 Omnes
1058 2124 1179 2182 autem
1194 2107 1231 2181 id
1246 2133 1428 2182 summum
1446 2107 1589 2180 bonum
1605 2131 1682 2181 esse
1699 2109 1753 2180 in·

162 2219 384 2318 tellexerunt3
395 2224 495 2321 quod
506 2227 685 2323 professus
693 2241 748 2299 est
757 2230 935 2301 Socrates6
948 2228 1089 2303 Primus
1100 2243 1221 2301 autem
1230 2230 1396 2301 omnium
1411 2232 1648 2325 Anaxagoras,
1661 2229 1753 2299 inter

162 2342 342 2416 universos
353 2342 592 2444 Philosophos
611 2344 775 2419 divinum
789 2349 950 2420 animum
965 2349 1132 2421 omnium
1147 2347 1353 2421 effectorem
1368 2362 1578 2420 naturarum
1598 2348 1754 2419 sensisse

159 2459 382 2558 perhibetur,
392 2463 481 2535 sicut
493 2464 529 2535 in
543 2462 672 2536 vlttde
683 2467 832 2538 Ciuitate
840 2469 912 2538 Dei
919 2465 1052 2540 beatus
1061 2480 1324 2539 commemorat
1340 2467 1582 2564 Augustinus⁸.
1599 2463 1704 2537 Unde
1717 2479 1752 2536 et

155 2576 244 2650 illud
267 2594 321 2653 est
346 2581 381 2652 in
403 2583 570 2682 Epistolis
586 2583 746 2682 ejusdem
769 2583 821 2656 ad
843 2584 1118 2657 Macedonum:
1141 2614 1159 2655 v
1175 2589 1255 2658 Non
1280 2600 1469 2686 propterea
1491 2585 1620 2657 veritas
1642 2582 1752 2656 chara

28 2794 34 2807 ι
153 2721 233 2770 esse
245 2698 352 2773 debet
364 2704 447 2798 quia
460 2728 535 2776 non
549 2703 651 2790 latuit
659 2708 920 2802 Anaxagoram,
933 2696 997 2777 sed
1008 2704 1095 2802 quia
1103 2706 1233 2777 veritas
1241 2719 1308 2792 est,
1318 2705 1384 2777 etsi
1395 2703 1514 2776 nullus
1526 2727 1653 2776 eornm
1667 2727 1751 2798 cog·

154 2819 321 2891 novisset.
340 2850 358 2887 s
377 2821 493 2895 Facile
510 2837 630 2896 autem
648 2821 738 2895 illud
752 2847 900 2922 quoque
917 2824 1056 2897 ratione
1071 2823 1241 2896 convinci
1262 2837 1417 2922 poterat,
1437 2821 1616 2894 mundum
1634 2822 1753 2919 ipsum

150 2939 259 3010 etiam
277 2954 314 3012 et
330 2965 410 3038 quae
434 2943 472 3013 in
496 2967 541 3015 eo
566 2956 686 3015 sunta
702 2944 837 3043 seipso
862 2967 939 3015 non
957 2967 1047 3035 esse,
1066 2966 1134 3016 nec
1154 2966 1275 3041 perse
1292 2924 1485 3015 subsistere
1505 2969 1514 3013 ι
1540 2940 1604 3013 sed
1617 2940 1664 3013 ab
1680 2940 1751 3012 alio

151 3083 373 3158 quocunque
399 3060 507 3159 longe
531 3063 669 3135 cunctis
695 3062 960 3155 excellentiore,
990 3077 1120 3136 cuncto
1148 3066 1284 3162 optime
1310 3077 1389 3156 ,tam
1422 3060 1499 3135 fieri
1524 3085 1635 3159 quam
1662 3057 1748 3158 regi.
1834 3079 1839 3090 ·

146 3179 295 3278 Quippe
311 3179 413 3278 qnod
434 3206 456 3255 a
471 3206 510 3254 se
527 3182 605 3283 ipso
622 3195 689 3272 est,
715 3196 844 3256 natura
865 3181 1008 3279 dignius
1026 3206 1104 3255 esse
1119 3195 1260 3254 constat
1276 3204 1386 3279 quam
1402 3178 1503 3278 quod
1523 3178 1570 3251 ab
1587 3180 1659 3251 alio
1674 3195 1748 3268 est,

142 3312 176 3368 et
199 3323 317 3373 omne
332 3301 434 3397 quod
449 3303 598 3375 rationis
616 3316 725 3400 atque
742 3302 981 3400 intelligentiae
1001 3326 1114 3401 capax
1132 3315 1201 3396 est,
1227 3301 1408 3395 universis]
1425 3298 1503 3372 aliis
1523 3298 1752 3372 excellentius

111 3460 116 3471 ·
145 3441 221 3490 esse
240 3419 441 3493 invenitur.
461 3425 540 3494 Non
559 3422 666 3520 igitur
680 3435 826 3521 oportet
846 3420 1058 3495 rationalem
1075 3419 1312 3493 substantiam
1339 3418 1387 3491 ab
1403 3417 1474 3491 alio
1491 3442 1568 3490 esse
1585 3415 1749 3508 concedi,

136 3538 164 3607 si
178 3538 343 3634 ‚ratione
362 3552 546 3613 carentem
562 3563 583 3612 a
600 3565 639 3614 se
655 3565 733 3613 esse
759 3563 951 3640 ponamus.
979 3543 1093 3612 Nemo
1112 3553 1233 3610 autem
1246 3553 1410 3610 nostrum
1424 3551 1489 3633 sest
1505 3536 1619 3634 quise
1634 3535 1751 3633 ipsum

0 3586 4 3703 l
132 3658 291 3753 ignoret
309 3682 331 3731 a
346 3683 385 3731 se
398 3660 548 3733 minime
564 3684 655 3753 esse,
675 3657 740 3733 sed
756 3658 802 3732 ab
820 3658 892 3732 alio
910 3658 1019 3757 gigni.
1039 3656 1235 3746 Quomodo
1258 3657 1365 3753 igitur
1381 3679 1424 3727 ea
1440 3679 1519 3753 quae
1535 3655 1675 3727 ratione
1693 3679 1751 3725 ca·

130 3793 237 3869 rent,
272 3776 326 3850 ab
358 3757 431 3851 alio
460 3802 536 3852 esse
566 3778 799 3875 negabimus?
826 3782 948 3852 Partes
976 3778 1096 3876 itaque
1123 3776 1251 3849 mundi
1276 3800 1356 3874 quae
1381 3774 1589 3849 naturaliter
1614 3774 1751 3872 priores
1796 3820 1800 3824 -

123 3912 237 3992 sunt,
271 3896 389 3970 factas
413 3922 490 3971 esse
520 3898 709 3991 convenit,
736 3922 779 3971 ac
812 3892 877 3997 per
908 3896 981 3969 hoc
1011 3896 1056 3970 ab
1086 3895 1158 3968 alio
1190 3893 1368 3968 mundum
1400 3893 1589 3967 exordium
1620 3891 1751 3990 ducere

119 4029 240 4116 atque
272 4018 415 4092 facturn
442 4042 530 4091 esse.
562 4019 706 4117 Quippe
735 4042 844 4115 quem
870 4017 977 4089 etiam
1001 4031 1151 4116 propter
1175 4015 1361 4088 hominem
1395 4013 1528 4087 sactum
1558 4037 1634 4084 esse
1661 4037 1748 4084 con·

117 4151 202 4228 stat,
236 4139 313 4211 cui
341 4117 588 4237 singulissuis
614 4138 774 4238 partibus
799 4138 972 4229 deservit,
998 4137 1105 4235 longe
1132 4135 1373 4232 indigniorem
1396 4160 1441 4207 eo
1462 4159 1538 4206 esse
1558 4134 1747 4224 convenit,

110 4279 153 4328 ac
183 4284 268 4358 per
295 4256 376 4330 hoc
400 4257 549 4331 minime
577 4258 729 4331 concedi
758 4272 902 4358 oportet
927 4257 1027 4329 hunc
1056 4280 1131 4329 non
1158 4280 1234 4327 esse
1258 4254 1413 4345 factum,
1441 4278 1525 4364 cum
1554 4252 1613 4327 itte
1640 4252 1751 4324 lactus

107 4377 166 4449 sit.
196 4378 347 4451 Multo
365 4377 484 4450 minus
500 4378 608 4450 etiam
625 4378 797 4451 convenit
821 4392 861 4449 ut
886 4401 952 4449 suo
978 4377 1151 4474 regimine
1175 4399 1252 4447 non
1285 4371 1470 4447 rationalia
1500 4397 1610 4471 quam
1641 4372 1751 4444 ratio·

103 4497 234 4571 nalia⁸
266 4498 458 4569 nitantur.
486 4499 679 4571 Hominem
697 4511 832 4582 autem,
856 4497 1020 4594 quamvis
1043 4493 1225 4568 rationalis
1245 4495 1303 4587 sit,
1321 4516 1549 4591 nequaquam
1575 4497 1641 4563 s'uo
1660 4491 1750 4585 regi·

96 4617 194 4718 mini
217 4614 420 4690 sufficere
436 4628 587 4705 constat,
609 4640 693 4688 cum
715 4617 872 4713 seipsum
892 4613 1079 4714 quomodo
1102 4612 1179 4685 vult
1203 4613 1241 4685 in
1262 4610 1369 4710 hujus
1384 4611 1463 4684 vitae
1484 4611 1611 4710 pelago
1629 4634 1750 4706 regere

94 4757 173 4809 non
201 4735 374 4809 valeat.
391 4734 505 4807 Multo
523 4735 628 4832 igitur
649 4735 768 4807 minus
781 4717 942 4830 regimini
962 4734 1110 4833 proprio
1133 4732 1309 4805 committi
1333 4732 1504 4804 convenit
1528 4752 1694 4828 quaeque
1711 4752 1749 4799 se

86 4879 232 4952 tegere
268 4856 434 4954 possint
457 4854 596 4927 ratione
615 4877 736 4927 carere
753 4868 890 4927 certum
910 4867 976 4925 est.
997 4851 1038 4924 Id
1055 4876 1143 4925 vero
1161 4866 1213 4926 est
1231 4848 1401 4942 mundus,
1419 4850 1492 4923 sive
1511 4849 1586 4945 ejus
1603 4844 1748 4939 singule

101 5167 157 5219 ἰι
175 5168 340 5220 nmo.
360 5163 458 5215 -2sn
473 5164 535 5216 coa.
551 5162 613 5215 uu
630 5165 733 5230 meque
744 5163 869 5216 amn-⁸
881 5165 921 5216 ste
974 5166 1019 5216 us.
1040 5160 1104 5226 nu,
1123 5176 1177 5228 ap.
1192 5175 1218 5213 u.
1233 5159 1330 5212 -rsn
1345 5159 1406 5211 coa.
1423 5157 1484 5209 uo
1503 5125 1653 5208 nervosae
1672 5164 1749 5215 quam

68 5244 128 5297 tort
159 5248 251 5300 Vtct.
297 5233 461 5296 flerem
484 5258 542 5308 que
566 5235 749 5298 imnum
771 5246 841 5297 cinit
863 5246 921 5307 Dei,
975 5239 1266 5294 murmuramus.
