4559 6100
358 424 390 471 Ο

743 522 1304 689 meotooncnnsrnus.
1731 561 1819 657 ‘sss

235 711 497 811 increpationes
514 693 684 811 insipiens
702 722 768 783 est.
786 740 804 776 s
823 714 867 780 Et
887 709 1031 781 iterum¹
1051 736 1059 781 ε
1082 740 1100 778 α
1115 710 1186 798 Qui
1202 706 1357 781 custodit
1373 707 1648 805 increpationes,
1671 709 1820 781 astutior

162 862 169 875 ·
208 846 216 909 ’,
234 828 367 923 ἱίεῖ,”εῑ
388 830 451 928 qui
473 829 735 927 increpationes
757 826 851 922 odit,
879 828 1066 901 morietur.
1083 841 1109 897 »ι’
1123 832 1167 897 at
1190 830 1378 900 rursum':
1401 856 1419 893 α
1432 829 1512 897 Non
1533 841 1630 898 amat
1650 826 1819 924 pestilens

233 974 317 1021 eum
332 949 404 1044 ¹qni
429 973 467 1019 se
483 948 643 1046 corripit.
670 947 706 1018 Si
730 961 851 1020 autem
875 946 1089 1045 corripueris
1111 946 1324 1044 sapientem,
1345 943 1515 1040 intelliget
1539 942 1816 1043 disciplinam.»

232 1070 336 1141 Item⁸
356 1093 364 1137 :
388 1096 406 1133 α
419 1067 505 1139 Viro
525 1065 588 1162 qui
604 1065 855 1164 corripientem
875 1064 969 1138 dura
988 1066 1124 1138 cervice
1138 1065 1350 1154 contemnit,
1374 1064 1581 1161 repentinus
1595 1065 1821 1162 superveniet

232 1187 437 1258 interitus.»

282 1306 441 1376 Primum
463 1317 583 1376 autem
605 1306 818 1403 ponendum
839 1320 892 1407 est
912 1305 1021 1378 totius
1038 1318 1171 1377 nostra
1191 1304 1440 1402 disputationis
1460 1302 1602 1393 thema,
1623 1318 1658 1375 et
1679 1298 1821 1377 sumnia

228 1421 317 1494 'fidei
344 1422 500 1495 breviter
528 1423 801 1517 concludenda,
828 1423 874 1495 de
900 1425 1042 1496 unitate
1062 1423 1195 1496 scilicet
1217 1423 1345 1495 divinae
1369 1422 1572 1497 substantiae
1598 1445 1640 1494 ac
1664 1422 1820 1495 trinitate

233 1566 488 1639 personarum,
517 1567 596 1640 quse
623 1544 660 1613 in
686 1548 763 1616 Deo
793 1557 897 1634 sunt,
930 1543 1042 1614 immo
1068 1546 1165 1614 Deus
1191 1567 1284 1615 unus
1315 1558 1410 1614 sunt.
1439 1541 1578 1614 Deinde
1598 1541 1819 1637 objectiones

232 1659 402 1732 adversus
426 1662 632 1759 proposita,
667 1652 829 1758 denique
853 1661 1050 1734 solutiones
1075 1660 1243 1749 adversus
1272 1660 1412 1756 objecta
1439 1659 1681 1757 subjiciemus.
1710 1666 1820 1735 Tenet

232 1780 352 1875 itaque
375 1779 575 1852 'christianae
597 1779 679 1852 fidei
704 1780 843 1877 religio,
870 1794 966 1852 tenet
986 1796 1021 1853 et
1044 1779 1398 1868 incommutabiliter,
1422 1794 1457 1853 et
1481 1780 1595 1852 credit
1616 1778 1815 1869 salubriter,

233 1899 354 1969 asserit
369 1912 586 1990 constanter,
606 1898 794 1997 profitetur
806 1900 992 1991 veraciter,
1014 1924 1127 1970 unum
1144 1903 1260 1971 Deum
1279 1912 1349 1971 tres
1364 1916 1536 1997 personas
1553 1922 1641 1987 esse,
1663 1903 1815 1988 Patrem,

232 2031 268 2087 et
291 2016 432 2105 Filium,
451 2031 486 2088 et
507 2016 677 2114 Spiritum
699 2018 883 2089 Sanctum.
901 2022 1035 2111 Unum,
1054 2019 1216 2115 inquam,
1236 2017 1489 2089 tantummodo
1510 2022 1640 2107 Deum,
1659 2042 1701 2090 ac
1718 2017 1818 2091 nullo

232 2132 343 2206 modo
357 2134 478 2231 plures
490 2133 597 2225 deos;
615 2159 726 2206 unum
742 2151 939 2213 creatorem
956 2137 1118 2209 omnium
1133 2150 1206 2208 tam
1225 2135 1416 2208 visibilium
1430 2161 1539 2230 quam
1551 2136 1783 2210 invisibilium
1792 2143 1816 2227 ⁸,

206 2264 345 2324 'unum
370 2254 600 2351 principium,
617 2269 654 2326 et
672 2280 787 2326 unum
803 2253 955 2343 bonum,
976 2280 1088 2327 unum
1106 2256 1358 2354 dispositorem
1377 2256 1540 2327 omnium
1558 2258 1816 2344 etD0miunm‚
1882 2346 1887 2365 ¹

232 2366 346 2443 imum
365 2383 551 2463 aeteruum,
576 2397 690 2445 unum
714 2375 1016 2472 omnipotentem,
1036 2399 1148 2445 uuum
1169 2375 1405 2461 immensum3
1424 2398 1466 2446 ac
1487 2398 1552 2472 per
1567 2373 1819 2447 omnia‘snlam

232 2490 405 2588 praedicat⁴
419 2503 455 2563 et
477 2490 590 2569 credit
613 2491 891 2588 singularitatem
911 2492 1069 2582 inritatis,
1088 2505 1237 2587 excepto
1264 2490 1365 2588 quod
1387 2492 1435 2565 ad
1458 2493 1564 2564 trium
1583 2516 1819 2590 personarum

203 2620 208 2629 “
232 2612 356 2682 attinet
370 2590 634 2703 discretionem,
653 2611 691 2683 id
705 2627 758 2683 est
771 2612 894 2704 Patris,
914 2625 950 2682 et
971 2609 1061 2702 Filii,
1079 2625 1115 2682 et
1128 2611 1280 2707 Spiritus
1293 2612 1425 2684 Sancti.
1435 2636 1437 2641 ’
1449 2616 1490 2697 ln
1507 2611 1639 2709 quibus
1654 2610 1820 2684 videlicet

231 2728 393 2826 personis
416 2727 646 2800 solummodo
667 2726 904 2827 pluralitatem
925 2752 967 2800 ac
984 2728 1252 2801 multitudinem
1270 2753 1334 2800 seu
1354 2728 1595 2801 diversitatem
1613 2731 1815 2828 profitetur,

231 2847 373 2918 cumin
398 2849 522 2919 ceteris
542 2846 723 2940 omnibus,
750 2862 789 2919 ut
809 2847 946 2920 dictum
970 2862 1035 2938 est,
1063 2848 1235 2921 unitatem
1258 2862 1458 2951 conservet.
1482 2852 1567 2921 Tres
1587 2850 1722 2947 quippe
1742 2844 1820 2947 per·

230 2984 337 3038 sonas
367 2965 517 3038 dicimus
544 2966 590 3039 ab
620 2969 774 3041 invicem
801 2970 873 3041 suis
899 2966 1178 3067 proprietatibus
1194 2966 1382 3060 diversas,
1410 2973 1551 3044 Patrem
1575 2982 1611 3040 et
1635 2958 1820 3043 Filium'et

230 3087 401 3185 Spiritum
417 3090 601 3180 Sanctum,
626 3086 690 3159 sed
706 3113 781 3161 non
801 3103 872 3160 tres
889 3092 984 3161 Deos
1009 3101 1071 3161 ant
1085 3087 1276 3178 Domiuos,
1295 3087 1396 3159 etsie
1416 3089 1592 3160 unitatem
1615 3113 1680 3186 per
1697 3091 1820 3162 omnia

205 3203 453 3302 profitemur,
481 3210 636 3306 excepta
654 3206 882 3280 multitudine
904 3229 1163 3305 personarum,
1188 3205 1271 3276 licet
1296 3230 1517 3302 unaqnaeque
1544 3206 1672 3280 harum
1695 3234 1818 3305 perso·

231 3346 360 3395 narum
390 3349 464 3395 non
488 3326 533 3396 sit
556 3324 869 3421 aliquantarum,
899 3339 934 3396 et
958 3348 1182 3421 unaquaeque
1209 3324 1246 3394 in
1274 3325 1389 3421 seipsa
1409 3325 1454 3396 sit
1481 3330 1577 3397 Deus
1603 3326 1731 3423 plenus
1757 3342 1820 3399 aut

230 3442 434 3514 Dominus:
460 3444 510 3515 ita
535 3459 585 3534 ut,
609 3443 710 3540 juxta
733 3449 771 3515 Β.
798 3443 1006 3540 Hieronymi
1031 3446 1263 3514 assertionem
1287 3441 1333 3514 de
1358 3442 1430 3516 lide
1461 3443 1647 3515 scribentis
1676 3444 1723 3518 ad
1748 3449 1818 3516 Da·

231 3579 369 3634 mesum
397 3566 553 3660 Papam,
591 3564 757 3662 exceptis¹
772 3559 955 3634 vocabulis
989 3586 1069 3659 quse
1093 3561 1350 3659 proprietatem
1369 3585 1612 3660 ‚personamus
1635 3551 1815 3660 iudicant,

231 3677 406 3777 quidquid
431 3679 477 3751 de
501 3702 574 3752 uua
588 3704 741 3776 persona
766 3680 908 3772 dicitur,
936 3679 982 3751 de
1004 3678 1115 3752 tribus
1139 3678 1344 3776 dignissime
1370 3681 1484 3778 possit
1508 3679 1817 3778 intelligi.‘Neqne

230 3798 327 3871 enim
351 3802 454 3871 Pater
470 3812 523 3870 est
538 3798 659 3884 Filius,
686 3813 749 3871 aut
772 3799 925 3897 Spiritus
941 3801 1107 3889 Sanctus,
1126 3819 1194 3869 nec
1219 3797 1295 3897 ipse
1318 3813 1371 3869 est
1392 3799 1545 3897 Spiritus
1559 3801 1723 3872 Sanctus.
1747 3800 1819 3872 Sed

209 3931 211 3938 ·
230 3919 331 3989 Pater
354 3931 408 3989 est
432 3921 548 4005 Deus,
574 3932 610 3989 et
632 3917 739 3989 Filius
763 3921 877 4008 Deus,
907 3931 942 3988 et
967 3916 1118 4015 Spiritus
1133 3918 1255 4007 Deus;
1280 3940 1347 3988 nec
1373 3916 1457 3989 ideo
1481 3932 1551 3990 tres
1575 3917 1626 3989 dii
1648 3932 1734 3990 sunt
1756 3932 1819 3989 aut

229 4035 362 4134 plures,
384 4036 448 4109 sed
469 4061 563 4107 unus
584 4034 816 4108 solummodo
835 4040 932 4108 Deus
954 4036 991 4110 in
1014 4035 1127 4108 tribus
1151 4035 1314 4133 personis
1334 4035 1546 4108 aeternaliter
1560 4050 1666 4134 atque
1684 4036 1819 4110 incom-

209 4156 447 4232 mutabiliter
463 4156 636 4229 consistit.
659 4157 717 4227 Sic
740 4170 776 4227 et
800 4180 895 4228 unus
912 4171 1065 4247 creator,
1095 4170 1130 4229 et
1148 4180 1241 4230 unus
1257 4156 1453 4245 Dominus,
1475 4171 1511 4227 et
1536 4157 1585 4227 ita
1607 4156 1644 4228 in
1668 4156 1815 4234 caeteris.

230 4279 302 4349 Nec
330 4276 435 4348 relert
460 4274 508 4348 ad
532 4275 688 4348 veritatis
715 4276 1000 4348 enuntiationem
1024 4276 1099 4348 sive
1124 4299 1239 4347 unum
1264 4279 1381 4346 Βειιπι
1404 4274 1568 4346 dicamus
1596 4274 1642 4376 de
1672 4276 1818 4372 singula

230 4394 343 4465 tribus
368 4395 542 4492 personis,
564 4395 639 4468 sive
661 4395 707 4467 de
727 4393 918 4484 sissimut,
943 4419 1026 4466 cum
1049 4417 1149 4491 aeque
1169 4407 1205 4465 et
1225 4417 1447 4490 unaquaeque
1469 4395 1624 4491 ipsarum
1645 4394 1754 4465 trium
1772 4394 1818 4468 sit

230 4535 323 4583 unus
338 4526 374 4583 et
391 4513 486 4585 idem
502 4516 598 4586 Deus
611 4537 694 4584 cum
713 4512 854 4584 duabus
868 4511 959 4601 aliis,
976 4525 1012 4585 et
1026 4525 1097 4584 tres
1111 4510 1231 4597 simul,
1248 4509 1320 4582 boc
1336 4526 1389 4582 est
1404 4512 1481 4608 ipsa
1495 4512 1646 4584 Trinitas
1661 4513 1707 4583 sit
1724 4536 1817 4586 unus

229 4633 342 4716 Dens,
360 4652 453 4700 unus
475 4631 664 4722 Dominus,
690 4643 760 4703 etc.
786 4635 847 4702 Est
869 4632 989 4728 itaque
1010 4629 1140 4701 harum
1163 4629 1271 4700 trium
1292 4653 1528 4727 personarum
1546 4655 1616 4702 una
1637 4645 1672 4702 et
1689 4629 1816 4729 eadem

230 4747 615 4842 omnino'substantia,
643 4763 679 4821 et
698 4747 883 4822 individua
904 4749 1049 4847 penitus
1068 4763 1104 4821 et
1118 4746 1274 4845 ‘simplex
1299 4749 1464 4836 essentia,
1491 4773 1562 4821 una
1583 4773 1731 4848 prorsus
1747 4771 1813 4845 po·

261 5056 369 5120 tmen,
383 5070 438 5120 esp.
452 5068 496 5113 xv,
513 5069 537 5105 r.
550 5057 565 5108 5
580 5062 607 5107 et
623 5060 661 5110 tc.
672 5083 702 5095 -
720 5056 817 5120 'tetih
829 5072 851 5108 v.
866 5060 909 5122 n,
923 5065 947 5109 et
962 5070 1013 5122 cap.
1028 5071 1085 5122 xta,
1101 5071 1125 5108 r.
1138 5060 1180 5111 25.
1198 5082 1225 5095 -
1240 5056 1340 5118 ΠΜ..
1355 5070 1409 5119 cap.
1426 5067 1496 5120 arn,
1508 5069 1534 5107 r.
1552 5057 1574 5107 t.
1591 5053 1713 5104 -⁴t'nd.
1729 5068 1737 5102 a
1753 5054 1815 5104 tosa

228 5133 355 5186 risibilem
366 5149 446 5199 quum
457 5133 622 5186 invisibilem.

347 5247 371 5284 rr
1569 5201 1570 5204 Ἴ
1656 5226 1693 5283 59
