4559 6100
621 601 917 677 tutuoottctto
943 604 1003 678 AD
1028 604 1333 681 Tfluotootlu.
1697 607 1767 678 ll3

181 762 352 821 eternum
370 761 562 844 astrueret,
578 774 661 822 cum
683 751 729 824 de
749 756 827 825 Deo
846 767 882 825 et
898 754 1018 827 Verbo
1041 755 1117 852 ejus
1140 753 1306 851 loquens,
1328 751 1422 823 Patri
1437 764 1473 825 et
1489 748 1611 825 Verbo
1633 755 1769 831 solum·

180 866 290 939 modo
305 868 538 940 aeternitatem
555 868 718 958 ascribit,
733 870 874 944 dicens¹
893 898 901 941 :
925 902 943 939 u
957 876 1035 946 Hoc
1048 886 1124 946 erat
1147 874 1183 944 in
1206 870 1384 970 principio
1400 869 1499 969 apud
1516 872 1681 945 Deum.»
1698 878 1770 963 Qui

180 987 216 1058 in
239 1010 286 1059 eo
311 986 458 1060 sortasse
482 982 581 1086 quod
605 989 789 1086 subjunxit
811 988 857 1063 de
880 989 1009 1066 ellectu
1030 1014 1195 1091 operum·
1208 989 1361 1061 dicens:
1392 1019 1410 1055 α
1426 989 1556 1062 Omnia
1571 1014 1637 1089 per
1651 991 1780 1090 ipsum·

180 1103 269 1178 lacta
284 1119 391 1195 sunt,
410 1138 428 1172 s
446 1109 619 1206 Spiritum
633 1108 837 1207 designasse
854 1110 996 1183 videtur
1020 1104 1222 1183 secundum
1242 1107 1368 1181 effecta
1393 1109 1469 1207 ipsa
1490 1133 1569 1206 quae
1589 1133 1654 1183 sua
1675 1115 1771 1184 Deus

181 1212 342 1297 condidit
363 1225 543 1318 bonitate,
569 1228 770 1301 secundum
790 1255 883 1328 quae,
907 1245 945 1303 ut
959 1230 1127 1318 diximus,
1148 1243 1301 1302 aeternus
1317 1254 1393 1301 non
1408 1243 1460 1300 est
1477 1228 1646 1328 Spiritus,
1666 1229 1704 1302 id
1720 1245 1774 1302 est

181 1344 296 1437 datus,
314 1346 408 1418 sicut
427 1369 496 1419 nec
516 1347 638 1419 anima
654 1348 781 1421 mundi
797 1374 908 1447 quam
926 1351 1025 1424 Plato
1040 1350 1140 1423 dicit.
1162 1354 1234 1422 Nec
1255 1349 1387 1421 mirum
1403 1348 1525 1421 locum
1541 1345 1772 1445 Evangelistoe

180 1465 334 1539 marium
355 1490 440 1537 cum
464 1466 612 1538 Platone
633 1469 841 1562 convenire,
869 1493 954 1541 cum
973 1482 1086 1542 totam
1107 1470 1302 1542 verborum
1321 1469 1472 1540 istorum
1496 1468 1710 1540 sententiam
1733 1469 1771 1540 in
1842 1552 1844 1555 ¹

180 1582 280 1656 libris
296 1583 582 1679 Platonicorum,
603 1588 831 1683 Augustinus,
850 1599 1018 1688 utsupra
1035 1590 1287 1683 meminimus,
1307 1586 1518 1659 invenerit¹.
1537 1589 1629 1659 Sunt
1652 1602 1773 1660 autem

181 1702 346 1775 nonnulli
361 1705 425 1803 qui
441 1703 651 1779 charitatem
661 1707 726 1778 Dei
742 1732 816 1778 non
835 1707 952 1780 solum
967 1706 1014 1780 ad
1026 1721 1205 1781 creaturas
1217 1708 1366 1806 porrigi,
1378 1731 1504 1778 verum
1517 1706 1624 1777 etiam
1638 1704 1685 1778 ab
1700 1732 1772 1781 una

181 1846 335 1919 persona
346 1824 384 1895 in
398 1823 560 1915 alteram,
573 1839 614 1896 ut
626 1824 902 1899 videlicetamor
916 1828 1028 1901 Patris
1041 1827 1078 1899 in
1091 1827 1233 1919 Filium,
1248 1826 1304 1899 vel
1318 1824 1396 1897 Filii
1413 1826 1449 1896 in
1467 1828 1606 1896 Patrem
1623 1826 1773 1924 Spiritus

183 1944 254 2039 ipse
270 1941 328 2014 sit.
346 1942 456 2031 Quod
472 1956 596 2043 aperte
607 1947 837 2045 Augustinus,
859 1947 896 2018 iu
915 1950 976 2018 XV
990 1945 1034 2018 de
1052 1949 1246 2038 Triru‘tate,
1266 1946 1392 2019 astruit
1407 1944 1464 2016 his
1480 1944 1618 2017 verbis⁸
1636 1972 1644 2015 :
1665 1975 1683 2011 α
1696 1949 1774 2018 De·

183 2061 301 2159 nique,
320 2063 351 2134 si
369 2063 406 2136 iu
426 2062 532 2136 donis
546 2064 613 2136 Dei
628 2065 677 2136 nil
700 2065 815 2162 majus
838 2079 892 2137 est
908 2066 1094 2159 charitate,
1117 2082 1154 2141 et
1171 2065 1311 2139 nullum
1331 2066 1446 2163 majus
1469 2063 1608 2136 donum
1630 2065 1696 2137 Dei
1722 2082 1774 2140 est
1815 2132 1818 2136 ,

184 2205 290 2278 quam
312 2181 464 2281 Spiritus
486 2198 644 2276 sanctus,
663 2184 751 2281 quid
775 2187 1052 2284 consequentius
1072 2211 1183 2286 quam
1209 2187 1285 2286 ipse
1307 2185 1352 2258 sit
1372 2183 1528 2257 charitas
1550 2209 1629 2282 quae
1645 2184 1776 2258 dicitur
1842 2270 1845 2275 ,
1960 2284 1962 2293 ¹

185 2302 280 2373 Deus
295 2316 330 2374 et
347 2326 390 2374 ex
402 2301 501 2373 Deo?
521 2306 565 2373 Et
586 2303 615 2373 si
635 2302 788 2376 charitas
804 2328 876 2401 qua
895 2311 998 2379 Pater
1015 2306 1129 2403 dilig't
1154 2307 1297 2397 Filium,
1316 2319 1352 2377 et
1374 2308 1514 2379 Patrem
1532 2302 1647 2400 diligit
1671 2304 1776 2381 Filius

187 2419 423 2513 ineffabiliter,
450 2423 748 2497 communionem
776 2424 969 2498 amborum
995 2426 1229 2518 demonstrat,
1256 2423 1344 2523 quid
1361 2423 1650 2495 convenientius·
1666 2447 1775 2521 quam

184 2554 227 2610 ut
254 2537 314 2614 ille
338 2542 480 2639 proprie
510 2539 652 2615 dicatur
675 2544 846 2636 charitas,
872 2547 936 2643 qui
955 2545 1107 2645 Spiritus
1126 2560 1182 2619 est
1204 2542 1408 2618 communis
1427 2539 1657 2615 ambobusis
1685 2543 1777 2616 Hinc

182 2660 291 2731 estet
311 2659 399 2732 illud
422 2662 632 2761 Hieronymi
655 2689 765 2761 super
779 2666 970 2761 sceptrinum
984 2665 1196 2737 Psalmum:
1220 2665 1402 2763 «Spiritus
1424 2674 1566 2734 sanctus
1583 2685 1652 2733 nec
1675 2666 1778 2735 Pater

180 2790 248 2867 est,
267 2803 335 2851 nec
347 2781 456 2855 Filius
476 2796 546 2875 est,
574 2784 637 2856 sed
661 2783 805 2856 dilectio
825 2784 939 2881 quani
960 2781 1070 2857 habet
1092 2788 1198 2856 Pater
1222 2784 1258 2855 in
1278 2783 1367 2854 Filio
1390 2796 1426 2854 et
1446 2781 1555 2852 Filius
1567 2781 1604 2851 in
1625 2783 1773 2855 Patre.»

178 2898 291 2985 Quod
315 2894 474 2974 fortassis
499 2901 582 2976 idco
605 2905 760 2976 maxime
778 2901 973 2975 dicendum
993 2902 1136 2975 videtur
1151 2916 1188 2975 et
1208 2900 1421 2990 tenendum,
1441 2913 1482 2970 ut
1496 2898 1660 2971 videlicet
1676 2923 1779 2974 amor

176 3041 328 3117 quoque
343 3021 456 3093 Patris
476 3023 514 3095 io
539 3022 667 3096 Filium
692 3022 747 3095 vel
774 3022 850 3096 Filii
864 3024 901 3094 in
924 3025 1085 3115 Patrem,
1111 3022 1251 3096 dicatur
1275 3020 1426 3120 Spiritus
1452 3033 1615 3111 sanctus,
1640 3033 1675 3093 et
1702 3045 1777 3094 non

177 3151 325 3211 tantum
339 3163 442 3214 amor
459 3141 506 3215 ad
523 3158 715 3234 creaturas,
735 3143 836 3242 quod
854 3143 1011 3217 fortassis
1028 3143 1131 3217 aliter
1147 3142 1328 3216 videretur
1343 3141 1494 3241 Spiritus
1512 3150 1656 3214 sanctus
1671 3147 1777 3240 posse
1892 3169 1903 3186 ·

171 3283 258 3331 non
275 3284 368 3348 esse,
397 3285 440 3335 ac
459 3287 525 3360 per
545 3262 617 3335 hoc
634 3288 707 3335 non
725 3265 925 3337 necessario
943 3287 1020 3337 esse
1036 3265 1152 3362 ipsam
1171 3263 1392 3335 Trinitatem.
1414 3265 1535 3333 Posset
1551 3261 1685 3360 quippe
1702 3285 1779 3335 esse

169 3394 216 3450 ut
236 3378 341 3453 nulla
357 3394 520 3454 creatura
536 3407 697 3481 unquam
713 3393 820 3476 esset,
844 3407 929 3455 cum
945 3381 1045 3456 nulla
1059 3407 1103 3456 ex
1121 3383 1327 3455 necessitate
1340 3380 1400 3473 sit,
1419 3403 1462 3452 ae
1479 3403 1542 3477 per
1557 3378 1628 3451 hoc
1644 3403 1777 3454 conse—

162 3524 299 3595 quens
317 3499 510 3594 videretur,
524 3516 565 3574 ut
579 3501 654 3598 jam
671 3527 738 3575 nec
751 3500 898 3575 allectus
919 3502 1030 3602 ipsius
1048 3526 1158 3601 quern
1178 3501 1344 3575 videlicet
1359 3522 1442 3597 erga
1457 3496 1773 3589 creaturashabct,

165 3643 214 3690 ex
237 3619 458 3693 necessitate
477 3620 540 3712 sit,
561 3644 605 3694 ac
619 3646 684 3720 per
698 3620 770 3694 hoc
783 3620 941 3721 Spiritus
957 3622 1034 3720 ipse
1050 3644 1093 3694 ex
1110 3620 1319 3694 necessitate
1339 3642 1415 3692 non
1433 3618 1479 3690 sit
1497 3641 1606 3715 quem
1626 3615 1777 3702 dicimus

156 3741 235 3811 Dei
258 3740 389 3838 ipsum
404 3738 572 3813 allectum
594 3765 669 3813 esse
691 3741 766 3814 sive
785 3765 960 3814 amorem.
982 3745 1127 3813 atvero
1150 3739 1180 3812 si
1196 3762 1358 3813 amorem
1377 3737 1444 3809 Dei
1466 3760 1541 3808 non
1559 3733 1675 3808 solum
1696 3761 1778 3834 erga

147 3873 378 3948 creaturas,
396 3883 523 3933 verum
543 3860 651 3936 etiam
673 3861 779 3933 unius
797 3885 959 3959 personae
981 3883 1063 3958 erga
1085 3859 1233 3933 alteram
1254 3858 1487 3957 accipiamus,
1509 3854 1579 3928 hoc
1605 3856 1778 3930 inconve-

145 3981 277 4052 niens
307 3979 462 4051 vitamus
482 3993 617 4079 aperte.
640 3985 690 4053 hc
711 3979 858 4055 sortasse
881 4005 965 4054 cum
987 3994 1157 4053 creatura·
1179 3981 1263 4079 ipsae
1287 4003 1331 4051 ex
1352 3975 1558 4050 necessitate
1583 3999 1657 4048 non
1686 3976 1775 4069 sint,

140 4101 245 4197 quia
281 4095 429 4170 scilicet
457 4114 633 4197 quantum
657 4098 704 4173 ad
727 4101 912 4200 propriam
940 4113 1106 4173 naturam
1135 4124 1211 4172 uon
1235 4123 1323 4172 esse·
1337 4110 1501 4196 possunt,
1528 4119 1633 4168 amor
1660 4109 1778 4169 tamen

133 4221 215 4294 Dei
250 4239 363 4313 erga
386 4216 464 4291 illas
486 4218 537 4291 ita
558 4220 759 4293 necessario
781 4218 892 4292 habet
916 4245 1005 4309 esse,
1032 4233 1071 4292 ut
1091 4220 1226 4317 absque
1253 4217 1316 4292 illo
1342 4221 1439 4289 Deus
1463 4239 1540 4287 esse
1567 4239 1642 4287 non
1669 4217 1780 4315 possit

130 4340 351 4429 omniun,
372 4336 630 4410 cumvidelicet
652 4340 727 4437 ipse
748 4364 791 4413 ex
807 4341 956 4440 propria
979 4356 1107 4414 natura
1132 4354 1207 4412 tam
1234 4337 1334 4409 hunc
1351 4359 1512 4408 amorem
1535 4359 1640 4406 suum
1669 4358 1779 4431 quam

123 4457 374 4559 quodlibet
408 4454 546 4528 bouum
583 4458 631 4529 lta
661 4458 812 4554 habeat,
846 4474 887 4532 ut
918 4483 963 4532 eo
997 4484 1120 4534 carere
1153 4457 1357 4531 nullatenus
1387 4455 1515 4555 possit,
1551 4478 1660 4552 quem
1696 4453 1778 4528 nul-

115 4581 308 4656 latemus
347 4577 554 4649 autminus
584 4574 725 4651 bonum
754 4603 863 4676 quam
892 4593 964 4671 est,
994 4593 1054 4652 aut
1078 4578 1193 4676 majus
1217 4575 1358 4650 bocum
1386 4597 1492 4673 posse
1519 4597 1597 4646 esse
1623 4588 1775 4648 constat.

113 4703 199 4775 Sed
257 4699 333 4772 de
369 4695 445 4768 hoc
482 4695 620 4795 plenius
652 4698 880 4772 tractandum
910 4697 1145 4799 postmodum
1183 4718 1429 4786 reservamus,
1461 4717 1545 4765 cum
1581 4693 1628 4766 de
1659 4694 1778 4768 divina

106 4820 340 4920 potentia
377 4815 575 4915 principale
608 4818 785 4891 usstandi
819 4843 858 4891 se
892 4817 1063 4891 obtulerit
1094 4816 1296 4914 nogotium.
1329 4817 1478 4884 Donum
1509 4825 1628 4885 tamen
1669 4813 1779 4885 Patris

104 4955 363 5042 quantum
380 4932 427 5007 ad
449 4933 595 5025 Filium,
616 4935 671 5007 vel
689 4937 767 5009 Filii
790 4938 972 5036 {quantum
997 4935 1044 5011 ad
1068 4939 1208 5009 Patrem
1236 4956 1464 5034 nequaquam
1488 4930 1682 5005 dicendum
1703 4953 1779 5003 esse

132 5231 140 5255 ¹
152 5226 256 5276 mn.
270 5256 284 5283 ‚
304 5224 391 5276 cap.
402 5224 421 5271 r,
431 5226 453 5261 v.
467 5214 492 5262 2.
504 5236 533 5250 -
546 5213 555 5244 ²
567 5212 688 5277 caulem,
699 5212 879 5279 tutillam.
892 5209 1245 5275 rx.-⁸Detttatt.,ltb.itv,
1254 5223 1309 5272 esp.
1321 5222 1374 5260 xrs.

250 5330 295 5372 11
1615 5299 1654 5355 ss
