4559 6100
892 516 1126 592 utatooos.
1733 516 1798 593 ort

257 666 397 738 Parme.
416 668 489 738 Nec
506 690 634 736 eorum
651 667 854 738 auctoritati
870 667 920 739 ita
939 668 1193 762 concedimus,
1214 682 1254 740 ut
1277 668 1373 741 dicta
1388 669 1552 767 ipsorum
1572 669 1710 741 ratione
1729 693 1806 741 non

209 783 459 878 discutiamus,
478 799 671 881 autequam
687 786 944 885 approbemus.
971 786 1136 883 Alioquin
1155 787 1405 887 philosophari
1422 785 1686 877 desisteremus,
1705 787 1734 858 si
1751 787 1808 857 vi-

210 901 338 976 delicet
375 900 555 976 rationum
583 904 814 999 inquisitione
847 907 1068 1004 postposita,
1104 905 1194 979 locis
1220 906 1442 980 auctoritatis
1474 906 1538 1002 qui
1570 904 1808 978 inartificiales

211 1020 427 1111 indicantur,
459 1036 603 1094 ctare
629 1024 706 1121 ipsa
730 1025 881 1097 omnino
905 1025 1072 1121 disjuncti
1099 1039 1199 1117 sunt,
1227 1027 1265 1097 in
1290 1026 1462 1124 opinione
1487 1025 1741 1123 potiusquam
1769 1026 1807 1096 iu

210 1141 356 1213 veritate
378 1142 625 1236 consistentes,
656 1144 852 1242 plurimum
875 1158 1076 1235 uteremur;
1100 1169 1169 1217 nec
1190 1146 1288 1243 ipsos
1308 1144 1462 1241 majores
1487 1157 1630 1216 nostros
1651 1143 1698 1216 ad
1723 1141 1807 1216 fidei

211 1272 334 1331 vestrae
358 1261 621 1334 confessionem
644 1277 719 1335 tam
745 1264 885 1336 ratione
909 1262 1039 1336 ductos
1063 1287 1172 1359 quam
1194 1264 1230 1334 vi
1252 1264 1366 1336 victos
1390 1262 1630 1356 crederemus,
1659 1263 1750 1335 sicut
1773 1276 1810 1335 et

210 1393 334 1451 vestrae
357 1382 587 1453 consentiunt
611 1382 779 1456 historiae.
801 1389 891 1458 Ante
907 1384 1169 1481 imperatorum
1186 1383 1322 1481 quippe
1339 1381 1396 1454 vel
1414 1382 1618 1480 principum
1635 1380 1681 1454 ad
1699 1381 1810 1454 fidem

212 1513 366 1571 vestram
392 1524 457 1597 per
484 1501 674 1593 miracula,
697 1517 735 1575 ut
759 1502 894 1592 dicitis,
920 1502 1209 1595 couversionem,
1237 1525 1371 1600 paucos
1392 1502 1596 1598 sapientum
1612 1500 1668 1573 vel
1691 1500 1810 1573 nullos

213 1736 311 1809 ribus
328 1753 450 1833 gentes
466 1755 614 1838 possent
629 1741 732 1814 evehi
749 1756 785 1814 et
800 1743 836 1813 in
860 1764 1113 1838 quemcunque
1130 1742 1236 1813 unius
1251 1742 1318 1813 Dei
1334 1741 1471 1813 cultum
1487 1740 1682 1813 transferri.
1707 1740 1810 1812 Unde

213 1871 249 1928 et
273 1857 422 1955 provide
446 1858 577 1930 Paulus
600 1875 715 1933 vester
741 1861 955 1933 invectionis
979 1884 1050 1931 suae
1073 1861 1111 1931 in
1138 1860 1369 1933 Athenienses
1389 1860 1616 1933 occasionem
1642 1882 1807 1948 sumens,

213 1976 264 2048 sic
279 2001 426 2049 exorsus
440 1978 523 2050 ait¹:
540 2008 557 2047 a
573 1980 648 2050 Viri
661 1979 900 2072 athenienses,
913 2002 978 2078 per
987 1980 1111 2052 omnia
1127 2004 1192 2052 vos
1208 1980 1471 2079 superstitiosos
1484 2002 1560 2051 esse
1574 1978 1696 2069 video,
1708 1993 1776 2050 etc.
1789 2009 1809 2047 u

213 2100 293 2168 fam
316 2111 403 2168 tuuc
421 2098 516 2167 enim
541 2098 628 2194 legis
648 2096 818 2170 naturalis
842 2112 879 2169 et
902 2096 1014 2169 divini
1033 2100 1151 2172 cultus
1168 2099 1315 2171 scientia
1331 2111 1544 2188 evanuerat,
1563 2111 1599 2168 et
1615 2097 1812 2171 errantium

215 2215 409 2288 multitudo
435 2218 652 2314 paucitatem
676 2220 878 2316 sapientum
903 2219 1055 2291 omuino
1078 2217 1259 2291 deleverat
1291 2217 1347 2289 vel
1375 2230 1618 2316 oppresserat,
1641 2231 1749 2317 atque
1771 2233 1814 2290 ut

215 2360 258 2408 ex
279 2349 401 2407 nostra
421 2335 614 2432 loquamur
627 2337 857 2430 couscientia,
878 2350 914 2409 et
928 2336 1192 2435 praedicationis
1217 2337 1416 2409 christianae
1440 2361 1515 2408 non
1542 2335 1727 2409 modicum
1750 2362 1814 2435 ap-

215 2454 413 2553 probemus
444 2455 614 2548 fructum,
640 2457 822 2556 perhanc
845 2458 999 2530 maxime
1027 2456 1231 2530 idolatriam
1254 2458 1290 2528 in
1322 2455 1461 2529 mundo
1494 2480 1569 2527 non
1597 2454 1813 2553 ambigimus

215 2573 371 2648 deletam
389 2574 611 2649 tuncfuisse.
649 2628 658 2646 .

266 2698 470 2768 eumuna.
487 2695 649 2795 Adjunge
664 2712 700 2771 et
715 2698 816 2796 quod
831 2713 930 2797 patet
947 2715 982 2771 et
997 2700 1113 2796 legem
1130 2697 1332 2772 naturalem
1349 2700 1555 2772 suscitatam
1572 2722 1662 2788 esse,
1681 2714 1718 2771 et
1733 2723 1814 2797 per·

216 2815 347 2887 factam
364 2840 508 2888 momm
527 2817 771 2917 disciplinam,
790 2842 863 2917 qua
879 2844 961 2911 vos,
987 2833 1026 2890 ut
1048 2818 1183 2911 dicitis,
1207 2818 1283 2890 sola
1301 2818 1469 2907 nitimini,
1488 2833 1524 2890 et
1540 2818 1587 2890 ad
1603 2817 1815 2891 salvandum

217 2934 381 3007 sufficere
397 2935 552 3027 creditis,
571 2939 716 3010 nonnisi
732 2937 779 3010 ab
796 2940 875 3036 ipso
893 2938 1060 3011 traditam
1077 2938 1203 3028 fuisse,
1223 2962 1334 3035 aquo
1356 2951 1539 3035 tamquam
1556 2961 1640 3009 vera
1663 2937 1811 3036 sophia,

218 3055 256 3126 id
270 3071 323 3127 est
336 3057 510 3154 sapientia
526 3060 605 3142 Dei,
622 3059 831 3155 quicunque
846 3059 1007 3130 instructi
1022 3059 1096 3129 veri
1113 3073 1199 3129 sunt
1216 3057 1360 3130 dicendi
1377 3057 1600 3156 philosophi.

271 3177 408 3246 Panos.
429 3174 484 3247 Ad
501 3200 580 3272 quae
598 3178 748 3266 utinam,
766 3192 806 3248 ut
822 3175 924 3267 dicis,
945 3177 997 3248 sic
1014 3177 1229 3248 convincere
1245 3177 1374 3275 possis,
1393 3190 1432 3246 ut
1449 3175 1607 3274 abipsa,
1628 3192 1667 3249 ut
1683 3176 1813 3267 dicitis,

219 3317 385 3390 suprema
411 3294 602 3391 sapientia,
631 3318 740 3392 quam
766 3298 889 3367 Graece
915 3295 1047 3390 logon,
1075 3296 1185 3367 latine
1211 3293 1361 3365 verbum
1387 3296 1453 3366 Dei
1476 3295 1625 3386 vocatis,
1651 3320 1717 3367 vos
1734 3320 1817 3368 vere

219 3412 355 3508 logicos
382 3427 418 3484 et
443 3412 637 3485 verborum
670 3414 873 3487 rationibus
906 3414 1102 3487 exhibeatis
1131 3438 1208 3486 esse
1233 3428 1403 3485 armatos.
1434 3416 1505 3484 Nec
1538 3412 1627 3486 illud
1655 3415 1817 3511 Gregorii

219 3532 327 3603 vestri
352 3555 411 3604 me
440 3533 611 3604 miserum
639 3533 815 3631 refugium
840 3532 1061 3633 praetendere
1083 3534 1315 3631 praesumatis.
1339 3562 1356 3597 u
1372 3531 1487 3625 Fides,
1503 3559 1521 3599 u
1540 3533 1688 3630 inquit¹,
1713 3558 1817 3606 anon

219 3649 330 3722 hahet
346 3652 534 3745 meritum,
554 3655 614 3724 cui
632 3654 724 3725 ratio
740 3653 901 3726 humana
917 3652 1050 3753 prabet
1074 3654 1381 3752 experimentum,
1405 3677 1438 3724 c.
1458 3677 1489 3723 r.
1509 3677 1547 3751 p.
1568 3651 1607 3722 h.
1633 3676 1667 3726 e.
1685 3684 1703 3721 a
1723 3654 1819 3743 Quia

220 3772 318 3842 enim
339 3771 436 3870 apud
453 3796 518 3844 vos
541 3770 672 3866 fidem,
690 3797 799 3869 quam
817 3787 1002 3862 astruunt,
1020 3772 1195 3845 disserere
1216 3796 1291 3843 nou
1318 3769 1515 3861 sufficiunt,
1534 3773 1652 3845 statim
1676 3772 1722 3845 ad
1748 3793 1820 3845 suae

221 3891 408 3988 imperitiae
420 3890 588 3963 solatium
596 3891 667 3964 hoc
677 3893 937 3988 Gregorianum
948 3905 1147 3965 assumunt.
1161 3890 1271 3979 Quod
1281 3889 1428 3988 quidem
1433 3890 1534 3986 juata
1542 3915 1671 3964 eorum
1681 3893 1821 3991 opinio·

222 4034 308 4082 nem
322 4009 411 4108 quid
425 4009 524 4082 aliud
541 4012 625 4108 agit,
642 4012 710 4083 nisi
728 4026 766 4083 ut
783 4010 1003 4108 quibuslibet
1015 4011 1098 4085 fidei
1108 4009 1422 4109 predicationibus
1437 4034 1537 4109 aeque
1552 4010 1667 4083 stultis
1680 4012 1819 4084 sicutet

222 4132 318 4202 sanis
334 4133 627 4228 acquiescamus?
643 4132 679 4203 Si
704 4132 800 4203 enim
822 4130 912 4204 fides
934 4132 1075 4203 ratione
1095 4131 1244 4202 minime
1264 4131 1309 4202 sit
1326 4129 1568 4221 discutienda,
1588 4156 1634 4203 ne
1651 4132 1819 4205 meritum

223 4251 382 4341 amittat,
407 4275 474 4323 nec
490 4251 578 4347 quid
596 4251 694 4324 credi
711 4266 877 4350 oporteat
891 4251 1001 4324 animi
1019 4249 1157 4348 judicio
1174 4251 1218 4322 sit
1234 4248 1521 4332 discutiendum,
1543 4251 1606 4324 sed
1627 4252 1746 4324 statim
1764 4252 1820 4322 his

224 4392 302 4463 quae
318 4367 572 4465 praedicantur,
591 4369 871 4464 assentiendum,
890 4393 1126 4469 quoscunque
1144 4394 1284 4442 errores
1308 4367 1513 4466 pradicatio
1530 4371 1698 4457 seminet,
1716 4371 1823 4441 susci·

225 4506 310 4579 pere
331 4482 420 4553 nihil
437 4482 565 4577 refert,
585 4485 670 4581 quia
685 4485 775 4557 nihil
791 4485 876 4558 licet
894 4487 1034 4558 ratione
1049 4484 1230 4574 refellere,
1255 4481 1319 4554 ubi
1335 4485 1511 4556 rationem
1529 4508 1606 4556 non
1622 4485 1705 4558 licet
1721 4484 1825 4558 adhi-

225 4600 325 4673 here.
338 4601 441 4673 Dicat
456 4601 620 4675 idolatria
635 4602 681 4676 de
699 4601 817 4701 lapide
834 4603 890 4675 vel
907 4601 1007 4700 liguo
1017 4603 1073 4675 vel
1082 4601 1242 4702 qualibet
1256 4616 1418 4676 creatura
1431 4628 1439 4672 :
1456 4603 1522 4674 Hic
1537 4617 1591 4676 est
1603 4604 1703 4676 Deus
1715 4628 1822 4676 verus

226 4734 366 4793 creator
387 4721 467 4792 coeli
487 4737 524 4793 et
546 4736 665 4810 terrae3
689 4724 746 4793 vel
771 4721 972 4817 quamlibet
993 4736 1176 4820 patentem
1201 4721 1508 4795 abominationem
1527 4722 1715 4821 praedicet,
1741 4724 1823 4820 quis

227 4865 311 4912 eum
331 4838 463 4912 valebit
484 4840 664 4930 refellere,
683 4842 713 4913 si
736 4839 782 4913 de
800 4839 873 4912 fide
889 4838 978 4912 nihil
992 4841 1037 4918 sit
1055 4841 1321 4916 discutiendum
1337 4838 1499 4915 ratione?
1513 4843 1639 4914 Statim
1658 4843 1825 4936 arguenti

224 5087 230 5102 Ι
253 5116 327 5181 ¹³²0·
339 5114 358 5181 ¹›
370 5130 425 5180 ⁰³1>-
439 5130 496 5182 111,
510 5120 565 5169 ul.
582 5142 610 5156 -
621 5119 693 5170 'Act
703 5120 803 5183 apost,
816 5130 870 5180 cap.
886 5129 947 5168 xva.
957 5130 981 5166 v.
990 5119 1027 5168 22
