4559 6100
617 550 811 622 ΕΙἸΤΟΜΕ
835 547 1106 620 THEOLOGIAE
1131 547 1419 621 CHRISTlANAE.
1744 554 1815 626 589

222 700 405 790 exemplum
420 699 511 765 daret
528 723 588 789 pro
604 697 725 789 populo
744 699 804 762 Dei
820 696 985 787 pugnandi
1006 713 1118 761 contra
1138 697 1303 762 inimicos.
1322 697 1475 763 Similiter
1490 698 1531 765 de
1548 702 1741 791 martyribus
1761 704 1814 768 di-

223 802 334 879 cimus,
361 797 449 887 qnod
469 820 525 863 eos
541 799 700 862 exteriora
716 795 859 884 patibula
876 794 1024 860 meliores
1040 818 1106 859 non
1124 794 1301 873 faciebant,
1318 794 1375 860 sed
1392 794 1471 860 tales
1489 819 1567 876 esse,
1586 799 1641 885 qui
1657 800 1816 865 Christum

223 896 405 986 diligerent,
432 894 656 960 ostendebant.
679 893 729 957 Sic
749 916 877 981 quoqne
898 891 940 957 de
956 893 1081 955 Christo
1104 915 1181 957 sane
1203 893 1386 972 asserimus,
1404 892 1512 980 qnod,
1531 895 1662 982 quando
1679 896 1721 960 ad
1738 921 1815 986 pas-

223 987 345 1049 sionem
366 984 480 1051 dnctus
496 1000 555 1063 est,
573 999 605 1048 et
619 984 653 1047 in
672 982 761 1073 ligno
779 980 891 1046 affixus
912 997 975 1060 est,
994 1005 1061 1045 non
1079 980 1152 1070 plus
1173 982 1308 1062 meruit,
1329 1004 1426 1068 quam
1449 983 1573 1072 abipsa
1593 986 1816 1074 conceptione.

222 1082 334 1169 Neque
356 1082 443 1146 enim
462 1098 539 1145 tnnc
554 1079 670 1146 melior
686 1079 837 1158 effectus,
855 1101 952 1167 quam
969 1078 1011 1142 ab
1031 1077 1099 1167 ipsa
1115 1078 1252 1167 pueritia
1273 1078 1444 1160 extitisset,
1463 1102 1537 1145 cnm
1560 1103 1600 1145 ex
1616 1097 1692 1146 tunc
1714 1084 1817 1149 Deum

221 1201 259 1241 ex
283 1177 473 1243 totocorde
500 1176 657 1268 diligeret.
684 1177 735 1241 Sic
759 1177 856 1266 igitur
876 1178 909 1240 in
927 1174 1104 1256 voluntate,
1128 1199 1197 1240 non
1228 1177 1261 1239 in
1285 1177 1436 1265 operibus
1460 1201 1530 1265 qnae
1553 1178 1649 1243 bonis
1672 1195 1705 1244 et
1729 1180 1820 1247 malis

181 1294 184 1299 ·
221 1277 405 1340 communia
421 1292 510 1355 snnt,
529 1276 679 1340 meritum
695 1297 791 1339 omne
811 1275 966 1339 consistit.
985 1272 1076 1361 Saepe
1091 1275 1180 1338 enim
1195 1272 1268 1363 plus
1281 1275 1414 1359 jejunat,
1432 1277 1533 1366 magis
1544 1278 1641 1341 etiam
1657 1300 1690 1342 se
1708 1276 1819 1368 aflligit

220 1372 353 1459 quilibet
362 1374 542 1463 hypocrita,
560 1395 657 1461 quam
669 1371 781 1461 aliquis
795 1387 931 1465 sanctus.
950 1369 1049 1452 Quod
1061 1371 1095 1434 in
1111 1370 1179 1436 sola
1194 1371 1358 1437 voluntate
1369 1376 1521 1439 meritum
1535 1375 1587 1454 sit,
1600 1374 1677 1440 inde
1688 1398 1816 1464 quoqne

220 1473 397 1555 conjectare
418 1470 511 1550 licet,
529 1469 618 1558 qnod
637 1470 723 1534 Deus
746 1469 861 1535 dicitnr
876 1485 1033 1534 scrutator
1048 1491 1164 1532 renum
1180 1484 1213 1534 et
1232 1468 1396 1550 cordium,
1414 1472 1470 1559 qui
1492 1470 1609 1535 dicitur
1624 1473 1658 1535 in
1675 1472 1814 1549 occulto,

221 1566 338 1632 scilieet
353 1569 386 1631 in
401 1567 579 1647 voluntate,
597 1566 720 1632 ridere.
738 1566 835 1632 Unde
860 1582 892 1631 et
916 1566 1089 1655 Apostolus
1109 1589 1117 1629 τ
1140 1565 1315 1647 indicabit,
1343 1568 1462 1655 inquit,
1489 1567 1615 1633 occulta
1631 1570 1814 1649 hominum,

220 1664 396 1730 secundum
417 1664 616 1755 evangelium
641 1687 768 1743 meum,
791 1663 906 1745 idest,
925 1667 1017 1750 juxta
1033 1662 1295 1752 praedicationem
1314 1686 1432 1729 meam.
1450 1665 1528 1731 Tale
1550 1668 1669 1731 etenim
1690 1683 1756 1745 est,
1780 1691 1817 1730 ac

219 1760 244 1822 si
261 1760 381 1827 diceret
396 1785 404 1826 ι
417 1763 535 1852 Opera,
547 1785 619 1850 quoe
628 1762 662 1825 in
673 1784 706 1826 se
720 1760 937 1828 indifferentia
949 1777 1033 1844 sunt,
1051 1784 1118 1825 non
1130 1776 1232 1841 curat,
1250 1761 1307 1827 sed
1318 1763 1491 1850 puritatem
1503 1764 1689 1828 intentionis
1703 1765 1813 1854 exigit.

220 1857 291 1921 Hoc
312 1857 399 1923 idem
421 1875 585 1924 attestatur
601 1860 716 1942 Isaias,
741 1860 797 1923 nbi
818 1858 920 1926 dicit:
938 1859 1013 1922 Non
1031 1858 1191 1942 judicabit
1210 1858 1387 1924 secundnm
1402 1861 1506 1925 visum
1528 1860 1696 1926 oculorum
1713 1883 1816 1949 neque

218 1955 396 2021 secundnm
421 1956 566 2021 anditum
587 1957 712 2021 aurium
729 1972 852 2045 arguet.
876 1956 909 2020 Si
925 1956 1012 2021 enim
1027 1954 1105 2020 inde
1127 1957 1197 2044 quis
1220 1957 1322 2046 magis
1342 1957 1447 2047 placet
1462 1958 1544 2037 Deo,
1570 1958 1659 2046 quod
1681 1957 1817 2024 aedificat

219 2052 351 2118 domum
377 2054 583 2144 pauperibus,
607 2070 639 2118 et
654 2056 717 2118 hoc
740 2054 815 2142 quia
836 2069 958 2142 potest,
977 2075 1074 2140 quam
1096 2052 1150 2118 ille
1171 2055 1226 2140 qni
1250 2053 1398 2119 eamdem
1421 2055 1520 2120 habet
1534 2055 1735 2120 voluntatem
1756 2078 1817 2120 nec

220 2148 367 2231 aedificat,
386 2152 460 2239 quia
475 2174 597 2240 pauper
612 2166 659 2215 est
677 2175 685 2214 :
705 2151 817 2240 negari
832 2172 900 2215 non
914 2165 1031 2240 potest,
1050 2151 1129 2238 quin
1146 2173 1186 2215 ex
1200 2152 1275 2233 hoc,
1291 2150 1378 2241 quod
1394 2150 1482 2217 dives
1498 2168 1557 2234 est,
1575 2155 1676 2243 magis
1692 2151 1817 2242 placeat

217 2247 298 2311 Deo.
318 2250 399 2312 Item
414 2250 440 2313 si
455 2249 658 2313 Hermannns
673 2248 823 2313 eamdem
837 2247 937 2312 habet
951 2245 1151 2313 voluntatem
1166 2270 1240 2312 cnm
1256 2250 1407 2339 magistro
1423 2272 1481 2314 sno
1499 2249 1609 2332 Petro,
1627 2266 1660 2315 et
1676 2266 1809 2338 uterque

217 2346 386 2431 pecuniam
393 2345 436 2411 ad
448 2344 629 2410 faciendam
639 2344 772 2410 domum
783 2343 976 2434 pauperibus
990 2345 1126 2432 paravit,
1144 2360 1177 2409 et
1187 2345 1267 2410 alter
1280 2344 1429 2427 aedificat,
1441 2347 1493 2412 cui
1508 2348 1644 2436 pecnnia
1656 2364 1814 2427 remanet,

218 2439 297 2505 alter
312 2465 389 2507 vero
407 2444 550 2525 minime,
569 2465 644 2507 cnm
660 2443 690 2507 ei
706 2441 843 2532 pecunia
859 2440 966 2505 ablata
983 2443 1034 2522 sit,
1052 2463 1119 2505 non
1135 2443 1191 2531 qni
1209 2442 1357 2524 aedificat,
1374 2466 1472 2532 qnam
1488 2444 1545 2532 qni
1558 2445 1622 2509 hoc
1637 2467 1704 2508 non
1720 2442 1814 2523 facit,

216 2541 345 2623 majoris
353 2540 550 2629 meritiapnd
560 2541 664 2605 Deum
679 2561 746 2604 esse
762 2537 871 2604 debet.
889 2537 991 2602 Aliter
1007 2561 1075 2601 non
1086 2554 1134 2603 est
1149 2538 1245 2619 ratio,
1255 2562 1353 2627 qnare
1361 2539 1503 2606 latrones
1519 2564 1585 2605 non
1602 2542 1666 2606 sint
1676 2540 1815 2628 [cansai']

217 2634 418 2701 diminuendi
426 2638 576 2702 meritum
587 2635 672 2726 apud
682 2638 804 2717 Deum;
820 2634 909 2723 quod
919 2634 1051 2723 quidem
1062 2658 1159 2723 quam
1168 2636 1388 2702 irrationabile
1404 2638 1444 2702 sit
1460 2639 1606 2702 omnium
1619 2636 1743 2722 judicio
1760 2660 1815 2701 re-

215 2731 409 2820 linquamus.
427 2734 504 2799 Non
517 2757 595 2799 vero
612 2756 779 2824 negamus,
802 2732 860 2821 [in]
877 2732 1089 2797 exterioribus
1104 2733 1298 2821 quandoque
1314 2736 1465 2799 meritum
1484 2733 1616 2823 aliquod
1638 2735 1814 2824 temporale

216 2831 316 2917 sequi,
335 2847 371 2895 ut
385 2830 436 2898 vel
451 2833 552 2922 magis
569 2831 612 2896 ad
628 2853 771 2896 amorem
788 2831 847 2895 Dei
864 2829 1089 2910 accendamur,
1106 2830 1158 2896 vel
1174 2848 1210 2895 nt
1225 2832 1306 2913 aliis,
1328 2834 1385 2920 qui
1403 2856 1463 2896 nos
1476 2832 1588 2897 vident
1603 2833 1813 2912 remunerari,

216 2930 399 3018 exemplum
421 2931 505 2996 hene
522 2928 677 3019 operandi
694 2929 915 2994 exhibeamus.
933 2926 997 2992 Sed
1013 2950 1087 2993 cnm
1109 2928 1151 2994 de
1172 2929 1292 2994 meritis
1307 2930 1377 2993 haec
1394 2928 1600 3010 disseramus,
1621 2930 1710 3018 qnasi
1726 2927 1813 2993 nnlla

215 3046 282 3091 esse
297 3026 459 3110 videntur,
477 3029 551 3117 quia
573 3027 675 3118 gratia
695 3028 815 3092 meritis
837 3048 937 3114 nsque
959 3024 1041 3091 adeo
1064 3050 1243 3117 repugnare
1264 3025 1404 3108 ridetur,
1428 3026 1517 3117 quod
1539 3052 1613 3093 cum
1639 3026 1747 3092 omnia
1774 3050 1813 3092 ex

215 3127 316 3212 gratia
323 3126 397 3207 sint,
411 3127 525 3190 merita
535 3149 603 3191 non
617 3126 765 3190 existant.
780 3124 878 3190 Unde
887 3124 1061 3213 Apostolus
1076 3147 1084 3188 :
1103 3123 1136 3187 Si
1145 3147 1186 3188 ex
1201 3126 1334 3206 meritis,
1344 3127 1412 3211 jam
1423 3148 1492 3189 non
1504 3148 1544 3190 ex
1553 3126 1667 3215 gratia.
1677 3122 1814 3188 Videtur

215 3222 314 3302 enim,
331 3221 420 3310 quod
431 3245 472 3287 ex
488 3221 582 3287 nobis
596 3220 677 3286 nihil
687 3222 768 3285 boni
779 3222 946 3310 possimus.
967 3220 1018 3286 Sic
1033 3221 1119 3285 enim
1136 3220 1178 3285 de
1194 3221 1288 3285 nohis
1300 3237 1359 3301 est,
1378 3238 1414 3285 ut
1428 3221 1470 3286 de
1481 3220 1608 3286 medico
1626 3235 1658 3286 et
1669 3218 1810 3301 infirmo,

215 3320 269 3404 qui
292 3343 365 3383 cum
388 3319 508 3384 habeat
530 3318 732 3384 medicamen
756 3335 961 3408 apparatum,
986 3334 1019 3382 et
1045 3316 1131 3382 dicat
1155 3315 1283 3381 infirmo
1304 3341 1311 3381 :
1330 3317 1426 3397 Vide,
1451 3320 1515 3383 hoc
1540 3318 1811 3383 medicamentum

214 3417 359 3482 consulet
372 3417 498 3482 sanitati
514 3432 596 3497 tuae,
614 3417 640 3481 si
656 3417 828 3480 surrexeris
844 3431 877 3480 et
893 3415 1052 3504 acceperis
1071 3438 1079 3479 :
1097 3412 1242 3479 infirmus
1258 3431 1366 3480 antem
1383 3438 1456 3480 cum
1472 3437 1600 3505 surgere
1617 3438 1684 3478 non
1698 3414 1810 3504 possit,

214 3511 292 3576 nihil
302 3513 502 3581 medicamen
515 3512 595 3578 illud
611 3513 657 3577 illi
666 3512 796 3594 valebit,
811 3513 916 3601 sicque
931 3536 1005 3578 cnm
1018 3535 1076 3601 per
1090 3534 1123 3577 se
1135 3534 1265 3601 surgere
1282 3535 1350 3576 non
1362 3513 1474 3602 possit,
1489 3512 1676 3598 adjumento
1692 3509 1810 3575 medici

215 3610 256 3675 ad
272 3611 470 3702 surgendum
482 3610 617 3703 indiget,
634 3626 671 3676 ut
686 3610 887 3676 medicamen
904 3611 1038 3700 accipiat
1054 3626 1087 3674 et
1103 3626 1269 3699 acceptum
1286 3609 1346 3674 sibi
1361 3609 1518 3699 proficiat.
1534 3610 1737 3698 Quapropter
1751 3607 1812 3671 nisi

214 3707 370 3790 dieamus,
388 3709 476 3798 quod
491 3710 592 3774 homo
610 3732 698 3774 exse
714 3711 811 3774 etiam
820 3733 878 3800 per
888 3708 1025 3774 liberum
1042 3707 1209 3772 arbitrium
1226 3730 1267 3772 ex
1284 3723 1399 3771 natura
1413 3731 1471 3772 sua
1485 3707 1604 3773 habeat
1619 3705 1765 3796 diligere,
1780 3722 1812 3770 et

214 3806 243 3870 ei
257 3807 433 3886 adhaerere,
451 3831 517 3872 non
532 3831 700 3897 possumus
711 3807 824 3889 vitare,
838 3809 916 3896 quin
932 3808 1033 3897 gratia
1050 3805 1171 3870 meritis
1180 3805 1296 3870 nostris
1312 3804 1522 3895 praejudicare
1537 3804 1709 3894 probetur,
1723 3801 1812 3889 quod

213 3904 343 3993 quidem
364 3905 438 3994 quia
459 3906 494 3968 in
514 3905 648 3995 epistola
669 3905 711 3970 ad
731 3906 896 3971 Romanos
918 3926 1108 3994 supereum
1130 3903 1266 3968 locum:
1289 3902 1390 3967 Jacob
1413 3900 1528 3983 dilexi,
1551 3917 1615 3966 etc.
1641 3898 1811 3989 diligenter

213 4004 365 4091 expressi,
389 4003 452 4068 hoc
473 4004 562 4090 quasi
579 4019 693 4067 notum
712 4001 972 4093 praetereundum
997 4001 1157 4067 existimo.
1181 4000 1215 4064 Si
1231 4015 1339 4065 antem
1354 4015 1500 4065 creatura
1520 3998 1562 4063 ad
1583 3998 1758 4088 imaginem
1778 4012 1825 4061 et·

213 4099 452 4166 similitudinem
467 4101 527 4165 Dei
542 4101 637 4182 facta,
656 4102 760 4166 exsui
777 4118 889 4166 natura
905 4101 1006 4191 magis
1023 4099 1065 4165 ad
1082 4097 1204 4164 malum
1221 4121 1318 4185 quam
1332 4097 1455 4162 bonnm
1475 4119 1578 4187 prona
1596 4111 1693 4174 esset,
1711 4095 1745 4158 in
1762 4095 1809 4157 sni

213 4196 343 4284 quidem
363 4215 477 4263 natura
499 4199 586 4263 hona
603 4222 670 4264 non
686 4199 846 4265 existeret.
860 4197 951 4264 Velle
968 4213 1075 4263 autem
1090 4196 1216 4261 bonum
1237 4195 1408 4285 unicnique
1424 4194 1568 4260 naturale
1586 4209 1645 4260 est.
1664 4191 1760 4257 Unde
1777 4207 1811 4256 et

213 4295 384 4382 Apostolus
405 4296 519 4363 :Velle
536 4297 660 4383 adjacet
675 4297 766 4364 mihi.

821 4621 1005 4711 CAPUT
1038 4621 1203 4709 XXXV.

792 4837 836 4893 De
851 4833 1020 4893 remissione
1033 4844 1229 4913 peccatonrm.

238 5017 350 5084 ·Nunc
365 5019 406 5084 de
422 5020 607 5084 remissione
621 5034 827 5109 peccatorum
846 5018 1024 5084 videamus.
1041 5021 1081 5083 In
1095 5016 1355 5084 reconciliatione
1370 5011 1547 5104 peccatoris
1568 5008 1610 5074 ad
1627 5008 1731 5073 Deum
1746 5007 1807 5072 tria

213 5117 386 5182 necessaria
402 5134 492 5201 sunt,
510 5118 616 5184 cordis
633 5118 795 5200 contritio,
813 5117 878 5183 oris
893 5116 1069 5200 confessio,
1087 5139 1223 5206 opernm
1240 5113 1422 5181 satisfactio.
1441 5108 1555 5176 Cordis
1575 5106 1725 5173 contritio
1741 5106 1807 5174 sire
