4559 6100
0 2623 4 2758 l

0 2847 3 2938 1

633 588 928 667 lNTRODUGTlO
953 590 1014 665 ΑΙ)
1038 588 1344 664 THEOLOGlAM.
1714 600 1777 671 111

192 741 312 812 anima
340 739 424 834 fuit,
447 740 539 815 idest
554 726 754 836 vivificans3
782 740 867 839 quia
890 739 980 814 dum
1004 739 1170 814 mudum
1191 754 1361 812 creaturae
1383 756 1521 831 essent,
1544 743 1677 842 quibas
1692 747 1791 823 dona

191 885 256 934 sua
276 858 525 954 distribueret,
544 861 581 932 in
605 860 683 935 illes
699 859 883 934 bonorum
899 884 1049 934 suorum
1066 857 1357 935 distributionem
1374 884 1450 932 non
1466 861 1666 937 exercebat.
1692 868 1790 940 Sicut

191 1003 276 1077 ergo
308 979 482 1078 Spiritum
516 994 678 1053 sanctum
715 981 778 1078 qui
813 980 849 1053 in
876 1003 914 1085 se
945 995 1001 1055 est
1022 979 1174 1053 omnino
1200 977 1373 1078 simplex,
1406 979 1638 1080 multiplicem
1669 998 1787 1059 tamen

191 1098 357 1193 dicimus,
383 1111 420 1172 et
441 1110 580 1198 septem
603 1099 746 1198 spirims
761 1099 1003 1200 appellamus,
1030 1097 1233 1174 meandum
1255 1096 1497 1173 diversitatem
1515 1100 1713 1193 donorum,
1738 1105 1786 1178 ita

191 1234 227 1292 et
242 1216 484 1318 Philosophus
498 1217 668 1292 eumdem
685 1219 747 1316 qui
763 1220 800 1293 in
816 1220 969 1295 essentia
984 1219 1132 1320 propria
1152 1217 1364 1292 aeternaliter
1379 1219 1558 1315 subsistit,
1581 1221 1782 1320 incoepisse,

190 1350 365 1435 quantum
381 1337 429 1411 ad
449 1338 576 1412 effecta
593 1364 678 1431 sue,
694 1340 827 1434 voluit,
845 1365 889 1413 ex
916 1339 1047 1439 quibus
1069 1364 1155 1413 eum
1173 1340 1332 1455 animam
1353 1340 1465 1436 magis
1487 1364 1598 1439 quam
1612 1343 1785 1443 Spiritum

188 1457 392 1557 appellavit.
411 1458 565 1556 Spiritus
586 1459 721 1559 quippe
737 1482 873 1534 nomen
891 1473 945 1533 est
960 1474 1118 1549 naturae,
1136 1459 1258 1531 anima
1272 1481 1361 1531 vero
1378 1457 1501 1550 officii,
1520 1459 1568 1533 ab
1587 1456 1796 1537 animando'

188 1576 334 1650 scilicet.
365 1578 463 1650 Sicut
489 1602 575 1676 ergo
603 1579 702 1678 ipsos
724 1579 886 1653 coelestes
910 1579 1056 1680 spiritus
1079 1601 1222 1677 semper
1249 1577 1398 1677 quidem
1426 1579 1592 1678 spiritus,
1618 1581 1682 1656 sed
1708 1609 1782 1657 non

189 1721 330 1797 semper
342 1696 489 1797 angelos
513 1722 590 1771 esse
606 1697 830 1796 profitemur,
846 1723 892 1773 eo
912 1697 1012 1798 quod
1029 1697 1177 1794 angelus
1192 1722 1327 1771 nomen
1344 1700 1389 1771 sit
1401 1696 1524 1793 officii,
1540 1724 1616 1773 non
1633 1717 1781 1795 naturae,

189 1828 224 1888 et
252 1819 451 1890 Dominum
480 1831 644 1890 nostmm
670 1821 791 1890 lesum
816 1817 1020 1910 Christum,
1047 1816 1251 1894 secuudum
1275 1817 1536 1899 humanitatem
1568 1819 1781 1919 incoepisse,

189 1936 482 2010 secundumvero
499 1936 737 2032 divinitatem,
754 1951 927 2011 aeternnm
944 1962 1022 2012 esse
1038 1936 1297 2038 praedicamus:
1317 1939 1418 2012 ita-et
1433 1939 1604 2038 Spiritum
1620 1956 1784 2015 sanctum

189 2054 386 2128 secundum
402 2055 639 2131 substantiam
654 2058 815 2130 essentiae
835 2082 908 2131 suae
924 2071 1115 2152 aeternum,
1134 2057 1334 2131 secundum
1351 2056 1477 2155 effecta
1493 2082 1580 2131 vero
1596 2059 1783 2159 incoepisse

189 2172 360 2264 dicimus,
377 2176 478 2274 quod
494 2190 547 2248 est
563 2175 682 2249 dicere
698 2176 825 2253 effecta
844 2177 965 2278 potius
981 2201 1091 2277 quam
1104 2179 1224 2278 ipsum
1239 2179 1439 2276 incoepisse.
1462 2181 1505 2250 Et
1520 2176 1619 2250 hunc
1634 2180 1782 2277 quidem

191 2291 396 2393 Philosophi
417 2319 564 2368 sensum
586 2319 662 2369 esse
685 2295 853 2391 arbitror,
882 2296 950 2370 sub
973 2296 1035 2369 illo
1062 2298 1190 2370 animae
1215 2312 1323 2396 typo,
1351 2295 1452 2394 quod
1477 2320 1557 2369 eam
1582 2312 1781 2373 creaturam

186 2434 276 2504 esse,
298 2413 336 2486 id
356 2427 408 2486 est
425 2415 614 2513 incoepisse
632 2413 817 2514 perhibet,
838 2430 874 2488 et
896 2419 999 2514 quasi
1017 2416 1252 2514 temporalem
1268 2439 1359 2504 esse,
1387 2439 1460 2487 non
1478 2429 1660 2488 aternam.
1680 2420 1783 2491 Juxta

184 2530 289 2628 quod
310 2547 346 2605 et
361 2533 560 2635 Macrobius
575 2535 703 2608 animae
722 2535 790 2632 ipsi
803 2548 878 2608 tam
896 2538 1015 2641 ileum
1026 2559 1136 2634 qaam
1149 2540 1266 2631 Noym
1283 2534 1446 2633 prolerre
1462 2557 1536 2607 non
1554 2533 1777 2612 ahhorreret.

184 2650 299 2723 Vocet
314 2652 433 2751 itaque
451 2654 551 2728 Plato
567 2654 741 2753 Spiritum
757 2667 923 2728 sanctum
942 2655 1100 2728 animam
1118 2652 1322 2727 secundum
1338 2652 1505 2726 ellectum
1522 2678 1688 2753 opemm.
1709 2661 1781 2729 Nos

181 2792 270 2842 vero
291 2771 454 2846 dicamus
470 2774 643 2873 Spiritum
666 2773 868 2848 secundum
892 2774 1092 2848 naturalem
1114 2797 1186 2845 suae
1207 2771 1380 2846 bonitatis
1397 2771 1578 2866 allectum,
1598 2798 1711 2871 quern
1734 2777 1783 2849 ita

176 2890 231 2963 ab
266 2906 399 2967 eterno
430 2894 618 2990 habuerit,
645 2908 686 2967 ut
717 2918 760 2968 er
789 2918 899 2994 opere
930 2919 1015 2967 eum
1049 2895 1236 2994 impleret,
1260 2893 1408 2991 quando
1432 2917 1525 2994 eum
1558 2893 1782 2994 implendum

175 3034 259 3084 esse
274 3013 445 3111 providit.
464 3014 568 3088 Dicat
583 3013 644 3089 ille
659 3015 817 3088 animam
834 3014 1024 3113 incoepisse
1040 3013 1243 3088 secundum
1258 3011 1407 3104 ellectu,
1423 3037 1491 3086 nos
1505 3037 1593 3087 vero
1610 3014 1782 3113 Spiritum

171 3135 211 3204 in
238 3131 373 3206 affectu
396 3159 469 3207 suae
491 3134 663 3208 bonitatis
682 3134 895 3209 aeternaliter
911 3159 1153 3236 perseverare.
1180 3135 1284 3207 Dicat
1311 3134 1370 3207 ille
1389 3136 1554 3224 ‚animm
1579 3135 1779 3234 incoepisse,

166 3277 248 3326 nos
265 3254 440 3352 Spiritum
458 3257 609 3329 omnino
634 3270 806 3328 aeternum
831 3278 921 3329 esse.
946 3256 998 3328 Sit
1019 3255 1200 3353 processio
1225 3254 1377 3353 Spiritus
1393 3253 1594 3327 secuudum
1614 3253 1782 3327 affectum

163 3385 333 3463 aeterna,
355 3376 441 3470 quia
461 3374 597 3448 scilicet
611 3373 660 3448 ab
678 3388 812 3448 aeterno
832 3375 884 3447 sic
900 3374 1027 3449 voluit.
1046 3375 1099 3446 Sit
1116 3372 1298 3471 processio
1314 3373 1442 3444 auimae
1456 3371 1658 3444 secundum
1675 3372 1781 3445 effec-

160 3508 252 3565 tum
283 3493 532 3592 temporalem.
559 3499 756 3593 Utramque
772 3494 924 3593 Spiritus
947 3493 1236 3592 processionem,
1264 3506 1338 3563 tam
1362 3489 1563 3564 secundum
1586 3487 1781 3565 efficaciam

155 3613 335 3707 scilicet,
361 3638 473 3712 quam
496 3614 695 3687 secundum
724 3613 892 3686 ellectum
918 3638 940 3687 a
967 3614 1097 3687 sanctis
1125 3610 1289 3685 Patribus
1314 3610 1518 3685 distinctam
1546 3634 1622 3686 esse
1647 3635 1781 3708 cogno·

151 3733 312 3805 rimus.
331 3736 387 3805 De
404 3734 634 3831 processione
649 3732 797 3831 quidem
812 3730 989 3823 eilicaciae,
1006 3730 1102 3805 Beda
1118 3733 1157 3804 in
1177 3730 1335 3803 Honn'lia
1349 3729 1548 3802 Dominieae
1563 3730 1687 3828 primae
1701 3748 1782 3830 post

143 3853 454 3944 decensionem,
479 3854 528 3925 ita
550 3852 756 3950 loquitur¹:
787 3855 911 3926 «Cum
929 3851 1080 3951 Spiritus
1104 3850 1217 3949 gratia
1240 3851 1347 3923 datur
1367 3848 1592 3944 hominibus,
1620 3849 1782 3949 prolecto

142 3976 330 4075 Spiritus
346 3973 501 4046 mittitur
516 3998 538 4046 a
555 3977 671 4064 Patre,
691 3972 842 4046 mittitur
858 3986 894 4044 et
910 3997 932 4046 a
948 3971 1059 4044 Filio:
1074 3970 1239 4071 procedit
1254 3974 1402 4064 aPatre,
1413 3969 1575 4068 procedit
1590 3985 1625 4044 et
1641 3993 1664 4042 a
1678 3971 1779 4060 Filio,

135 4097 240 4191 qrria
261 4109 315 4168 et
336 4094 415 4191 ejus
437 4093 572 4184 missio,
599 4092 678 4191 ipsa
701 4091 882 4190 processio
906 4106 971 4186 est,
995 4092 1082 4191 quia
1106 4117 1151 4165 ex
1176 4095 1281 4166 Patre
1305 4088 1471 4190 procedit
1492 4104 1526 4162 et
1543 4090 1646 4164 Filio.
1666 4119 1684 4156 >r
1702 4094 1783 4189 lpse

128 4230 286 4289 autem
326 4214 545 4311 Augustinus
572 4227 767 4308 utriunque
796 4210 1037 4310 processionis
1066 4211 1218 4285 modum
1246 4209 1436 4308 diligenter
1464 4207 1668 4306 distinguit,
1699 4234 1782 4281 cum

126 4333 381 4432 procedere
398 4333 574 4433 perhibet,
593 4345 667 4410 tam
685 4330 885 4404 secundum
902 4330 975 4404 hoc
991 4331 1092 4428 quod
1113 4330 1232 4424 datur,
1255 4354 1365 4428 quam
1381 4328 1581 4403 secumdum
1595 4328 1668 4401 hoc
1684 4330 1782 4427 quod

120 4457 292 4531 dabilis
306 4467 386 4527 est.
399 4453 503 4526 Unde
513 4452 575 4526 lib.
587 4456 631 4540 V,
642 4450 688 4525 de
702 4453 908 4524 Trr'rritcte’:
925 4454 1043 4523 «Cum
1053 4450 1102 4525 ad
1110 4451 1378 4550 processionem
1388 4450 1539 4549 Spiritus
1548 4451 1780 4548 pervenisset,

114 4579 186 4671 ais,
212 4571 429 4680 procedit
443 4597 519 4646 non
538 4571 726 4672 quomodo
741 4586 859 4664 uatus,
883 4569 947 4643 sed
960 4570 1148 4668 quomodo
1161 4570 1278 4646 datus.
1300 4567 1409 4658 Quod
1426 4583 1545 4644 autem
1564 4569 1689 4643 datrrm
1707 4586 1780 4659 est,

110 4698 233 4772 etad
260 4718 384 4770 eum
401 4693 464 4790 qui
484 4692 584 4766 dedit
592 4692 791 4796 ,refertum
817 4704 854 4764 et
867 4690 912 4764 ad
928 4677 1138 4788 eoseuitus
1156 4688 1269 4763 dedit.
1289 4689 1360 4762 Sed
1380 4691 1410 4762 si
1428 4713 1503 4763 non
1520 4689 1695 4789 procedit,
1715 4689 1783 4761 nisi
1811 4731 1814 4735 ·

102 4845 206 4893 cnm
235 4818 406 4901 datur,
431 4837 500 4887 nec
521 4810 733 4911 precederet
758 4811 881 4910 utique
906 4811 1129 4910 priusquam
1147 4825 1240 4884 esset
1258 4810 1317 4882 cui
1343 4808 1501 4883 daretur.
1527 4815 1617 4883 Nam
1643 4809 1782 4881 donum

95 4955 251 5040 potest
279 4958 393 5012 esse
408 4947 444 5005 et
461 4946 654 5031 antequam
676 4931 799 5026 detur,
818 4931 995 5006 donatum
1013 4945 1148 5025 autem,
1167 4931 1235 5003 uisi
1253 4929 1378 5004 datum
1400 4930 1520 5021 luerit,
1546 4928 1646 5002 nullo
1671 4926 1781 4999 modo

125 5217 132 5242 ι
148 5214 260 5278 opp„
280 5214 310 5256 a.
336 5198 407 5260 vlt,
419 5200 466 5250 cot.
482 5201 521 5250 11.
535 5223 564 5234 -
576 5199 584 5228 ²
595 5199 631 5249 De
644 5198 777 5257 trinitate,
786 5199 831 5248 111).
844 5196 873 5259 t,
885 5210 938 5260 cap.
953 5210 1003 5247 arr.
1016 5197 1095 5261 opp,
1109 5204 1126 5246 1.
1141 5195 1205 5257 rin,
1217 5197 1265 5246 cot.
1278 5199 1332 5248 111).
