4559 6100
461 568 533 642 328
1063 566 1192 640 PETRI
1216 565 1448 640 meunt

463 748 482 784 κ
497 713 713 814 abjiciamus
723 737 822 811 ergo.
837 713 1172 815 »Quandoquidem
1184 715 1401 789 scilicetnor
1412 714 1478 788 ista
1484 714 1560 811 jam
1575 714 1765 812 praecessit,
1779 727 1816 785 et
1831 713 1908 787 dies
1921 737 2051 814 appro-

462 834 661 936 pinquavit.
689 837 763 907 Nec
779 832 865 908 dicit
884 834 960 932 jam
980 863 998 905 r
1013 834 1257 933 abjiciantur»
1275 834 1339 909 sed
1358 834 1612 932 «abjiciamus,
1627 860 1645 901 u
1665 834 1839 931 quiajam
1860 834 2051 933 perfidem

463 953 652 1029 illuminati
669 954 811 1053 operari
826 954 998 1028 valemus.
1022 986 1039 1024 r
1053 959 1176 1056 Opera
1192 954 1434 1029 tenebrarum.
1450 983 1471 1027 u
1489 955 1585 1028 Dicit
1599 953 1692 1027 mals
1709 977 1832 1054 opera,
1847 953 1949 1052 juxta
1964 954 2052 1029 illud

466 1074 667 1150 Veritatis¹:
690 1075 848 1147 «Omnis
863 1078 926 1174 qui
945 1075 1038 1150 male
1054 1077 1128 1173 agit
1145 1076 1223 1149 odit
1241 1078 1401 1170 lucem,r
1421 1075 1477 1149 vel
1494 1098 1605 1175 opera
1618 1072 1818 1148 infidelium
1834 1089 1871 1148 et
1885 1075 2053 1149 tenebro-

465 1218 602 1289 sorum,
632 1194 762 1293 quibus
786 1196 951 1270 nondum
978 1197 1032 1269 sol
1057 1197 1202 1295 justitie
1223 1196 1283 1269 ille
1310 1209 1410 1270 ortus
1428 1209 1496 1287 est,
1520 1210 1706 1269 uteorum
1726 1192 1903 1268 illuminet
1925 1195 2048 1269 corda.

469 1342 487 1378 a
501 1316 608 1385 Arma
627 1309 749 1384 lucis»
769 1310 915 1385 virtutes
937 1326 1021 1385 sunt
1043 1311 1204 1385 fidelium
1224 1310 1357 1411 quibus
1379 1324 1507 1384 contra
1533 1310 1619 1385 vitia
1640 1312 1696 1385 vel
1721 1308 1914 1384 diabolicas
1936 1325 2053 1385 tenta·

466 1433 584 1505 tiones
612 1429 797 1504 dimicant.
827 1432 906 1523 Sic,
938 1433 1109 1531 inquam,
1137 1432 1333 1506 induamur
1360 1455 1461 1506 arma
1488 1430 1593 1522 lucis,
1622 1445 1662 1503 ut
1686 1432 1734 1505 ita
1761 1429 1875 1503 induti
1903 1429 2054 1504 honeste

467 1549 692 1623 ambulemus
709 1565 880 1649 tanquam
896 1551 933 1625 in
948 1550 1021 1644 die,
1038 1551 1188 1651 qnando
1199 1551 1472 1652 pretiosioribus
1482 1551 1703 1626 indumentis
1712 1550 1864 1650 quisque
1879 1548 2051 1623 induitur.

469 1699 487 1738 u
500 1674 580 1743 Non
598 1671 648 1743 in.
665 1698 684 1740 »
698 1674 787 1759 Quae
801 1671 872 1742 sint
887 1670 1085 1768 abjicienda
1099 1695 1220 1771 opera,
1234 1672 1333 1770 prius
1345 1671 1464 1746 docet.
1481 1674 1588 1745 «Non
1604 1671 1642 1744 in
1656 1667 2023 1757 commessationibus,
2035 1702 2053 1737 a

468 1787 622 1863 subaudi
644 1788 885 1878 ambulemus,
911 1790 950 1864 id
973 1805 1027 1865 est
1050 1791 1160 1891 pedes
1184 1805 1326 1864 nostros
1347 1793 1410 1891 qui
1436 1790 1585 1865 aflectus
1605 1790 1716 1864 animi
1736 1789 2054 1888 intelliguntur,.in

469 1909 544 1982 istis
558 1933 634 1982 non
651 1932 843 2008 ponamus.
866 1912 1126 1984 Commessatio
1143 1911 1274 1984 dicitur
1292 1911 1500 1985 convivium
1516 1911 1563 1985 de
1583 1910 1731 1985 diversis
1752 1909 1894 1984 familiis
1907 1933 2058 2006 congre·

470 2040 604 2122 gutum,
622 2026 685 2101 ubi
703 2030 855 2128 quisque
870 2029 917 2104 de
938 2054 1005 2103 suo
1021 2028 1173 2127 aliquid¹
1185 2030 1303 2129 ponit,
1320 2045 1356 2103 et
1374 2030 1457 2105 ideo
1474 2032 1633 2105 securius
1645 2028 1804 2103 comedit
1819 2044 1991 2127 tanquam
2011 2027 2057 2100 de

470 2171 537 2220 suo
550 2172 698 2222 vescens
713 2149 986 2247 atqueaaidius,
1004 2173 1050 2223 ne
1060 2150 1163 2249 quasi
1173 2149 1294 2222 minus
1307 2148 1378 2223 cibi
1390 2173 1607 2224 consumens
1616 2164 1653 2223 et
1663 2147 1846 2248 equaliter
1855 2146 2060 2248 expendens

470 2266 632 2364 injuriari
646 2266 823 2361 videatur,
835 2282 871 2342 et
881 2281 982 2342 tanto
997 2267 1163 2343 licentius
1177 2267 1269 2366 gulae
1285 2268 1458 2366 indulget,
1477 2268 1623 2369 qnando
1635 2268 1875 2369 plurimorum
1890 2266 2059 2366 exemplis

470 2390 649 2465 incitatur.
669 2391 808 2465 Dicitur
817 2393 937 2492 itaque
947 2395 1197 2467 commessatio
1209 2393 1310 2492 quasi
1323 2395 1498 2493 corporis,
1515 2405 1557 2466 ut
1569 2392 1706 2467 dictum
1716 2405 1783 2485 est,
1796 2415 1891 2485 esus,
1906 2414 2059 2465 acome·

470 2508 608 2603 dendo,
627 2509 667 2584 id
689 2525 743 2584 est
757 2512 864 2586 simul
881 2512 1037 2587 edendo.
1057 2513 1298 2611 Hieronymus
1323 2540 1331 2583 r
1354 2541 1373 2582 u
1396 2513 1654 2587 commessatio
1670 2525 1724 2586 est
1745 2535 1877 2585 mensae
1901 2509 2057 2584 collatio.

471 2633 603 2721 Quales
617 2633 765 2732 quidem
781 2637 1097 2710 commessationes
1107 2650 1144 2709 et
1156 2635 1327 2709 Salomon
1342 2637 1379 2708 in
1395 2634 1599 2709 Proverbiis
1613 2633 1830 2709 interdicens
1844 2634 1930 2707 ait⁸2
1948 2662 1967 2703 u
1982 2629 2062 2705 Noli

474 2781 492 2816 r
507 2776 584 2824 esse
593 2753 630 2824 in
642 2754 816 2825 conviviis
829 2768 1049 2852 potatorum,
1062 2757 1179 2828 necin
1197 2755 1553 2829 commessationibus
1564 2780 1692 2830 eorum
1705 2754 1769 2854 qui
1779 2776 1905 2827 carnes
1920 2751 1968 2825 ad
1982 2775 2061 2823 ves·

347 2905 355 2916 ·
475 2897 493 2933 c
506 2868 665 2942 cendum
687 2870 891 2964 conserunt,
911 2874 997 2972 quia
1016 2889 1184 2948 vacantes
1201 2874 1346 2974 potibus
1370 2888 1405 2948 et
1427 2873 1552 2950 dantes
1571 2874 1735 2975 symbola
1756 2884 2061 2947 consumentur.»

334 3031 341 3055 ·
471 2987 630 3082 fltym0=
650 3019 668 3051 α
680 2992 938 3067 commessatio
953 2990 1083 3067 dicitur
1099 3017 1231 3069 mensae
1246 2995 1433 3070 alternatio
1452 3021 1462 3069 ε
1480 3008 1563 3069 sunt
1575 2996 1675 3070 enim
1691 2994 1855 3068 convivia
1874 3015 1955 3086 quae
1969 2989 2067 3062 cele·

472 3104 624 3179 brantur
644 3105 864 3201 alternatim,
883 3120 920 3180 et
937 3131 1185 3208 praeparantur
1197 3141 1220 3183 a
1236 3117 1342 3182 sociis
1364 3141 1432 3209 per
1450 3115 1528 3184 dies
1547 3123 1583 3183 et
1594 3112 1710 3187 ,vices
1732 3109 1824 3181 Sunt
1839 3107 1908 3182 alia
1923 3132 2002 3206 quae
2022 3133 2065 3183 ex

473 3226 745 3321 communione,
764 3225 912 3326 quando
928 3251 1022 3301 unus
1040 3228 1142 3302 aliert
1156 3252 1301 3329 panem,
1322 3228 1411 3303 alios
1433 3253 1570 3321 carnes,
1590 3230 1680 3304 alius
1693 3228 1834 3324 vinum,
1854 3243 1924 3302 etc.
1948 3230 2064 3302 Briam

474 3368 603 3444 genere
624 3346 822 3420 masculino
839 3345 993 3420 dicimus
1012 3347 1161 3421 calicem
1174 3363 1298 3449 aptum
1318 3349 1545 3450 potationis
1563 3374 1636 3449 quo
1657 3349 1792 3423 dicitur
1804 3346 1970 3441 ebrietas,
1988 3372 2068 3447 quae

474 3480 527 3539 est
538 3467 675 3567 potatio
686 3466 810 3540 nimia.
824 3494 843 3536 u
855 3466 966 3556 Quod
977 3482 1097 3542 autern
1108 3467 1181 3542 hoc
1195 3469 1278 3543 loco
1294 3469 1381 3543 dicit
1396 3471 1601 3571 Apostolus,
1615 3498 1635 3540 u
1647 3473 1729 3543 Non
1746 3467 1785 3543 in
1799 3469 2068 3542 commessatio·

474 3583 582 3659 nibus
596 3600 632 3657 et
649 3583 891 3679 ebrietatibus,
904 3613 924 3654 u
940 3585 988 3659 ad
1001 3585 1089 3660 illud
1102 3589 1245 3686 respicit
1259 3589 1358 3685 quod
1375 3589 1413 3661 in
1424 3589 1617 3686 Evangelio
1628 3589 1808 3661 Dominus
1819 3588 1870 3660 ait
1876 3588 1899 3679 ⁸,
1920 3584 2067 3681 «videte

476 3726 523 3775 oe
544 3716 737 3800 graventur
755 3702 999 3778 cordavestra
1015 3704 1164 3804 crapula
1180 3721 1215 3778 et
1231 3705 1424 3801 ebrietate,
1439 3739 1459 3777 s
1479 3707 1517 3780 id
1540 3721 1593 3781 est
1611 3707 1793 3806 superfluo
1813 3704 1897 3778 cibo
1911 3718 1948 3778 et
1963 3718 2064 3804 potu.

528 3848 548 3888 a
562 3823 641 3891 Non
667 3821 706 3891 in
733 3819 923 3894 cubilibus.
939 3849 958 3892 u
978 3827 1065 3911 Quae
1090 3829 1405 3901 commessationes
1428 3842 1465 3901 et
1487 3826 1674 3902 ebrietates
1700 3839 1909 3926 sequantur,
1939 3844 2069 3895 conse-

477 3952 630 4038 quenter
647 3935 823 4035 adjungit,
843 3952 943 4012 uteo
960 3941 1112 4042 amplius
1126 3943 1297 4037 vitentur,
1315 3970 1390 4045 quo
1408 3947 1519 4020 exeis
1536 3945 1659 4046 pejora
1675 3944 1906 4044 proveniunt.
1930 3939 2068 4015 Cubilia

477 4057 622 4157 proprie
639 4055 795 4129 serarum
810 4071 907 4151 sunt,
926 4059 984 4131 vel
1002 4060 1260 4135 irrationalium
1278 4064 1499 4157 animalium,
1519 4063 1651 4164 quibus
1668 4062 1853 4137 ebriorum
1869 4059 1953 4135 lecti
1968 4082 2070 4135 oom-

477 4191 661 4276 parantur,
690 4175 726 4247 in
750 4175 899 4273 quibus,
927 4178 1082 4275 imagine
1100 4182 1182 4273 Dei,
1198 4182 1235 4256 id
1260 4197 1315 4257 est
1330 4186 1470 4258 ratione
1492 4209 1557 4284 per
1572 4183 1781 4257 ebrietatem
1796 4182 1964 4270 extincta,
1987 4179 2069 4253 lacti

477 4311 562 4370 sunt
576 4298 668 4370 sicut
683 4320 796 4393 equus
819 4309 855 4369 et
870 4297 1001 4392 mulus,
1019 4300 1152 4398 quibus
1166 4327 1242 4376 non
1258 4319 1312 4377 est
1327 4304 1539 4379 intellectus.
1558 4303 1773 4378 Ebrietatem
1789 4323 1936 4401 qnoque
1950 4301 2070 4397 impu·

479 4415 598 4486 dicitia
623 4414 796 4513 sequitur.
815 4415 919 4489 Unde
943 4431 980 4491 et
1001 4417 1098 4493 idem
1121 4420 1208 4495 alibi
1227 4421 1441 4496 adhortatur
1461 4422 1673 4523 Apostolus⁸
1698 4450 1707 4495 ε
1730 4422 1878 4496 «Nolite
1901 4414 2069 4492 inebriati

479 4534 579 4626 vino,
599 4535 637 4606 in
663 4558 739 4632 quo
764 4548 819 4607 est
839 4536 1024 4611 luxuria.»
1044 4540 1155 4629 Quod
1180 4543 1336 4641 pessimo
1363 4541 1470 4616 nobis
1490 4544 1655 4642 exemplo
1675 4541 1769 4614 Loth
1791 4537 1943 4612 ebrietas
1969 4533 2069 4607 exhi·

480 4652 571 4726 buit.
588 4653 672 4726 Tale
689 4667 743 4725 est
761 4677 847 4752 ergo
872 4656 942 4728 rin
965 4656 1147 4732 cubilibus
1162 4674 1199 4733 et
1224 4659 1468 4760 impudicitiis,
1484 4691 1503 4728 a
1529 4684 1574 4735 ac
1595 4660 1624 4732 si
1645 4658 1780 4735 dicerut
1803 4657 1870 4729 ein
1890 4652 2071 4729 cubilibus

480 4769 684 4871 impudicis,
698 4798 717 4841 >r
734 4771 800 4844 ubi
816 4773 954 4870 absque
967 4779 1068 4850 omni
1079 4781 1281 4853 reverentia
1293 4781 1396 4879 quasi
1410 4781 1568 4879 pecudes
1583 4778 1672 4852 ebrii
1687 4777 1925 4850 luxuriantur.
1943 4773 1996 4846 sd
2006 4772 2072 4846 bas

479 4894 636 4967 maxime
657 4894 975 4967 commessationes
995 4909 1031 4967 et
1045 4894 1237 4970 ebrietates
1257 4896 1488 5001 impudicitiae
1510 4896 1725 4998 praedicator
1745 4894 1898 4970 Ovidius
1916 4893 2070 4967 fornica·

516 5164 2071 5243 'teramnanae-¹lmb.sls‘ud.-⁸Pr0o.,oan.mut‚r.to.-⁴t.se.,espan,s.tt.—⁸llrltsr·‚flt·'2'·¹⁸·
