4559 6100
705 535 1355 630 rnarrsronsumnousuos.
1750 555 1816 628 aar

232 700 309 797 ipse
325 723 419 770 unus
435 712 522 771 erat.
544 700 645 789 «Qui
661 716 825 774 mortuus
849 716 914 776 est.
930 731 948 772 s
966 707 1082 780 Causa
1095 705 1229 778 mortis
1244 704 1398 796 Christi;
1416 727 1526 802 quam
1552 706 1824 779 resurrectionis

233 840 378 892 causam
395 817 443 892 ad
462 843 531 892 nos
545 817 699 893 reducit.
723 820 875 894 Duobus
896 821 1013 897 modis
1030 838 1180 925 propter
1196 823 1326 899 delicta
1351 837 1474 897 nostra
1492 837 1657 896 mortuus
1678 822 1820 918 dicitur,

233 954 309 1014 tum
323 938 409 1036 quia
425 963 493 1012 uos
505 939 723 1037 deliquimus
738 955 886 1042 propter
901 944 1000 1042 quod
1017 944 1076 1019 ille
1088 959 1304 1036 moreretur,
1321 958 1357 1017 et
1373 958 1561 1043 peccatum
1579 944 1824 1019 commisimus

231 1059 334 1155 cujus
347 1056 405 1132 ille
418 1083 565 1158 poenam
578 1060 760 1152 sustinuit,
774 1076 852 1138 tum
864 1064 972 1140 etiam
984 1079 1026 1138 ut
1036 1081 1184 1165 peccata
1197 1078 1318 1142 nostra
1333 1062 1524 1138 moriendo
1538 1062 1690 1154 tolleret,
1704 1062 1822 1155 idest,

232 1202 376 1276 poenam
393 1193 643 1277 peccatorum,
662 1179 897 1258 introducens
918 1207 986 1257 nos
1002 1185 1039 1257 in
1060 1181 1268 1258 Paradisum
1286 1184 1401 1283 pretio
1418 1208 1493 1256 suae
1512 1182 1637 1255 mortis
1651 1179 1823 1270 auferret,

232 1311 267 1370 et
276 1321 343 1396 per
353 1296 614 1374 exhibitionem
630 1314 735 1374 tantae
749 1301 879 1398 gratim,
891 1302 991 1401 quia,
1002 1317 1043 1376 ut
1058 1305 1135 1403 ipse
1148 1302 1228 1397 ait¹,
1241 1335 1260 1372 (ι
1278 1304 1451 1400 majorem
1468 1301 1699 1375 dilectionem
1716 1325 1824 1375 namo

231 1415 386 1508 habeta
406 1419 545 1493 animos
561 1433 704 1496 nostros
724 1444 746 1498 a
766 1422 950 1498 voluntate
974 1423 1150 1521 peccandi
1169 1424 1378 1516 retraheret,
1402 1437 1439 1497 et
1459 1424 1497 1494 in
1521 1445 1700 1495 summam
1722 1431 1836 1494 suam‘

231 1534 461 1611 dilectionem
472 1536 685 1614 intenderet.
701 1569 719 1608 ι
732 1544 776 1618 Et
785 1543 975 1615 resurrexit
986 1557 1133 1642 propter
1139 1543 1432 1641 justificationem
1441 1556 1640 1616 nostram.»
1652 1539 1826 1613 iustifica-

231 1655 367 1732 tionem
380 1656 467 1730 dicit
479 1659 779 1757 perseverantiam
790 1660 934 1757 justitiae
943 1686 1023 1760 quae
1033 1669 1172 1760 justum
1182 1663 1279 1738 lacit.
1293 1667 1374 1736 Non
1385 1662 1482 1738 enim
1494 1661 1611 1758 justus
1620 1659 1751 1733 dieitur
1761 1662 1825 1758 qui

230 1774 426 1872 aliquando
437 1778 533 1875 juste
547 1779 632 1875 agit,
651 1778 715 1856 sed
730 1780 792 1878 qui
809 1779 882 1856 hoc
897 1782 936 1856 in
951 1782 1253 1860 consuetudinem
1268 1782 1390 1855 hahet.
1408 1778 1518 1869 Quod
1535 1779 1655 1877 itaque
1668 1778 1820 1852 dieitur:

233 1897 462 1972 «Resurresit
472 1911 621 1996 propter
625 1897 918 1996 justificationem
926 1914 1129 1994 nostram»
1142 1901 1212 1976 tale
1220 1916 1273 1976 est
1284 1916 1327 1976 ut
1336 1925 1400 2000 spe
1410 1898 1531 1999 gloriae
1539 1898 1822 1989 resurrectionis,

231 2037 339 2111 quam
355 2016 393 2089 in
408 2016 526 2116 seipso
543 2017 648 2094 nobis
665 2017 843 2108 exhibuit,
859 2044 928 2096 uos
940 2020 978 2092 in
997 2020 1167 2120 operibus
1179 2021 1281 2119 justis
1295 2034 1561 2121 perseverantes
1573 2017 1690 2092 faciat.

280 2163 299 2201 ι
317 2136 503 2218 iustificati
518 2161 641 2236 ergoa
657 2132 771 2211 fide.»
787 2138 1093 2238 Quandoquidem
1106 2154 1143 2213 et
1156 2155 1305 2240 propter
1316 2165 1385 2213 nos
1401 2140 1574 2238 scriptum
1589 2151 1644 2210 est
1656 2136 1702 2208 de
1715 2139 1823 2234 justi-

233 2251 397 2327 ficatione
410 2255 557 2332 Abrahae
570 2282 636 2357 per
646 2256 770 2347 fidem,
789 2272 829 2332 ut
845 2259 1009 2333 videlicet
1026 2261 1191 2358 exemplo
1204 2259 1282 2356 ejus
1294 2258 1454 2332 similiter
1464 2255 1712 2355 justificemur.
1728 2260 1822 2352 Ergo

233 2397 276 2447 ex
294 2372 366 2447 fide
379 2378 497 2475 potius
510 2402 620 2476 quam
634 2402 679 2451 ex
694 2377 865 2478 operibus
884 2378 971 2477 legis
996 2404 1064 2452 nos
1080 2379 1282 2478 justificati,
1310 2408 1328 2448 ιι
1350 2402 1476 2476 pacem
1502 2374 1701 2449 habeamus
1725 2375 1823 2473 apud

230 2496 359 2586 Deum,
373 2523 391 2562 u
401 2494 512 2583 idest,
527 2498 578 2570 sic
591 2497 864 2570 reconciliemur
875 2500 921 2592 ei,
932 2513 969 2571 et
983 2512 1315 2596 quantumcumque
1327 2498 1414 2595 justi
1426 2495 1611 2587 fuerimus,
1623 2493 1822 2568 mediatore

230 2609 369 2684 Christo
386 2614 493 2687 nobis
505 2640 598 2715 opus
612 2630 676 2689 est.
694 2615 801 2690 Addit
813 2645 822 2689 ι
835 2648 853 2684 ι
865 2622 932 2690 Per
945 2618 1143 2691 Dominum
1160 2631 1326 2690 nostrum
1342 2621 1464 2690 lesum
1476 2613 1695 2706 Christum»
1707 2636 1730 2686 a
1745 2638 1821 2709 quo

229 2730 273 2804 ad
285 2756 354 2805 nos
365 2748 536 2832 tanquam
548 2760 569 2807 a
581 2737 699 2834 capite
710 2735 760 2808 ad
771 2736 933 2810 membra
949 2736 1212 2811 omnebonum
1225 2749 1369 2808 emanat
1382 2748 1460 2807 tum
1474 2731 1728 2831 exemplavitae
1744 2746 1821 2805 tum

229 2851 479 2947 predicatione
488 2854 673 2928 doctrinae.
685 2859 728 2929 Et
737 2855 809 2928 hoc
820 2871 885 2951 est,
898 2887 915 2925 ι
928 2881 992 2956 per
1001 2880 1112 2954 quem
1121 2855 1299 2928 habemus
1309 2877 1493 2928 aceessum
1504 2851 1542 2924 in
1559 2852 1709 2949 gratiam
1718 2853 1821 2924 utam

230 2971 263 3042 in
280 2996 353 3071 qua
369 2987 506 3046 stamus
523 2989 559 3047 et
583 2973 791 3071 gloriamur,
815 3002 833 3043 n
854 2991 891 3050 et
912 3001 991 3076 quae
1012 2978 1057 3050 sit
1083 2975 1144 3051 illa
1163 2976 1276 3075 gloria
1299 2973 1473 3076 supponit
1496 2972 1634 3066 diceus,
1664 3000 1683 3041 ιι
1704 2972 1743 3044 in
1759 2995 1821 3071 spe

229 3090 347 3186 gloriae
364 3092 522 3167 filiorum
537 3096 617 3182 Dei,
630 3124 649 3164 u
669 3095 787 3189 idest,
806 3121 850 3168 ex
866 3121 929 3196 spe
941 3096 1000 3170 illa
1014 3121 1124 3194 quam
1142 3095 1319 3171 habemus
1327 3093 1549 3193 adipiscendi
1563 3092 1663 3166 illam
1674 3116 1821 3167 summae

229 3202 471 3298 beatitudinis,
490 3233 568 3307 quae
579 3208 661 3282 liliis
676 3234 751 3283 non
769 3211 878 3282 servis
890 3224 943 3283 est
953 3209 1087 3284 debita.
1102 3215 1147 3282 Et
1163 3212 1232 3282 hoc
1244 3224 1296 3282 est
1309 3233 1373 3307 per
1397 3208 1508 3283 fidem
1522 3219 1754 3307 preeuntem.
1768 3210 1820 3277 Ex

231 3324 298 3398 lide
315 3329 413 3399 enim
428 3353 508 3428 spes
525 3331 693 3419 nascitur,
713 3352 798 3401 cum
823 3330 926 3402 electi
947 3354 990 3402 ex
1006 3329 1078 3402 fide
1096 3355 1206 3428 quam
1230 3327 1366 3402 habent
1386 3326 1435 3399 ad
1456 3350 1558 3423 spem
1578 3322 1820 3424 supradictam

230 3462 428 3544 assurgunt,
448 3472 489 3521 ac
508 3473 617 3521 nemo
633 3472 775 3548 sperare
791 3447 927 3547 aliquid
951 3462 1086 3548 potest,
1110 3449 1179 3520 nisi
1199 3447 1300 3546 quod
1316 3444 1482 3545 primitus
1504 3443 1631 3517 credit.
1660 3444 1820 3517 Gratiam

231 3564 312 3638 dicit
328 3568 436 3662 gratis
452 3567 586 3661 datam,
610 3592 685 3641 non
707 3592 775 3667 pro
800 3568 936 3641 meritis
953 3569 1089 3641 scilicet
1112 3566 1293 3658 collatam,
1317 3565 1403 3663 quia
1425 3587 1503 3636 non
1526 3577 1612 3635 sunt
1633 3560 1819 3660 condignae

230 3687 410 3781 passiones
431 3688 539 3785 hujus
561 3688 733 3788 temporis
755 3685 803 3760 ad
827 3686 985 3760 suturam
1002 3688 1165 3785 gloriam.
1199 3716 1217 3753 ι
1238 3690 1319 3758 Νοιι
1342 3683 1460 3757 solum
1482 3697 1616 3776 autem,
1641 3712 1657 3749 s
1687 3681 1820 3755 scilicet

226 3802 422 3897 gloriamur
437 3808 474 3878 in
491 3831 553 3905 spe
572 3807 693 3903 gloriae
710 3804 867 3881 filiorum
887 3807 967 3896 Dei,
987 3835 1005 3876 u
1026 3806 1089 3879 sed
1107 3820 1145 3878 et
1159 3804 1356 3903 gloriamur
1368 3803 1405 3875 in
1424 3799 1726 3893 tribulationibus,
1744 3832 1763 3868 a
1782 3801 1819 3873 id

222 3938 291 4013 est,
309 3949 441 4020 magno
457 3924 564 3998 nobis
577 3925 710 3999 honori
720 3927 944 4034 'gmputamus
960 3925 1069 4022 affligi
1086 3950 1154 4027 pro
1170 3929 1262 4039 Deo,
1283 3920 1484 3996 secundum
1499 3919 1599 4017 quod
1618 3921 1656 3993 in
1673 3918 1821 3991 Actibm

217 4043 476 4139 Apostolorum
486 4048 660 4144 scriptum
670 4050 756 4120 est¹:
769 4074 787 4116 u
800 4045 905 4119 Ibant
916 4041 1512 4143 gaudentesaconspectucoucilii,
1522 4055 1616 4115 eto.»
1633 4068 1651 4109 «
1662 4040 1820 4114 Scientes

214 4163 346 4256 etiarn,
359 4192 377 4233 u
392 4164 464 4237 hoc
480 4180 533 4238 est
550 4166 773 4241 attendentes
798 4165 995 4241 maximum
1014 4164 1184 4259 fructum,
1208 4165 1246 4239 iu
1261 4163 1318 4236 his
1333 4177 1475 4237 tantum
1499 4161 1696 4258 gloriamur
1719 4160 1819 4256 quod

214 4281 390 4357 videlicet
415 4284 596 4357 tribulatio
626 4286 872 4384 «patientiam
896 4298 1079 4384 operatur,
1104 4315 1123 4354 u
1151 4284 1189 4357 id
1214 4298 1269 4357 est
1293 4285 1332 4357 in
1357 4305 1468 4382 opere
1487 4281 1657 4354 virtutem
1677 4277 1820 4352 exhibet

210 4402 416 4499 patientia,
440 4417 549 4501 atque
563 4405 682 4503 ipsum
703 4404 942 4477 tribulationis
960 4404 1170 4479 exercitium
1192 4403 1359 4476 fortiores
1383 4400 1429 4475 ad
1449 4425 1510 4474 eas
1531 4397 1735 4472 tolerandas
1752 4421 1820 4469 nos

205 4520 356 4595 reddit.
373 4554 391 4590 ι
407 4524 580 4599 Patientia
597 4538 729 4618 autem,
744 4556 761 4591 a
780 4524 980 4598 sedandum
996 4523 1095 4621 quod
1111 4525 1282 4622 scriptum
1298 4524 1367 4594 est⁸
1380 4549 1389 4593 ι
1404 4548 1422 4590 ι
1435 4524 1621 4619 Tanquam
1636 4541 1764 4591 aarum
1781 4518 1819 4589 iu

202 4640 370 4714 fornace
388 4640 556 4741 probavit
572 4643 704 4719 electos
719 4646 909 4738 Dominus,
925 4674 944 4713 ιι
968 4644 1085 4738 idest,
1107 4658 1182 4717 tam
1199 4642 1263 4715 tibi
1279 4666 1388 4740 quam
1407 4641 1486 4715 aliis
1508 4664 1638 4713 eorum
1654 4652 1819 4711 constan·

197 4760 325 4849 tiam,
338 4760 376 4832 id
392 4776 445 4833 est
457 4762 674 4860 probitatem
686 4763 861 4839 exhihuit.
885 4793 903 4835 ιι
922 4763 1091 4838 Probatio
1114 4788 1202 4836 vero
1226 4786 1342 4862 spem,
1362 4791 1380 4829 s
1403 4775 1444 4836 ut
1467 4761 1543 4856 jam
1560 4756 1727 4832 videlieet
1745 4768 1817 4824 tam

189 4903 290 4950 nos
308 4879 376 4976 ipsi
393 4905 503 4978 quam
518 4881 577 4954 alii
593 4881 639 4954 de
656 4884 787 4955 uostris
800 4908 865 4982 per
881 4884 1030 4980 gratiam
1044 4883 1109 4956 Dei
1121 4882 1257 4956 meritis
1272 4880 1509 4954 confidamus.
1533 4883 1578 4949 Et
1592 4901 1638 4948 ne
1654 4897 1735 4971 spes
1752 4872 1818 4941 ista

223 5158 231 5183 ¹
248 5148 354 5212 soen,
365 5162 418 5214 cap.
432 5164 479 5215 ιι,
492 5166 516 5203 ι.
530 5155 623 5205 ltu-²
633 5155 686 5206 Act.
700 5156 796 5220 apost,
810 5171 864 5221 cap.
880 5171 908 5221 r,
926 5170 949 5207 ι.
961 5160 1001 5209 41.
1017 5183 1045 5197 -
1057 5156 1147 5219 ³Sap.‚
1159 5169 1299 5222 oap.n1,s.
1312 5157 1335 5205 u.
