4559 6100
696 452 741 527 ΙΝ
765 454 1011 530 nrrstontn
1035 458 1096 532 hl)
1121 458 1348 533 nonrttus.
1749 469 1823 541 255

221 605 267 680 ad
282 608 459 677 loannem
473 601 584 693 enirn,
598 601 661 698 qui
673 601 927 704 interpretatur
942 605 1055 703 gratia
1071 607 1152 697 Dei,
1171 606 1210 680 id
1223 622 1289 696 est,
1300 606 1348 681 ad
1357 622 1497 708 tempus
1507 611 1625 705 gratiae
1639 613 1826 711 singularis

223 724 398 800 adventus
413 721 566 812 Christi,
583 720 638 796 ler
666 737 701 795 et
724 724 922 822 Prophetae.
949 725 1058 814 Quod
1084 725 1231 824 quidem
1259 741 1400 826 tempus
1421 728 1514 801 sieut
1538 730 1575 802 in
1600 733 1756 830 Epistola
1779 734 1831 805 ad

226 844 392 920 Hebraeos
406 843 482 944 ipse
497 857 760 918 commemorat
777 845 998 943 Apostolus¹,
1018 844 1065 920 de
1079 848 1281 921 mutatione
1304 847 1438 922 scilicet
1453 851 1681 944 Testamenti,
1701 853 1739 924 id
1758 869 1824 945 est,

226 964 428 1040 deinteritu
438 962 575 1036 Veteris
588 975 623 1034 et
634 962 817 1038 nativitate
828 965 933 1057 Novi,
943 967 1122 1042 Dominus
1136 992 1202 1066 per
1215 967 1433 1041 Hieremiam
1445 969 1659 1067 promiserat
1668 969 1824 1045 dicens':

229 1082 443 1158 «Eccedies
459 1082 622 1169 veniunt,
641 1080 728 1156 dicit
741 1085 932 1179 Dominus,
961 1101 1031 1162 etc.
1041 1114 1060 1157 n
1080 1087 1327 1162 Continuati0.
1355 1089 1438 1160 Diri
1457 1113 1525 1160 nos
1546 1089 1622 1185 jam
1651 1117 1727 1163 non
1752 1117 1828 1165 esse

227 1203 295 1280 sub
312 1205 403 1300 lege,
422 1227 491 1276 nec
497 1209 574 1303 jam
589 1216 672 1301 post
687 1202 871 1278 Christum
883 1229 967 1280 >eam
984 1207 1091 1281 nobis
1109 1232 1186 1282 csse
1201 1207 1439 1282 necessariam
1463 1209 1655 1284 insinuavi.
1669 1215 1743 1284 Nec
1758 1211 1830 1283 hoc

228 1325 376 1425 quidem
392 1323 555 1398 mirabile
570 1322 684 1397 videri
700 1323 819 1398 debet.
840 1327 946 1417 Quia,
979 1358 997 1395 ε
1015 1327 1182 1427 nunquid
1205 1328 1378 1426 ignoratis
1407 1327 1545 1423 iratres,
1570 1360 1589 1398 »
1608 1330 1646 1404 id
1666 1346 1731 1424 est,
1754 1357 1829 1404 uon

227 1443 338 1522 credo
355 1444 456 1544 quod
471 1446 655 1544 ignoretis,
669 1473 689 1514 a
702 1446 788 1544 quia
803 1445 859 1522 ier
875 1447 912 1519 in
930 1446 1080 1522 homine
1092 1448 1314 1541 dominatur,
1329 1477 1348 1518 u
1363 1448 1400 1522 id
1415 1465 1481 1544 est,
1500 1451 1535 1523 ei
1546 1450 1594 1523 ab
1610 1450 1760 1524 homine
1775 1465 1831 1524 est
1927 1460 1931 1466 '

229 1565 488 1660 obediendum,
507 1566 669 1665 quandiu
685 1566 760 1666 ipsa
777 1567 883 1661 vivit,
901 1566 941 1642 id
961 1583 1031 1663 est,
1049 1582 1127 1643 toto
1143 1583 1307 1669 tempore
1322 1569 1424 1667 quod
1441 1571 1475 1642 ei
1495 1595 1516 1643 a
1538 1572 1696 1645 Domino
1714 1571 1831 1671 praefi·

228 1686 345 1761 nitum
357 1701 455 1759 estet
469 1710 694 1777 eoncessum,
714 1702 754 1759 ut
769 1688 845 1785 ejus
859 1686 1066 1764 obedientia
1080 1689 1195 1764 valeat
1208 1704 1245 1762 et
1261 1690 1398 1790 integre
1414 1691 1450 1763 in
1467 1691 1553 1789 ipsis
1573 1691 1682 1764 etiam
1700 1691 1831 1790 ligura·

228 1803 322 1879 libus
339 1806 525 1906 preceptis
540 1804 774 1880 custodiatur.
791 1805 901 1894 Quod
916 1823 1036 1904 autern
1052 1809 1265 1909 interponit,
1284 1840 1301 1876 α
1315 1808 1512 1884 scientibus
1520 1823 1642 1883 autem
1650 1812 1796 1909 loquor,
1813 1841 1831 1880 a

228 1924 268 2000 id
285 1941 352 2020 est,
370 1926 475 2000 vobis
496 1927 560 2026 qui
572 1928 688 2025 legem
700 1926 917 2025 iamdudum
933 1928 1107 2006 didicistis
1126 1958 1135 2004 z
1156 1930 1316 2004 ostendit
1330 1929 1426 2004 hanc
1442 1929 1686 2004 invectionem
1705 1931 1752 2004 ad
1770 1957 1833 2005 eos

229 2047 292 2145 qui
309 2072 354 2120 er
366 2045 497 2122 ludaeis
512 2046 753 2143 crediderant,
768 2047 969 2148 specialiter
988 2066 1164 2150 spectare,
1184 2049 1381 2147 dequibus
1403 2051 1506 2148 quasi
1524 2074 1670 2124 causam
1695 2051 1756 2124 hic
1781 2052 1835 2123 in·

230 2168 383 2262 terserit,
402 2167 503 2266 quod
518 2167 561 2242 id
572 2168 673 2267 quod
689 2168 777 2242 dicit
791 2194 867 2244 non
884 2170 1064 2268 ignorent,
1083 2175 1171 2270 quia
1184 2173 1300 2267 legem
1308 2170 1525 2262 didicerunt,
1536 2195 1617 2268 quae
1631 2170 1831 2266 hoodocet,

232 2299 376 2386 tempus
387 2288 551 2361 videlicet
562 2314 641 2362 eam
654 2287 789 2361 habere
804 2289 1004 2389 praefixum,
1028 2291 1084 2364 vel
1101 2297 1215 2364 aDeo
1232 2290 1522 2375 determinatum,
1543 2304 1673 2363 utnon
1692 2314 1834 2390 semper

233 2419 275 2479 ut
290 2406 429 2481 dictum
444 2424 497 2484 εει
511 2409 619 2502 vivat,
639 2410 732 2512 sicut
744 2412 932 2510 supposito
951 2412 1138 2490 Hieremia
1155 2410 1361 2486 testimonio
1384 2408 1633 2499 confirmatur,
1658 2411 1733 2483 sive
1757 2410 1835 2484 aliis

233 2527 370 2602 Veteris
380 2530 595 2602 Testamenti
611 2528 711 2603 locis.

281 2675 302 2717 a
316 2651 407 2722 Nam
429 2673 520 2747 quae.
537 2676 556 2717 u
579 2648 712 2724 Probat
733 2649 953 2749 competenti
977 2648 1225 2742 similitudine,
1244 2648 1332 2747 quia
1354 2648 1412 2722 lex
1435 2671 1480 2720 eo
1504 2662 1668 2747 ternpore
1693 2663 1835 2722 tantum

234 2791 307 2867 quo
327 2768 416 2842 vivit
436 2768 617 2844 dominari
639 2768 749 2845 hahet
771 2768 909 2870 populo
927 2767 1104 2866 subjecto,
1130 2770 1216 2867 quia
1238 2784 1275 2844 et
1290 2769 1345 2843 vir
1360 2766 1512 2866 quilibet
1531 2768 1635 2840 uxori
1659 2768 1728 2841 sibi
1752 2769 1836 2842 alli·-

233 2902 321 2987 gatoe
336 2913 414 2964 non
437 2888 547 2966 habet
563 2889 766 2966 dominium
784 2890 853 2968 niti
875 2888 965 2966 dum
989 2890 1089 2964 vivit.
1109 2893 1155 2964 Et
1171 2889 1243 2964 hoc
1260 2903 1313 2963 est
1330 2915 1339 2963 r
1361 2892 1486 2962 «Nam
1503 2913 1583 2987 quae
1602 2888 1671 2962 sub
1687 2890 1766 2962 viro
1783 2904 1836 2963 est

235 3010 375 3105 mulbr,
389 3040 406 3081 u
425 3012 465 3089 id
487 3014 595 3091 eetei
620 3029 796 3114 unquam
811 3012 989 3115 superiori
1009 3014 1180 3113 copulata
1195 3027 1268 3105 est,
1290 3037 1367 3087 «eo
1382 3012 1524 3086 vivente
1541 3012 1681 3110 alligata
1698 3028 1751 3087 est
1766 3015 1836 3113 legi

234 3133 358 3232 ipsius,
371 3160 390 3203 a
406 3132 445 3208 id
459 3148 514 3207 est
524 3133 595 3231 legi
607 3135 775 3225 maritali,
793 3149 835 3209 nt
850 3133 1017 3209 videlicet
1032 3132 1093 3207 alii
1108 3132 1247 3209 nubere
1258 3158 1334 3207 non
1350 3134 1477 3230 possit.
1501 3161 1519 3201 a
1534 3136 1629 3228 Ergo
1647 3134 1800 3223 vivente,
1815 3162 1834 3200 u

234 3253 319 3350 quia
335 3252 468 3325 scilicet
481 3252 622 3349 alligata
638 3268 692 3327 est
702 3255 751 3326 ita
766 3253 837 3351 legi
853 3253 1084 3325 matrimonii.
1105 3255 1257 3350 «ltaque
1273 3251 1410 3324 fratres.
1422 3279 1440 3317 u
1455 3252 1676 3323 Praemissam
1692 3251 1838 3349 adaptat

235 3370 349 3445 modo
366 3371 655 3468 similitudinem,
673 3373 795 3447 dicens
817 3402 834 3441 ι(
853 3386 890 3447 ει
909 3374 976 3467 ita,
992 3402 1011 3441 a
1030 3371 1070 3447 id
1087 3386 1159 3465 εει,
1182 3368 1492 3471 quemadmodum
1509 3394 1576 3442 vos
1592 3371 1655 3468 qui
1671 3370 1838 3467 primitus

232 3492 305 3590 legi
323 3490 496 3565 vivebatis
512 3518 577 3591 per
594 3492 839 3567 obedientiam
864 3495 897 3566 ei
921 3491 1093 3591 subjecti,
1112 3490 1248 3565 mortui
1268 3490 1345 3587 Jam
1362 3488 1444 3562 sacti
1461 3489 1543 3561 estis
1568 3490 1601 3561 ei
1621 3514 1686 3589 per
1706 3515 1840 3589 corpus

231 3610 382 3705 Christi,
401 3610 440 3683 id
456 3626 523 3706 est,
540 3638 606 3712 per
623 3614 739 3713 ipsam
756 3613 983 3712 praesentiam
997 3612 1156 3691 veritatis
1171 3610 1209 3689 in
1223 3609 1367 3683 Christo
1383 3607 1488 3687 vobis
1503 3608 1721 3700 erhibitam3
1740 3611 1841 3707 cujus

230 3730 388 3831 quidem
409 3731 567 3804 veritatis
587 3732 718 3806 umbra
739 3733 777 3805 in
799 3732 876 3828 lege
893 3731 1084 3831 praecessit.
1107 3735 1303 3828 Postquam
1329 3729 1426 3800 enirn
1453 3751 1509 3799 res
1525 3728 1604 3826 ipsa
1627 3729 1738 3819 venit,
1762 3753 1842 3826 quae

226 3874 303 3952 per
318 3875 359 3925 ae
374 3849 517 3947 sufficit,
534 3851 609 3949 jam
625 3877 702 3927 non
717 3867 772 3927 εει
788 3877 881 3952 opus
898 3850 1021 3950 liguris
1038 3848 1120 3941 illis,
1138 3875 1220 3948 qnae
1236 3850 1275 3922 in
1291 3849 1433 3947 siguum
1446 3847 1498 3920 rei
1514 3846 1640 3920 futurae
1655 3871 1843 3945 praecesse·

224 3987 344 4063 tamt,
370 3987 409 4045 et
423 3973 463 4049 in
480 3997 544 4070 spe
560 3986 702 4051 tantum
717 3972 813 4051 illius
828 3969 1049 4047 venerabiles
1072 3969 1313 4058 estimantur,
1334 3994 1382 4042 ne
1402 3969 1433 4042 si
1449 3983 1485 4043 et
1500 3965 1621 4064 figurae
1639 3968 1705 4041 illae
1723 3969 1842 4042 adhuc

222 4106 522 4193 perseverarent,
542 4092 664 4167 adhuc
678 4106 945 4193 exspectaretur
960 4091 1121 4167 futurum
1140 4089 1242 4189 quod
1257 4090 1333 4187 jam
1349 4103 1404 4163 est
1419 4088 1657 4188 praeteritum3
1677 4104 1713 4162 et
1730 4089 1843 4163 Judaei

222 4213 285 4286 de
310 4236 377 4287 sua
403 4202 524 4287 adhuc
553 4227 729 4291 vetustate
754 4213 948 4310 gloriantes
972 4227 1103 4289 nuurae
1126 4211 1339 4287 insultarent
1363 4211 1533 4303 novitati,
1560 4224 1598 4282 et
1620 4210 1773 4310 amplius
1796 4212 1843 4291 de

219 4331 413 4433 operibus
435 4333 521 4432 ipsis
542 4357 651 4431 qnam
670 4333 718 4407 de
735 4332 811 4411 fide
825 4333 957 4409 Christi
982 4331 1148 4409 nonnulli
1172 4330 1409 4415 confiderent,
1435 4354 1546 4428 quam
1570 4329 1649 4403 sine
1673 4331 1843 4430 operibus

211 4453 391 4531 minime
418 4451 580 4531 unnoere
617 4454 818 4529 crederent.
846 4452 1055 4531 Notandum
1080 4477 1168 4527 vero
1194 4450 1296 4550 quod
1329 4474 1415 4523 oum
1438 4448 1539 4545 juxta
1572 4450 1842 4524 similitudinem

211 4572 447 4663 inductam,
471 4575 750 4663 convenientius
777 4572 974 4651 dicandum
1000 4573 1185 4651 videretur
1210 4573 1325 4668 legem
1354 4568 1461 4642 nohis
1494 4569 1603 4642 luisse
1634 4586 1840 4662 mortuam,

205 4717 353 4795 quarn
378 4718 448 4768 nos
469 4693 567 4792 legi:
587 4694 673 4792 quia
697 4707 817 4771 tanen
841 4693 969 4771 eadem
990 4709 1048 4767 est
1071 4693 1268 4783 sententia,
1289 4690 1340 4765 nil
1365 4688 1471 4763 refert
1490 4689 1564 4763 sive
1589 4689 1661 4763 hoc
1683 4692 1757 4763 sive
1781 4689 1843 4761 illo

204 4813 358 4893 modo
374 4814 526 4889 dicatur.
549 4844 567 4885 κ
580 4818 631 4890 Ut
646 4816 722 4891 sitis
742 4814 907 4907 atterius,
922 4843 941 4887 u
958 4814 998 4890 id
1013 4828 1068 4889 εει
1085 4812 1236 4906 Christi,
1257 4812 1334 4910 ejus
1350 4824 1492 4885 tantum
1508 4808 1721 4889 obedientiae
1737 4824 1846 4907 atque

251 5094 264 5126 ⁸
277 5087 388 5150 Heu..
400 5102 455 5153 cap.
474 5103 500 5141 x.
512 5116 542 5128 -
558 5089 677 5151 'terem¹
689 5104 745 5154 cap.
759 5103 827 5152 rur,
840 5102 863 5142 r.
877 5092 918 5142 ιι.
