4559 6100
468 502 539 573 tto
1071 499 1200 572 Putet
1225 498 1461 573 tumetum

465 650 586 748 aliquo
602 648 718 721 modo
731 648 956 748 diciturque
972 675 1040 725 nos
1056 651 1172 725 facere
1188 650 1287 744 iacit,
1306 651 1398 725 sieut
1424 648 1524 722 dives
1546 646 1676 745 aliquis
1695 662 1832 719 ninom
1847 670 2068 747 compsam

467 793 532 870 per
544 766 693 867 opifices
708 793 801 866 quos
816 770 979 865 adhibet,
990 786 1027 844 et
1039 796 1149 872 posse
1158 770 1280 843 omnia
1295 768 1438 841 efficere
1447 767 1665 866 dicioni-qui,
1679 766 1755 839 sive
1770 791 1838 866 per
1850 791 1903 857 se,
1914 768 1991 840 sive
2003 793 2068 867 per

468 883 664 981 subjectam
680 899 881 958 ereaturam
897 888 1020 961 omnia
1036 912 1116 985 quae
1130 885 1207 959 vuit
1224 872 1260 959 et
1274 882 1462 981 quomodo
1477 881 1554 955 vult
1568 897 1749 982 operetur.
1763 912 1782 949 s
1800 886 1890 955 Nam
1907 884 1973 956 etsi
1992 909 2066 956 non

468 1016 588 1104 potest
600 1000 804 1094 ambulare,
823 1018 944 1080 tamen
970 1007 1086 1080 faeere
1112 1020 1231 1107 potest
1250 1020 1290 1077 ut
1317 1002 1540 1097 ambuletur,
1562 1002 1635 1076 hoo
1650 1016 1762 1075 estut
1781 1001 1873 1075 eiius
1887 1002 2064 1092 ambulet,

469 1123 647 1220 cumipse
666 1122 713 1195 ad
735 1122 807 1196 hoo
821 1125 877 1198 sui
891 1128 1079 1205 erestisne
1091 1149 1273 1224 quemque
1289 1138 1420 1223 aptum·
1431 1137 1624 1223 preparet,
1648 1137 1684 1195 et
1700 1122 1739 1193 in
1762 1122 1845 1222 ipso
1859 1123 1967 1195 etiarn
1984 1137 2066 1197 actu

468 1244 589 1343 ipsum
611 1257 800 1316 conservet
824 1257 860 1316 et
880 1261 1072 1337 sustentet,
1100 1260 1137 1319 et
1160 1242 1262 1317 hune
1287 1242 1346 1315 ille
1372 1255 1495 1315 sctum
1512 1242 1665 1343 expleat.
1694 1246 1802 1317 Posse
1824 1241 1945 1340 itaque
1968 1245 2067 1315 Deus

469 1363 591 1435 omnia
605 1361 747 1453 dieitur,
767 1388 842 1441 non
861 1366 961 1463 quod
980 1390 1107 1439 omnes
1124 1364 1306 1464 suscipere
1321 1363 1435 1463 possit
1449 1363 1609 1436 notiones
1617 1416 1633 1453 ‚1
1645 1361 1708 1434 sed
1725 1359 1826 1460 quod
1842 1362 1879 1433 in
1898 1359 2067 1434 omnibns

468 1506 547 1579 quae
559 1480 638 1554 iiesi
655 1481 755 1573 velit,
772 1483 862 1556 nihil
882 1485 961 1582 ejus
972 1486 1148 1560 voluntati
1164 1485 1327 1558 resistere
1345 1497 1466 1583 queat.
1485 1483 1577 1555 Hinc
1590 1480 1679 1555 iilud
1695 1478 1864 1579 estquod
1881 1481 1920 1552 in
1936 1482 2066 1555 Euchi-

468 1599 586 1672 ridzbn
600 1600 732 1677 beatus
744 1620 1006 1691 commemorat
1022 1607 1283 1704 Augustinus¹2
1305 1608 1463 1700 «Neque
1480 1603 1577 1676 enim
1592 1601 1642 1675 ob
1659 1599 1758 1674 aliud
1775 1600 1949 1675 veraciter
1963 1625 2068 1674 voca·

469 1734 527 1791 tur
541 1721 789 1820 omnipotens,
811 1725 882 1796 nisi
907 1727 1080 1824 quoniam
1101 1723 1280 1825 quidquid
1303 1723 1398 1813 vult,
1425 1736 1561 1822 potest,
1581 1746 1652 1794 neo
1670 1721 1855 1793 voluntate
1868 1720 2067 1819 cujuspiam

468 1854 651 1932 creatum,
667 1840 859 1915 voluntatis
874 1846 1133 1946 omnipotentis
1145 1845 1339 1944 impeditur
1349 1843 1510 1916 effectus.
1523 1872 1540 1910 s
1553 1840 1653 1914 Idem
1663 1841 1701 1912 in
1714 1837 1809 1911 libro
1820 1838 1864 1911 de'
1880 1841 2020 1937 Spiriw
2034 1857 2071 1912 et

470 1957 590 2031 littera
602 1987 613 2031 .·
625 1965 733 2034 «Non
745 1976 863 2061 potest
876 1964 990 2038 focem
1002 1965 1146 2063 injusta,
1158 1966 1244 2065 quia
1257 1979 1310 2039 est
1322 1986 1463 2036 summa
1472 1962 1608 2060 justitia
1616 1974 1653 2034 et
1661 1959 1818 2032 bonitas.
1831 1960 2069 2058 Omnipotens

469 2104 555 2152 vero
572 2095 645 2171 est,
660 2105 734 2153 non
762 2083 863 2181 quod
880 2084 994 2183 possit
1011 2086 1133 2159 omnia
1150 2085 1284 2178 iacere,
1303 2083 1368 2157 sed
1381 2084 1465 2181 quia
1483 2096 1601 2182 potest
1621 2079 1762 2154 efficere
1778 2078 1955 2177 quidquid
1971 2079 2065 2171 vuit,

467 2197 516 2271 ita
533 2213 574 2271 ut
593 2199 644 2275 nil
661 2201 774 2274 valeat
798 2204 960 2277 resistere
985 2205 1065 2302 ejus
1081 2204 1276 2293 voluntati,
1295 2204 1383 2302 quin
1407 2203 1643 2302 compleatur,
1664 2201 1719 2273 vei
1742 2199 1864 2298 aliquo
1881 2192 2069 2272 modoini·

464 2316 589 2416 pedire
614 2343 707 2392 ean.
728 2350 747 2389 n
770 2325 927 2396 ioannes
942 2324 1221 2421 Chrysostomus
1247 2323 1407 2395 Homilai
1428 2347 1539 2395 xxvm
1563 2321 1610 2399 de
1634 2321 1857 2421 expositione
1886 2319 2066 2418 Symboli,

466 2459 545 2533 quae
570 2438 621 2510 sie
643 2440 799 2539 incipn=
825 2445 940 2543 Super
969 2443 1146 2516 fabricam
1170 2444 1279 2517 totius
1309 2441 1502 2515 Ecclesiae:
1532 2472 1549 2509 α
1575 2441 1692 2516 Credo
1722 2442 1759 2513 in
1783 2445 1899 2515 Deum
1928 2445 2068 2513 Patrem

468 2560 769 2656 omnipotentem.
803 2563 1041 2661 Omnipotens
1073 2563 1233 2654 dicitur‚'
1258 2564 1344 2661 quia
1378 2587 1484 2662 posse
1519 2560 1615 2635 illins
1650 2586 1724 2634 non
1761 2574 1880 2661 potest
1918 2560 2069 2632 inveniri

468 2685 542 2747 non
565 2701 689 2775 posse,
710 2678 852 2752 dieente
877 2682 1080 2781 Propheta;
1100 2682 1261 2756 «Omnia
1279 2706 1502 2781 quecunque
1518 2681 1632 2755 voluit
1649 2681 1765 2755 fecit¹.
1783 2711 1800 2747 s
1820 2685 1898 2779 lpse
1914 2693 1966 2751 est
1982 2704 2068 2778 ergo
2127 2668 2132 2677 ¹

469 2795 753 2893 omnipotentia,
781 2812 823 2870 ut
845 2813 963 2872 totum
996 2800 1096 2899 quod
1130 2801 1224 2891 vult,
1257 2803 1381 2900 possit.
1413 2801 1518 2875 Unde
1545 2816 1582 2875 et
1606 2802 1796 2901 Apostolos
1820 2826 1828 2870 ε
1851 2797 2071 2873 «Voluntati

468 2914 546 3011 ejus
576 2915 659 3011 quis
684 2916 863 2990 resistit⁸i
881 2947 899 2987 n
919 2924 962 2991 Et
988 2919 1197 2993 Psalmista:
1223 2949 1240 2990 n
1261 2924 1493 3019 Quaecunque
1514 2922 1628 2995 voluit
1655 2921 1765 2994 feeit⁸.
1787 2950 1807 2989 i>
1832 2920 1903 2994 Sed
1932 2933 2070 2993 etcum

468 3031 554 3107 aiibi
579 3033 676 3108 dieat
706 3036 925 3135 Apostolus:
948 3039 1176 3113 «Deusvult
1203 3066 1329 3115 omnes
1349 3042 1466 3116 salvos
1482 3040 1581 3136 fieri,
1603 3057 1639 3115 et
1665 3041 1846 3115 neminem
1870 3039 2027 3140 perire⁸,
2050 3073 2067 3107 s

462 3154 563 3250 juxta
594 3153 683 3227 illud
705 3156 860 3254 quidem.
881 3158 1094 3257 Prophetae:
1118 3189 1135 3230 n
1156 3160 1248 3236 Nolo
1267 3165 1421 3234 mortem
1447 3163 1665 3262 peecatoris,
1685 3141 1755 3234 sed
1770 3163 1883 3258 magis
1912 3176 1952 3233 ut
1980 3185 2070 3233 con-

467 3287 627 3348 vertatur
647 3289 683 3346 et
708 3277 841 3369 vivat⁸3
863 3295 935 3351 net
956 3304 1021 3379 per
1044 3282 1270 3381 semetipsam
1292 3282 1431 3355 Veritas
1455 3281 1641 3355 obstinatae
1670 3295 1706 3355 et
1732 3280 1946 3356 damnandae
1977 3279 2071 3354 dioet

466 3393 621 3467 civitati:
639 3426 656 3461 α
670 3397 822 3484 Quoties
834 3398 934 3473 volui
951 3423 1169 3499 congregare
1187 3400 1281 3475 filios
1294 3415 1390 3495 tuos,
1410 3403 1513 3501 quasi
1529 3402 1659 3502 gallina
1676 3401 1795 3502 pullos
1808 3406 1926 3493 suos',
1944 3415 2029 3492 ete,
2050 3429 2068 3470 n

468 3526 565 3610 patet
583 3513 704 3610 itaque
725 3514 855 3592 divinae
870 3518 1065 3595 voluntatis
1081 3520 1300 3595 vocabulum
1325 3521 1471 3598 duobus
1491 3521 1608 3596 modis
1623 3546 1701 3596 esse
1717 3520 1949 3595 sumendum.
1971 3521 2072 3594 Alio-

469 3632 556 3729 quin
570 3657 655 3708 cum
670 3636 768 3708 Deus
782 3637 904 3712 omnia
921 3664 1147 3737 quecunque
1160 3642 1275 3714 voluit
1291 3641 1414 3731 faeiat,
1432 3658 1468 3716 st
1483 3667 1612 3716 omnes
1627 3643 1744 3716 salvos
1760 3640 1836 3714 fieri
1849 3640 1945 3729 velit,
1967 3664 2072 3737 cogo-

469 3775 556 3826 mue
569 3753 692 3850 ntique
708 3752 868 3852 profiteri
886 3780 1012 3831 omnes
1028 3758 1248 3858 quandoque
1264 3760 1455 3835 salvandos
1464 3787 1553 3835 esse«.
1568 3761 1673 3835 Velle
1684 3763 1805 3861 itaque
1818 3765 1913 3832 Deus
1925 3758 2073 3860 duobus

471 3870 589 3946 modis
611 3871 755 3964 dicitur,
779 3889 842 3948 aut
863 3877 1063 3952 seeundum
1079 3878 1213 3952 scilieet
1228 3880 1463 3980 providentie
1480 3908 1552 3956 suae
1568 3882 1852 3971 ordinationem,
1871 3861 2071 3954 secundom

468 3989 573 4088 quod
584 3990 718 4069 soiliest
734 3993 869 4093 aliquid
882 3994 1042 4095 disponit
1057 3997 1157 4097 apud
1171 4024 1210 4072 so
1225 4024 1267 4073 ac
1281 4000 1455 4075 deliberat
1464 4004 1657 4102 statuitque
1677 4003 1714 4075 in
1738 4025 1803 4075 sua
1821 3999 2068 4101 providentia,

471 4121 512 4180 ut
525 4110 576 4184 sic
594 4112 828 4209 postmodum
844 4115 1045 4215 compleat,
1061 4132 1123 4190 ant
1137 4120 1341 4194 secundum
1356 4122 1497 4195 oonsilii
1512 4122 1804 4197 adhortationem
1821 4121 1880 4200 vel
1896 4119 2073 4220 approba·

469 4227 606 4306 tionem
619 4255 693 4328 qua
709 4258 1005 4334 unumquemque
1020 4236 1154 4312 adhoc
1167 4240 1354 4336 admonet,
1367 4241 1467 4341 quod
1483 4268 1548 4342 per
1563 4245 1711 4341 gratiam
1728 4267 1830 4315 suam
1843 4264 2073 4315 remunerere

469 4362 615 4447 postus
635 4366 702 4426 est.
728 4357 772 4428 Et
791 4355 892 4451 juna
916 4357 1073 4455 priorem
1092 4359 1423 4457 quidemmodum,
1443 4389 1518 4463 quo
1534 4363 1738 4438 Deusvelle
1754 4361 1912 4460 aliquid⁸
1928 4360 2070 4449 dicitur,

469 4466 548 4544 hoo
564 4485 618 4543 est
641 4496 682 4546 ea
700 4474 815 4570 gentis
828 4500 899 4550 sua.
911 4475 1095 4569 ordinare,
1115 4493 1224 4578 atque
1240 4482 1339 4581 apud
1361 4508 1399 4556 se
1415 4498 1569 4557 statuere
1596 4499 1637 4557 ut
1653 4482 1741 4556 fiant
1758 4483 1892 4582 aliqua,
1910 4496 1982 4554 tam
2006 4503 2075 4552 nos

469 4610 580 4684 quam
602 4591 764 4689 Apostoli
789 4595 835 4668 in.
852 4595 908 4668 his
930 4621 1010 4695 qnae
1025 4596 1103 4686 fleri
1120 4600 1213 4692 vult,
1234 4602 1375 4699 nil=ejus
1392 4603 1570 4676 voluntati
1594 4604 1754 4677 resistere
1776 4602 2071 4703 possedimus,

468 4732 545 4787 neo
558 4733 638 4788 emt
654 4710 960 4814 aliquoimpediri
977 4741 1081 4810 nasu,
1101 4722 1160 4792 eui
1177 4723 1300 4794 omnia
1318 4747 1464 4798 neeesse
1479 4724 1526 4795 sit
1541 4722 1702 4797 obedire.
1721 4721 1928 4796 Secundum
1952 4737 2073 4795 autem

503 5024 577 5087 '⁰¹1³-
600 5039 666 5078 xciv.
687 5028 764 5092 Opp„
777 5037 795 5080 t.
810 5027 849 5091 Vi,
861 5031 908 5080 ool.
924 5033 978 5082 tat.
994 5057 1023 5070 ·-
1035 5031 1152 5083 ’Proin
1173 5045 1242 5096 aaut,
1298 5057 1325 5072 -
1339 5034 1368 5085 δΙ
1381 5036 1455 5097 Tine,
1466 5050 1521 5100 esp.
1534 5049 1567 5095 n.
1581 5051 1602 5086 v.
1615 5037 1639 5088 t.
1652 5063 1680 5075 -
1692 5033 1812 5095 wiern,
1828 5047 1882 5097 sap.
1895 5046 1982 5095 min,
1995 5046 2018 5082 t.
2032 5033 2074 5084 lt.

469 5116 483 5150 t
506 5106 530 5155 t.
542 5131 572 5145 -
584 5107 687 5171 ’Ronm
699 5122 753 5172 cap.
766 5122 801 5172 tx,
813 5124 836 5161 v.
851 5114 889 5165 ts.
903 5136 931 5154 a·
943 5113 952 5145 ⁴
959 5113 1057 5167 Psolss.
1070 5128 1168 5178 mun,
1182 5130 1204 5168 t.
1217 5120 1240 5169 6.
1297 5140 1326 5154 -·
1346 5118 1355 5148 ²
1368 5118 1467 5178 Haut..
1488 5131 1543 5181 cap.
1560 5130 1630 5180 mii,
1642 5130 1665 5166 v.
1677 5121 1715 5169 st.
1727 5144 1756 5155 -
1770 5115 1876 5168 utine.
1890 5113 1961 5166 hs.
