<?xml version="1.0" encoding="UTF-8"?>
<!DOCTYPE html PUBLIC "-//W3C//DTD XHTML 1.0 Transitional//EN"
    "http://www.w3.org/TR/xhtml1/DTD/xhtml1-transitional.dtd">
<html xmlns="http://www.w3.org/1999/xhtml" xml:lang="en" lang="en">
 <head>
  <title>
</title>
<meta http-equiv="Content-Type" content="text/html;charset=utf-8" />
  <meta name='ocr-system' content='tesseract 3.04.00' />
  <meta name='ocr-capabilities' content='ocr_page ocr_carea ocr_par ocr_line ocrx_word'/>
</head>
<body>
  <div class='ocr_page' id='page_1' title='image "./petriablardiope00despgoog_0623.png"; bbox 0 0 4559 6100; ppageno 0'>
   <div class='ocr_carea' id='block_1_1' title="bbox 635 530 1437 611">
    <p class='ocr_par' dir='ltr' id='par_1_1' title="bbox 635 530 1437 611">
     <span class='ocr_line' id='line_1_1' title="bbox 635 530 1437 611; baseline -0.004 -3"><span class='ocrx_word' id='word_1_1' title='bbox 635 537 831 611; x_wconf 81' lang='lat' dir='ltr'>EPlTOllE</span> <span class='ocrx_word' id='word_1_2' title='bbox 855 535 1126 610; x_wconf 82' lang='lat' dir='ltr'><strong>THEOLOGIAE</strong></span> <span class='ocrx_word' id='word_1_3' title='bbox 1151 530 1437 609; x_wconf 79' lang='lat' dir='ltr'>cnutsrttNAE.</span> 
     </span>
    </p>
   </div>
   <div class='ocr_carea' id='block_1_2' title="bbox 842 911 1236 1004">
    <p class='ocr_par' dir='ltr' id='par_1_2' title="bbox 842 911 1236 1004">
     <span class='ocr_line' id='line_1_2' title="bbox 842 911 1236 1004; baseline -0.003 -1"><span class='ocrx_word' id='word_1_4' title='bbox 842 912 1022 1003; x_wconf 85' lang='lat' dir='ltr'>CAPUT</span> <span class='ocrx_word' id='word_1_5' title='bbox 1057 911 1236 1004; x_wconf 80' lang='lat' dir='ltr'><strong>XXVII.</strong></span> 
     </span>
    </p>
   </div>
   <div class='ocr_carea' id='block_1_3' title="bbox 671 1126 1527 1191">
    <p class='ocr_par' dir='ltr' id='par_1_3' title="bbox 671 1126 1527 1191">
     <span class='ocr_line' id='line_1_3' title="bbox 671 1126 1527 1191; baseline -0.007 0"><span class='ocrx_word' id='word_1_6' title='bbox 671 1137 718 1191; x_wconf 80' lang='lat' dir='ltr'>An</span> <span class='ocrx_word' id='word_1_7' title='bbox 740 1130 811 1191; x_wconf 90' lang='lat' dir='ltr'>unio</span> <span class='ocrx_word' id='word_1_8' title='bbox 828 1130 880 1190; x_wconf 85' lang='lat' dir='ltr'>illa</span> <span class='ocrx_word' id='word_1_9' title='bbox 900 1130 932 1189; x_wconf 92' lang='lat' dir='ltr'>in</span> <span class='ocrx_word' id='word_1_10' title='bbox 957 1141 1050 1189; x_wconf 89' lang='lat' dir='ltr'>morte</span> <span class='ocrx_word' id='word_1_11' title='bbox 1073 1127 1180 1189; x_wconf 82' lang='lat' dir='ltr'>Christi</span> <span class='ocrx_word' id='word_1_12' title='bbox 1206 1127 1295 1188; x_wconf 90' lang='lat' dir='ltr'>fuerit</span> <span class='ocrx_word' id='word_1_13' title='bbox 1319 1126 1431 1187; x_wconf 78' lang='lat' dir='ltr'>divisa?</span> <span class='ocrx_word' id='word_1_14' title='bbox 1525 1166 1527 1175; x_wconf 84' lang='lat'>.</span> 
     </span>
    </p>
   </div>
   <div class='ocr_carea' id='block_1_4' title="bbox 243 1299 1939 5010">
    <p class='ocr_par' dir='ltr' id='par_1_4' title="bbox 243 1299 1939 5010">
     <span class='ocr_line' id='line_1_4' title="bbox 291 1299 1838 1405; baseline -0.005 -22"><span class='ocrx_word' id='word_1_15' title='bbox 291 1318 338 1383; x_wconf 91' lang='lat' dir='ltr'>De</span> <span class='ocrx_word' id='word_1_16' title='bbox 357 1318 478 1382; x_wconf 90' lang='lat' dir='ltr'>unione</span> <span class='ocrx_word' id='word_1_17' title='bbox 495 1317 550 1381; x_wconf 89' lang='lat' dir='ltr'>illa</span> <span class='ocrx_word' id='word_1_18' title='bbox 572 1316 680 1383; x_wconf 90' lang='lat' dir='ltr'>adhuc</span> <span class='ocrx_word' id='word_1_19' title='bbox 700 1316 864 1405; x_wconf 74' lang='lat' dir='ltr'>quaeritur,</span> <span class='ocrx_word' id='word_1_20' title='bbox 882 1338 923 1380; x_wconf 90' lang='lat' dir='ltr'>an</span> <span class='ocrx_word' id='word_1_21' title='bbox 944 1315 978 1379; x_wconf 93' lang='lat' dir='ltr'>in</span> <span class='ocrx_word' id='word_1_22' title='bbox 999 1329 1104 1378; x_wconf 90' lang='lat' dir='ltr'>morte</span> <span class='ocrx_word' id='word_1_23' title='bbox 1124 1313 1220 1378; x_wconf 91' lang='lat' dir='ltr'>fuerit</span> <span class='ocrx_word' id='word_1_24' title='bbox 1244 1310 1364 1378; x_wconf 79' lang='lat' dir='ltr'>divisa?</span> <span class='ocrx_word' id='word_1_25' title='bbox 1380 1311 1522 1396; x_wconf 86' lang='lat' dir='ltr'><strong>Quidam</strong></span> <span class='ocrx_word' id='word_1_26' title='bbox 1545 1328 1690 1377; x_wconf 87' lang='lat' dir='ltr'><strong>auctores</strong></span> <span class='ocrx_word' id='word_1_27' title='bbox 1705 1299 1838 1391; x_wconf 86' lang='lat' dir='ltr'>volunt,</span> 
     </span>
     <span class='ocr_line' id='line_1_5' title="bbox 245 1409 1841 1504; baseline -0.005 -22"><span class='ocrx_word' id='word_1_28' title='bbox 245 1416 335 1504; x_wconf 90' lang='lat' dir='ltr'>quod</span> <span class='ocrx_word' id='word_1_29' title='bbox 346 1415 491 1481; x_wconf 84' lang='lat' dir='ltr'>Verbum</span> <span class='ocrx_word' id='word_1_30' title='bbox 500 1438 666 1503; x_wconf 88' lang='lat' dir='ltr'>nunquam</span> <span class='ocrx_word' id='word_1_31' title='bbox 680 1413 819 1480; x_wconf 89' lang='lat' dir='ltr'>deseruit</span> <span class='ocrx_word' id='word_1_32' title='bbox 827 1414 1007 1490; x_wconf 91' lang='lat' dir='ltr'>homiuem,</span> <span class='ocrx_word' id='word_1_33' title='bbox 1025 1428 1058 1477; x_wconf 94' lang='lat' dir='ltr'>et</span> <span class='ocrx_word' id='word_1_34' title='bbox 1073 1433 1186 1475; x_wconf 85' lang='lat' dir='ltr'>verum</span> <span class='ocrx_word' id='word_1_35' title='bbox 1201 1426 1260 1489; x_wconf 85' lang='lat' dir='ltr'>est,</span> <span class='ocrx_word' id='word_1_36' title='bbox 1272 1409 1360 1500; x_wconf 91' lang='lat' dir='ltr'>quo&#39;d</span> <span class='ocrx_word' id='word_1_37' title='bbox 1370 1434 1437 1475; x_wconf 91' lang='lat' dir='ltr'>non</span> <span class='ocrx_word' id='word_1_38' title='bbox 1454 1409 1654 1500; x_wconf 90' lang='lat' dir='ltr'>deseru(er)it</span> <span class='ocrx_word' id='word_1_39' title='bbox 1665 1411 1841 1475; x_wconf 88' lang='lat' dir='ltr'>humanam</span> 
     </span>
     <span class='ocr_line' id='line_1_6' title="bbox 247 1507 1842 1603; baseline -0.004 -26"><span class='ocrx_word' id='word_1_40' title='bbox 247 1530 407 1578; x_wconf 89' lang='lat' dir='ltr'>naturam.</span> <span class='ocrx_word' id='word_1_41' title='bbox 430 1513 626 1603; x_wconf 82' lang='lat' dir='ltr'>Augustinus</span> <span class='ocrx_word' id='word_1_42' title='bbox 649 1535 778 1601; x_wconf 91' lang='lat' dir='ltr'>quoque</span> <span class='ocrx_word' id='word_1_43' title='bbox 804 1510 899 1589; x_wconf 89' lang='lat' dir='ltr'>dicit,</span> <span class='ocrx_word' id='word_1_44' title='bbox 922 1509 1010 1600; x_wconf 91' lang='lat' dir='ltr'>quod</span> <span class='ocrx_word' id='word_1_45' title='bbox 1032 1532 1100 1574; x_wconf 92' lang='lat' dir='ltr'>non</span> <span class='ocrx_word' id='word_1_46' title='bbox 1124 1510 1221 1574; x_wconf 91' lang='lat' dir='ltr'>etiam</span> <span class='ocrx_word' id='word_1_47' title='bbox 1244 1530 1375 1573; x_wconf 88' lang='lat' dir='ltr'>caruem</span> <span class='ocrx_word' id='word_1_48' title='bbox 1397 1507 1588 1587; x_wconf 83' lang='lat' dir='ltr'>deseruerit,</span> <span class='ocrx_word' id='word_1_49' title='bbox 1615 1531 1654 1572; x_wconf 82' lang='lat' dir='ltr'>ex</span> <span class='ocrx_word' id='word_1_50' title='bbox 1678 1530 1744 1595; x_wconf 86' lang='lat' dir='ltr'>quo</span> <span class='ocrx_word' id='word_1_51' title='bbox 1769 1530 1842 1573; x_wconf 88' lang='lat' dir='ltr'>eam</span> 
     </span>
     <span class='ocr_line' id='line_1_7' title="bbox 247 1605 1840 1697; baseline -0.004 -21"><span class='ocrx_word' id='word_1_52' title='bbox 247 1611 405 1676; x_wconf 84' lang='lat' dir='ltr'>assumsit.</span> <span class='ocrx_word' id='word_1_53' title='bbox 425 1611 614 1675; x_wconf 90' lang='lat' dir='ltr'>Ambrosius</span> <span class='ocrx_word' id='word_1_54' title='bbox 629 1632 706 1675; x_wconf 89' lang='lat' dir='ltr'>vero</span> <span class='ocrx_word' id='word_1_55' title='bbox 721 1609 804 1674; x_wconf 83' lang='lat' dir='ltr'>velle</span> <span class='ocrx_word' id='word_1_56' title='bbox 819 1609 959 1692; x_wconf 88' lang='lat' dir='ltr'>videtur,</span> <span class='ocrx_word' id='word_1_57' title='bbox 977 1606 1066 1697; x_wconf 94' lang='lat' dir='ltr'>quod</span> <span class='ocrx_word' id='word_1_58' title='bbox 1083 1606 1231 1672; x_wconf 84' lang='lat' dir='ltr'>divinitas</span> <span class='ocrx_word' id='word_1_59' title='bbox 1247 1606 1281 1669; x_wconf 94' lang='lat' dir='ltr'>in</span> <span class='ocrx_word' id='word_1_60' title='bbox 1298 1621 1401 1670; x_wconf 91' lang='lat' dir='ltr'>morte</span> <span class='ocrx_word' id='word_1_61' title='bbox 1419 1630 1437 1671; x_wconf 89' lang='lat' dir='ltr'>a</span> <span class='ocrx_word' id='word_1_62' title='bbox 1452 1628 1548 1671; x_wconf 89' lang='lat' dir='ltr'>carne</span> <span class='ocrx_word' id='word_1_63' title='bbox 1564 1605 1661 1671; x_wconf 84' lang='lat' dir='ltr'>fuerit</span> <span class='ocrx_word' id='word_1_64' title='bbox 1675 1621 1840 1694; x_wconf 83' lang='lat' dir='ltr'>separata3</span> 
     </span>
     <span class='ocr_line' id='line_1_8' title="bbox 246 1703 1844 1797; baseline -0.003 -25"><span class='ocrx_word' id='word_1_65' title='bbox 246 1709 290 1772; x_wconf 90' lang='lat' dir='ltr'>ait</span> <span class='ocrx_word' id='word_1_66' title='bbox 306 1709 394 1774; x_wconf 91' lang='lat' dir='ltr'>enim</span> <span class='ocrx_word' id='word_1_67' title='bbox 405 1730 502 1797; x_wconf 91' lang='lat' dir='ltr'>super</span> <span class='ocrx_word' id='word_1_68' title='bbox 517 1708 638 1772; x_wconf 90' lang='lat' dir='ltr'>Lucam</span> <span class='ocrx_word' id='word_1_69' title='bbox 654 1729 662 1771; x_wconf 74' lang='grc' dir='ltr'><strong>ι</strong></span> <span class='ocrx_word' id='word_1_70' title='bbox 681 1705 805 1771; x_wconf 90' lang='lat' dir='ltr'>Clamat</span> <span class='ocrx_word' id='word_1_71' title='bbox 820 1708 976 1771; x_wconf 89' lang='lat' dir='ltr'>moritura</span> <span class='ocrx_word' id='word_1_72' title='bbox 993 1704 1194 1795; x_wconf 86' lang='lat' dir='ltr'>separatione</span> <span class='ocrx_word' id='word_1_73' title='bbox 1207 1703 1392 1768; x_wconf 86' lang='lat' dir='ltr'>divinitatis.</span> <span class='ocrx_word' id='word_1_74' title='bbox 1409 1703 1508 1786; x_wconf 92' lang='lat' dir='ltr'>Quod</span> <span class='ocrx_word' id='word_1_75' title='bbox 1523 1703 1655 1792; x_wconf 91' lang='lat' dir='ltr'>quidem</span> <span class='ocrx_word' id='word_1_76' title='bbox 1668 1703 1844 1768; x_wconf 86' lang='lat' dir='ltr'>rationabi-</span> 
     </span>
     <span class='ocr_line' id='line_1_9' title="bbox 243 1800 1843 1896; baseline -0.001 -28"><span class='ocrx_word' id='word_1_77' title='bbox 243 1804 303 1870; x_wconf 86' lang='lat' dir='ltr'>lius</span> <span class='ocrx_word' id='word_1_78' title='bbox 317 1828 383 1870; x_wconf 80' lang='lat' dir='ltr'>esse</span> <span class='ocrx_word' id='word_1_79' title='bbox 398 1803 538 1886; x_wconf 79' lang='lat' dir='ltr'>ridetur,</span> <span class='ocrx_word' id='word_1_80' title='bbox 553 1803 673 1893; x_wconf 92' lang='lat' dir='ltr'>quoda</span> <span class='ocrx_word' id='word_1_81' title='bbox 689 1828 824 1896; x_wconf 92' lang='lat' dir='ltr'>corpore</span> <span class='ocrx_word' id='word_1_82' title='bbox 836 1803 932 1869; x_wconf 90' lang='lat' dir='ltr'>fuerit</span> <span class='ocrx_word' id='word_1_83' title='bbox 944 1819 1101 1894; x_wconf 87' lang='lat' dir='ltr'>separata.</span> <span class='ocrx_word' id='word_1_84' title='bbox 1111 1801 1200 1866; x_wconf 87' lang='lat' dir='ltr'>Sicut</span> <span class='ocrx_word' id='word_1_85' title='bbox 1209 1801 1296 1866; x_wconf 90' lang='lat' dir='ltr'>enim</span> <span class='ocrx_word' id='word_1_86' title='bbox 1308 1824 1375 1865; x_wconf 93' lang='lat' dir='ltr'>non</span> <span class='ocrx_word' id='word_1_87' title='bbox 1384 1801 1489 1891; x_wconf 90' lang='lat' dir='ltr'>potuit</span> <span class='ocrx_word' id='word_1_88' title='bbox 1504 1800 1648 1891; x_wconf 87' lang='lat' dir='ltr'>adjungi,</span> <span class='ocrx_word' id='word_1_89' title='bbox 1663 1800 1723 1865; x_wconf 85' lang='lat' dir='ltr'>nisi</span> <span class='ocrx_word' id='word_1_90' title='bbox 1736 1801 1843 1866; x_wconf 84' lang='lat' dir='ltr'>anima</span> 
     </span>
     <span class='ocr_line' id='line_1_10' title="bbox 245 1896 1844 1989; baseline -0.001 -22"><span class='ocrx_word' id='word_1_91' title='bbox 245 1901 420 1984; x_wconf 87' lang='lat' dir='ltr'>mediante,</span> <span class='ocrx_word' id='word_1_92' title='bbox 439 1903 523 1967; x_wconf 90' lang='lat' dir='ltr'>sicin</span> <span class='ocrx_word' id='word_1_93' title='bbox 533 1925 572 1966; x_wconf 93' lang='lat' dir='ltr'>eo</span> <span class='ocrx_word' id='word_1_94' title='bbox 590 1926 656 1968; x_wconf 93' lang='lat' dir='ltr'>non</span> <span class='ocrx_word' id='word_1_95' title='bbox 675 1902 788 1969; x_wconf 83' lang='lat' dir='ltr'>debuit</span> <span class='ocrx_word' id='word_1_96' title='bbox 803 1924 981 1983; x_wconf 86' lang='lat' dir='ltr'>remanere,</span> <span class='ocrx_word' id='word_1_97' title='bbox 1000 1901 1107 1965; x_wconf 89' lang='lat' dir='ltr'>anima</span> <span class='ocrx_word' id='word_1_98' title='bbox 1124 1915 1281 1989; x_wconf 87' lang='lat' dir='ltr'>separata.</span> <span class='ocrx_word' id='word_1_99' title='bbox 1299 1896 1398 1980; x_wconf 92' lang='lat' dir='ltr'>Quod</span> <span class='ocrx_word' id='word_1_100' title='bbox 1414 1921 1492 1964; x_wconf 81' lang='lat' dir='ltr'>vero</span> <span class='ocrx_word' id='word_1_101' title='bbox 1506 1921 1574 1964; x_wconf 92' lang='lat' dir='ltr'>non</span> <span class='ocrx_word' id='word_1_102' title='bbox 1589 1900 1696 1988; x_wconf 90' lang='lat' dir='ltr'>potuit</span> <span class='ocrx_word' id='word_1_103' title='bbox 1712 1897 1844 1989; x_wconf 75' lang='lat' dir='ltr'>adjungi</span> 
     </span>
     <span class='ocr_line' id='line_1_11' title="bbox 243 1996 1843 2091; baseline -0.002 -28"><span class='ocrx_word' id='word_1_104' title='bbox 243 2000 305 2064; x_wconf 90' lang='lat' dir='ltr'>nisi</span> <span class='ocrx_word' id='word_1_105' title='bbox 326 2001 433 2064; x_wconf 89' lang='lat' dir='ltr'>anima</span> <span class='ocrx_word' id='word_1_106' title='bbox 455 1999 637 2083; x_wconf 80' lang='lat' dir='ltr'>mediante,</span> <span class='ocrx_word' id='word_1_107' title='bbox 656 2001 852 2091; x_wconf 86' lang='lat' dir='ltr'>Augustinus</span> <span class='ocrx_word' id='word_1_108' title='bbox 874 1998 962 2064; x_wconf 84' lang='lat' dir='ltr'>dicit.</span> <span class='ocrx_word' id='word_1_109' title='bbox 983 1998 1036 2062; x_wconf 91' lang='lat' dir='ltr'>Sic</span> <span class='ocrx_word' id='word_1_110' title='bbox 1052 1999 1150 2088; x_wconf 88' lang='lat' dir='ltr'>igitur</span> <span class='ocrx_word' id='word_1_111' title='bbox 1165 1997 1223 2061; x_wconf 90' lang='lat' dir='ltr'>etsi</span> <span class='ocrx_word' id='word_1_112' title='bbox 1240 1997 1317 2060; x_wconf 88' lang='lat' dir='ltr'>unio</span> <span class='ocrx_word' id='word_1_113' title='bbox 1337 2011 1517 2062; x_wconf 88' lang='lat' dir='ltr'>remaneret</span> <span class='ocrx_word' id='word_1_114' title='bbox 1535 2019 1608 2061; x_wconf 89' lang='lat' dir='ltr'>cum</span> <span class='ocrx_word' id='word_1_115' title='bbox 1628 1996 1753 2078; x_wconf 90' lang='lat' dir='ltr'>anima,</span> <span class='ocrx_word' id='word_1_116' title='bbox 1776 2019 1843 2062; x_wconf 91' lang='lat' dir='ltr'>non</span> 
     </span>
     <span class='ocr_line' id='line_1_12' title="bbox 246 2093 1844 2187; baseline -0.001 -26"><span class='ocrx_word' id='word_1_117' title='bbox 246 2113 445 2162; x_wconf 88' lang='lat' dir='ltr'>tamencum</span> <span class='ocrx_word' id='word_1_118' title='bbox 463 2099 569 2162; x_wconf 90' lang='lat' dir='ltr'>anima</span> <span class='ocrx_word' id='word_1_119' title='bbox 586 2114 619 2162; x_wconf 91' lang='lat' dir='ltr'>et</span> <span class='ocrx_word' id='word_1_120' title='bbox 638 2122 785 2187; x_wconf 88' lang='lat' dir='ltr'>corpore.</span> <span class='ocrx_word' id='word_1_121' title='bbox 805 2099 965 2182; x_wconf 85' lang='lat' dir='ltr'>Quaeritur</span> <span class='ocrx_word' id='word_1_122' title='bbox 980 2097 1081 2162; x_wconf 89' lang='lat' dir='ltr'>etiam</span> <span class='ocrx_word' id='word_1_123' title='bbox 1094 2112 1204 2160; x_wconf 90' lang='lat' dir='ltr'>utrum</span> <span class='ocrx_word' id='word_1_124' title='bbox 1220 2093 1368 2160; x_wconf 90' lang='lat' dir='ltr'>eamdem</span> <span class='ocrx_word' id='word_1_125' title='bbox 1384 2094 1550 2160; x_wconf 88' lang='lat' dir='ltr'>scientiam</span> <span class='ocrx_word' id='word_1_126' title='bbox 1569 2094 1720 2160; x_wconf 85' lang='lat' dir='ltr'>habuerit</span> <span class='ocrx_word' id='word_1_127' title='bbox 1737 2095 1844 2159; x_wconf 78' lang='lat' dir='ltr'>anima</span> 
     </span>
     <span class='ocr_line' id='line_1_13' title="bbox 244 2191 1842 2283; baseline 0 -26"><span class='ocrx_word' id='word_1_128' title='bbox 244 2193 312 2275; x_wconf 85' lang='lat' dir='ltr'>illa,</span> <span class='ocrx_word' id='word_1_129' title='bbox 328 2217 425 2283; x_wconf 90' lang='lat' dir='ltr'>quam</span> <span class='ocrx_word' id='word_1_130' title='bbox 441 2195 587 2259; x_wconf 89' lang='lat' dir='ltr'>Verbum</span> <span class='ocrx_word' id='word_1_131' title='bbox 602 2194 757 2260; x_wconf 86' lang='lat' dir='ltr'>habebat.</span> <span class='ocrx_word' id='word_1_132' title='bbox 775 2193 917 2277; x_wconf 89' lang='lat' dir='ltr'>Quidam</span> <span class='ocrx_word' id='word_1_133' title='bbox 934 2193 1056 2275; x_wconf 91' lang='lat' dir='ltr'>dicunt,</span> <span class='ocrx_word' id='word_1_134' title='bbox 1075 2191 1165 2282; x_wconf 92' lang='lat' dir='ltr'>quod</span> <span class='ocrx_word' id='word_1_135' title='bbox 1180 2191 1329 2257; x_wconf 89' lang='lat' dir='ltr'>eamdem</span> <span class='ocrx_word' id='word_1_136' title='bbox 1342 2214 1350 2257; x_wconf 73' lang='grc' dir='ltr'>ε</span> <span class='ocrx_word' id='word_1_137' title='bbox 1363 2208 1395 2257; x_wconf 90' lang='lat' dir='ltr'>et</span> <span class='ocrx_word' id='word_1_138' title='bbox 1409 2192 1454 2257; x_wconf 86' lang='lat' dir='ltr'>ita</span> <span class='ocrx_word' id='word_1_139' title='bbox 1469 2208 1597 2258; x_wconf 88' lang='lat' dir='ltr'>tantum</span> <span class='ocrx_word' id='word_1_140' title='bbox 1613 2192 1735 2258; x_wconf 87' lang='lat' dir='ltr'>sciebat</span> <span class='ocrx_word' id='word_1_141' title='bbox 1750 2214 1842 2257; x_wconf 88' lang='lat' dir='ltr'>crea·</span> 
     </span>
     <span class='ocr_line' id='line_1_14' title="bbox 244 2289 1843 2386; baseline 0 -31"><span class='ocrx_word' id='word_1_142' title='bbox 244 2306 317 2355; x_wconf 92' lang='lat' dir='ltr'>tura</span> <span class='ocrx_word' id='word_1_143' title='bbox 329 2291 401 2374; x_wconf 88' lang='lat' dir='ltr'>illa,</span> <span class='ocrx_word' id='word_1_144' title='bbox 420 2308 574 2380; x_wconf 91' lang='lat' dir='ltr'>quantum</span> <span class='ocrx_word' id='word_1_145' title='bbox 590 2292 734 2358; x_wconf 88' lang='lat' dir='ltr'>Creator.</span> <span class='ocrx_word' id='word_1_146' title='bbox 758 2292 810 2357; x_wconf 93' lang='lat' dir='ltr'>Sic</span> <span class='ocrx_word' id='word_1_147' title='bbox 825 2293 921 2383; x_wconf 87' lang='lat' dir='ltr'>igitur</span> <span class='ocrx_word' id='word_1_148' title='bbox 937 2292 1080 2386; x_wconf 88' lang='lat' dir='ltr'>perfecta</span> <span class='ocrx_word' id='word_1_149' title='bbox 1096 2306 1165 2357; x_wconf 91' lang='lat' dir='ltr'>erat</span> <span class='ocrx_word' id='word_1_150' title='bbox 1180 2290 1214 2353; x_wconf 95' lang='lat' dir='ltr'>in</span> <span class='ocrx_word' id='word_1_151' title='bbox 1231 2289 1374 2369; x_wconf 88' lang='lat' dir='ltr'>seientia,</span> <span class='ocrx_word' id='word_1_152' title='bbox 1392 2290 1473 2354; x_wconf 91' lang='lat' dir='ltr'>sicut</span> <span class='ocrx_word' id='word_1_153' title='bbox 1489 2291 1588 2354; x_wconf 88' lang='lat' dir='ltr'>Deus.</span> <span class='ocrx_word' id='word_1_154' title='bbox 1606 2289 1751 2378; x_wconf 83' lang='lat' dir='ltr'>AEqualis</span> <span class='ocrx_word' id='word_1_155' title='bbox 1766 2312 1843 2381; x_wconf 85' lang='lat' dir='ltr'>ergo</span> 
     </span>
     <span class='ocr_line' id='line_1_15' title="bbox 245 2385 1842 2479; baseline 0 -27"><span class='ocrx_word' id='word_1_156' title='bbox 245 2404 314 2453; x_wconf 89' lang='lat' dir='ltr'>erat</span> <span class='ocrx_word' id='word_1_157' title='bbox 329 2405 473 2453; x_wconf 90' lang='lat' dir='ltr'>creatura</span> <span class='ocrx_word' id='word_1_158' title='bbox 485 2387 539 2454; x_wconf 90' lang='lat' dir='ltr'>illa</span> <span class='ocrx_word' id='word_1_159' title='bbox 555 2389 661 2454; x_wconf 88' lang='lat' dir='ltr'>inhoc</span> <span class='ocrx_word' id='word_1_160' title='bbox 675 2391 818 2455; x_wconf 85' lang='lat' dir='ltr'>Creatori</span> <span class='ocrx_word' id='word_1_161' title='bbox 830 2414 901 2465; x_wconf 88' lang='lat' dir='ltr'>suo,</span> <span class='ocrx_word' id='word_1_162' title='bbox 919 2388 1007 2479; x_wconf 93' lang='lat' dir='ltr'>quod</span> <span class='ocrx_word' id='word_1_163' title='bbox 1020 2387 1240 2452; x_wconf 87' lang='lat' dir='ltr'>irrationabile</span> <span class='ocrx_word' id='word_1_164' title='bbox 1251 2410 1318 2452; x_wconf 92' lang='lat' dir='ltr'>esse</span> <span class='ocrx_word' id='word_1_165' title='bbox 1329 2385 1467 2453; x_wconf 84' lang='lat' dir='ltr'>videtur.</span> <span class='ocrx_word' id='word_1_166' title='bbox 1479 2387 1556 2452; x_wconf 91' lang='lat' dir='ltr'>Non</span> <span class='ocrx_word' id='word_1_167' title='bbox 1570 2388 1677 2475; x_wconf 88' lang='lat' dir='ltr'>itaque</span> <span class='ocrx_word' id='word_1_168' title='bbox 1695 2386 1842 2469; x_wconf 88' lang='lat' dir='ltr'>dicimus,</span> 
     </span>
     <span class='ocr_line' id='line_1_16' title="bbox 245 2483 1841 2576; baseline 0 -25"><span class='ocrx_word' id='word_1_169' title='bbox 245 2485 334 2574; x_wconf 88' lang='lat' dir='ltr'>quod</span> <span class='ocrx_word' id='word_1_170' title='bbox 356 2485 504 2551; x_wconf 89' lang='lat' dir='ltr'>eamdem</span> <span class='ocrx_word' id='word_1_171' title='bbox 525 2485 675 2551; x_wconf 89' lang='lat' dir='ltr'>habuerit</span> <span class='ocrx_word' id='word_1_172' title='bbox 695 2487 879 2567; x_wconf 79' lang='lat' dir='ltr'>scientiam3</span> <span class='ocrx_word' id='word_1_173' title='bbox 899 2486 988 2576; x_wconf 91' lang='lat' dir='ltr'>quod</span> <span class='ocrx_word' id='word_1_174' title='bbox 1010 2487 1108 2551; x_wconf 89' lang='lat' dir='ltr'>etiam</span> <span class='ocrx_word' id='word_1_175' title='bbox 1129 2508 1225 2576; x_wconf 89' lang='lat' dir='ltr'>super</span> <span class='ocrx_word' id='word_1_176' title='bbox 1248 2508 1323 2551; x_wconf 91' lang='lat' dir='ltr'>eum</span> <span class='ocrx_word' id='word_1_177' title='bbox 1338 2484 1447 2549; x_wconf 88' lang='lat' dir='ltr'>locum</span> <span class='ocrx_word' id='word_1_178' title='bbox 1464 2485 1654 2550; x_wconf 88' lang='lat' dir='ltr'>Ambrosius</span> <span class='ocrx_word' id='word_1_179' title='bbox 1675 2483 1841 2551; x_wconf 86' lang='lat' dir='ltr'>ostendit:</span> 
     </span>
     <span class='ocr_line' id='line_1_17' title="bbox 244 2582 1845 2675; baseline 0.002 -30"><span class='ocrx_word' id='word_1_180' title='bbox 244 2582 350 2648; x_wconf 89' lang='lat' dir='ltr'>Nemo</span> <span class='ocrx_word' id='word_1_181' title='bbox 371 2584 429 2648; x_wconf 89' lang='lat' dir='ltr'>scit</span> <span class='ocrx_word' id='word_1_182' title='bbox 445 2605 483 2647; x_wconf 87' lang='lat' dir='ltr'>ea</span> <span class='ocrx_word' id='word_1_183' title='bbox 499 2607 570 2673; x_wconf 83' lang='lat' dir='ltr'>quae</span> <span class='ocrx_word' id='word_1_184' title='bbox 593 2598 667 2647; x_wconf 93' lang='lat' dir='ltr'>sunt</span> <span class='ocrx_word' id='word_1_185' title='bbox 683 2585 760 2668; x_wconf 91' lang='lat' dir='ltr'>Dei,</span> <span class='ocrx_word' id='word_1_186' title='bbox 779 2601 812 2650; x_wconf 91' lang='lat' dir='ltr'>et</span> <span class='ocrx_word' id='word_1_187' title='bbox 833 2601 950 2675; x_wconf 84' lang='lat' dir='ltr'>caetera</span> <span class='ocrx_word' id='word_1_188' title='bbox 970 2606 978 2648; x_wconf 71' lang='grc' dir='ltr'><strong><em>ε</em></strong></span> <span class='ocrx_word' id='word_1_189' title='bbox 1000 2607 1097 2650; x_wconf 93' lang='lat' dir='ltr'>nemo</span> <span class='ocrx_word' id='word_1_190' title='bbox 1122 2584 1181 2649; x_wconf 89' lang='lat' dir='ltr'>scit</span> <span class='ocrx_word' id='word_1_191' title='bbox 1199 2606 1238 2648; x_wconf 92' lang='lat' dir='ltr'>ea</span> <span class='ocrx_word' id='word_1_192' title='bbox 1260 2606 1332 2672; x_wconf 83' lang='lat' dir='ltr'>quae</span> <span class='ocrx_word' id='word_1_193' title='bbox 1355 2597 1429 2648; x_wconf 88' lang='lat' dir='ltr'>sunt</span> <span class='ocrx_word' id='word_1_194' title='bbox 1450 2583 1609 2664; x_wconf 91' lang='lat' dir='ltr'>hominis,</span> <span class='ocrx_word' id='word_1_195' title='bbox 1636 2582 1697 2647; x_wconf 92' lang='lat' dir='ltr'>nisi</span> <span class='ocrx_word' id='word_1_196' title='bbox 1718 2583 1845 2672; x_wconf 78' lang='lat' dir='ltr'>spirims</span> 
     </span>
     <span class='ocr_line' id='line_1_18' title="bbox 245 2678 1846 2771; baseline 0.002 -29"><span class='ocrx_word' id='word_1_197' title='bbox 245 2678 396 2744; x_wconf 91' lang='lat' dir='ltr'>hominis.</span> <span class='ocrx_word' id='word_1_198' title='bbox 419 2680 497 2761; x_wconf 90' lang='lat' dir='ltr'>Hic,</span> <span class='ocrx_word' id='word_1_199' title='bbox 517 2696 553 2744; x_wconf 93' lang='lat' dir='ltr'>ut</span> <span class='ocrx_word' id='word_1_200' title='bbox 572 2680 617 2744; x_wconf 91' lang='lat' dir='ltr'>ait</span> <span class='ocrx_word' id='word_1_201' title='bbox 631 2682 840 2764; x_wconf 90' lang='lat' dir='ltr'>Ambrosius,</span> <span class='ocrx_word' id='word_1_202' title='bbox 862 2682 1003 2748; x_wconf 90' lang='lat' dir='ltr'>ostendit</span> <span class='ocrx_word' id='word_1_203' title='bbox 1025 2680 1200 2771; x_wconf 84' lang='lat' dir='ltr'>Apostolus</span> <span class='ocrx_word' id='word_1_204' title='bbox 1222 2695 1333 2746; x_wconf 91' lang='lat' dir='ltr'>contra</span> <span class='ocrx_word' id='word_1_205' title='bbox 1353 2680 1519 2746; x_wconf 78' lang='lat' dir='ltr'>haereticos</span> <span class='ocrx_word' id='word_1_206' title='bbox 1540 2679 1710 2768; x_wconf 90' lang='lat' dir='ltr'>quosdam,</span> <span class='ocrx_word' id='word_1_207' title='bbox 1727 2679 1846 2746; x_wconf 85' lang='lat' dir='ltr'>scilicet</span> 
     </span>
     <span class='ocr_line' id='line_1_19' title="bbox 246 2777 1843 2865; baseline 0.002 -25"><span class='ocrx_word' id='word_1_208' title='bbox 246 2799 312 2841; x_wconf 92' lang='lat' dir='ltr'>non</span> <span class='ocrx_word' id='word_1_209' title='bbox 329 2800 395 2842; x_wconf 90' lang='lat' dir='ltr'>esse</span> <span class='ocrx_word' id='word_1_210' title='bbox 412 2792 604 2843; x_wconf 89' lang='lat' dir='ltr'>creaturam.</span> <span class='ocrx_word' id='word_1_211' title='bbox 623 2779 656 2843; x_wconf 91' lang='lat' dir='ltr'>Si</span> <span class='ocrx_word' id='word_1_212' title='bbox 672 2802 750 2845; x_wconf 85' lang='lat' dir='ltr'>rero</span> <span class='ocrx_word' id='word_1_213' title='bbox 765 2781 837 2845; x_wconf 84' lang='lat' dir='ltr'>haec</span> <span class='ocrx_word' id='word_1_214' title='bbox 857 2780 964 2845; x_wconf 88' lang='lat' dir='ltr'>anima</span> <span class='ocrx_word' id='word_1_215' title='bbox 979 2779 1079 2844; x_wconf 89' lang='lat' dir='ltr'>habet</span> <span class='ocrx_word' id='word_1_216' title='bbox 1096 2777 1246 2844; x_wconf 91' lang='lat' dir='ltr'>eamdem</span> <span class='ocrx_word' id='word_1_217' title='bbox 1262 2777 1429 2855; x_wconf 81' lang='lat' dir='ltr'>scientiam</span> <span class='ocrx_word' id='word_1_218' title='bbox 1445 2800 1542 2865; x_wconf 89' lang='lat' dir='ltr'>quam</span> <span class='ocrx_word' id='word_1_219' title='bbox 1558 2794 1591 2843; x_wconf 89' lang='lat' dir='ltr'>et</span> <span class='ocrx_word' id='word_1_220' title='bbox 1605 2777 1750 2843; x_wconf 83' lang='lat' dir='ltr'>Verbum</span> <span class='ocrx_word' id='word_1_221' title='bbox 1762 2779 1843 2860; x_wconf 89' lang='lat' dir='ltr'>Dei,</span> 
     </span>
     <span class='ocr_line' id='line_1_20' title="bbox 244 2874 1924 2964; baseline 0.002 -27"><span class='ocrx_word' id='word_1_222' title='bbox 244 2874 297 2937; x_wconf 91' lang='lat' dir='ltr'>hic</span> <span class='ocrx_word' id='word_1_223' title='bbox 313 2874 459 2964; x_wconf 90' lang='lat' dir='ltr'>Apostoli</span> <span class='ocrx_word' id='word_1_224' title='bbox 474 2899 580 2940; x_wconf 91' lang='lat' dir='ltr'>sermo</span> <span class='ocrx_word' id='word_1_225' title='bbox 595 2877 702 2942; x_wconf 92' lang='lat' dir='ltr'>nullus</span> <span class='ocrx_word' id='word_1_226' title='bbox 717 2893 776 2953; x_wconf 86' lang='lat' dir='ltr'>est,</span> <span class='ocrx_word' id='word_1_227' title='bbox 795 2900 870 2942; x_wconf 90' lang='lat' dir='ltr'>cum</span> <span class='ocrx_word' id='word_1_228' title='bbox 885 2877 956 2943; x_wconf 85' lang='lat' dir='ltr'>haec</span> <span class='ocrx_word' id='word_1_229' title='bbox 967 2877 1074 2941; x_wconf 91' lang='lat' dir='ltr'>anima</span> <span class='ocrx_word' id='word_1_230' title='bbox 1090 2891 1197 2941; x_wconf 86' lang='lat' dir='ltr'>creata</span> <span class='ocrx_word' id='word_1_231' title='bbox 1215 2875 1266 2940; x_wconf 92' lang='lat' dir='ltr'>sit.</span> <span class='ocrx_word' id='word_1_232' title='bbox 1285 2876 1374 2941; x_wconf 89' lang='lat' dir='ltr'>Licet</span> <span class='ocrx_word' id='word_1_233' title='bbox 1389 2891 1497 2941; x_wconf 90' lang='lat' dir='ltr'>autem</span> <span class='ocrx_word' id='word_1_234' title='bbox 1513 2891 1639 2940; x_wconf 87' lang='lat' dir='ltr'>tantum</span> <span class='ocrx_word' id='word_1_235' title='bbox 1654 2900 1721 2941; x_wconf 93' lang='lat' dir='ltr'>non</span> <span class='ocrx_word' id='word_1_236' title='bbox 1737 2876 1844 2959; x_wconf 88' lang='lat' dir='ltr'>sciret,</span> <span class='ocrx_word' id='word_1_237' title='bbox 1920 2920 1924 2928; x_wconf 90' lang='lat'><em>-</em></span> 
     </span>
     <span class='ocr_line' id='line_1_21' title="bbox 245 2970 1939 3065; baseline 0.002 -29"><span class='ocrx_word' id='word_1_238' title='bbox 245 2971 350 3036; x_wconf 92' lang='lat' dir='ltr'>Deum</span> <span class='ocrx_word' id='word_1_239' title='bbox 375 2986 484 3038; x_wconf 91' lang='lat' dir='ltr'>tamen</span> <span class='ocrx_word' id='word_1_240' title='bbox 510 2974 739 3064; x_wconf 79' lang='lat' dir='ltr'>perfectissime</span> <span class='ocrx_word' id='word_1_241' title='bbox 763 2975 906 3040; x_wconf 85' lang='lat' dir='ltr'>videbat.</span> <span class='ocrx_word' id='word_1_242' title='bbox 932 2973 997 3039; x_wconf 89' lang='lat' dir='ltr'>Sed</span> <span class='ocrx_word' id='word_1_243' title='bbox 1022 2975 1210 3065; x_wconf 87' lang='lat' dir='ltr'>opponitur,</span> <span class='ocrx_word' id='word_1_244' title='bbox 1234 2972 1323 3063; x_wconf 84' lang='lat' dir='ltr'>quod</span> <span class='ocrx_word' id='word_1_245' title='bbox 1340 2974 1427 3038; x_wconf 90' lang='lat' dir='ltr'>Deus</span> <span class='ocrx_word' id='word_1_246' title='bbox 1448 2974 1493 3037; x_wconf 90' lang='lat' dir='ltr'>ait</span> <span class='ocrx_word' id='word_1_247' title='bbox 1516 2970 1558 3036; x_wconf 91' lang='lat' dir='ltr'>ad</span> <span class='ocrx_word' id='word_1_248' title='bbox 1580 2971 1744 3062; x_wconf 82' lang='lat' dir='ltr'>Moysen:</span> <span class='ocrx_word' id='word_1_249' title='bbox 1769 2974 1845 3040; x_wconf 93' lang='lat' dir='ltr'>Non</span> <span class='ocrx_word' id='word_1_250' title='bbox 1934 2979 1939 2988; x_wconf 80' lang='grc'><strong><em>’</em></strong></span> 
     </span>
     <span class='ocr_line' id='line_1_22' title="bbox 245 3068 1846 3152; baseline 0.004 -21"><span class='ocrx_word' id='word_1_251' title='bbox 245 3068 368 3133; x_wconf 87' lang='lat' dir='ltr'>videbit</span> <span class='ocrx_word' id='word_1_252' title='bbox 382 3092 434 3134; x_wconf 92' lang='lat' dir='ltr'>me</span> <span class='ocrx_word' id='word_1_253' title='bbox 451 3072 552 3136; x_wconf 89' lang='lat' dir='ltr'>homo</span> <span class='ocrx_word' id='word_1_254' title='bbox 568 3088 601 3136; x_wconf 92' lang='lat' dir='ltr'>et</span> <span class='ocrx_word' id='word_1_255' title='bbox 619 3073 717 3137; x_wconf 80' lang='lat' dir='ltr'>vivet.</span> <span class='ocrx_word' id='word_1_256' title='bbox 742 3071 805 3137; x_wconf 89' lang='lat' dir='ltr'>Sed</span> <span class='ocrx_word' id='word_1_257' title='bbox 823 3073 970 3152; x_wconf 88' lang='lat' dir='ltr'>dicimus,</span> <span class='ocrx_word' id='word_1_258' title='bbox 991 3095 1057 3138; x_wconf 91' lang='lat' dir='ltr'>esse</span> <span class='ocrx_word' id='word_1_259' title='bbox 1081 3072 1203 3137; x_wconf 91' lang='lat' dir='ltr'>dictum</span> <span class='ocrx_word' id='word_1_260' title='bbox 1225 3070 1266 3136; x_wconf 91' lang='lat' dir='ltr'>de</span> <span class='ocrx_word' id='word_1_261' title='bbox 1290 3069 1421 3135; x_wconf 90' lang='lat' dir='ltr'>animali</span> <span class='ocrx_word' id='word_1_262' title='bbox 1434 3072 1511 3136; x_wconf 83' lang='lat' dir='ltr'>vita.</span> <span class='ocrx_word' id='word_1_263' title='bbox 1533 3071 1717 3137; x_wconf 85' lang='lat' dir='ltr'>Animalem</span> <span class='ocrx_word' id='word_1_264' title='bbox 1738 3088 1846 3152; x_wconf 87' lang='lat' dir='ltr'>autem</span> 
     </span>
     <span class='ocr_line' id='line_1_23' title="bbox 243 3160 1845 3257; baseline 0.004 -29"><span class='ocrx_word' id='word_1_265' title='bbox 243 3166 342 3230; x_wconf 83' lang='lat' dir='ltr'>vitam</span> <span class='ocrx_word' id='word_1_266' title='bbox 360 3166 495 3231; x_wconf 90' lang='lat' dir='ltr'>dicimus</span> <span class='ocrx_word' id='word_1_267' title='bbox 514 3166 762 3234; x_wconf 84' lang='lat' dir='ltr'>vivificationem</span> <span class='ocrx_word' id='word_1_268' title='bbox 784 3185 817 3235; x_wconf 91' lang='lat' dir='ltr'>et</span> <span class='ocrx_word' id='word_1_269' title='bbox 838 3186 965 3235; x_wconf 92' lang='lat' dir='ltr'>motum</span> <span class='ocrx_word' id='word_1_270' title='bbox 987 3169 1096 3250; x_wconf 91' lang='lat' dir='ltr'>illum,</span> <span class='ocrx_word' id='word_1_271' title='bbox 1120 3192 1218 3257; x_wconf 92' lang='lat' dir='ltr'>quem</span> <span class='ocrx_word' id='word_1_272' title='bbox 1239 3166 1381 3256; x_wconf 88' lang='lat' dir='ltr'>(vitalem</span> <span class='ocrx_word' id='word_1_273' title='bbox 1402 3168 1555 3255; x_wconf 85' lang='lat' dir='ltr'>animam)</span> <span class='ocrx_word' id='word_1_274' title='bbox 1578 3191 1653 3232; x_wconf 91' lang='lat' dir='ltr'>caro</span> <span class='ocrx_word' id='word_1_275' title='bbox 1678 3160 1778 3233; x_wconf 81' lang='lat' dir='ltr'>habet</span> <span class='ocrx_word' id='word_1_276' title='bbox 1803 3170 1845 3234; x_wconf 87' lang='lat' dir='ltr'>ab</span> 
     </span>
     <span class='ocr_line' id='line_1_24' title="bbox 245 3262 1846 3357; baseline 0.003 -31"><span class='ocrx_word' id='word_1_277' title='bbox 245 3262 369 3345; x_wconf 88' lang='lat' dir='ltr'>anima,</span> <span class='ocrx_word' id='word_1_278' title='bbox 388 3264 463 3352; x_wconf 92' lang='lat' dir='ltr'>quia</span> <span class='ocrx_word' id='word_1_279' title='bbox 490 3263 578 3328; x_wconf 92' lang='lat' dir='ltr'>nullo</span> <span class='ocrx_word' id='word_1_280' title='bbox 601 3264 701 3331; x_wconf 91' lang='lat' dir='ltr'>modo</span> <span class='ocrx_word' id='word_1_281' title='bbox 723 3289 838 3357; x_wconf 89' lang='lat' dir='ltr'>corpus</span> <span class='ocrx_word' id='word_1_282' title='bbox 860 3282 966 3356; x_wconf 92' lang='lat' dir='ltr'>potest</span> <span class='ocrx_word' id='word_1_283' title='bbox 984 3267 1107 3331; x_wconf 91' lang='lat' dir='ltr'>moveri</span> <span class='ocrx_word' id='word_1_284' title='bbox 1123 3267 1184 3330; x_wconf 90' lang='lat' dir='ltr'>nisi</span> <span class='ocrx_word' id='word_1_285' title='bbox 1200 3265 1432 3354; x_wconf 58' lang='lat' dir='ltr'>pet-‘animam</span> <span class='ocrx_word' id='word_1_286' title='bbox 1450 3266 1525 3330; x_wconf 88' lang='lat' dir='ltr'>Vita</span> <span class='ocrx_word' id='word_1_287' title='bbox 1547 3288 1626 3330; x_wconf 80' lang='lat' dir='ltr'>vero</span> <span class='ocrx_word' id='word_1_288' title='bbox 1646 3266 1763 3330; x_wconf 85' lang='lat' dir='ltr'>Christi</span> <span class='ocrx_word' id='word_1_289' title='bbox 1778 3289 1846 3332; x_wconf 91' lang='lat' dir='ltr'>non</span> 
     </span>
     <span class='ocr_line' id='line_1_25' title="bbox 246 3358 1847 3452; baseline 0.004 -30"><span class='ocrx_word' id='word_1_290' title='bbox 246 3358 316 3423; x_wconf 92' lang='lat' dir='ltr'>talis</span> <span class='ocrx_word' id='word_1_291' title='bbox 332 3377 419 3441; x_wconf 88' lang='lat' dir='ltr'>erat,</span> <span class='ocrx_word' id='word_1_292' title='bbox 436 3361 537 3425; x_wconf 92' lang='lat' dir='ltr'>immo</span> <span class='ocrx_word' id='word_1_293' title='bbox 558 3376 593 3425; x_wconf 91' lang='lat' dir='ltr'>ut</span> <span class='ocrx_word' id='word_1_294' title='bbox 605 3362 673 3447; x_wconf 91' lang='lat' dir='ltr'>jam</span> <span class='ocrx_word' id='word_1_295' title='bbox 691 3362 846 3447; x_wconf 79' lang='lat' dir='ltr'>diximus,</span> <span class='ocrx_word' id='word_1_296' title='bbox 865 3362 953 3452; x_wconf 91' lang='lat' dir='ltr'>quod</span> <span class='ocrx_word' id='word_1_297' title='bbox 970 3362 1045 3427; x_wconf 93' lang='lat' dir='ltr'>facit</span> <span class='ocrx_word' id='word_1_298' title='bbox 1062 3363 1168 3427; x_wconf 89' lang='lat' dir='ltr'>anima</span> <span class='ocrx_word' id='word_1_299' title='bbox 1185 3362 1324 3452; x_wconf 92' lang='lat' dir='ltr'>corpori,</span> <span class='ocrx_word' id='word_1_300' title='bbox 1340 3362 1403 3426; x_wconf 93' lang='lat' dir='ltr'>hoc</span> <span class='ocrx_word' id='word_1_301' title='bbox 1418 3361 1557 3428; x_wconf 86' lang='lat' dir='ltr'>faciebat</span> <span class='ocrx_word' id='word_1_302' title='bbox 1571 3362 1715 3427; x_wconf 87' lang='lat' dir='ltr'>Verbum</span> <span class='ocrx_word' id='word_1_303' title='bbox 1732 3363 1847 3428; x_wconf 77' lang='lat' dir='ltr'>enimse</span> 
     </span>
     <span class='ocr_line' id='line_1_26' title="bbox 245 3454 1847 3551; baseline 0.004 -32"><span class='ocrx_word' id='word_1_304' title='bbox 245 3454 303 3536; x_wconf 94' lang='lat' dir='ltr'>illi,</span> <span class='ocrx_word' id='word_1_305' title='bbox 326 3457 401 3545; x_wconf 88' lang='lat' dir='ltr'>quia</span> <span class='ocrx_word' id='word_1_306' title='bbox 423 3457 504 3523; x_wconf 89' lang='lat' dir='ltr'>nihil</span> <span class='ocrx_word' id='word_1_307' title='bbox 523 3475 630 3524; x_wconf 90' lang='lat' dir='ltr'>motus</span> <span class='ocrx_word' id='word_1_308' title='bbox 646 3476 772 3549; x_wconf 88' lang='lat' dir='ltr'>poterat</span> <span class='ocrx_word' id='word_1_309' title='bbox 793 3461 922 3551; x_wconf 91' lang='lat' dir='ltr'>corpori</span> <span class='ocrx_word' id='word_1_310' title='bbox 938 3459 1076 3525; x_wconf 83' lang='lat' dir='ltr'>conferri</span> <span class='ocrx_word' id='word_1_311' title='bbox 1097 3460 1157 3524; x_wconf 90' lang='lat' dir='ltr'>nisi</span> <span class='ocrx_word' id='word_1_312' title='bbox 1177 3483 1235 3548; x_wconf 91' lang='lat' dir='ltr'>per</span> <span class='ocrx_word' id='word_1_313' title='bbox 1249 3458 1405 3524; x_wconf 89' lang='lat' dir='ltr'>Verbum.</span> <span class='ocrx_word' id='word_1_314' title='bbox 1431 3461 1479 3525; x_wconf 89' lang='lat' dir='ltr'>De</span> <span class='ocrx_word' id='word_1_315' title='bbox 1498 3459 1720 3526; x_wconf 84' lang='lat' dir='ltr'>affectionibus</span> <span class='ocrx_word' id='word_1_316' title='bbox 1739 3476 1847 3527; x_wconf 89' lang='lat' dir='ltr'>autem</span> 
     </span>
     <span class='ocr_line' id='line_1_27' title="bbox 246 3553 1847 3649; baseline 0.006 -34"><span class='ocrx_word' id='word_1_317' title='bbox 246 3553 458 3635; x_wconf 90' lang='lat' dir='ltr'>naturalibus,</span> <span class='ocrx_word' id='word_1_318' title='bbox 475 3555 557 3619; x_wconf 91' lang='lat' dir='ltr'>sicut</span> <span class='ocrx_word' id='word_1_319' title='bbox 572 3554 683 3622; x_wconf 92' lang='lat' dir='ltr'>dolore</span> <span class='ocrx_word' id='word_1_320' title='bbox 701 3573 733 3622; x_wconf 91' lang='lat' dir='ltr'>et</span> <span class='ocrx_word' id='word_1_321' title='bbox 748 3559 878 3640; x_wconf 89' lang='lat' dir='ltr'>ceteris,</span> <span class='ocrx_word' id='word_1_322' title='bbox 904 3556 984 3622; x_wconf 93' lang='lat' dir='ltr'>nihil</span> <span class='ocrx_word' id='word_1_323' title='bbox 1000 3573 1047 3622; x_wconf 89' lang='lat' dir='ltr'>est</span> <span class='ocrx_word' id='word_1_324' title='bbox 1063 3557 1106 3622; x_wconf 87' lang='lat' dir='ltr'>ad</span> <span class='ocrx_word' id='word_1_325' title='bbox 1122 3556 1366 3649; x_wconf 90' lang='lat' dir='ltr'>opponendum,</span> <span class='ocrx_word' id='word_1_326' title='bbox 1384 3559 1459 3645; x_wconf 88' lang='lat' dir='ltr'>quia</span> <span class='ocrx_word' id='word_1_327' title='bbox 1478 3557 1664 3623; x_wconf 86' lang='lat' dir='ltr'>naturaliter</span> <span class='ocrx_word' id='word_1_328' title='bbox 1684 3559 1728 3624; x_wconf 89' lang='lat' dir='ltr'>in.</span> <span class='ocrx_word' id='word_1_329' title='bbox 1739 3559 1847 3625; x_wconf 86' lang='lat' dir='ltr'>anima</span> 
     </span>
     <span class='ocr_line' id='line_1_28' title="bbox 245 3648 1846 3746; baseline 0.006 -33"><span class='ocrx_word' id='word_1_330' title='bbox 245 3648 300 3714; x_wconf 92' lang='lat' dir='ltr'>illa</span> <span class='ocrx_word' id='word_1_331' title='bbox 321 3668 423 3716; x_wconf 90' lang='lat' dir='ltr'>erant.</span> <span class='ocrx_word' id='word_1_332' title='bbox 448 3651 482 3715; x_wconf 93' lang='lat' dir='ltr'>Si</span> <span class='ocrx_word' id='word_1_333' title='bbox 504 3654 574 3742; x_wconf 88' lang='lat' dir='ltr'>quis</span> <span class='ocrx_word' id='word_1_334' title='bbox 591 3671 698 3720; x_wconf 88' lang='lat' dir='ltr'>autem</span> <span class='ocrx_word' id='word_1_335' title='bbox 721 3654 819 3738; x_wconf 90' lang='lat' dir='ltr'>dieat,</span> <span class='ocrx_word' id='word_1_336' title='bbox 836 3656 980 3721; x_wconf 89' lang='lat' dir='ltr'>similiter</span> <span class='ocrx_word' id='word_1_337' title='bbox 1000 3672 1032 3720; x_wconf 91' lang='lat' dir='ltr'>et</span> <span class='ocrx_word' id='word_1_338' title='bbox 1054 3672 1160 3720; x_wconf 91' lang='lat' dir='ltr'>motus</span> <span class='ocrx_word' id='word_1_339' title='bbox 1184 3657 1309 3746; x_wconf 90' lang='lat' dir='ltr'>corpori</span> <span class='ocrx_word' id='word_1_340' title='bbox 1329 3670 1478 3745; x_wconf 84' lang='lat' dir='ltr'>praestare</span> <span class='ocrx_word' id='word_1_341' title='bbox 1503 3655 1550 3721; x_wconf 90' lang='lat' dir='ltr'>illi</span> <span class='ocrx_word' id='word_1_342' title='bbox 1571 3656 1685 3720; x_wconf 81' lang='lat' dir='ltr'>animae</span> <span class='ocrx_word' id='word_1_343' title='bbox 1700 3655 1846 3722; x_wconf 78' lang='lat' dir='ltr'>naturale</span> 
     </span>
     <span class='ocr_line' id='line_1_29' title="bbox 246 3748 1848 3842; baseline 0.007 -33"><span class='ocrx_word' id='word_1_344' title='bbox 246 3762 326 3828; x_wconf 86' lang='lat' dir='ltr'>erat,</span> <span class='ocrx_word' id='word_1_345' title='bbox 355 3748 582 3837; x_wconf 88' lang='lat' dir='ltr'>acquiescimus</span> <span class='ocrx_word' id='word_1_346' title='bbox 601 3751 746 3840; x_wconf 87' lang='lat' dir='ltr'>quidem,</span> <span class='ocrx_word' id='word_1_347' title='bbox 767 3751 825 3819; x_wconf 91' lang='lat' dir='ltr'>sed</span> <span class='ocrx_word' id='word_1_348' title='bbox 850 3753 986 3819; x_wconf 90' lang='lat' dir='ltr'>alterum</span> <span class='ocrx_word' id='word_1_349' title='bbox 1004 3752 1146 3830; x_wconf 89' lang='lat' dir='ltr'>abstulit,</span> <span class='ocrx_word' id='word_1_350' title='bbox 1173 3775 1237 3842; x_wconf 90' lang='lat' dir='ltr'>quo</span> <span class='ocrx_word' id='word_1_351' title='bbox 1254 3753 1334 3818; x_wconf 89' lang='lat' dir='ltr'>solet</span> <span class='ocrx_word' id='word_1_352' title='bbox 1355 3753 1455 3818; x_wconf 80' lang='lat' dir='ltr'>honio</span> <span class='ocrx_word' id='word_1_353' title='bbox 1474 3776 1626 3842; x_wconf 90' lang='lat' dir='ltr'>peccare,</span> <span class='ocrx_word' id='word_1_354' title='bbox 1652 3770 1684 3819; x_wconf 91' lang='lat' dir='ltr'>et</span> <span class='ocrx_word' id='word_1_355' title='bbox 1712 3753 1848 3820; x_wconf 82' lang='lat' dir='ltr'>alterum</span> 
     </span>
     <span class='ocr_line' id='line_1_30' title="bbox 247 3842 1847 3940; baseline 0.008 -34"><span class='ocrx_word' id='word_1_356' title='bbox 247 3842 383 3926; x_wconf 90' lang='lat' dir='ltr'>dimisit,</span> <span class='ocrx_word' id='word_1_357' title='bbox 406 3870 470 3936; x_wconf 90' lang='lat' dir='ltr'>quo</span> <span class='ocrx_word' id='word_1_358' title='bbox 487 3871 580 3914; x_wconf 84' lang='lat' dir='ltr'>verus</span> <span class='ocrx_word' id='word_1_359' title='bbox 601 3851 701 3914; x_wconf 92' lang='lat' dir='ltr'>homo</span> <span class='ocrx_word' id='word_1_360' title='bbox 721 3867 913 3916; x_wconf 90' lang='lat' dir='ltr'>remaneret.</span> <span class='ocrx_word' id='word_1_361' title='bbox 932 3851 980 3916; x_wconf 92' lang='lat' dir='ltr'>De</span> <span class='ocrx_word' id='word_1_362' title='bbox 994 3851 1058 3914; x_wconf 88' lang='lat' dir='ltr'>hoc</span> <span class='ocrx_word' id='word_1_363' title='bbox 1080 3850 1179 3915; x_wconf 88' lang='lat' dir='ltr'>etiam</span> <span class='ocrx_word' id='word_1_364' title='bbox 1200 3849 1319 3940; x_wconf 85' lang='lat' dir='ltr'>ambigi</span> <span class='ocrx_word' id='word_1_365' title='bbox 1339 3866 1464 3940; x_wconf 88' lang='lat' dir='ltr'>potest,</span> <span class='ocrx_word' id='word_1_366' title='bbox 1483 3873 1558 3916; x_wconf 89' lang='lat' dir='ltr'>cum</span> <span class='ocrx_word' id='word_1_367' title='bbox 1568 3851 1713 3917; x_wconf 90' lang='lat' dir='ltr'>Verbum</span> <span class='ocrx_word' id='word_1_368' title='bbox 1727 3849 1847 3940; x_wconf 83' lang='lat' dir='ltr'>ubique</span> 
     </span>
     <span class='ocr_line' id='line_1_31' title="bbox 246 3940 1848 4030; baseline 0.007 -27"><span class='ocrx_word' id='word_1_369' title='bbox 246 3940 286 4003; x_wconf 89' lang='lat' dir='ltr'>sit</span> <span class='ocrx_word' id='word_1_370' title='bbox 308 3964 366 4030; x_wconf 90' lang='lat' dir='ltr'>per</span> <span class='ocrx_word' id='word_1_371' title='bbox 390 3945 577 4027; x_wconf 90' lang='lat' dir='ltr'>essentiam,</span> <span class='ocrx_word' id='word_1_372' title='bbox 595 3969 638 4011; x_wconf 88' lang='lat' dir='ltr'>an</span> <span class='ocrx_word' id='word_1_373' title='bbox 659 3946 759 4012; x_wconf 90' lang='lat' dir='ltr'>ullam</span> <span class='ocrx_word' id='word_1_374' title='bbox 779 3946 996 4013; x_wconf 83' lang='lat' dir='ltr'>diversitatem</span> <span class='ocrx_word' id='word_1_375' title='bbox 1013 3945 1134 4011; x_wconf 89' lang='lat' dir='ltr'>babeat</span> <span class='ocrx_word' id='word_1_376' title='bbox 1157 3946 1294 4012; x_wconf 87' lang='lat' dir='ltr'>essendi.</span> <span class='ocrx_word' id='word_1_377' title='bbox 1322 3946 1373 4013; x_wconf 89' lang='lat' dir='ltr'>Sic</span> <span class='ocrx_word' id='word_1_378' title='bbox 1395 3949 1482 4014; x_wconf 91' lang='lat' dir='ltr'>enim</span> <span class='ocrx_word' id='word_1_379' title='bbox 1502 3947 1643 4015; x_wconf 86' lang='lat' dir='ltr'>videtur.</span> <span class='ocrx_word' id='word_1_380' title='bbox 1667 3948 1753 4014; x_wconf 85' lang='lat' dir='ltr'>Nam</span> <span class='ocrx_word' id='word_1_381' title='bbox 1772 3971 1848 4014; x_wconf 83' lang='lat' dir='ltr'>cum</span> 
     </span>
     <span class='ocr_line' id='line_1_32' title="bbox 246 4035 1848 4135; baseline 0.008 -36"><span class='ocrx_word' id='word_1_382' title='bbox 246 4035 390 4103; x_wconf 90' lang='lat' dir='ltr'>Verbum</span> <span class='ocrx_word' id='word_1_383' title='bbox 407 4040 441 4103; x_wconf 91' lang='lat' dir='ltr'>in</span> <span class='ocrx_word' id='word_1_384' title='bbox 456 4041 588 4106; x_wconf 91' lang='lat' dir='ltr'>homine</span> <span class='ocrx_word' id='word_1_385' title='bbox 605 4043 662 4109; x_wconf 93' lang='lat' dir='ltr'>illo</span> <span class='ocrx_word' id='word_1_386' title='bbox 678 4062 760 4110; x_wconf 90' lang='lat' dir='ltr'>esset</span> <span class='ocrx_word' id='word_1_387' title='bbox 775 4067 834 4135; x_wconf 90' lang='lat' dir='ltr'>per</span> <span class='ocrx_word' id='word_1_388' title='bbox 848 4045 1015 4127; x_wconf 88' lang='lat' dir='ltr'>unionem,</span> <span class='ocrx_word' id='word_1_389' title='bbox 1032 4043 1090 4109; x_wconf 92' lang='lat' dir='ltr'>ubi</span> <span class='ocrx_word' id='word_1_390' title='bbox 1104 4067 1173 4109; x_wconf 90' lang='lat' dir='ltr'>non</span> <span class='ocrx_word' id='word_1_391' title='bbox 1189 4059 1258 4108; x_wconf 88' lang='lat' dir='ltr'>erat</span> <span class='ocrx_word' id='word_1_392' title='bbox 1274 4045 1374 4109; x_wconf 90' lang='lat' dir='ltr'>homo</span> <span class='ocrx_word' id='word_1_393' title='bbox 1390 4042 1456 4127; x_wconf 90' lang='lat' dir='ltr'>ille,</span> <span class='ocrx_word' id='word_1_394' title='bbox 1472 4045 1521 4110; x_wconf 92' lang='lat' dir='ltr'>ibi</span> <span class='ocrx_word' id='word_1_395' title='bbox 1536 4068 1603 4112; x_wconf 92' lang='lat' dir='ltr'>non</span> <span class='ocrx_word' id='word_1_396' title='bbox 1619 4062 1689 4112; x_wconf 85' lang='lat' dir='ltr'>erat</span> <span class='ocrx_word' id='word_1_397' title='bbox 1703 4044 1848 4112; x_wconf 90' lang='lat' dir='ltr'>Verbum</span> 
     </span>
     <span class='ocr_line' id='line_1_33' title="bbox 246 4134 1848 4227; baseline 0.007 -29"><span class='ocrx_word' id='word_1_398' title='bbox 246 4134 372 4200; x_wconf 89' lang='lat' dir='ltr'>unitum</span> <span class='ocrx_word' id='word_1_399' title='bbox 389 4159 396 4201; x_wconf 95' lang='lat'><strong>:</strong></span> <span class='ocrx_word' id='word_1_400' title='bbox 411 4136 468 4201; x_wconf 90' lang='lat' dir='ltr'>ubi</span> <span class='ocrx_word' id='word_1_401' title='bbox 483 4163 550 4203; x_wconf 93' lang='lat' dir='ltr'>non</span> <span class='ocrx_word' id='word_1_402' title='bbox 562 4157 630 4205; x_wconf 92' lang='lat' dir='ltr'>erat</span> <span class='ocrx_word' id='word_1_403' title='bbox 645 4143 745 4207; x_wconf 86' lang='lat' dir='ltr'>horno</span> <span class='ocrx_word' id='word_1_404' title='bbox 760 4141 826 4223; x_wconf 92' lang='lat' dir='ltr'>ille,</span> <span class='ocrx_word' id='word_1_405' title='bbox 839 4142 886 4207; x_wconf 92' lang='lat' dir='ltr'>ibi</span> <span class='ocrx_word' id='word_1_406' title='bbox 901 4166 968 4207; x_wconf 92' lang='lat' dir='ltr'>nou</span> <span class='ocrx_word' id='word_1_407' title='bbox 985 4159 1054 4208; x_wconf 89' lang='lat' dir='ltr'>erat</span> <span class='ocrx_word' id='word_1_408' title='bbox 1068 4141 1229 4207; x_wconf 90' lang='lat' dir='ltr'>mediator</span> <span class='ocrx_word' id='word_1_409' title='bbox 1244 4141 1304 4206; x_wconf 91' lang='lat' dir='ltr'>Dei</span> <span class='ocrx_word' id='word_1_410' title='bbox 1316 4158 1348 4206; x_wconf 92' lang='lat' dir='ltr'>et</span> <span class='ocrx_word' id='word_1_411' title='bbox 1358 4143 1538 4227; x_wconf 86' lang='lat' dir='ltr'>hominum,</span> <span class='ocrx_word' id='word_1_412' title='bbox 1556 4145 1650 4209; x_wconf 88' lang='lat' dir='ltr'>etita</span> <span class='ocrx_word' id='word_1_413' title='bbox 1661 4146 1696 4210; x_wconf 90' lang='lat' dir='ltr'>in</span> <span class='ocrx_word' id='word_1_414' title='bbox 1710 4145 1848 4210; x_wconf 83' lang='lat' dir='ltr'>existen·</span> 
     </span>
     <span class='ocr_line' id='line_1_34' title="bbox 245 4231 1847 4330; baseline 0.008 -36"><span class='ocrx_word' id='word_1_415' title='bbox 245 4231 290 4295; x_wconf 91' lang='lat' dir='ltr'>tia</span> <span class='ocrx_word' id='word_1_416' title='bbox 306 4255 362 4298; x_wconf 92' lang='lat' dir='ltr'>sua</span> <span class='ocrx_word' id='word_1_417' title='bbox 380 4234 595 4303; x_wconf 84' lang='lat' dir='ltr'>diversitatem</span> <span class='ocrx_word' id='word_1_418' title='bbox 614 4239 800 4329; x_wconf 88' lang='lat' dir='ltr'>recipiebat.</span> <span class='ocrx_word' id='word_1_419' title='bbox 818 4239 869 4305; x_wconf 89' lang='lat' dir='ltr'>Sic</span> <span class='ocrx_word' id='word_1_420' title='bbox 886 4262 952 4304; x_wconf 88' lang='lat' dir='ltr'>esse</span> <span class='ocrx_word' id='word_1_421' title='bbox 968 4240 1068 4306; x_wconf 91' lang='lat' dir='ltr'>modo</span> <span class='ocrx_word' id='word_1_422' title='bbox 1083 4255 1191 4330; x_wconf 91' lang='lat' dir='ltr'>potest</span> <span class='ocrx_word' id='word_1_423' title='bbox 1207 4238 1290 4320; x_wconf 88' lang='lat' dir='ltr'>dici,</span> <span class='ocrx_word' id='word_1_424' title='bbox 1308 4238 1398 4327; x_wconf 89' lang='lat' dir='ltr'>quod</span> <span class='ocrx_word' id='word_1_425' title='bbox 1413 4239 1504 4306; x_wconf 88' lang='lat' dir='ltr'>aliter</span> <span class='ocrx_word' id='word_1_426' title='bbox 1519 4242 1592 4324; x_wconf 91' lang='lat' dir='ltr'>hic,</span> <span class='ocrx_word' id='word_1_427' title='bbox 1611 4241 1703 4308; x_wconf 88' lang='lat' dir='ltr'>aliter</span> <span class='ocrx_word' id='word_1_428' title='bbox 1717 4242 1751 4307; x_wconf 92' lang='lat' dir='ltr'>in</span> <span class='ocrx_word' id='word_1_429' title='bbox 1767 4241 1847 4307; x_wconf 86' lang='lat' dir='ltr'>coelo</span> 
     </span>
     <span class='ocr_line' id='line_1_35' title="bbox 247 4330 1847 4428; baseline 0.008 -37"><span class='ocrx_word' id='word_1_430' title='bbox 247 4344 305 4394; x_wconf 89' lang='lat' dir='ltr'>est.</span> <span class='ocrx_word' id='word_1_431' title='bbox 324 4330 399 4413; x_wconf 88' lang='lat' dir='ltr'>Sed,</span> <span class='ocrx_word' id='word_1_432' title='bbox 417 4348 454 4396; x_wconf 91' lang='lat' dir='ltr'>ut</span> <span class='ocrx_word' id='word_1_433' title='bbox 469 4356 564 4424; x_wconf 90' lang='lat' dir='ltr'>supra</span> <span class='ocrx_word' id='word_1_434' title='bbox 581 4334 731 4415; x_wconf 82' lang='lat' dir='ltr'>diximus,</span> <span class='ocrx_word' id='word_1_435' title='bbox 749 4337 793 4402; x_wconf 92' lang='lat' dir='ltr'>sic</span> <span class='ocrx_word' id='word_1_436' title='bbox 808 4353 856 4402; x_wconf 90' lang='lat' dir='ltr'>est</span> <span class='ocrx_word' id='word_1_437' title='bbox 872 4336 959 4402; x_wconf 88' lang='lat' dir='ltr'>Deus</span> <span class='ocrx_word' id='word_1_438' title='bbox 974 4338 1107 4428; x_wconf 89' lang='lat' dir='ltr'>ubique,</span> <span class='ocrx_word' id='word_1_439' title='bbox 1121 4336 1211 4427; x_wconf 86' lang='lat' dir='ltr'>quod</span> <span class='ocrx_word' id='word_1_440' title='bbox 1226 4361 1294 4401; x_wconf 91' lang='lat' dir='ltr'>non</span> <span class='ocrx_word' id='word_1_441' title='bbox 1310 4354 1357 4402; x_wconf 90' lang='lat' dir='ltr'>est</span> <span class='ocrx_word' id='word_1_442' title='bbox 1369 4336 1506 4422; x_wconf 82' lang='lat' dir='ltr'>alicubi3</span> <span class='ocrx_word' id='word_1_443' title='bbox 1524 4339 1613 4427; x_wconf 92' lang='lat' dir='ltr'>quod</span> <span class='ocrx_word' id='word_1_444' title='bbox 1628 4339 1723 4428; x_wconf 88' lang='lat' dir='ltr'>plane</span> <span class='ocrx_word' id='word_1_445' title='bbox 1739 4339 1847 4404; x_wconf 86' lang='lat' dir='ltr'>retulit</span> 
     </span>
     <span class='ocr_line' id='line_1_36' title="bbox 245 4423 1848 4524; baseline 0.007 -34"><span class='ocrx_word' id='word_1_446' title='bbox 245 4423 358 4492; x_wconf 88' lang='lat' dir='ltr'>beatus</span> <span class='ocrx_word' id='word_1_447' title='bbox 379 4431 590 4521; x_wconf 81' lang='lat' dir='ltr'>Augustinus,</span> <span class='ocrx_word' id='word_1_448' title='bbox 614 4456 688 4498; x_wconf 91' lang='lat' dir='ltr'>cum</span> <span class='ocrx_word' id='word_1_449' title='bbox 702 4434 851 4523; x_wconf 85' lang='lat' dir='ltr'>probavit</span> <span class='ocrx_word' id='word_1_450' title='bbox 869 4435 974 4524; x_wconf 90' lang='lat' dir='ltr'>ipsum</span> <span class='ocrx_word' id='word_1_451' title='bbox 993 4459 1060 4501; x_wconf 94' lang='lat' dir='ltr'>non</span> <span class='ocrx_word' id='word_1_452' title='bbox 1086 4458 1154 4501; x_wconf 91' lang='lat' dir='ltr'>esse</span> <span class='ocrx_word' id='word_1_453' title='bbox 1170 4457 1301 4524; x_wconf 89' lang='lat' dir='ltr'>corpus,</span> <span class='ocrx_word' id='word_1_454' title='bbox 1320 4435 1473 4523; x_wconf 88' lang='lat' dir='ltr'>quoniam</span> <span class='ocrx_word' id='word_1_455' title='bbox 1494 4436 1612 4502; x_wconf 90' lang='lat' dir='ltr'>alicubi</span> <span class='ocrx_word' id='word_1_456' title='bbox 1631 4437 1767 4502; x_wconf 90' lang='lat' dir='ltr'>nonsit.</span> <span class='ocrx_word' id='word_1_457' title='bbox 1792 4437 1848 4502; x_wconf 71' lang='lat' dir='ltr'>Far</span> 
     </span>
     <span class='ocr_line' id='line_1_37' title="bbox 245 4521 1847 4622; baseline 0.008 -36"><span class='ocrx_word' id='word_1_458' title='bbox 245 4521 341 4610; x_wconf 84' lang='lat' dir='ltr'>igitur</span> <span class='ocrx_word' id='word_1_459' title='bbox 355 4526 474 4615; x_wconf 86' lang='lat' dir='ltr'>ubique</span> <span class='ocrx_word' id='word_1_460' title='bbox 495 4551 554 4619; x_wconf 91' lang='lat' dir='ltr'>per</span> <span class='ocrx_word' id='word_1_461' title='bbox 569 4531 758 4619; x_wconf 90' lang='lat' dir='ltr'>potentiam,</span> <span class='ocrx_word' id='word_1_462' title='bbox 777 4532 832 4620; x_wconf 91' lang='lat' dir='ltr'>qui</span> <span class='ocrx_word' id='word_1_463' title='bbox 852 4532 970 4622; x_wconf 83' lang='lat' dir='ltr'>ubique</span> <span class='ocrx_word' id='word_1_464' title='bbox 986 4548 1103 4622; x_wconf 89' lang='lat' dir='ltr'>potest.</span> <span class='ocrx_word' id='word_1_465' title='bbox 1128 4533 1185 4597; x_wconf 76' lang='lat' dir='ltr'>Est</span> <span class='ocrx_word' id='word_1_466' title='bbox 1207 4529 1327 4620; x_wconf 89' lang='lat' dir='ltr'>ubique</span> <span class='ocrx_word' id='word_1_467' title='bbox 1347 4555 1406 4622; x_wconf 89' lang='lat' dir='ltr'>per</span> <span class='ocrx_word' id='word_1_468' title='bbox 1423 4534 1610 4614; x_wconf 87' lang='lat' dir='ltr'>essentiam,</span> <span class='ocrx_word' id='word_1_469' title='bbox 1637 4534 1713 4621; x_wconf 88' lang='lat' dir='ltr'>quia</span> <span class='ocrx_word' id='word_1_470' title='bbox 1737 4535 1847 4599; x_wconf 87' lang='lat' dir='ltr'>omnia</span> 
     </span>
     <span class='ocr_line' id='line_1_38' title="bbox 245 4615 1847 4720; baseline 0.009 -40"><span class='ocrx_word' id='word_1_471' title='bbox 245 4615 317 4682; x_wconf 88' lang='lat' dir='ltr'>loca</span> <span class='ocrx_word' id='word_1_472' title='bbox 331 4643 390 4710; x_wconf 93' lang='lat' dir='ltr'>per</span> <span class='ocrx_word' id='word_1_473' title='bbox 410 4623 719 4693; x_wconf 89' lang='lat' dir='ltr'>administrationem</span> <span class='ocrx_word' id='word_1_474' title='bbox 734 4628 781 4692; x_wconf 91' lang='lat' dir='ltr'>ita</span> <span class='ocrx_word' id='word_1_475' title='bbox 801 4644 877 4692; x_wconf 91' lang='lat' dir='ltr'>sunt</span> <span class='ocrx_word' id='word_1_476' title='bbox 897 4630 927 4693; x_wconf 93' lang='lat' dir='ltr'>ei</span> <span class='ocrx_word' id='word_1_477' title='bbox 942 4630 1124 4719; x_wconf 73' lang='lat' dir='ltr'>prasentia,</span> <span class='ocrx_word' id='word_1_478' title='bbox 1143 4627 1232 4717; x_wconf 92' lang='lat' dir='ltr'>quod</span> <span class='ocrx_word' id='word_1_479' title='bbox 1253 4627 1342 4694; x_wconf 91' lang='lat' dir='ltr'>nullo</span> <span class='ocrx_word' id='word_1_480' title='bbox 1360 4628 1409 4693; x_wconf 90' lang='lat' dir='ltr'>sui</span> <span class='ocrx_word' id='word_1_481' title='bbox 1424 4628 1497 4695; x_wconf 91' lang='lat' dir='ltr'>loco</span> <span class='ocrx_word' id='word_1_482' title='bbox 1515 4628 1638 4720; x_wconf 87' lang='lat' dir='ltr'>indiget</span> <span class='ocrx_word' id='word_1_483' title='bbox 1660 4631 1790 4695; x_wconf 84' lang='lat' dir='ltr'>vicario.</span> <span class='ocrx_word' id='word_1_484' title='bbox 1807 4631 1847 4695; x_wconf 88' lang='lat' dir='ltr'>ln</span> 
     </span>
     <span class='ocr_line' id='line_1_39' title="bbox 245 4717 1846 4817; baseline 0.008 -38"><span class='ocrx_word' id='word_1_485' title='bbox 245 4717 335 4781; x_wconf 91' lang='lat' dir='ltr'>omui</span> <span class='ocrx_word' id='word_1_486' title='bbox 351 4718 424 4784; x_wconf 90' lang='lat' dir='ltr'>loco</span> <span class='ocrx_word' id='word_1_487' title='bbox 440 4718 530 4810; x_wconf 84' lang='lat' dir='ltr'>quod</span> <span class='ocrx_word' id='word_1_488' title='bbox 541 4724 734 4789; x_wconf 85' lang='lat' dir='ltr'>conveniens</span> <span class='ocrx_word' id='word_1_489' title='bbox 750 4740 797 4790; x_wconf 90' lang='lat' dir='ltr'>est</span> <span class='ocrx_word' id='word_1_490' title='bbox 808 4724 1021 4791; x_wconf 85' lang='lat' dir='ltr'>administrat.</span> <span class='ocrx_word' id='word_1_491' title='bbox 1039 4725 1091 4790; x_wconf 92' lang='lat' dir='ltr'>Sic</span> <span class='ocrx_word' id='word_1_492' title='bbox 1107 4724 1221 4790; x_wconf 89' lang='lat' dir='ltr'>beatus</span> <span class='ocrx_word' id='word_1_493' title='bbox 1236 4725 1408 4817; x_wconf 89' lang='lat' dir='ltr'>Gregorius</span> <span class='ocrx_word' id='word_1_494' title='bbox 1426 4749 1500 4793; x_wconf 87' lang='lat' dir='ltr'>eum</span> <span class='ocrx_word' id='word_1_495' title='bbox 1512 4750 1579 4796; x_wconf 85' lang='lat' dir='ltr'>esse</span> <span class='ocrx_word' id='word_1_496' title='bbox 1593 4727 1711 4816; x_wconf 91' lang='lat' dir='ltr'>ubique</span> <span class='ocrx_word' id='word_1_497' title='bbox 1726 4726 1846 4792; x_wconf 79' lang='lat' dir='ltr'>desmi-</span> 
     </span>
     <span class='ocr_line' id='line_1_40' title="bbox 244 4813 1844 4913; baseline 0.008 -36"><span class='ocrx_word' id='word_1_498' title='bbox 244 4813 304 4878; x_wconf 87' lang='lat' dir='ltr'>bit.</span> <span class='ocrx_word' id='word_1_499' title='bbox 323 4814 426 4906; x_wconf 88' lang='lat' dir='ltr'>Supra</span> <span class='ocrx_word' id='word_1_500' title='bbox 442 4833 501 4899; x_wconf 89' lang='lat' dir='ltr'>est,</span> <span class='ocrx_word' id='word_1_501' title='bbox 519 4819 634 4907; x_wconf 89' lang='lat' dir='ltr'>iuquit,</span> <span class='ocrx_word' id='word_1_502' title='bbox 652 4822 761 4886; x_wconf 89' lang='lat' dir='ltr'>omnia</span> <span class='ocrx_word' id='word_1_503' title='bbox 778 4821 941 4913; x_wconf 89' lang='lat' dir='ltr'>regendo,</span> <span class='ocrx_word' id='word_1_504' title='bbox 959 4822 1043 4886; x_wconf 90' lang='lat' dir='ltr'>infra</span> <span class='ocrx_word' id='word_1_505' title='bbox 1059 4824 1169 4887; x_wconf 89' lang='lat' dir='ltr'>omnia</span> <span class='ocrx_word' id='word_1_506' title='bbox 1184 4823 1393 4889; x_wconf 87' lang='lat' dir='ltr'>sustentando</span> <span class='ocrx_word' id='word_1_507' title='bbox 1409 4842 1443 4889; x_wconf 91' lang='lat' dir='ltr'>et</span> <span class='ocrx_word' id='word_1_508' title='bbox 1457 4826 1544 4889; x_wconf 91' lang='lat' dir='ltr'>intra</span> <span class='ocrx_word' id='word_1_509' title='bbox 1563 4825 1673 4890; x_wconf 89' lang='lat' dir='ltr'>omnia</span> <span class='ocrx_word' id='word_1_510' title='bbox 1687 4822 1844 4913; x_wconf 87' lang='lat' dir='ltr'>regendo.</span> 
     </span>
     <span class='ocr_line' id='line_1_41' title="bbox 246 4909 1845 5010; baseline 0.008 -36"><span class='ocrx_word' id='word_1_511' title='bbox 246 4909 297 4975; x_wconf 91' lang='lat' dir='ltr'>Sic</span> <span class='ocrx_word' id='word_1_512' title='bbox 313 4914 469 5002; x_wconf 87' lang='lat' dir='ltr'>igiturest</span> <span class='ocrx_word' id='word_1_513' title='bbox 483 4917 591 4980; x_wconf 91' lang='lat' dir='ltr'>unitus</span> <span class='ocrx_word' id='word_1_514' title='bbox 599 4917 737 5002; x_wconf 90' lang='lat' dir='ltr'>homini,</span> <span class='ocrx_word' id='word_1_515' title='bbox 751 4919 841 5009; x_wconf 84' lang='lat' dir='ltr'>quod</span> <span class='ocrx_word' id='word_1_516' title='bbox 855 4943 922 4984; x_wconf 92' lang='lat' dir='ltr'>uon</span> <span class='ocrx_word' id='word_1_517' title='bbox 939 4935 988 4984; x_wconf 88' lang='lat' dir='ltr'>est</span> <span class='ocrx_word' id='word_1_518' title='bbox 1002 4921 1037 4984; x_wconf 89' lang='lat' dir='ltr'>in</span> <span class='ocrx_word' id='word_1_519' title='bbox 1049 4919 1156 5007; x_wconf 89' lang='lat' dir='ltr'>aliquo</span> <span class='ocrx_word' id='word_1_520' title='bbox 1167 4919 1254 5001; x_wconf 92' lang='lat' dir='ltr'>loco,</span> <span class='ocrx_word' id='word_1_521' title='bbox 1269 4921 1349 4985; x_wconf 91' lang='lat' dir='ltr'>sicut</span> <span class='ocrx_word' id='word_1_522' title='bbox 1362 4921 1468 4986; x_wconf 89' lang='lat' dir='ltr'>anima</span> <span class='ocrx_word' id='word_1_523' title='bbox 1479 4922 1524 4986; x_wconf 90' lang='lat' dir='ltr'>sic</span> <span class='ocrx_word' id='word_1_524' title='bbox 1540 4936 1588 4986; x_wconf 90' lang='lat' dir='ltr'>est</span> <span class='ocrx_word' id='word_1_525' title='bbox 1599 4921 1689 4985; x_wconf 87' lang='lat' dir='ltr'>unita</span> <span class='ocrx_word' id='word_1_526' title='bbox 1704 4923 1845 5010; x_wconf 90' lang='lat' dir='ltr'>corpori,</span> 
     </span>
    </p>
   </div>
   <div class='ocr_carea' id='block_1_5' title="bbox 245 5007 1846 5203">
    <p class='ocr_par' dir='ltr' id='par_1_5' title="bbox 245 5007 1846 5203">
     <span class='ocr_line' id='line_1_42' title="bbox 245 5007 1846 5108; baseline 0.007 -36"><span class='ocrx_word' id='word_1_527' title='bbox 245 5007 334 5094; x_wconf 84' lang='lat' dir='ltr'>quod</span> <span class='ocrx_word' id='word_1_528' title='bbox 351 5012 385 5075; x_wconf 91' lang='lat' dir='ltr'>in</span> <span class='ocrx_word' id='word_1_529' title='bbox 395 5011 469 5077; x_wconf 90' lang='lat' dir='ltr'>loco</span> <span class='ocrx_word' id='word_1_530' title='bbox 486 5014 613 5079; x_wconf 89' lang='lat' dir='ltr'>nonsit.</span> <span class='ocrx_word' id='word_1_531' title='bbox 625 5014 690 5081; x_wconf 89' lang='lat' dir='ltr'>Sed</span> <span class='ocrx_word' id='word_1_532' title='bbox 701 5017 782 5082; x_wconf 88' lang='lat' dir='ltr'>sicut</span> <span class='ocrx_word' id='word_1_533' title='bbox 793 5018 900 5081; x_wconf 87' lang='lat' dir='ltr'>anima</span> <span class='ocrx_word' id='word_1_534' title='bbox 915 5039 982 5082; x_wconf 88' lang='lat' dir='ltr'>esse</span> <span class='ocrx_word' id='word_1_535' title='bbox 998 5017 1179 5106; x_wconf 87' lang='lat' dir='ltr'>incorpore</span> <span class='ocrx_word' id='word_1_536' title='bbox 1193 5018 1273 5082; x_wconf 85' lang='lat' dir='ltr'>nihil</span> <span class='ocrx_word' id='word_1_537' title='bbox 1286 5017 1374 5082; x_wconf 89' lang='lat' dir='ltr'>aliud</span> <span class='ocrx_word' id='word_1_538' title='bbox 1389 5034 1447 5100; x_wconf 88' lang='lat' dir='ltr'>est,</span> <span class='ocrx_word' id='word_1_539' title='bbox 1466 5040 1563 5106; x_wconf 89' lang='lat' dir='ltr'>quam</span> <span class='ocrx_word' id='word_1_540' title='bbox 1577 5039 1708 5083; x_wconf 84' lang='lat' dir='ltr'>movere</span> <span class='ocrx_word' id='word_1_541' title='bbox 1719 5040 1846 5108; x_wconf 91' lang='lat' dir='ltr'>corpus,</span> 
     </span>
     <span class='ocr_line' id='line_1_43' title="bbox 246 5104 1845 5203; baseline 0.008 -35"><span class='ocrx_word' id='word_1_542' title='bbox 246 5104 290 5169; x_wconf 90' lang='lat' dir='ltr'>sic</span> <span class='ocrx_word' id='word_1_543' title='bbox 305 5106 450 5175; x_wconf 88' lang='lat' dir='ltr'>Verbum</span> <span class='ocrx_word' id='word_1_544' title='bbox 465 5110 500 5174; x_wconf 92' lang='lat' dir='ltr'>in</span> <span class='ocrx_word' id='word_1_545' title='bbox 515 5111 647 5178; x_wconf 90' lang='lat' dir='ltr'>homine</span> <span class='ocrx_word' id='word_1_546' title='bbox 668 5111 725 5179; x_wconf 91' lang='lat' dir='ltr'>illo</span> <span class='ocrx_word' id='word_1_547' title='bbox 747 5139 815 5180; x_wconf 90' lang='lat' dir='ltr'>non</span> <span class='ocrx_word' id='word_1_548' title='bbox 834 5129 903 5180; x_wconf 89' lang='lat' dir='ltr'>erat</span> <span class='ocrx_word' id='word_1_549' title='bbox 918 5112 1025 5194; x_wconf 89' lang='lat' dir='ltr'>aliud,</span> <span class='ocrx_word' id='word_1_550' title='bbox 1047 5137 1148 5202; x_wconf 86' lang='lat' dir='ltr'>quam</span> <span class='ocrx_word' id='word_1_551' title='bbox 1168 5114 1273 5203; x_wconf 90' lang='lat' dir='ltr'>ipsum</span> <span class='ocrx_word' id='word_1_552' title='bbox 1294 5114 1340 5179; x_wconf 87' lang='lat' dir='ltr'>sic</span> <span class='ocrx_word' id='word_1_553' title='bbox 1354 5136 1504 5190; x_wconf 80' lang='lat' dir='ltr'>morere,</span> <span class='ocrx_word' id='word_1_554' title='bbox 1521 5113 1611 5190; x_wconf 75' lang='lat' dir='ltr'>quod</span> <span class='ocrx_word' id='word_1_555' title='bbox 1632 5138 1652 5181; x_wconf 83' lang='lat' dir='ltr'>a</span> <span class='ocrx_word' id='word_1_556' title='bbox 1670 5137 1705 5182; x_wconf 86' lang='lat' dir='ltr'>se</span> <span class='ocrx_word' id='word_1_557' title='bbox 1719 5115 1845 5181; x_wconf 91' lang='lat' dir='ltr'>nullum</span> 
     </span>
    </p>
   </div>
   <div class='ocr_carea' id='block_1_6' title="bbox 0 0 2286 6100">
    <p class='ocr_par' dir='ltr' id='par_1_6' title="bbox 0 0 2286 6100">
     <span class='ocr_line' id='line_1_44' title="bbox 0 0 2286 6100; baseline 0 0"><span class='ocrx_word' id='word_1_558' title='bbox 0 0 2286 6100; x_wconf 95' lang='lat' dir='ltr'> </span> 
     </span>
    </p>
   </div>
  </div>
 </body>
</html>
