4559 6100
700 593 745 665 lN
770 592 1016 667 aristotili
1041 597 1102 669 tt)
1127 595 1350 670 ROMANOS.
1745 595 1817 668 289

226 736 364 826 dictum
377 751 452 809 est:
470 766 486 805 n
499 744 589 812 Cum
604 743 769 815 nondum
785 747 860 817 nati
881 745 1028 821 fuissent
1042 761 1105 820 aut
1122 746 1258 844 aliquid
1273 745 1376 833 boni,
1392 758 1485 815 etc.»
1507 770 1526 810 n
1543 743 1653 833 Absit,
1670 773 1688 813 n
1702 747 1819 842 inquit

145 883 150 908 t
226 856 346 927 statim
361 857 551 955 Apostolus
567 885 610 932 ex
629 886 692 934 sua
707 857 819 960 parte,
840 881 878 936 ut
892 866 1056 939 videlicet
1071 866 1144 938 ullo
1162 865 1274 938 modo
1288 863 1455 959 iniquitas
1471 861 1637 934 credatur
1657 887 1817 959 unquam

226 977 263 1046 in
280 979 358 1046 Deo
374 1001 464 1050 esse.
483 979 554 1050 Sed
568 981 667 1078 prins
683 983 830 1079 quidem
848 1009 956 1082 quam
969 987 1041 1059 boc
1053 985 1219 1059 ostendat
1233 982 1333 1081 quod
1349 995 1497 1080 propter
1517 980 1659 1078 objecta
1677 1007 1750 1054 uon
1774 985 1819 1056 sit

227 1099 323 1165 Deus
347 1094 492 1192 iniquus
521 1096 708 1186 dicendus,
727 1104 841 1200 ipsam
870 1105 990 1178 adhuc
1013 1105 1253 1202 objectionem
1278 1125 1379 1173 more
1408 1100 1495 1170 boui
1521 1104 1819 1195 argumentatoris

229 1211 452 1306 corroborat,
473 1231 513 1287 ut
529 1233 666 1313 quanto
686 1220 836 1295 validior
851 1223 956 1296 fuerit
973 1224 1142 1321 objecti0,
1165 1235 1264 1294 tanto
1283 1216 1463 1292 dillicilior
1480 1242 1523 1290 ac
1542 1218 1741 1308 mirabilior
1761 1243 1820 1318 ap·

231 1347 350 1429 pareat
360 1335 593 1432 postmodum
604 1339 749 1412 solutio.
766 1370 783 1410 n
794 1344 908 1439 Moysi
918 1345 1015 1415 enim
1025 1343 1146 1416 dicit¹.
1162 1373 1179 1409 n
1194 1347 1243 1414 Ac
1253 1342 1282 1414 si
1295 1340 1448 1411 diceret:
1462 1344 1554 1411 Bene
1566 1340 1752 1437 quaesitum
1765 1355 1818 1412 est

202 1524 205 1528 ,
230 1450 273 1522 ad
286 1455 508 1550 propositam
520 1458 768 1553 quaestionem,
782 1476 822 1533 ut
835 1462 999 1535 videlicet
1013 1467 1159 1545 Deuma
1174 1462 1278 1560 culpa
1294 1457 1485 1532 defendere
1499 1456 1693 1544 valeamus,
1708 1472 1743 1531 et
1756 1484 1820 1556 pe·

230 1570 324 1642 nitus
339 1598 382 1645 ex
401 1574 486 1671 ipsis
502 1599 648 1674 quoque
665 1580 847 1677 scripturae
864 1583 1075 1654 testimoniis
1099 1583 1135 1652 in
1156 1580 1286 1652 talibus
1306 1575 1491 1676 culpabilis
1512 1591 1618 1673 atque
1635 1579 1820 1650 inexcusa-

230 1689 311 1762 bilis
328 1692 466 1766 videtur
479 1698 588 1785 Deus,
613 1721 698 1768 cnm
722 1698 854 1772 habeat
876 1702 912 1771 in
936 1714 1108 1799 potestate
1133 1696 1406 1798 quibuscunque
1432 1697 1517 1769 velit
1540 1697 1820 1770 misericordiam

231 1810 437 1908 impendere
454 1837 527 1911 qua
540 1815 733 1904 salventur,
759 1832 794 1889 et
819 1820 896 1908 sine
918 1820 994 1917 ejus
1013 1820 1258 1892 misericordia
1284 1842 1392 1890 nemo
1416 1817 1542 1889 salvari
1563 1818 1688 1913 possit.
1713 1820 1820 1904 Quod

233 1927 315 2001 vero
333 1930 428 2003 hanc
444 1932 575 2005 habeat
591 1949 802 2033 potestatem
828 1940 1009 2036 praemittit
1030 1939 1180 2028 dicens:
1206 1970 1223 2004 ιι
1238 1935 1444 2026 Miserebor,
1472 1949 1540 2007 etc.
1560 1963 1578 2003 n
1606 1936 1715 2023 Quod
1738 1961 1822 2008 vero

235 2073 306 2120 non
320 2050 387 2121 nisi
402 2053 641 2150 praeveniente
657 2056 901 2130 misericordia
919 2059 995 2154 ejus
1011 2060 1201 2157 quisquam
1227 2057 1356 2131 salvari
1382 2070 1502 2153 queat,
1528 2056 1647 2127 statim
1663 2055 1824 2153 adjungit

235 2166 376 2241 dicens:
394 2199 412 2239 α
425 2172 536 2267 igitur
548 2196 623 2264 non
635 2172 787 2246 volentis
799 2189 835 2247 et
845 2179 1033 2267 currentis.
1052 2210 1070 2245 2>
1088 2208 1105 2248 n
1119 2180 1228 2276 Cujus
1237 2178 1408 2248 misereor
1419 2202 1437 2242 u
1453 2174 1753 2271 praedestinando,
1765 2200 1824 2246 an·

236 2300 378 2394 tequam
394 2289 527 2362 scilicet
543 2289 656 2362 ullum
675 2292 890 2384 sithominis
905 2296 1087 2386 meritum,
1106 2325 1125 2364 κ
1140 2292 1349 2385 miserebor,
1362 2321 1380 2362 o
1404 2309 1527 2390 postea
1549 2294 1715 2365 vocando
1740 2318 1823 2365 eum

236 2430 301 2503 per
315 2409 487 2483 internam
504 2410 788 2509 inspirationem,
806 2429 842 2487 et
858 2416 890 2487 ei
904 2415 1060 2512 denique
1070 2416 1173 2513 cujus
1184 2415 1381 2488 miserebor
1392 2413 1572 2502 vocando,
1591 2444 1608 2479 α
1624 2414 1824 2485 misericor·

235 2525 331 2598 diam
343 2529 532 2625 praestabo,
545 2559 563 2598 n
577 2532 614 2602 in
629 2532 707 2630 ipso
724 2533 859 2606 scilicet
874 2559 1037 2632 supernae
1055 2535 1253 2624 vocationis
1267 2533 1407 2604 bravio.
1419 2537 1526 2627 Ergo,
1546 2533 1663 2629 inquit
1677 2538 1826 2630 Aposto-

235 2645 291 2716 lus
314 2671 357 2717 ex
382 2673 534 2746 persona
561 2653 800 2749 opponentis,
829 2651 1002 2744 subaudi,
1033 2653 1161 2724 divinae
1191 2652 1336 2725 collatio
1366 2650 1638 2741 misericordia,
1671 2676 1746 2723 non
1774 2668 1828 2749 est

235 2763 392 2837 hominis
405 2783 737 2868 quantumcumque
752 2796 832 2843 eam
847 2802 864 2838 (ι
878 2772 1029 2844 volentis
1042 2797 1161 2870 neque
1178 2773 1366 2872 currentis,
1383 2801 1401 2836 >2
1418 2770 1453 2842 id
1470 2784 1535 2858 est,
1556 2784 1830 2867 quantumcum-

233 2910 305 2982 que
318 2885 514 2961 sestinantis
529 2904 635 2987 atque
652 2890 796 2962 nitentis
810 2891 856 2963 ad
870 2913 949 2962 eam
965 2890 1214 2984 obtinendam,
1227 2890 1290 2963 sed
1304 2893 1462 2963 tantum¹
1473 2890 1567 2967 «Dei
1581 2891 1791 2982 miserentis,
1808 2920 1826 2957 »ι

232 3004 270 3075 id
284 3020 350 3099 est,
367 3030 440 3079 non
459 3021 512 3080 est
527 3009 563 3081 in
578 3024 751 3108 potestate
776 3027 897 3085 nostra
922 3036 1003 3086 eam
1029 3012 1205 3112 accipere,
1223 3011 1286 3085 sed
1307 3012 1343 3083 in
1362 3034 1472 3083 manu
1485 3009 1561 3107 ejus
1580 3033 1661 3108 eam
1673 3009 1773 3101 dare,
1790 3024 1830 3081 ut

231 3150 302 3225 per
317 3126 389 3200 boc
404 3130 636 3202 astruendum
651 3133 813 3205 videatur
828 3134 1008 3227 neminem
1035 3158 1113 3205 esse
1129 3132 1165 3204 iri
1182 3132 1289 3230 culpa
1305 3131 1334 3202 si
1351 3128 1397 3201 ab
1411 3153 1454 3201 ea
1475 3130 1520 3200 sit
1539 3128 1676 3201 alienus
1691 3131 1829 3219 miseri-

229 3247 372 3340 cordia,
389 3248 477 3320 nisi⁸
490 3275 572 3322 eum
590 3251 652 3348 qui
669 3252 787 3349 largiri
805 3275 884 3324 eam
899 3252 1026 3325 habuit
1039 3278 1107 3326 nec
1121 3253 1246 3325 voluit.
1369 3254 1373 3263 ’
1441 3260 1446 3265 “

289 3398 306 3432 α
322 3369 415 3440 Dicit
432 3370 539 3459 enim.
554 3399 573 3438 n
590 3371 983 3465 Ostenditacontrariis
999 3372 1099 3469 quod
1113 3373 1312 3445 miserentis
1325 3387 1377 3444 est
1389 3373 1454 3444 Dei
1469 3370 1569 3467 quod
1585 3369 1750 3441 homines
1764 3370 1829 3440 sal·

226 3501 367 3559 vantur
386 3513 394 3558 :
411 3489 510 3585 quod
528 3490 741 3563 obdurantis
756 3505 809 3563 est
824 3491 924 3587 quod
941 3490 1173 3581 damnantur,
1203 3474 1294 3564 sicut
1323 3493 1359 3562 in
1390 3490 1576 3563 Pharaone
1598 3514 1640 3561 ex
1665 3490 1743 3587 ipso
1763 3490 1829 3559 Dei

14 3576 28 3785 θ
225 3607 445 3680 testimonio
462 3621 571 3706 patet.
588 3615 663 3704 Nec
676 3609 762 3682 dicit
777 3614 938 3682 tantum‘
953 3602 1178 3703 obdurantis,
1197 3609 1259 3682 sed
1272 3612 1374 3708 quasi
1390 3607 1602 3707 impellentis
1619 3607 1665 3681 ad
1679 3606 1827 3697 malum,

221 3751 324 3798 cum
333 3727 404 3798 ait:
423 3756 440 3795 u
454 3729 626 3800 Excitari.'
639 3756 657 3797 u
673 3732 716 3800 Et
727 3743 766 3799 ut
777 3730 921 3828 culpam
931 3730 998 3802 Dei
1006 3742 1165 3826 augeret,
1180 3727 1301 3802 addit:
1317 3760 1334 3795 <c
1348 3734 1395 3800 Ut
1404 3725 1591 3800 ostendam
1599 3727 1637 3797 in
1648 3740 1695 3815 te,
1709 3731 1794 3815 etei,
1811 3757 1828 3791 u

217 3847 341 3945 quasi
358 3845 440 3920 ideo
457 3847 604 3920 damnet
618 3849 707 3921 alios
724 3853 835 3940 Deus,
855 3864 896 3921 ut
919 3874 957 3921 se
982 3847 1174 3945 glorificet,
1202 3863 1238 3921 et
1260 3848 1410 3946 gloriam
1431 3871 1534 3920 suam
1557 3847 1594 3918 in
1611 3852 1727 3917 morte
1746 3844 1833 3917 alio·

216 3993 317 4039 rum
332 3981 479 4063 quaerat,
500 3967 599 4064 quod
613 3968 876 4065 iniquissimum
895 3966 1047 4041 videtur.
1070 3999 1087 4034 α
1101 3972 1141 4040 ln
1162 3968 1234 4040 hoc
1256 3970 1373 4067 ipsum
1387 3968 1535 4039 excitavi
1551 3979 1599 4057 te,
1618 3993 1634 4030 s
1658 3964 1697 4036 id
1712 3979 1766 4039 est
1786 3963 1833 4035 ad

211 4086 474 4183 affligendum
488 4086 665 4185 populum
680 4087 739 4158 vel
755 4087 1057 4186 persequendum,
1077 4088 1151 4159 sive
1169 4088 1276 4160 etiam
1287 4111 1434 4179 menon
1451 4084 1727 4169 exaudiendum,
1743 4085 1834 4156 sicut

205 4204 413 4306 scriptum
423 4222 494 4279 cst:
512 4236 530 4273 α
546 4207 728 4280 lndurabo
739 4232 804 4279 cor
812 4207 1046 4281 Pharaonis.»
1065 4208 1307 4300 «Excitavite,
1325 4236 1342 4276 n
1357 4206 1394 4279 id
1404 4220 1469 4295 est,
1485 4205 1682 4278 resistendo
1691 4203 1834 4276 tibileci

207 4327 353 4424 magis
368 4325 598 4399 exardescere
615 4326 785 4399 malitiam
797 4308 896 4399 tuam
909 4342 1036 4399 eontra
1049 4352 1121 4418 me,
1133 4340 1186 4416 ut,
1198 4327 1290 4399 sicut
1304 4326 1476 4425 scriptum
1493 4326 1566 4398 est⁸
1583 4352 1591 4395 :
1611 4324 1710 4411 «Qui
1719 4323 1836 4420 justus

200 4461 270 4519 est
287 4445 460 4544 amplius
470 4444 696 4543 justificetur,
715 4473 734 4514 u
753 4469 818 4544 per
834 4445 934 4542 quod
950 4447 1051 4542 quasi
1076 4470 1206 4519 aurum
1230 4445 1267 4516 in
1289 4444 1435 4517 fornace
1451 4442 1692 4515 tribulationis
1707 4465 1836 4542 purga·

0 4517 6 4618 i
196 4580 292 4657 tur,
319 4596 346 4634 c«
360 4578 396 4635 et
410 4565 472 4662 qui
484 4564 521 4636 in
531 4564 698 4637 sordibus
715 4566 931 4665 estamplius
947 4565 1174 4639 sordescat.»
1192 4564 1392 4636 «Virtutem
1410 4586 1540 4653 meam,
1556 4590 1574 4629 n
1590 4561 1693 4634 idest
1710 4574 1837 4659 poten·

191 4688 333 4777 tiam,
355 4697 432 4755 tam
451 4684 487 4757 in
505 4684 618 4783 plagis
633 4684 767 4756 scilicet
783 4685 925 4785 AEgypti
941 4709 1051 4782 quam
1068 4687 1104 4757 in
1118 4683 1365 4756 submersione
1380 4682 1641 4781 AEgyptiorum.
1672 4709 1690 4748 u
1709 4684 1755 4751 Ut
1772 4701 1836 4775 per

184 4806 285 4879 hoc
316 4805 567 4876 annuntietur
582 4829 716 4877 nomen
734 4828 870 4894 meum,
891 4834 909 4874 n
936 4804 973 4876 id
990 4819 1044 4877 est
1059 4802 1228 4877 dilatetur
1248 4802 1375 4875 notitia
1400 4803 1569 4899 potentiae
1592 4824 1679 4874 meoe
1703 4796 1835 4891 ubique

181 4940 433 5000 terrarum.
449 4924 557 5011 Quod
569 4923 654 4996 dicit
672 4954 690 4991 α
703 4939 744 4996 ut
759 4948 823 5022 per
835 4923 937 4996 boen
952 4925 1064 5021 magis
1075 4924 1280 4998 ellectivum
1291 4946 1368 4994 esse
1380 4944 1490 5019 quam
1501 4920 1720 4993 carnotinum
1735 4912 1828 4989 vide.

211 5212 349 5264 Ἀπὸ.
374 5207 445 5258 lm
455 5219 521 5259 nero.
531 5234 560 5248 -
570 5210 579 5241 ²
589 5208 660 5260 Ant.
674 5209 774 5261 tanen.
784 5232 813 5247 -
824 5208 911 5261 um.
923 5209 980 5260 Non
990 5219 1056 5259 eum.
1071 5230 1101 5247 -
1115 5206 1202 5259 ‘Aron
1214 5208 1316 5259 aomo.
1327 5230 1359 5245 -
1370 5207 1479 5269 tione,
1491 5214 1546 5264 cop.
1554 5212 1615 5261 xm,
1625 5210 1648 5248 r.
1663 5199 1702 5253 tt.

345 5318 389 5358 u
1679 5292 1716 5351 at
