4559 6100
745 550 998 626 THEOLOGlA
1023 554 1299 629 eflutsutttt.
1753 555 1823 628 565

229 719 319 778 terat
343 705 502 777 animam
527 704 614 777 limo
637 717 738 777 terrae
753 702 964 793 admiscere,
988 717 1025 776 et
1045 706 1096 777 sic
1112 705 1267 779 lormare
1290 730 1442 804 corpus,
1469 704 1533 778 sed
1559 706 1699 778 ratione
1723 705 1824 779 infir·

229 825 406 916 mabatur,
427 826 512 923 quia
529 824 687 924 primum
712 822 902 923 oportebat
919 822 1073 896 domum
1093 826 1355 926 compaginari,
1374 840 1410 899 et
1428 826 1478 898 sic
1495 824 1737 899 habitatorem
1760 828 1824 899 in-

228 943 324 1018 duci.
337 974 356 1014 u
369 945 469 1018 Idem
486 945 523 1016 in
539 942 1078 1043 Enctr·rat170.·«0mnipotenris
1094 946 1262 1018 voluntas
1279 945 1371 1018 mala
1382 969 1458 1018 esse
1474 969 1674 1043 numquam
1690 960 1820 1044 potest.

228 1068 400 1138 Praeterea
413 1063 525 1137 multa
538 1078 656 1163 potest
677 1064 806 1157 secere,
825 1089 903 1161 quae
917 1089 984 1137 nec
1001 1065 1097 1156 lacit,
1114 1091 1183 1138 nec
1197 1065 1288 1139 vult.
1306 1067 1427 1138 Potuit
1440 1067 1539 1138 enim
1560 1063 1701 1136 efficere
1721 1079 1761 1137 ut
1774 1091 1823 1139 111

226 1184 385 1279 legiones
400 1184 610 1282 angelorum
630 1198 833 1283 pugnarent
854 1198 980 1258 contra
1005 1209 1068 1259 eos
1087 1186 1255 1284 quicum
1275 1200 1460 1284 ceperunt.
1485 1183 1708 1281 Evangelista
1729 1187 1825 1259 Mat·

227 1301 369 1397 tbaeus¹,
392 1309 477 1377 «An
493 1305 625 1405 putatis
641 1306 725 1403 quia
741 1330 816 1377 nou
833 1328 982 1404 possum
997 1330 1125 1402 rogare
1147 1311 1310 1397 Patrem,
1331 1319 1368 1379 et
1388 1304 1573 1377 exhibebit
1596 1304 1685 1377 mihi
1710 1307 1823 1380 modo

230 1451 247 1486 α
267 1422 458 1521 plusquam
484 1449 535 1498 rur
552 1425 712 1521 legiones
727 1426 949 1523 angelorum.
968 1454 987 1495 u
1018 1431 1109 1499 ltem
1144 1453 1153 1499 ε
1182 1454 1200 1495 o
1220 1432 1321 1498 Tunc
1351 1426 1389 1498 in
1415 1424 1611 1498 clarissima
1636 1419 1824 1526 Sapientiae

226 1540 307 1614 luce
339 1544 531 1636 videbitur,
556 1547 656 1643 quod
678 1571 776 1619 nunc
790 1546 880 1619 fides
906 1546 1034 1637 habet,
1065 1570 1175 1645 quam
1199 1561 1296 1619 certe
1319 1543 1553 1618 immutabilis
1578 1544 1824 1620 efficacissima

225 1657 269 1728 sit
286 1659 452 1734 voluntas
478 1664 557 1751 Dei,
589 1686 699 1759 quam
724 1661 836 1736 multa
859 1665 974 1761 possit
989 1678 1024 1736 et
1042 1688 1118 1736 non
1144 1661 1243 1753 velit,
1271 1660 1359 1734 nihil
1377 1675 1497 1735 autem
1516 1662 1599 1733 velit
1623 1662 1723 1759 quod
1746 1688 1823 1735 non

224 1779 350 1873 possit.
367 1809 383 1845 u
396 1779 496 1853 Idem
514 1782 552 1853 in
569 1780 662 1854 libro
678 1780 722 1853 de
732 1785 870 1880 Spiritu
887 1799 926 1855 et
935 1786 1070 1855 Littera
1085 1810 1097 1854 .·
1111 1812 1128 1849 a
1143 1781 1346 1854 Absurdum
1364 1781 1429 1854 tibi
1445 1779 1587 1853 videtur
1601 1780 1671 1853 dici
1686 1781 1823 1879 aliquid

225 1894 302 1969 fieri
328 1924 453 1997 posse,
479 1901 581 1999 cujus
606 1902 698 1974 desit
722 1901 949 2000 exemplum,
968 1927 1066 1994 cum,
1087 1902 1179 1974 sicut
1194 1900 1322 1994 credo,
1353 1926 1429 1973 non
1456 1899 1598 1973 dubites
1622 1914 1823 1999 numquam

225 2039 301 2089 esse
324 2016 477 2112 sactum,
496 2035 537 2092 ut
561 2045 626 2119 per
644 2020 803 2092 foramen
821 2044 907 2094 acus
923 2020 1082 2094 camelus
1103 2023 1288 2113 transiret,
1309 2036 1345 2093 et
1366 2035 1485 2093 tamen
1507 2021 1566 2093 ille
1583 2021 1656 2093 hnc
1674 2046 1823 2120 quoque

223 2134 312 2209 dixit
325 2142 403 2210 Deo
412 2164 496 2217 ,esse
505 2141 687 2239 possibile.
698 2122 790 2213 ltem
801 2169 810 2212 :
821 2142 912 2212 «His
927 2139 1012 2213 addi
1031 2155 1184 2239 possunt
1200 2142 1306 2213 etiam
1314 2140 1374 2214 illa
1389 2166 1468 2238 quae
1486 2140 1653 2238 leguntur
1671 2141 1708 2212 in
1730 2140 1824 2213 libro

224 2259 431 2354 Sapientia,
452 2261 634 2347 Quoniam
657 2260 769 2331 multa
795 2272 917 2358 posset
938 2284 1034 2332 nova
1052 2274 1229 2333 tormenta
1245 2263 1343 2332 Deus
1359 2285 1524 2332 exercere
1545 2261 1582 2332 in
1606 2261 1757 2359 impios,
1776 2262 1824 2335 ad
1926 2279 1938 2300 ⁸

223 2390 353 2449 nutum
369 2379 437 2451 sibi
452 2381 627 2452 serviente
644 2395 825 2470 creatura,
845 2404 925 2477 quae
941 2394 1062 2452 tamen
1084 2405 1160 2452 non
1178 2382 1347 2454 exercuit.
1369 2385 1490 2453 Potest
1507 2395 1543 2452 et
1560 2379 1606 2453 de
1621 2395 1744 2453 monte
1761 2381 1823 2454 illo

223 2519 332 2592 quem
355 2497 443 2572 fides
468 2502 506 2573 in
527 2525 625 2573 mare
649 2500 875 2591 transferret,
903 2500 1003 2598 quod
1024 2515 1144 2572 tamen
1165 2524 1345 2597 nusquam
1368 2501 1501 2573 sactum
1522 2498 1579 2573 vel
1598 2500 1749 2597 legimus
1766 2502 1824 2575 vel

222 2615 438 2691 audivimus.
461 2622 630 2717 Quisquis
645 2620 779 2692 horum
797 2620 933 2718 aliquid
949 2624 1028 2693 Deo
1048 2619 1138 2692 dixit
1153 2620 1389 2719 impossibile,
1407 2621 1508 2693 vides
1521 2644 1630 2718 quarn
1648 2619 1821 2720 desipiat,

222 2760 403 2836 quamque
419 2740 590 2814 adversus
607 2740 717 2814 fidem
736 2741 921 2839 scripturae
936 2741 1013 2838 ejus
1028 2740 1210 2837 loquatur.
1232 2740 1345 2814 Multa
1364 2740 1432 2813 alia
1447 2739 1657 2837 hujusmodi
1672 2754 1825 2839 possunt

222 2878 411 2931 occurrere
436 2860 493 2933 vel
517 2861 648 2957 legenti
665 2861 722 2934 vel
740 2862 932 2957 cogitanti,
956 2885 1035 2959 quae
1056 2860 1237 2961 possibilia
1261 2865 1339 2933 Deo
1356 2884 1488 2957 negare
1510 2884 1586 2932 non
1606 2883 1821 2958 possumus,

220 2979 385 3072 quamvis
410 3005 538 3055 eorum
561 2980 655 3054 desit
678 2981 896 3082 exemplum.
915 3010 933 3050 u
952 2980 1053 3065 ldem
1076 2982 1114 3055 in
1135 2980 1229 3054 libro
1249 2979 1294 3053 de
1315 2987 1460 3055 Natura
1481 2997 1516 3053 et
1538 2982 1689 3055 Gratius
1709 3010 1727 3046 α
1740 2984 1822 3052 Do—

220 3098 340 3170 minus
356 3104 528 3174 Lazarum
546 3103 740 3175 suscitavit.
759 3105 844 3175 Sine
860 3101 973 3175 dubio
993 3103 1112 3202 potuit
1130 3130 1139 3171 z
1159 3103 1245 3199 quia
1259 3125 1345 3173 vero
1367 3101 1499 3174 ludam
1520 3125 1596 3173 non
1614 3101 1819 3192 suscitavit,

220 3218 399 3314 numquid
415 3220 613 3293 dicendum
632 3236 698 3309 est,
718 3225 798 3294 Non
817 3222 961 3319 potuit?
979 3222 1100 3294 Potuit
1121 3244 1223 3317 ergo,
1242 3219 1305 3291 sed
1329 3221 1457 3292 noluit.
1478 3224 1568 3292 Nam
1584 3220 1612 3291 si
1629 3220 1818 3310 voluisset,

219 3334 348 3409 eadem
369 3339 477 3411 etiam
496 3339 570 3413 hoc
586 3355 759 3439 potestate
783 3341 923 3413 lecisset
942 3370 951 3412 ε
970 3343 1054 3438 quia
1076 3339 1184 3412 Filius
1199 3364 1292 3438 quos
1308 3340 1386 3411 vult
1403 3338 1569 3412 vivificat.
1586 3367 1604 3404 s
1621 3338 1684 3410 His
1701 3339 1822 3435 itaque

220 3468 292 3526 tam
322 3458 521 3532 rationibus
549 3486 660 3559 quam
689 3459 983 3550 auctoritatibus,
1010 3459 1165 3557 graviter
1191 3459 1227 3530 in
1256 3473 1406 3556 utraque
1431 3471 1532 3558 parte
1563 3456 1822 3556 complexionis

188 3662 191 3667 .
218 3574 403 3674 impliciti,
433 3602 508 3676 quo
532 3604 600 3652 nos
628 3580 805 3681 explicare
831 3581 1011 3680 possimus
1036 3603 1111 3651 non
1137 3578 1240 3651 facile
1265 3577 1403 3650 aditum
1431 3578 1598 3667 inveni03
1620 3601 1695 3675 quo
1722 3578 1821 3649 enim

219 3694 505 3771 vehementiores
530 3714 615 3773 sunt
637 3701 879 3799 quaestionum
905 3700 1207 3799 impugnationes,
1236 3697 1456 3783 difficiliores
1485 3696 1647 3796 profecto
1676 3720 1822 3771 necesse

218 3829 272 3886 est
293 3841 369 3892 esse
392 3819 602 3893 solutiones.
627 3821 698 3895 Sed
718 3822 891 3920 quoniam
907 3819 1073 3893 divinum
1097 3820 1134 3891 in
1153 3818 1324 3891 omnibus
1348 3819 1529 3915 integrum
1549 3816 1730 3889 honorem
1745 3838 1821 3888 ser·

151 3982 155 3990 -
218 3957 315 4027 vare,
335 3950 371 4008 et
390 3953 499 4035 prout
517 3964 709 4037 possumus
725 3938 953 4037 magnificare
967 3939 1205 4032 intendimus,
1225 3939 1337 4038 ipsius
1357 3962 1467 4035 opem
1485 3957 1594 4031 super
1609 3933 1682 4006 hoc
1700 3932 1819 4007 confi-

218 4053 345 4128 denter
360 4056 607 4156 imploremus,
626 4062 743 4158 utqui
759 4085 843 4132 suos
859 4058 1013 4133 absolvit
1028 4084 1051 4131 a
1067 4058 1235 4157 peccatis,
1255 4055 1457 4155 expediata
1473 4053 1605 4145 verbis,
1629 4069 1665 4127 et
1682 4054 1817 4128 horum

217 4199 364 4274 quoque
377 4176 526 4276 laqueos
542 4179 633 4252 sicut
654 4180 799 4252 illorum
815 4179 861 4252 ad
876 4179 1034 4252 nominis
1050 4178 1106 4250 sui
1123 4175 1269 4250 laudem
1286 4200 1352 4249 sua
1367 4174 1545 4274 explicare
1561 4175 1675 4272 gratia
1692 4174 1819 4273 digne·

217 4308 287 4388 tur,
303 4321 350 4371 ne
366 4322 434 4370 nos
450 4298 628 4372 mendacii
643 4300 699 4372 vel
718 4299 986 4398 praesumtionis
1006 4299 1043 4369 in
1063 4321 1148 4369 eum
1169 4294 1216 4368 ab
1235 4296 1315 4394 ipso
1334 4318 1541 4392 arguamur,
1561 4295 1626 4391 qui
1645 4296 1819 4394 probator

215 4414 335 4487 cordis
358 4431 395 4488 et
413 4441 540 4489 renum
565 4419 678 4515 magis
698 4419 736 4491 in
761 4417 931 4492 omnibus
948 4416 1188 4490 intentionem
1207 4415 1361 4487 attendit
1385 4438 1495 4512 quam
1518 4415 1720 4508 actionem,
1750 4440 1818 4488 nec

215 4557 296 4629 quae
312 4534 413 4624 fiant,
429 4536 493 4609 sed
507 4561 582 4636 quo
596 4539 719 4611 animo
737 4537 837 4610 fiant.

264 4655 318 4723 Eo
329 4652 450 4749 itaque
467 4680 582 4746 more,
599 4681 673 4755 quo
686 4656 732 4728 de
744 4660 823 4728 Deo
837 4654 1012 4728 disserere
1027 4655 1203 4753 coepimus
1218 4654 1423 4740 innitentes,
1438 4651 1525 4750 quid
1542 4666 1578 4724 et
1589 4651 1697 4726 nobis
1710 4677 1817 4751 super
1906 4735 1910 4740 ,

214 4770 287 4843 hnc
300 4771 417 4842 visum
433 4772 479 4844 sit
491 4773 569 4846 sine
587 4775 706 4872 aliqua
724 4772 978 4845 obstinationis
994 4774 1191 4845 assertione
1208 4770 1444 4870 proferamus.
1466 4772 1593 4845 Visum
1609 4787 1729 4846 autem
1746 4773 1817 4846 ita-

214 4917 285 4991 que
301 4890 408 4965 nohis
424 4907 477 4965 est
491 4897 609 4966 Deum
627 4894 691 4991 qui
704 4916 846 4965 summe
861 4891 984 4965 bonus
1001 4906 1066 4984 est,
1083 4893 1204 4966 necin
1222 4916 1289 4967 sua
1306 4894 1485 4965 crescere²
1501 4892 1558 4965 vel
1575 4892 1691 4964 minui
1708 4891 1816 4966 boui·

248 5173 254 5201 ¹
265 5167 362 5234 !atttr,
371 5182 425 5233 cap.
434 5181 504 5232 un.
515 5171 587 5222 uta.
601 5196 631 5210 -
641 5170 651 5199 ²
661 5167 702 5222 Sto
712 5169 768 5221 cod.
782 5166 983 5221 rumuliaco
994 5168 1068 5220 edttts
1079 5179 1197 5219 nume.
