4559 6100
722 538 765 614 ΙΝ
790 536 1035 612 EPlS'l'Othl
1058 540 1121 613 AD
1145 540 1369 615 ROMANOS.
1770 539 1845 614 309

248 707 346 757 nona
357 683 533 757 scribens:
544 712 561 754 a
571 685 708 760 Clamat
717 689 822 760 tsaias
833 712 900 787 pro
912 688 1033 761 lsrael¹
1045 716 1054 759 ε
1068 689 1135 760 «Si
1147 688 1254 762 luerit
1264 713 1436 762 nunrerus
1447 686 1603 760 liliorum
1614 687 1840 777 lsrael,‘ete.u

246 802 285 876 id
306 817 358 877 est
376 804 485 876 etiam
506 804 536 875 si
555 804 750 880 multitudo
767 831 843 879 non
857 806 1068 897 crediderit,
1088 821 1209 880 tamen
1226 809 1331 906 pauci
1347 807 1507 881 credent.
1529 837 1546 873 s
1562 810 1614 879 De
1631 805 1704 877 line
1719 819 1841 882 autem

247 925 356 997 seculi
372 924 422 997 ita
446 923 605 996 Isidorus
625 923 785 1023 loquitur
806 926 871 999 lib.
896 930 925 996 ΙΙ
944 928 1078 998 Contra
1094 925 1248 1018 ludaeos,
1264 951 1346 1027 cap.
1363 953 1426 999 rr:
1448 957 1466 996 a
1486 924 1677 998 Malachias
1695 949 1841 1023 quoque

247 1051 329 1114 ante
357 1041 466 1114 finem
492 1043 620 1115 mundi
641 1044 778 1118 Heliam
803 1046 855 1118 sic
875 1069 952 1117 esse
977 1046 1065 1117 dicit
1087 1045 1303 1119 mittendum
1328 1046 1376 1119 ad
1403 1045 1676 1119 conversionem
1700 1043 1839 1118 ludaeo-

177 1180 181 1186 ’
246 1164 378 1233 rum':
400 1192 418 1229 α
441 1166 531 1234 Ecce
557 1186 625 1259 ego
655 1165 793 1237 mittam
821 1164 926 1237 vohis
958 1165 1094 1236 Heliam
1127 1165 1366 1263 Prophetam,
1395 1179 1589 1262 antequam
1617 1164 1737 1235 veniat
1762 1162 1840 1236 dics

248 1307 265 1343 a
284 1281 430 1352 Domini
444 1304 594 1376 magnus
606 1295 642 1353 et
655 1282 833 1375 terribilis,
848 1296 884 1355 et
896 1297 1081 1356 convertet
1093 1283 1206 1356 corda
1218 1298 1361 1382 patrum
1374 1283 1421 1358 ad
1437 1282 1542 1373 filios,
1556 1297 1593 1356 et
1604 1307 1669 1355 cor
1683 1281 1839 1354 filiorum

247 1425 266 1465 n
284 1397 330 1469 ad
350 1413 469 1499 patres
486 1423 625 1473 eorum.
639 1432 657 1467 »
676 1405 763 1475 ttem
781 1429 789 1473 ε
810 1431 827 1469 a
848 1405 913 1475 Hic
926 1417 980 1475 est
992 1404 1150 1502 populus
1162 1405 1201 1477 io
1213 1404 1415 1477 novissimis
1430 1402 1708 1494 convertendus,
1727 1427 1838 1500 quem

242 1516 355 1590 Jacob
382 1518 584 1592 Patriarcha
609 1520 678 1593 sub
705 1521 819 1619 ligura
848 1523 1029 1620 Benjamin
1057 1524 1185 1621 lupum
1215 1545 1321 1596 mane
1347 1522 1596 1596 comedentem
1629 1535 1665 1594 et
1689 1545 1837 1620 vespere

243 1635 358 1734 spolia
374 1637 593 1711 dividentem
610 1640 813 1740 prophetat,
833 1641 917 1738 quia
933 1641 1038 1714 initio
1054 1640 1169 1739 legem
1184 1643 1335 1741 accepit,
1353 1642 1390 1714 in
1407 1664 1556 1740 vespera
1571 1655 1689 1713 autem
1709 1640 1835 1712 mundi

192 1777 200 1782 ’
243 1753 444 1828 crediturus
469 1755 605 1829 dividet
631 1759 725 1831 inter
747 1763 889 1832 Novum
910 1764 1178 1834 Testamentum
1204 1775 1240 1834 et
1265 1764 1388 1834 Vetus.
1411 1760 1563 1849 aldem,
1587 1783 1667 1858 cap.
1687 1782 1709 1832 r
1727 1763 1835 1832 Amos

242 1872 465 1972 Prophetoe⁸t
489 1880 656 1950 «Domus
671 1878 776 1951 lsrael
794 1878 933 1965 cecidit,
956 1904 1032 1951 non
1058 1879 1202 1977 adjiciet
1223 1893 1263 1952 ut
1282 1894 1482 1977 resurgat.»
1503 1884 1596 1975 Ergo
1618 1877 1725 1952 lsrael
1746 1902 1835 1976 pro-

237 1990 330 2086 jecta
356 2007 409 2065 est
434 1994 471 2065 in
498 2008 629 2068 terram
652 2021 770 2083 suam,
791 2021 866 2068 non
889 2012 941 2070 est
966 1999 1028 2097 qui
1054 1999 1200 2072 suscitet
1221 2020 1315 2072 eam.
1339 1998 1508 2096 Sequitur
1530 1997 1569 2072 in
1593 1995 1723 2070 eodem
1748 2001 1835 2069 Pro÷
1914 2051 1924 2066 .

240 2109 386 2209 pheta‘:
408 2099 544 2185 «Venit
569 2113 650 2186 linis
669 2140 777 2214 super
803 2115 980 2216 populum
1005 2141 1127 2190 meum
1150 2116 1269 2191 lsrael.
1289 2121 1412 2206 »Quae
1433 2117 1558 2190 omnia
1584 2116 1765 2215 pertinent
1786 2115 1831 2192 ad

240 2230 382 2304 carnale
403 2232 512 2331 ipsius
537 2257 687 2329 regnum
710 2232 764 2306 vel
790 2233 1067 2328 observantiam,
1086 2235 1170 2334 quia
1190 2236 1284 2310 ultra
1298 2236 1335 2309 in
1350 2233 1590 2335 reprobabilia
1605 2249 1721 2308 crunt.
1744 2239 1832 2307 Nam

240 2347 307 2421 illae
337 2352 631 2449 repromissiones
662 2355 917 2452 reparationis,
945 2378 1034 2453 quas
1058 2379 1186 2428 eorum
1214 2377 1335 2428 sermo
1368 2354 1632 2453 complectitur,
1663 2351 1713 2426 illi
1739 2354 1847 2452 parti·

237 2469 509 2566 promittuntur,
533 2495 611 2568 quae
634 2496 677 2543 ex
700 2470 829 2544 Judaeis
844 2470 1024 2546 creditura
1045 2486 1110 2546 est.
1135 2477 1227 2546 Nam
1251 2496 1319 2546 nec
1344 2496 1471 2546 omnes
1492 2470 1605 2544 tudaei
1628 2470 1829 2543 redimendi

237 2602 336 2681 sunt,
362 2613 430 2663 nec
455 2615 582 2663 ornnes
602 2589 688 2664 salvi
713 2605 837 2684 erunt,
859 2590 922 2664 sed
948 2593 1011 2691 qui
1038 2591 1109 2665 fide
1126 2592 1242 2665 electi
1262 2591 1394 2664 fuerint
1418 2590 1663 2664 salvabuntur.
1685 2618 1704 2657 n
1719 2589 1828 2678 Quod

237 2715 357 2779 autem
377 2707 542 2781 nonnulli
566 2723 773 2782 sanctorum
793 2709 918 2783 dicunt
944 2711 982 2784 in
1010 2709 1082 2783 fine
1108 2735 1174 2809 per
1197 2710 1488 2810 pradicationem
1508 2708 1613 2781 Heliae
1638 2722 1674 2778 et
1702 2709 1828 2779 Enoch

236 2826 498 2899 contestandos
515 2852 605 2922 esse,
621 2828 753 2925 quibus
768 2844 804 2902 et
821 2830 897 2929 ipse
915 2829 1105 2929 Apostolus
1121 2828 1345 2904 concordare
1357 2829 1500 2904 videtur
1517 2828 1641 2901 dicens
1660 2853 1702 2897 :a
1718 2831 1762 2899 Et
1778 2830 1829 2899 sic

236 2946 353 3016 omnis
371 2944 477 3018 lsrael
495 2946 612 3020 salvus
630 2946 735 3041 liet,n
757 2964 819 3020 aaut
839 2948 1038 3022 secundum
1066 2949 1333 3022 universitatem
1360 2947 1541 3040 tribuum,
1560 2971 1636 3019 non
1659 2970 1829 3045 persona·

235 3086 329 3154 rum,
353 3079 405 3138 est
428 3060 691 3165 accipiendum,
711 3082 752 3140 ut
776 3068 946 3157 diximus,
966 3083 1029 3142 aut
1052 3069 1199 3143 fortasse
1220 3069 1260 3142 hi
1288 3070 1350 3167 qui
1375 3065 1827 3168 primitus,Antechristum

234 3184 451 3282 susceperint
468 3185 554 3259 ritus
567 3186 734 3258 Judaicos
746 3186 992 3277 reducentem,
1002 3202 1125 3286 postea
1140 3213 1206 3286 per
1221 3187 1511 3287 praedioatiouem
1528 3183 1636 3256 Heliae
1648 3198 1687 3257 et
1697 3185 1823 3257 Enoch

234 3302 396 3394 correcti,
421 3305 477 3376 rel
500 3305 577 3376 viso
593 3304 739 3377 interitu
754 3306 830 3402 ejus
852 3305 899 3378 de
920 3329 997 3405 quo
1013 3307 1152 3378 Veritas
1166 3306 1295 3379 dictu:
1322 3334 1339 3371 α
1359 3310 1404 3377 Et
1418 3305 1487 3376 nisi
1509 3302 1657 3376 breviati
1675 3301 1824 3375 luissent

233 3420 308 3493 dies
335 3422 402 3515 illi,
429 3447 502 3494 non
532 3422 633 3495 lieret
659 3424 756 3497 salva
782 3424 901 3495 omnis
926 3447 1025 3516 caro,
1049 3451 1067 3491 n
1094 3425 1259 3497 conversi
1285 3423 1332 3497 ad
1361 3421 1543 3495 Christum
1574 3418 1818 3493 salvabuntur.

233 3540 423 3636 Gregorius
448 3542 484 3612 in
508 3541 702 3613 Moralium
718 3540 813 3614 libro
833 3570 841 3613 :
864 3572 881 3608 α
903 3547 942 3614 ln
964 3556 1124 3614 extremo
1146 3541 1308 3615 lsraelirae
1331 3564 1459 3617 omues
1480 3539 1526 3613 ad
1545 3536 1654 3613 fidem
1672 3538 1817 3633 cognita

233 3656 339 3729 Heliae
358 3659 630 3758 praedicatione,
654 3675 862 3753 occurrent,
887 3674 922 3733 et
948 3675 1035 3733 tunc
1062 3659 1152 3732 illud
1175 3660 1345 3732 eximium
1361 3657 1546 3757 multiplici
1573 3656 1824 3753 aggregatione

232 3776 450 3875 populorum
460 3780 665 3852 convivium
680 3779 911 3853 celebratum.
925 3808 944 3847 n
965 3779 1144 3874 Remigius
1154 3779 1191 3851 in
1202 3777 1484 3850 Psalmnmxm‘
1500 3802 1508 3845 :
1526 3804 1544 3840 n
1554 3778 1645 3847 Cum
1656 3774 1825 3847 averterit

235 3924 252 3958 a
270 3898 460 3988 Dominus,
480 3906 548 3969 etc'.
568 3929 585 3965 »
609 3903 703 3971 Dum
720 3898 867 3971 ludaica
888 3896 1037 3997 perfidia
1058 3898 1096 3969 in
1122 3920 1187 3969 sua
1209 3895 1417 3970 crudelitate
1438 3894 1669 3993 impoenitens
1691 3894 1821 3991 estitit,

231 4013 367 4087 duriori
389 4040 427 4088 se
445 4017 658 4115 captivitatis
673 4018 803 4116 laqueo
817 4017 978 4090 irretivit.
999 4020 1087 4104 Quae
1109 4030 1232 4088 tamen
1251 4016 1436 4114 captivitas
1455 4013 1614 4095 solvetur
1633 4011 1678 4084 ad
1696 4010 1823 4111 pradi-

230 4134 408 4207 cationem
436 4136 543 4207 Helia
564 4150 600 4209 et
625 4136 763 4229 Enoch,
791 4160 875 4209 cum
899 4136 945 4209 ad
968 4160 1095 4208 eorum
1118 4133 1408 4234 praedicationem
1433 4157 1559 4206 omnes
1578 4132 1625 4205 in.
1642 4130 1823 4209 Christum

230 4254 339 4325 t‘udaei
356 4252 585 4327 crediderint}
599 4286 617 4322 n
636 4255 765 4329 Haimo
780 4282 788 4326 ε
805 4257 1037 4352 «impietates
1053 4279 1075 4327 a
1090 4253 1203 4328 Jacob
1221 4266 1354 4327 avertet
1367 4252 1532 4351 pleniter,
1547 4251 1639 4324 sicut
1650 4250 1824 4347 scriptum

229 4380 280 4444 est
290 4374 328 4442 ⁷'':
344 4404 361 4438 a
382 4377 424 4445 Et
440 4374 516 4472 ips'e
531 4373 684 4446 redimet
701 4374 807 4447 lsrael
826 4390 869 4446 ex
886 4373 1056 4447 omnibus
1070 4371 1316 4471 iniquitatibus
1328 4371 1416 4467 ejus.
1435 4398 1452 4438 n
1473 4373 1516 4442 Et
1532 4393 1618 4445 cum
1634 4367 1823 4467 plenitudo

229 4490 402 4563 Gentium
416 4492 610 4585 intraverit,
638 4507 728 4565 tunc
752 4492 872 4565 omnis
899 4491 1005 4565 lsrael
1030 4491 1148 4564 salvus
1175 4490 1247 4563 fiet.
1266 4519 1284 4557 n
1303 4494 1379 4561 «Ut
1404 4512 1479 4567 nou
1505 4488 1580 4560 sitis
1606 4487 1711 4563 vohis
1739 4485 1824 4584 ipsis

228 4609 424 4707 sapientes,
446 4642 464 4677 s
492 4611 530 4683 id
558 4622 610 4684 est
641 4611 726 4684 ideo
752 4612 840 4684 nolo
866 4635 931 4684 vos
956 4611 1053 4684 istud
1078 4611 1262 4685 occultum
1284 4611 1472 4705 ignorm,
1499 4630 1546 4683 ne
1578 4607 1653 4683 visa
1680 4604 1823 4676 illorum

228 4730 477 4824 excecatione,
488 4732 534 4804 de
549 4731 811 4805 illuminatione
824 4731 1005 4830 sapientiae
1016 4754 1127 4827 quam
1139 4728 1277 4802 habetis
1293 4725 1447 4827 superbe
1460 4724 1529 4803 illis
1546 4724 1767 4813 insultantes,
1778 4720 1822 4792 de

262 5034 344 5102 usa,
355 5052 410 5104 rap.
420 5053 446 5102 x,
460 5055 484 5093 r.
492 5044 524 5093 22
537 5055 544 5090 z
557 5041 582 5092 st
593 5040 666 5092 tuertt
676 5043 783 5104 populns
792 5040 940 5103 mrislsrsct,
951 5048 998 5091 etc.
1052 5043 1167 5102 warna,
1178 5052 1236 5104 cap.
1256 5052 1308 5102 uu,
1322 5052 1345 5091 r.
1356 5041 1424 5090 2.-
1436 5037 1539 5088 tuitus
1549 5070 1555 5098 ,
1565 5048 1619 5103 rap.
1631 5046 1701 5097 xrn,
1713 5046 1736 5084 r·
1748 5034 1822 5087 tt.-

227 5114 377 5183 -rauaa,
397 5131 453 5183 rap.
470 5132 508 5181 rr,
524 5131 549 5171 r.
569 5122 593 5171 5.
605 5122 657 5159 -·³
674 5122 769 5182 Aaron,
786 5134 841 5185 cap.
854 5135 877 5182 r,
891 5136 914 5171 r.
929 5124 950 5173 1.
968 5147 997 5159 -
1050 5119 1168 5171 ‘Protea
1183 5132 1241 5183 riri,
1256 5132 1281 5169 r.
1292 5121 1356 5171 1.-
1367 5120 1375 5150 ²
1387 5117 1485 5168 Protm.
1498 5127 1580 5175 earn,
1591 5127 1613 5167 r.
1626 5115 1650 5165 t.
