4559 6100
656 606 658 613 s
703 536 1079 650 rmuonuenotu
1103 566 1404 651 rnnotocnu.
1797 584 1843 654 sa

250 727 440 803 'delicet-et
449 724 768 821 constringendum
780 740 818 799 et
828 724 1055 825 capiendum,
1066 727 1170 823 quasi
1183 725 1271 798 illud
1284 726 1486 799 Salomonis
1499 728 1724 802 attendens¹t
1747 735 1844 803 «Fu-

268 843 403 920 nieulus
417 843 546 943 triplex
563 842 708 916 difficile
724 844 914 941 rumpitur.
930 845 1005 915 »Et
1018 858 1118 933 tunc,
1137 845 1268 940 inquit,
1286 843 1440 941 effigiem
1457 847 1509 918 tni
1524 845 1574 919 sic
1591 844 1735 944 ligatam
1747 847 1842 922 duco

267 977 319 1038 ter
330 963 467 1037 circum
479 960 616 1036 altaria.
634 961 798 1057 Denique
811 984 877 1034 our
893 974 930 1034 et
944 976 1046 1034 terna
1058 960 1140 1035 licia
1151 961 1299 1054 dixerit,
1318 961 1374 1036 vel
1390 964 1567 1063 triplicem
1582 964 1756 1056 colorem,
1768 967 1843 1040 sive

263 1096 405 1155 ternum
415 1080 603 1155 circuitum
622 1079 758 1170 altaris,
776 1080 878 1176 quasi
893 1079 931 1155 in
951 1078 1120 1152 omnihus
1136 1082 1281 1153 ternarii
1297 1083 1437 1155 numeri
1452 1106 1618 1180 magnam
1634 1084 1708 1156 vim
1729 1096 1843 1158 atten-

263 1198 361 1275 deret
376 1199 425 1274 ad
439 1198 720 1275 celebrationem
733 1197 938 1270 divinorum
956 1221 1163 1292 sacrorum,
1181 1198 1331 1286 adiecit,
1350 1201 1434 1298 quia
1451 1205 1549 1276 Deus
1565 1200 1696 1299 gaudet
1710 1203 1845 1301 impare

265 1340 427 1391 numero.
439 1321 488 1389 hc
501 1317 531 1389 si
544 1314 696 1389 diceret:
708 1314 1158 1404 QuiaDeushocnumero‚
1169 1317 1368 1421 secundum
1379 1319 1842 1418 personarumTrinitatem‚

265 1433 416 1509 describi
430 1433 508 1507 vult
523 1456 626 1507 suam
638 1432 910 1532 perlectionem.
929 1436 1014 1521 Qun
1026 1433 1174 1531 quidem
1188 1459 1350 1534 personae
1360 1453 1444 1509 sunt
1456 1437 1616 1535 ejusdem
1627 1436 1844 1528 substantie,

267 1551 326 1626 sed
340 1549 619 1651 proprietatibus
635 1548 906 1638 diversae,·unde
923 1550 1037 1627 tribus
1048 1551 1159 1626 laneis
1175 1552 1242 1625 filis
1257 1552 1480 1628 dirersomm
1498 1555 1663 1630 colonum
1676 1536 1848 1655 expresse

267 1669 443 1744 ridentur.
479 1662 485 1671 ’
1745 1660 1749 1667 ’

311 1790 414 1862 Nunc
428 1788 550 1886 itaque
572 1787 619 1860 ad
642 1789 827 1888 proposita
845 1789 892 1862 de
910 1786 1095 1863 divinitate
1114 1789 1222 1864 Verbi
1239 1791 1443 1865 testimonia
1457 1807 1691 1884 revertamur,
1710 1806 1747 1863 et
1765 1814 1849 1865 cum

266 1904 377 1978 David
388 1921 425 1979 et
439 1904 645 1995 Solomone,
662 1905 805 2002 regibus
816 1907 936 1999 lsrael,
949 1909 1096 1981 tertium
1108 1909 1343 1982 adhibeamus
1353 1911 1513 2007 gentium
1528 1934 1648 2007 regem
1660 1909 1707 1982 nd
1719 1911 1851 1982 summi

266 2023 469 2099 vaticinium
484 2024 589 2121 regis.
607 2020 706 2112 Quid
724 2025 826 2101 enim
845 2025 1002 2124 apertius
1026 2024 1089 2098 illo
1114 2027 1322 2100 testimonio
1339 2028 1694 2116 Nabuchodonosor,
1713 2025 1761 2100 de
1777 2024 1850 2098 filio

267 2139 401 2215 Dein«
424 2145 530 2234 Ecce,
543 2168 562 2210 u
574 2141 704 2238 inquit,
717 2170 736 2211 (ι
753 2141 860 2225 rideo
875 2143 986 2217 coelos
999 2143 1150 2240 solutos,
1161 2161 1319 2244 quatuor
1331 2145 1599 2219 ambulantesin
1610 2144 1733 2219 medio
1746 2145 1848 2239 ignis,
1938 2172 1942 2183 ¹

270 2274 304 2332 et
323 2260 457 2355 species
471 2261 590 2359 quarti
605 2261 729 2337 similis
744 2261 819 2335 filio
833 2264 911 2343 Dei.
930 2291 949 2329 s
964 2267 1071 2337 Juvat
1085 2279 1207 2339 autem
1224 2279 1261 2338 et
1277 2265 1422 2362 Didymi
1436 2265 1529 2362 regis
1546 2262 1853 2336 Brachmanorum

274 2376 400 2457 lolem
415 2379 671 2470 testimonium,
694 2393 736 2471 ut
758 2381 798 2453 in
813 2396 970 2479 quatuor
985 2406 1110 2479 regum
1122 2384 1349 2475 auctoritate,
1363 2397 1495 2455 nostrae
1505 2384 1652 2455 assertio
1667 2381 1751 2454 fidei
1763 2404 1852 2477 pre·

272 2496 413 2588 minent,
431 2496 587 2577 duorum
602 2497 750 2596 quidem
765 2497 989 2590 Judaeornm,
1005 2514 1042 2573 et
1056 2499 1214 2572 duorum
1229 2499 1432 2596 gentilium,
1445 2498 1561 2571 David
1584 2498 1718 2572 seilicet
1733 2511 1770 2570 et
1784 2500 1852 2569 Sa·

269 2614 435 2704 lomonis,
454 2615 790 2689 Nabuchodonosor
807 2632 842 2690 et
860 2615 1024 2714 Didymi,
1041 2618 1183 2715 sintque
1206 2617 1244 2689 hi
1260 2631 1415 2716 quatuor
1441 2641 1541 2714 reges
1568 2618 1672 2714 quasi
1697 2630 1853 2713 quatuor
1999 2658 2006 2679 ι

266 2744 347 2804 rote
362 2732 495 2809 nobilis
511 2734 692 2831 quadrigae
705 2736 836 2808 summi
845 2735 964 2830 Regis,
982 2758 1046 2833 per
1059 2760 1149 2833 quas
1158 2733 1323 2808 videhcet
1337 2734 1428 2811 fides
1440 2750 1596 2833 quatuor
1614 2733 1851 2833 Evangelista·

268 2876 344 2925 rum
374 2850 422 2924 de
448 2866 573 2935 sancta
596 2853 765 2927 Trinitate
791 2877 855 2952 per
884 2852 1090 2927 universum
1117 2853 1299 2926 deseratur
1329 2852 1529 2944 mundum,
1547 2866 1583 2925 et
1602 2866 1702 2926 tento
1729 2876 1855 2949 regum

264 2972 456 3044 auctoritas
484 2972 530 3043 sit
556 2969 714 3064 firmior,
741 2985 879 3069 quanto
907 2985 1067 3070 potestas
1083 2970 1246 3063 similior,
1267 2972 1381 3071 etqui
1398 2971 1516 3045 edicta
1532 2971 1675 3071 populis
1690 2970 1855 3070 legesque

264 3088 465 3184 proferunt,
481 3111 589 3164 sacrae
603 3113 750 3186 quoque
761 3088 846 3166 fidei
861 3091 1065 3163 testimonia
1080 3091 1236 3166 tradant.

309 3208 368 3279 tit
376 3207 498 3304 itaque
512 3207 688 3304 Didymus
703 3208 741 3280 in
758 3210 873 3307 prima
882 3207 929 3281 ad
941 3207 1180 3282 Alexandrum
1194 3208 1357 3308 epistola,
1371 3209 1433 3298 ait,
1451 3209 1616 3305 iuquam,
1634 3208 1706 3286 sic:
1728 3234 1745 3274 r
1759 3210 1857 3278 luter

261 3338 390 3398 cetera
407 3326 588 3423 religionis
601 3327 659 3399 rel
673 3326 758 3400 fidei
770 3351 841 3399 suae
856 3327 970 3422 gentis
984 3327 1149 3424 insignia,
1164 3351 1241 3399 non
1257 3326 1403 3423 suscipit
1417 3329 1514 3397 Dens
1529 3348 1630 3400 sacra
1645 3324 1854 3419 sanguinea,

257 3442 399 3516 cultum
411 3443 527 3543 diligit
538 3446 778 3536 incruentum,
787 3446 924 3543 spernit
938 3445 1076 3517 funesta
1090 3444 1275 3534 libamina,
1294 3442 1407 3515 verbo
1425 3441 1640 3541 propitiatur
1652 3440 1851 3532 orantibus,

256 3560 365 3657 quod
378 3562 497 3636 solum
510 3565 544 3634 ei
558 3587 642 3636 eum
658 3562 806 3635 homine
820 3577 887 3655 est,
905 3586 1040 3660 suaque
1056 3563 1183 3635 nimis⁸
1198 3560 1430 3636 similitudine
1445 3560 1654 3633 delectatur.
1667 3562 1757 3631 Nam
1768 3562 1855 3631 Ver·

252 3678 353 3752 bum
366 3685 464 3754 Deus
478 3697 545 3775 est,
561 3682 739 3754 mundum
752 3682 897 3773 creavit,
915 3680 987 3753 hoc
1000 3682 1091 3776 regit
1103 3695 1212 3779 atque
1224 3681 1286 3755 alit
1299 3680 1441 3772 omnia,
1456 3676 1529 3750 hoc
1542 3700 1610 3749 nos
1628 3699 1852 3769 veneramur,

250 3797 335 3871 hoc
351 3798 607 3896 diligimus,·ex
620 3800 692 3874 hoc
708 3800 872 3899 spiritum
885 3798 1075 3890 trahimus,
1086 3799 1116 3871 si
1126 3799 1273 3896 quidem
1287 3802 1384 3871 Deus
1394 3798 1469 3896 ipse
1482 3796 1625 3894 spiritus
1636 3809 1743 3892 atque
1755 3819 1856 3867 mens

248 3933 337 4012 est,
356 3931 466 4015 atque
487 3919 568 3992 ideo
592 3944 667 3992 non
689 3921 841 3993 terrenis
872 3918 1003 3992 divitiis
1019 3942 1087 3992 nec
1107 3916 1267 4013 largitate
1289 3915 1477 4007 munifica,
1497 3913 1560 3987 sed
1577 3914 1751 4011 religiosis
1767 3938 1855 4012 ope·

242 4036 378 4127 ribus,
394 4050 431 4108 et
446 4038 637 4133 gratiarum
652 4039 792 4112 actione
809 4035 1007 4136 placatur.»
1019 4041 1069 4108 Er
1084 4035 1142 4108 his
1158 4036 1294 4133 liquide
1310 4033 1426 4108 verbis
1436 4032 1600 4126 traditur,
1613 4047 1687 4106 tam
1695 4032 1853 4106 Verbum

238 4157 385 4255 ipsum
411 4156 496 4248 Dei,
525 4180 634 4253 quam
656 4158 827 4254 Spiritum
846 4155 893 4230 ab
916 4157 993 4254 ipso
1015 4153 1183 4228 fidelibus
1206 4154 1364 4228 inlusum
1382 4178 1459 4227 esse
1476 4157 1572 4246 Deo,
1591 4178 1700 4251 quem
1718 4177 1779 4225 rex
1797 4151 1855 4224 ille

238 4299 335 4347 non
356 4273 479 4347 solum
494 4274 675 4369 credebat,
693 4275 927 4350 verumetiam
941 4273 1041 4356 alteri
1056 4296 1187 4370 magno
1204 4275 1289 4370 Regi
1302 4272 1495 4346 scribendo
1507 4271 1688 4372 predicat.
1705 4274 1855 4359 Quantoe

232 4407 386 4466 antem
397 4391 576 4490 religionis
586 4418 647 4466 seu
662 4392 883 4466 abstinentie
897 4391 1056 4491 populus
1066 4392 1372 4466 Brachmanorum
1384 4391 1501 4484 luerit,
1514 4405 1553 4464 ut
1564 4391 1631 4463 illis
1642 4394 1853 4487 Deussupra

231 4513 451 4585 universas
467 4511 630 4584 nationes
645 4510 731 4588 fidei
746 4535 852 4584 secrae
867 4511 1135 4609 intelligentiam
1153 4511 1327 4611 inspirare
1342 4508 1503 4603 deberet,
1521 4508 1680 4609 epistole
1695 4508 1854 4606 ipsaeDi·

229 4630 360 4727 dymi
379 4628 429 4701 ad
444 4628 682 4704 Alexandrum
698 4631 899 4704 continent.
915 4629 1054 4718 Quibus
1070 4628 1218 4727 quidem
1232 4629 1392 4728 epistolis
1404 4629 1434 4701 si
1452 4627 1541 4700 fides
1564 4624 1767 4701 exhibenda
1787 4625 1850 4716 sit,

226 4749 357 4823 nulla
381 4748 575 4821 hominum
593 4751 664 4823 vita
683 4765 1003 4848 quantumcunque
1016 4746 1265 4845 religiosorum
1278 4748 1492 4822 innocentiae
1507 4760 1614 4843 atque
1633 4742 1852 4817 abstinentie

223 4867 572 4943 Brachmanorum
587 4868 1000 4967 reqmparaudavidetm-
1017 4863 1121 4940 Unde
1134 4881 1171 4941 et
1185 4867 1261 4942 haec
1274 4869 1312 4941 in
1327 4865 1531 4966 exemplum
1540 4862 1759 4937 abstinentiae
1775 4858 1856 4934 bea·

260 5149 268 5175 ¹
279 5139 418 5201 tectu„
429 5149 484 5201 etp.
497 5151 530 5200 tv,
540 5152 562 5187 ι.
576 5142 613 5190 12.
626 5166 656 5177 -
666 5141 676 5170 ²
688 5140 764 5201 Due„
774 5152 829 5203 cap.
843 5153 880 5201 ru,
893 5154 917 5191 r.
929 5142 969 5192 tt.
982 5164 1014 5179 -
1025 5142 1034 5173 ³
1044 5140 1083 5230 hle
1095 5139 1158 5192 cod.
1170 5137 1234 5189 Vter.
1246 5138 1365 5190 Nominis
1377 5138 1450 5189 amu.
