4559 6100
475 519 547 592 580
1062 518 1192 590 PETRI
1217 516 1450 590 nomano!

469 668 585 758 pisset,
606 686 773 753 nunquam
798 665 934 755 amplius
959 665 1065 731 vivam
1083 683 1202 756 posset.
1230 666 1398 748 Similiter,
1420 668 1447 732 si
1470 667 1612 732 Christus
1629 664 1744 747 vellet,
1768 686 1881 730 omnes
1898 665 1976 732 alias
1996 683 2065 732 tam

469 761 670 828 infirmitates
685 763 828 851 corporis
844 786 940 851 quam
957 762 1144 829 affectiones
1160 763 1258 828 animi
1275 761 1483 853 deposuisset.

515 862 563 925 De
579 860 684 950 specie
700 882 829 948 quoque
843 859 899 924 illa
913 860 1005 950 panis
1021 876 1054 924 et
1067 860 1134 925 vini
1151 860 1329 941 dubitatur,
1349 863 1437 947 cujus
1448 860 1511 926 sit?
1528 859 1580 924 Ad
1596 858 1684 948 quod
1695 882 1772 925 sane
1788 857 2061 949 respondendum,

470 957 558 1048 quod
569 958 674 1047 ipsum
689 979 817 1046 corpus,
834 972 966 1047 propter
980 957 1150 1022 horrorem
1162 956 1355 1039 assumendi,
1372 980 1426 1024 eas
1439 959 1475 1022 in
1491 980 1526 1023 se
1539 957 1658 1021 formas
1673 957 1817 1047 recipiat
1828 957 1913 1021 Nam
1924 957 1952 1021 si
1962 978 2065 1047 oppo-

470 1072 577 1135 natur,
595 1053 696 1142 quod,
709 1077 750 1119 ex
766 1077 833 1142 quo
844 1053 924 1118 illud
940 1076 1056 1145 eorpus
1071 1056 1229 1136 assumsit,
1243 1078 1408 1143 nunquam
1424 1056 1561 1121 formam
1568 1053 1652 1118 illius
1661 1053 1822 1145 deposuit,
1834 1069 1867 1118 et
1881 1053 1957 1119 ideo
1968 1053 2064 1119 aliam

470 1153 620 1233 formam,
638 1151 693 1216 illa
709 1173 776 1216 non
791 1149 946 1242 deposita,
963 1152 1083 1218 habere
1099 1176 1167 1217 non
1181 1168 1298 1242 potest,
1315 1151 1464 1233 dicimus,
1481 1153 1555 1241 quia
1568 1151 1648 1215 siem
1662 1151 1751 1240 quod
1767 1149 1809 1217 de
1824 1150 1944 1240 Spiritu
1953 1167 2064 1216 sancto

469 1265 663 1339 conceptum
682 1263 748 1327 est,
766 1249 856 1336 quod
871 1248 980 1314 clauso
995 1264 1088 1314 utero
1105 1249 1235 1314 intravit
1251 1265 1285 1315 et
1299 1249 1414 1332 exivit,
1432 1248 1521 1339 qnod
1541 1271 1637 1338 super
1652 1271 1749 1337 aquas
1765 1247 1958 1326 ambulavit,
1975 1246 2063 1336 quod

470 1346 591 1411 clausis-
604 1345 710 1432 januis
732 1345 774 1410 ad
792 1344 963 1436 discipulos
979 1346 1126 1428 intravit,
1146 1345 1235 1435 quod
1248 1346 1344 1412 simul
1365 1362 1400 1411 et
1414 1346 1531 1412 eodem
1546 1361 1693 1434 tempore
1707 1345 1742 1409 in
1763 1345 1894 1410 diversis
1908 1343 1987 1409 loeis
2001 1344 2062 1408 ha·

468 1444 576 1519 betun
601 1443 693 1523 sicut,
720 1444 865 1531 inquam,
891 1445 961 1508 haec
986 1444 1096 1508 omnia
1117 1442 1160 1508 ad
1181 1443 1432 1534 singularitatem
1452 1443 1535 1508 illius
1561 1443 1703 1532 corporis
1728 1442 1883 1518 attinent,
1911 1441 1957 1506 sie
1978 1441 2064 1506 ismd

469 1563 615 1630 quoque,
639 1538 729 1629 quod
753 1538 891 1605 diversas
907 1539 1000 1605 simul
1025 1539 1124 1604 habet
1140 1541 1271 1606 formas.
1294 1541 1328 1605 Si
1343 1542 1430 1605 enim
1444 1542 1509 1606 hnc
1528 1555 1576 1605 est
1592 1538 1835 1619 admirandum,
1859 1537 2064 1602 nihilominus

469 1636 723 1727 unumquodque
749 1635 886 1702 aliorum
907 1653 1032 1704 constat
1053 1659 1120 1703 esse
1143 1636 1356 1728 stupendum,
1382 1636 1470 1728 quod
1494 1636 1603 1702 omnia
1630 1634 1671 1702 de
1693 1659 1734 1702 eo
1762 1652 1836 1701 sunt
1860 1632 2061 1700 admiranda.

468 1735 590 1800 Manna
607 1757 736 1824 quoque
759 1736 854 1821 hujus
868 1737 936 1800 veri
951 1737 1042 1825 panis
1057 1751 1291 1801 sacramentum
1311 1736 1466 1817 extitisse,
1485 1750 1594 1824 aperte
1609 1734 1792 1798 insinuavit.
1810 1734 1892 1797 Cum
1907 1730 2063 1820 siquidem

469 1831 540 1898 filiis
562 1832 659 1898 Israel
675 1855 794 1896 manna
810 1832 944 1922 plueret,
967 1832 1174 1911 admirantes,
1193 1832 1271 1922 quid
1288 1849 1384 1909 esset,
1403 1832 1540 1898 invicem
1555 1831 1765 1921 quaerebant:
1782 1830 1923 1905 Manlau,
1940 1827 1975 1893 id
1990 1845 2060 1904 est,

468 1929 546 2017 quid
564 1945 612 1996 est
626 1928 711 1995 hoc?
727 1928 852 1994 Eodem
869 1928 969 1994 modo
987 1931 1041 1996 hic
1055 1953 1181 2021 semper
1196 1931 1296 2020 quaeri
1310 1945 1414 2022 potest
1433 1953 1441 1995 t
1459 1927 1546 2012 Quid
1562 1944 1610 1994 est
1625 1927 1712 1994 hoc?
1727 1927 1854 2017 Quippe
1868 1948 1930 1991 nec
1944 1927 2061 1990 huma·

470 2048 546 2091 num
569 2027 732 2117 ingenium
753 2048 814 2091 nec
837 2026 945 2117 lingua
966 2026 1155 2117 depromere
1171 2026 1249 2116 quid
1271 2028 1322 2110 sit,
1349 2026 1444 2117 plene
1459 2024 1586 2092 sufficit.
1609 2025 1642 2089 Si
1663 2024 1751 2091 enim
1772 2023 1923 2089 nolumus
1942 2021 2060 2102 dicere,

468 2124 556 2212 quod
576 2123 660 2188 illius
676 2124 819 2214 corporis
833 2125 874 2189 sit
891 2125 961 2189 haee
976 2124 1097 2207 forma,
1114 2147 1282 2215 possumus
1297 2125 1372 2190 satis
1387 2124 1509 2207 dicere,
1526 2121 1614 2212 quod
1635 2123 1669 2187 in
1685 2144 1758 2187 aere
1774 2122 1815 2188 sit
1828 2119 1883 2186 illa
1901 2119 2004 2186 forma
2019 2119 2063 2184 ad

469 2221 718 2287 occultationem
745 2236 877 2311 propter
900 2220 1089 2310 predictam
1112 2244 1242 2287 causam
1267 2221 1371 2286 carnis
1395 2237 1429 2286 et
1455 2219 1616 2311 sanguinis
1641 2234 1821 2298 reservata,
1852 2218 1934 2282 sicut
1959 2216 2062 2281 forma

467 2319 658 2384 humanata
674 2340 748 2384 aere
765 2334 825 2400 est,
843 2319 974 2407 quando
991 2319 1122 2410 angelus
1141 2320 1176 2383 in
1190 2320 1323 2384 homine
1345 2335 1488 2409 apparet.
1512 2319 1561 2384 De
1581 2318 1662 2399 hoc,
1686 2314 1775 2404 quod
1789 2314 1982 2405 negligentia
1998 2316 2062 2378 mi-

468 2417 641 2481 nistrorum
664 2417 791 2481 evenire
817 2415 910 2493 solet,
936 2416 1024 2506 quod
1047 2417 1166 2482 scilicet
1185 2438 1292 2481 mures
1306 2414 1457 2481 videntur
1480 2414 1596 2480 rodere
1611 2427 1645 2479 et
1659 2414 1693 2477 in
1714 2434 1771 2478 ore
1796 2427 1925 2501 portare
1946 2433 2062 2500 corpus

469 2626 642 2690 tractetur3
660 2609 717 2673 sed
733 2625 841 2674 tamen
857 2626 1002 2675 remanet
1017 2609 1063 2674 ibi
1077 2609 1181 2674 forma
1197 2610 1239 2676 ad
1255 2609 1483 2700 negligentiam
1494 2609 1713 2673 ministrorum
1723 2605 1959 2697 corrigendam.

511 2707 606 2771 Nunc
622 2705 664 2770 de
680 2704 822 2770 efficacia
834 2707 929 2792 hujus
941 2708 1130 2772 sacramenti
1145 2705 1324 2772 videamus.
1340 2704 1490 2770 Efficacia
1501 2706 1587 2772 enim
1603 2706 1697 2791 hujus
1710 2705 1814 2789 major
1828 2719 1861 2768 et
1876 2703 2059 2783 sorderent,

468 2824 566 2889 quam
588 2802 718 2888 alicujus
734 2800 873 2884 alterius,
892 2804 966 2892 quia
982 2804 1016 2867 in
1037 2819 1162 2869 tantum
1178 2802 1358 2885 confirmat,
1377 2802 1466 2892 quod
1480 2804 1536 2892 qui
1551 2802 1668 2868 devote
1691 2801 1816 2891 accipit,
1834 2801 1988 2890 quamdiu
2003 2821 2061 2889 per

466 2896 685 2964 infirmitatem
708 2921 798 2963 suam
815 2899 919 2990 ipsum
936 2923 955 2964 a
971 2924 1005 2966 se
1025 2924 1092 2967 non
1109 2901 1229 2987 rejicit,
1254 2899 1376 2966 nullam
1392 2898 1513 2965 diaboli
1534 2899 1745 2965 tentationem
1760 2898 1890 2988 patitur',
1914 2897 1988 2986 quia
2003 2918 2061 2986 per

466 2996 560 3080 hujus
577 2996 774 3063 eucharistie
789 2997 1028 3089 perceptionem
1046 2996 1192 3065 diabolus
1206 2998 1344 3065 vincitur
1359 3014 1392 3065 et
1408 2996 1572 3089 religatur,
1589 3013 1623 3064 et
1637 2995 1712 3063 licet
1724 2996 1759 3063 in
1775 3018 1820 3078 se,
1836 2996 1892 3086 qui
1909 2994 1980 3061 talis
1993 3008 2057 3070 est,

467 3092 613 3184 semper¹
630 3095 760 3171 habeat,
779 3112 887 3162 mmen
904 3097 1008 3187 ipsum
1024 3119 1149 3187 semper
1162 3097 1275 3188 recipit
1290 3096 1367 3164 etin
1384 3119 1424 3163 eo
1439 3095 1657 3161 habitaculum
1674 3094 1762 3160 facit.

1086 3417 1269 3508 CAPUT
1317 3420 1441 3508 xxx.

1038 3636 1082 3694 De
1108 3644 1289 3693 sacramento
1317 3629 1472 3695 unctionis.

511 3818 559 3883 De
585 3833 783 3883 sacramento
809 3817 969 3884 unctionis
992 3818 1170 3886 videndum
1194 3833 1303 3887 restat.
1330 3816 1503 3887 Sciendum
1522 3815 1631 3909 igitur,
1655 3815 1720 3884 hoc
1741 3834 1973 3883 sacramentnm
1993 3839 2060 3882 esse

466 3914 610 3999 ejusdem
625 3915 672 3979 rei
688 3931 935 3999 sacramentum,
952 3914 1043 4002 cujus
1058 3933 1092 3983 et
1113 3935 1348 3984 sacramentum
1365 3911 1482 3999 altaris,
1500 3916 1575 4006 quia
1591 3914 1679 3982 illam
1695 3915 1881 3980 unctionem
1902 3914 2011 4003 capitis
2027 3929 2061 3979 et

466 4011 688 4077 membrorum
705 4009 874 4102 significat,
901 4035 973 4100 quae
994 4029 1194 4078 sacramento
1212 4014 1317 4080 altaris
1332 4013 1536 4105 significatur.
1554 4014 1673 4080 Unctio
1693 4014 1782 4079 enim
1803 4013 1862 4078 ista
1880 4011 1959 4076 sicut
1973 4010 2058 4075 trina

467 4108 502 4171 in
517 4108 620 4198 capite
632 4108 808 4198 praecessit,
825 4109 870 4174 sic
881 4124 914 4174 et
925 4110 959 4173 in
968 4109 1120 4175 memhris
1128 4110 1342 4200 subsequitur.
1356 4113 1478 4178 Verum
1493 4111 1568 4201 quia
1583 4112 1646 4178 hoc
1661 4126 1894 4177 sacramentum
1911 4106 2058 4172 ultimum

468 4220 516 4269 est
531 4206 689 4286 omnium,
707 4220 740 4270 et
754 4206 844 4294 quasi
860 4206 1107 4287 consummatio,
1124 4205 1201 4272 ideo
1213 4209 1424 4299 praerogativa
1437 4206 1589 4297 quadam,
1605 4207 1680 4275 licet
1695 4209 1729 4273 in
1746 4208 1815 4273 aliis
1827 4207 1937 4272 unctio
1952 4205 2056 4270 conti·

467 4317 597 4383 nuatur,
612 4303 676 4366 hoc
691 4302 850 4368 unctionis
865 4318 1100 4368 sacramentum
1113 4305 1186 4390 jure
1203 4321 1347 4387 vocatur,
1367 4303 1455 4399 quod
1470 4305 1601 4395 quidem
1617 4308 1650 4371 in
1665 4306 1768 4397 capite
1785 4321 1895 4370 nostro
1910 4303 2056 4383 Christo,

467 4414 503 4462 ut
519 4396 639 4464 dictum
655 4414 715 4480 est,
739 4399 823 4464 trina
838 4400 1010 4490 praecessit.
1030 4399 1126 4466 Unde
1148 4414 1181 4466 et
1203 4401 1356 4484 Christvu,
1382 4402 1498 4479 idest,
1522 4403 1691 4469 &amate
1716 4418 1842 4478 numus,
1871 4400 1973 4467 dietus
1998 4414 2056 4464 est.

465 4496 537 4585 lpse
560 4518 700 4583 namque
722 4494 796 4561 cleo
815 4497 969 4588 spirituali
987 4496 1028 4562 ab
1046 4498 1114 4587 ipsa
1134 4498 1345 4590 conceptione
1363 4516 1480 4565 unctus
1496 4499 1567 4565 fnit.
1583 4500 1680 4567 Unde
1694 4517 1727 4566 et
1741 4500 1883 4564 Christus
1901 4521 1909 4564 :
1928 4496 2059 4587 Spiritus

465 4592 597 4658 Domini
619 4615 714 4683 super
729 4615 801 4674 me,
825 4617 865 4659 eo
882 4594 970 4684 quod
986 4596 1113 4660 unxerit
1126 4616 1180 4659 me
1199 4618 1208 4661 ε
1231 4595 1273 4661 ad
1289 4596 1546 4663 annuntiandum
1563 4598 1736 4664 mansuetis
1751 4597 1838 4662 misit
1853 4618 1917 4673 me,
1936 4610 1973 4658 ut
1989 4614 2058 4657 me·

465 4689 559 4756 derer
573 4691 728 4755 contritos
739 4688 856 4774 corde,
875 4708 908 4757 et
922 4709 1040 4758 cetera.
1055 4693 1140 4757 Hinc
1154 4693 1251 4758 etiam
1264 4693 1431 4761 Psalmista
1446 4718 1454 4760 ι
1469 4694 1613 4760 Dilexisti
1620 4695 1774 4782 justitiam
1790 4709 1823 4758 et
1838 4691 1934 4758 odisti
1945 4691 2060 4779 iniqui·

466 4802 583 4869 tatem,
610 4803 782 4878 propterea
804 4789 897 4854 unxit
912 4805 944 4855 te
960 4789 1058 4873 Deus,
1076 4806 1109 4855 et
1124 4805 1242 4857 cetera.
1261 4792 1377 4858 Postea
1401 4792 1551 4884 perunxit
1569 4791 1673 4858 Maria
1694 4790 1793 4883 pedes
1817 4791 1883 4876 ejus
1903 4791 1937 4853 in
1961 4786 2059 4853 domo

465 4883 602 4951 Simonis
626 4885 757 4976 leprosi,
784 4885 902 4952 deinde
926 4903 1038 4977 caput,
1064 4886 1194 4977 quando
1221 4887 1414 4956 alabastrum
1435 4889 1517 4956 fudit
1541 4913 1636 4979 super
1661 4904 1757 4981 caput
1782 4889 1862 4973 ejus.
1889 4886 1956 4951 Has
1981 4883 2060 4950 duas

497 5106 520 5154 1.
536 5101 581 5154 lllc
591 5105 685 5167 utque
696 5107 782 5158 deame
792 5107 899 5160 rldetnr.
