4559 6100
642 503 838 575 ΕΡΙΤΟΜΒ
863 503 1135 575 THEOLOGIAE
1160 503 1444 576 CHRISTlANAE.
1770 504 1841 576 585

246 651 433 718 Notandum
457 666 581 728 autem,
600 650 690 739 quod
712 651 819 716 Sancti
837 648 1042 715 diffinitiones
1063 651 1217 714 virtutum
1233 673 1251 714 a
1269 649 1467 740 philosophis
1484 652 1602 740 positas
1622 668 1655 717 et
1673 651 1843 718 divisiones

246 773 304 839 per
326 749 445 839 species
467 772 535 812 non
557 763 778 829 mutaverunt,
805 748 862 813 sed
889 770 942 812 eas
964 749 1006 813 ab
1036 748 1081 811 cis
1107 763 1253 836 acceptas
1283 746 1451 837 diligenter
1474 765 1688 837 exposuerunt
1708 766 1740 814 et
1763 752 1842 815 reti-

246 862 396 911 nuerunt.
420 845 596 910 Videamus
620 846 715 935 igitur
739 844 984 922 diffinitionem,
1011 844 1177 931 quomodo
1201 844 1242 909 sit
1271 844 1490 934 intelligenda.
1517 845 1625 910 Virtus
1648 863 1695 911 est
1718 847 1845 911 habitus

247 945 373 1026 mentis,
390 943 425 1007 id
441 960 501 1025 est,
515 942 605 1007 bona
622 942 768 1008 voluntas
781 944 897 1008 mentis
914 943 958 1007 sic
974 941 1008 1006 in
1022 940 1170 1005 habitum
1189 964 1247 1029 per
1262 942 1360 1005 animi
1378 941 1623 1031 applicationem
1638 966 1739 1024 versa,
1756 944 1844 1032 quod

246 1042 300 1105 vix
319 1057 374 1105 aut
391 1064 557 1128 nunquam
570 1042 711 1130 separari
721 1041 832 1130 possit.
846 1041 918 1106 Hoc
930 1039 1017 1104 enim
1030 1053 1161 1104 notatur
1179 1061 1236 1127 per
1248 1041 1324 1121 hoc,
1347 1038 1435 1127 quod
1450 1037 1565 1104 dicitur
1577 1040 1704 1105 habitus
1716 1042 1843 1106 mentis.

246 1138 331 1202 Nam
349 1154 423 1203 sunt
443 1138 552 1226 aliqui,
575 1139 629 1226 qui
651 1160 725 1202 cum
743 1137 843 1203 modo
867 1138 1009 1202 habeant
1025 1134 1225 1200 voluntatem
1246 1136 1360 1224 cuique
1376 1134 1535 1201 reddendi
1560 1136 1649 1225 quod
1669 1160 1762 1202 suum
1782 1154 1844 1214 est,

247 1234 339 1300 facile
359 1251 467 1300 tamen
488 1238 549 1300 hac
569 1250 805 1324 permutantur.
824 1234 976 1299 Similiter
998 1236 1032 1298 in
1051 1232 1120 1297 aliis
1137 1232 1249 1298 ridere
1270 1232 1369 1298 licet:
1392 1250 1429 1298 ut
1448 1249 1496 1299 est
1515 1233 1646 1322 aliquis,
1671 1236 1727 1322 qui
1746 1234 1845 1300 modo

247 1330 444 1398 voluntatem
460 1333 564 1397 carnis
583 1333 773 1421 restringere
792 1348 939 1413 conatur,
958 1354 1031 1397 cum
1046 1346 1156 1395 tamen
1173 1352 1245 1394 eam
1260 1329 1357 1419 paulo
1371 1330 1510 1420 pleniter
1525 1348 1683 1396 exerceat.
1698 1333 1743 1395 Ut
1760 1333 1847 1397 enim

246 1429 344 1494 virtus
359 1429 410 1511 sit,
428 1453 468 1495 ex
485 1429 584 1495 animi
601 1429 813 1519 applicatione
827 1429 935 1494 venire
955 1428 1064 1494 debet.
1081 1424 1177 1491 Unde
1193 1427 1377 1493 Aristoteles
1391 1428 1504 1493 :Tales
1519 1429 1605 1493 enim
1620 1444 1693 1493 sunt
1708 1430 1847 1495 scientiae

246 1541 279 1589 et
301 1527 445 1592 virtutes.
467 1528 551 1610 Quia
572 1549 650 1591 vero
670 1542 743 1590 sunt
765 1525 928 1604 nonnulli,
954 1527 1009 1614 qui
1030 1527 1162 1589 virtutes
1173 1524 1378 1589 continentiae
1389 1524 1440 1590 vel
1451 1526 1548 1589 etiam
1557 1527 1682 1615 pietatis
1697 1526 1847 1592 affectum

245 1645 322 1712 erga
330 1623 548 1704 alioshabent,
565 1623 622 1688 sed
643 1646 709 1687 non
718 1639 850 1713 propter
860 1624 975 1703 Deum,
989 1622 1064 1687 ideo
1081 1644 1147 1687 non
1167 1620 1303 1687 valeteis
1318 1620 1360 1687 ad
1375 1621 1520 1704 salutern,
1538 1621 1612 1688 ideo
1624 1623 1844 1713 subjungitur:

246 1720 404 1808 Optimus,
421 1721 520 1787 idest
539 1721 620 1802 talis,
644 1720 700 1808 qui
717 1721 818 1809 prosit
838 1721 880 1786 ad
899 1722 998 1786 vitam
1017 1721 1172 1810 optimam
1186 1719 1238 1784 vel
1252 1719 1287 1783 iu
1308 1742 1373 1808 quo
1394 1720 1543 1785 meritum
1565 1721 1724 1786 consistat.
1747 1721 1845 1801 Nota,

246 1816 335 1904 quod
362 1818 484 1899 David,
511 1840 612 1906 quum
632 1817 870 1882 concumbebat
892 1841 967 1882 cum
989 1817 1185 1895 Bethsabee,
1212 1839 1280 1881 non
1309 1817 1451 1881 habebat
1476 1815 1679 1881 dilectionem
1708 1819 1848 1907 proximi

246 1914 280 1976 in
303 1914 514 1980 exhibitione.
541 1914 701 2003 Scriptum
722 1929 769 1979 est
791 1915 878 1979 enim
902 1912 1065 1980 :Dilectio
1085 1914 1225 2004 proximi
1250 1912 1371 1978 malum
1393 1936 1460 1978 non
1483 1929 1647 2003 operatur.
1673 1914 1759 1979 Nam
1779 1938 1847 1979 non

247 2009 457 2094 adulterabis,
488 2027 551 2078 etc.
580 2011 674 2076 Salva
697 2013 793 2101 igitur
815 2012 1004 2077 auctoritate
1029 2012 1101 2097 ista,
1130 2011 1274 2076 dicemus
1290 2009 1379 2098 quod
1405 2009 1559 2100 diligebat
1580 2012 1692 2075 Uriam
1715 2010 1844 2092 affectu,

246 2107 302 2173 sed
326 2133 393 2174 uon
418 2110 546 2175 effectu.
565 2110 644 2174 Haec
665 2132 742 2175 vero
764 2111 935 2175 auctoritas
956 2109 998 2174 de
1015 2109 1187 2174 dilectione
1204 2110 1244 2173 'in
1267 2108 1385 2174 effectu
1406 2107 1603 2198 intelligitur.

290 2206 385 2271 Nunc
411 2207 452 2272 de
484 2205 649 2296 speciebus
673 2207 798 2271 virtutis
821 2208 1010 2289 videamus,
1031 2230 1109 2295 quas
1135 2205 1267 2294 quidam
1292 2207 1326 2269 in
1352 2206 1483 2290 majori,
1512 2205 1644 2293 quidam
1668 2206 1702 2269 in
1731 2207 1848 2271 minori

246 2326 381 2368 numero
398 2304 642 2369 constituerunt.
660 2302 805 2369 Socrates
821 2306 908 2369 enim
925 2304 984 2369 sub
998 2305 1114 2368 virtute
1133 2303 1337 2392 prudentiam
1353 2303 1550 2367 constituens
1569 2319 1706 2391 quatuor
1725 2303 1848 2368 virtutis

246 2401 366 2490 species
399 2424 466 2466 esse
500 2399 626 2477 docuit,
649 2401 823 2484 justitiam,
859 2400 1101 2478 fortitudinem,
1129 2400 1386 2489 temperantiam.
1417 2399 1506 2464 Dixit
1531 2401 1618 2497 eninr
1643 2400 1847 2489 prudentiam

247 2495 471 2563 discretionem
487 2521 554 2563 esse
575 2497 737 2564 bonarum
753 2499 804 2563 rel
826 2499 983 2563 malarum
994 2521 1103 2563 rerum
1123 2521 1197 2562 cum
1218 2513 1334 2562 ornatu
1353 2520 1493 2562 morum.
1511 2496 1622 2562 Talem
1643 2496 1847 2585 prudentiam

245 2596 372 2660 vocavit
392 2597 558 2662 scientiam
575 2594 628 2661 vel
649 2596 851 2685 sapientiam.
867 2597 916 2660 De
933 2596 995 2660 bac
1014 2594 1174 2659 rhetorica
1193 2594 1331 2659 multum
1351 2593 1553 2682 eloquentiae,
1572 2618 1687 2683 parum
1709 2595 1848 2660 scientiae

246 2690 296 2756 vel
312 2694 486 2782 sapientia.
504 2692 691 2759 Aristoteles
704 2708 810 2759 autem
828 2718 847 2758 a
860 2692 1029 2758 virtutibus
1045 2715 1117 2757 eam
1134 2692 1304 2782 separavit,
1322 2691 1378 2756 ubi
1393 2691 1474 2756 dixit
1490 2714 1498 2756 ι
1512 2691 1606 2756 Tales
1619 2707 1694 2756 sunt
1709 2692 1847 2757 scientiae

246 2803 279 2852 et
306 2791 449 2857 virtutes.
478 2791 663 2857 Aristoteles
688 2814 766 2857 vero
784 2790 888 2856 noluit
912 2790 964 2856 vel
991 2792 1089 2855 etiam
1112 2813 1181 2855 non
1210 2789 1336 2879 putavit
1358 2812 1426 2855 esse
1448 2790 1616 2872 virtutem,
1646 2787 1736 2878 qnod
1759 2813 1849 2878 aeque

245 2886 339 2952 bonis
359 2905 390 2954 et
413 2888 504 2954 malis
518 2891 617 2955 habet
632 2891 815 2956 convenire.
839 2889 1024 2955 Secundum
1045 2887 1251 2953 Aristotelem
1272 2889 1368 2976 igitur
1390 2904 1453 2952 tres
1473 2902 1547 2952 sunt
1566 2888 1687 2977 species
1711 2889 1847 2971 virtutis,

242 2984 363 3066 justitia
381 2986 511 3068 scilicet,
534 2988 758 3077 temperantia,
783 2985 952 3053 fortitudo.
977 2987 1135 3051 Iustitiam
1156 3008 1233 3051 vero
1253 2985 1298 3051 sic
1321 2983 1478 3050 deliniunt
1495 2983 1679 3074 philosophi
1697 3006 1705 3050 ε
1722 2985 1848 3050 lustitia

247 3097 294 3145 est
315 3082 443 3148 habitus
473 3085 570 3148 animi
595 3084 734 3149 reddens
759 3085 930 3173 unicuique
954 3083 1043 3172 quod
1063 3106 1158 3148 suum
1186 3099 1248 3160 est,
1277 3083 1441 3147 communi
1462 3081 1597 3146 utilitate
1616 3098 1751 3147 serrata.
1776 3083 1849 3148 Hoc

246 3177 335 3244 idem
357 3180 551 3244 lastinianus
573 3182 696 3244 notavit
716 3203 772 3245 sua
794 3179 998 3258 diffinitione,
1021 3202 1095 3244 cum
1117 3178 1238 3245 diceret
1257 3180 1302 3243 sic
1317 3201 1326 3242 ι
1340 3179 1465 3242 Iustitia
1487 3194 1535 3243 est
1555 3194 1705 3242 constans
1727 3195 1761 3244 et
1774 3202 1848 3268 per-

245 3292 342 3364 petua
361 3277 520 3357 voluntas,
542 3292 604 3342 etc.
627 3277 690 3342 Per
709 3277 773 3342 hoc
788 3277 887 3358 enim,
911 3277 999 3364 quod
1016 3278 1061 3341 ait
1079 3299 1086 3340 :
1101 3292 1250 3341 constans
1262 3292 1295 3340 et
1309 3290 1464 3364 perpetua
1479 3273 1643 3352 voluntas,
1661 3274 1848 3361 qualitatem

245 3374 361 3437 mentis
384 3375 566 3439 venientem
591 3397 631 3439 ex
656 3374 867 3464 applicatione
889 3390 922 3440 et
945 3373 1074 3440 difficile
1098 3373 1254 3438 mobilem
1283 3372 1416 3437 notarit.
1444 3371 1506 3436 Per
1527 3370 1591 3436 hoc
1621 3370 1710 3458 quod
1733 3372 1844 3439 dixit:

246 3491 340 3533 suum
354 3470 526 3558 unicuique
545 3475 597 3556 jus
616 3471 772 3551 tribuens,
791 3473 950 3561 optimum
969 3470 1102 3536 notavit.
1127 3470 1227 3534 Suum
1242 3484 1349 3559 potest
1367 3467 1478 3534 referri
1500 3484 1566 3533 tam
1583 3466 1625 3533 ad
1639 3470 1847 3559 accipientem

246 3587 344 3652 quam
356 3565 397 3631 ad
412 3566 618 3633 tribuentem.
637 3568 669 3633 Si
681 3566 724 3634 ad
736 3570 946 3659 accipientem
955 3568 1123 3645 referatur,
1143 3582 1219 3631 tunc
1237 3565 1517 3631 determinandum
1531 3566 1695 3630 communi
1712 3567 1847 3634 utilitate

246 3678 380 3727 serrata.
402 3664 419 3726 J
422 3665 536 3728 ustitia
552 3665 709 3753 siquidem
730 3681 778 3731 est
793 3667 902 3731 omnia
918 3664 958 3731 ad
974 3686 1182 3731 communem
1197 3663 1367 3728 utilitatem
1378 3663 1509 3728 referre.
1527 3662 1579 3727 Sic
1596 3662 1692 3751 igitur
1705 3663 1738 3727 in
1752 3687 1848 3755 repn-

246 3756 331 3823 blica
351 3760 482 3847 quidem
503 3761 572 3827 fieri
592 3762 706 3846 debet,
727 3779 765 3827 ut
787 3786 862 3829 cum
883 3763 995 3851 aliquis
1017 3777 1143 3827 tantum
1163 3761 1316 3826 meruerit
1340 3760 1539 3826 remunerari
1562 3757 1614 3824 vel
1638 3775 1728 3825 tanta
1752 3785 1847 3851 poena

246 3857 363 3943 puniri,
386 3857 592 3938 deliberetur,
619 3884 660 3924 an
682 3861 852 3925 sitantum
871 3860 1041 3949 praemium
1061 3860 1091 3925 ei
1112 3858 1273 3923 deturant
1286 3872 1373 3921 tanta
1393 3880 1489 3946 poena
1510 3857 1715 3940 multaretur,
1738 3861 1845 3950 reipu-

247 3952 338 4017 blicae
354 3954 590 4044 praejudicetur.
604 3959 745 4021 Tantum
767 3959 853 4022 cuim
869 3973 976 4045 posset
995 3958 1066 4044 quis
1085 3956 1283 4021 remunerari
1297 3977 1352 4020 scu
1376 3956 1473 4021 etiam
1496 3954 1617 4045 puniri,
1637 3956 1725 4041 quod
1740 3980 1848 4048 respu-

246 4050 374 4138 publica
395 4075 548 4142 magnum
572 4054 802 4119 detrimentum
824 4053 902 4119 inde
924 4069 1099 4145 pateretur.
1122 4053 1214 4118 Sicut
1233 4068 1281 4118 est
1300 4052 1334 4116 in
1356 4052 1534 4141 republica,
1563 4053 1609 4118 sic
1635 4055 1675 4118 sit
1697 4055 1794 4119 etiam
1814 4057 1848 4119 in

246 4146 397 4215 Ecclesia.
417 4149 469 4214 Sic
481 4150 582 4236 judex
596 4151 728 4238 quisque
744 4150 897 4217 discretus
913 4167 979 4216 tam
993 4151 1143 4217 secularis
1162 4173 1260 4238 quam
1275 4148 1503 4216 ecclesiasticus
1519 4165 1637 4236 totum,
1652 4151 1742 4240 quod
1760 4151 1847 4234 facit,

247 4244 289 4308 ad
310 4268 515 4312 communem
534 4247 703 4312 utilitatem
724 4249 908 4339 reipublicae
924 4249 1092 4314 autetiam
1113 4247 1274 4338 parochiae
1292 4270 1358 4311 suae
1378 4245 1497 4312 referre
1514 4247 1624 4315 debet.
1648 4249 1699 4314 Sic
1721 4271 1847 4337 quoque

246 4363 450 4408 communem
474 4342 644 4408 utilitatem
666 4345 700 4407 in
720 4368 778 4410 suo
797 4346 921 4430 judicio
942 4362 1123 4411 conservat.
1146 4344 1244 4428 Quod
1263 4345 1350 4409 enim
1367 4345 1454 4408 hunc
1476 4345 1521 4410 sic
1540 4361 1740 4427 remunerat,
1758 4345 1847 4410 illum

246 4437 294 4502 sic
305 4440 409 4527 punit,
422 4441 501 4506 alios
511 4440 627 4505 divinae
640 4440 791 4529 [justitiae]
808 4444 909 4532 magis
919 4443 1078 4508 obnoxios
1087 4440 1207 4508 reddit.
1226 4441 1259 4506 Si
1271 4456 1379 4506 antem
1398 4464 1491 4505 suum
1503 4441 1546 4506 ad
1556 4444 1752 4508 tribuentem
1766 4442 1851 4508 refe·

244 4549 346 4617 ratur,
367 4561 433 4602 non
456 4537 636 4624 adjectione
652 4562 733 4628 opus
750 4554 808 4604 est.
832 4541 885 4604 Sic
901 4541 988 4605 enirn
1009 4542 1103 4629 punit
1115 4555 1148 4606 et
1163 4553 1348 4603 remunerat
1359 4536 1473 4622 judex,
1493 4555 1529 4602 ut
1545 4562 1579 4604 se
1598 4539 1691 4607 decet
1711 4559 1744 4606 et
1759 4542 1848 4629 quod

245 4632 377 4719 quidem
395 4636 454 4699 sibi
475 4635 582 4714 debet,
600 4651 637 4700 ut
654 4635 741 4723 quod
763 4637 884 4720 justitia
905 4637 1004 4702 debet
1024 4660 1107 4718 esse,
1134 4634 1306 4701 crudelitas
1329 4633 1380 4699 vel
1401 4630 1565 4701 dissolutio
1590 4661 1658 4703 non
1679 4639 1738 4719 sit,
1760 4637 1848 4725 quod

244 4744 338 4811 esset,
353 4730 405 4796 vel
424 4734 450 4797 si
465 4757 533 4797 non
550 4733 725 4799 remitteret
739 4756 780 4797 ex
796 4749 887 4822 parte
900 4732 953 4798 vel
964 4756 1005 4797 ex
1017 4749 1087 4798 toto
1106 4733 1296 4797 remitteret.
1316 4731 1388 4797 Hoc
1405 4733 1501 4798 etiam
1518 4734 1579 4799 sibi
1596 4735 1694 4801 debet
1703 4751 1847 4800 terrenus

240 4824 355 4910 judex,
377 4845 413 4892 nt
431 4830 507 4895 inde
523 4830 811 4896 commendabilior
830 4846 863 4895 et
881 4831 1010 4915 majoris
1030 4830 1228 4895 auctoritatis
1249 4829 1291 4894 ad
1310 4829 1492 4895 faciendam
1506 4832 1661 4916 justitiam
1679 4832 1845 4898 reddatur.

246 4921 396 4989 Similiter
421 4927 509 5014 quod
530 4929 616 4993 Deus
635 4929 722 4992 hunc
739 4927 832 5016 punit
847 4928 951 4991 minus
964 4950 1062 5014 quam
1082 4927 1247 5006 meruerit,
1260 4925 1413 4992 velillum
1430 4944 1613 4994 remunerat
1633 4929 1733 5019 magis
1750 4953 1848 5018 quam

244 5021 393 5087 meritum
412 5025 527 5115 exigit,
546 5049 611 5090 suae
626 5026 755 5111 justitias
774 5041 839 5107 est,
864 5024 899 5089 id
919 5042 982 5105 est,
1010 5024 1052 5090 ad
1068 5025 1224 5109 justitiam
1243 5024 1289 5089 sui
1311 5022 1475 5090 reddentis
1493 5026 1643 5114 pertinet.
1661 5026 1740 5093 Haec
1760 5027 1848 5095 bona

369 5155 395 5196 u
1689 5148 1726 5203 rt
