4559 6100
672 451 717 523 ΙΝ
742 447 988 523 EPISTOLAM
1013 452 1075 525 ΑΙ)
1096 450 1325 527 ROMANOS.
1727 456 1800 528 199

201 620 260 677 tur
275 615 479 703 acceptum.
499 630 517 670 n
530 600 680 675 Veloces
695 599 805 699 pedes
821 623 948 673 corum
961 599 1009 672 ad
1021 601 1283 692 effundendum
1299 594 1525 699 sangrum,
1543 631 1561 671 n
1578 603 1636 677 vel
1650 606 1687 678 in
1708 609 1797 680 isaia

202 724 394 812 invenios¹,
411 722 469 796 vel
486 723 524 795 in
540 719 744 795 Proverbiis
759 723 783 793 ¹.
803 750 821 789 n
836 719 906 794 Sed
918 722 1088 794 contritio
1102 737 1139 796 et
1154 723 1341 796 infelicitas
1358 723 1395 794 in
1411 723 1476 794 viis
1495 746 1636 816 eorum,
1651 738 1686 797 et
1702 728 1796 800 eiam

205 873 224 912 e
243 845 341 945 pacis
357 868 432 916 non
450 856 687 942 agnoverunt,
707 869 725 909 n
741 865 817 913 non
835 840 983 939 quidem
1002 841 1051 915 ad
1066 844 1245 940 integrum
1261 840 1447 934 recordor,
1467 841 1530 915 ubi
1546 845 1720 943 soriptum
1737 848 1795 936 sit,

201 965 366 1063 suspicor
381 977 501 1037 tamen
518 963 556 1035 in
574 987 648 1034 uno
663 960 924 1061 Prophetarum
946 963 1097 1036 inveniri
1113 988 1233 1062 posse.
1255 966 1295 1035 ln
1315 961 1461 1035 Psalmis
1481 976 1601 1035 autem
1626 965 1797 1064 scriptum

202 1088 293 1158 est⁸z
316 1114 334 1152 «
354 1089 435 1157 Non
452 1098 506 1158 est
522 1085 633 1162 timor
648 1082 714 1155 Dei
728 1098 813 1157 ante
826 1081 952 1157 oeulos
974 1107 1114 1158 eorum.
1142 1114 1159 1151 s
1185 1088 1267 1157 Haec
1284 1097 1405 1157 atatem
1434 1085 1638 1159 testimonia
1657 1086 1802 1160 videtur

202 1228 437 1302 congregasse
453 1217 493 1276 ut
506 1202 722 1296 ostenderet,
741 1203 826 1301 quia
843 1202 944 1302 quod
956 1219 1121 1277 causatur
1136 1204 1278 1278 ludaeos
1291 1219 1327 1277 et
1339 1208 1482 1280 Graecos
1492 1229 1619 1278 omnes
1634 1205 1702 1278 sub
1716 1233 1799 1306 pec·

202 1338 283 1396 cato
300 1348 390 1416 esse,
404 1348 479 1396 non
496 1337 571 1395 tarn
589 1345 653 1395 sua
670 1346 781 1422 quam
797 1324 990 1422 Scriptura
1004 1325 1178 1398 sententia
1196 1325 1420 1425 pronuntiat,
1432 1324 1635 1397 omuessnb
1651 1342 1800 1425 peccato

201 1466 279 1516 esse
291 1467 397 1540 quos,
411 1439 469 1515 vel
484 1443 638 1516 naturali
649 1441 706 1515 vel
717 1444 850 1542 scripta
865 1442 956 1541 lege,
973 1467 1019 1516 us
1035 1464 1185 1543 peccent
1198 1457 1338 1517 constat
1354 1442 1515 1516 edoctos.
1528 1473 1546 1510 n
1561 1446 1799 1543 Hieronymus

201 1564 239 1634 in
267 1562 482 1638 Praefatione,
504 1559 585 1635 libri
612 1587 674 1635 xvr
699 1564 737 1635 in
759 1562 886 1635 isaiam
910 1561 961 1634 ad
984 1564 1211 1636 Emtocdiam
1232 1591 1276 1634 :a
1297 1563 1599 1652 Qnoestittneulam
1621 1565 1797 1660 detulisti,

202 1682 302 1781 quod
319 1697 404 1756 octo
420 1707 545 1755 versus
560 1682 623 1781 qni
642 1681 811 1781 leguntur
825 1683 863 1755 in
881 1683 1056 1774 ecclesiis,
1083 1698 1119 1756 et
1143 1685 1180 1756 in
1198 1682 1377 1756 Hebraico
1391 1707 1466 1755 non
1494 1682 1686 1778 habentur,
1708 1689 1801 1760 tertii

202 1800 332 1876 decimi
357 1803 510 1896 Psalmi,
537 1802 729 1902 Apostolus
750 1816 954 1902 usurparet,
975 1832 993 1872 e
1015 1804 1227 1904 Sepulcrum
1253 1816 1392 1903 patens,
1422 1817 1490 1876 etc.
1514 1835 1531 1870 »
1559 1805 1800 1878 Animadverti

202 1921 273 1994 boc
299 1921 545 1995 testimonium
568 1921 615 1995 de
633 1921 783 1994 Psalmis
803 1935 839 1993 et
858 1922 944 1994 lsaia
971 1946 1048 1995 esse
1069 1937 1290 1997 contextum.
1317 1926 1409 1997 Nam
1435 1922 1510 1996 duo
1531 1925 1637 2023 primi
1665 1948 1797 2018 versus,

205 2072 222 2106 ι
243 2042 454 2142 Sepulcrum
471 2056 598 2142 patens
615 2055 686 2133 est,
705 2055 780 2132 eto,
797 2071 817 2108 s
835 2042 952 2139 quinti
970 2042 1099 2141 psalmi
1121 2058 1217 2117 sunt.
1245 2042 1336 2120 lllud
1359 2057 1480 2116 autem
1503 2042 1603 2140 quod
1624 2046 1799 2143 sequitur,

205 2192 222 2227 α
240 2165 430 2235 Venenum
442 2162 608 2262 aspidum
623 2161 690 2233 sub
703 2160 806 2234 labiis
817 2185 958 2250 eornm,
972 2193 989 2229 n
1004 2162 1190 2235 centesimi
1203 2162 1371 2234 tricesimi
1383 2163 1471 2234 noni
1485 2162 1625 2262 psalmi.
1648 2167 1801 2240 Rursum

202 2281 306 2380 quod
328 2282 484 2355 diciturt
506 2310 525 2352 «
548 2285 715 2370 Quorum
737 2306 778 2353 os
802 2280 1052 2356 maledictione
1074 2294 1110 2354 et
1134 2280 1372 2355 amaritudine
1395 2281 1560 2380 plenum,
1582 2312 1600 2348 a
1630 2283 1677 2356 de
1702 2309 1802 2357 nono

202 2400 345 2499 psalmo
372 2402 546 2501 scriptum
574 2414 639 2473 est.
664 2404 749 2474 Tres
775 2415 896 2474 autem
924 2400 1093 2474 versiculi
1123 2401 1187 2498 qni
1215 2415 1434 2499 sequuntur,
1467 2431 1486 2469 a
1515 2403 1663 2476 veloces
1692 2404 1804 2502 pedes

202 2545 331 2594 eorum
347 2521 395 2595 ad
411 2518 674 2595 effundendum
691 2521 917 2618 sangninem,
935 2520 1105 2593 contritio
1121 2535 1157 2592 et
1174 2519 1360 2594 infelicitas
1373 2521 1410 2593 in
1426 2522 1491 2594 viis
1503 2545 1643 2614 eorum,
1661 2537 1696 2596 et
1707 2525 1802 2597 viam

203 2642 298 2739 pacis
320 2666 396 2714 non
416 2655 685 2740 cognoverunt,
708 2668 726 2708 n
746 2641 782 2713 in
801 2639 890 2712 isaia
907 2640 1148 2738 reperiuntur.
1175 2640 1327 2716 Ultimus
1347 2666 1485 2731 versus,
1503 2641 1540 2714 id
1560 2656 1613 2714 ost
1635 2658 1801 2737 octavus,

205 2763 309 2833 «Non
321 2775 374 2834 est
389 2762 499 2833 timor
510 2761 576 2833 Dei
588 2774 671 2833 ante
683 2759 808 2832 oculos
821 2783 962 2850 eorum,
976 2789 993 2824 s
1008 2757 1046 2831 in
1060 2759 1230 2832 tricesimi
1245 2759 1374 2832 Psalmi
1387 2762 1500 2858 quinti
1517 2763 1698 2862 principio
1708 2779 1802 2838 est.»

206 2884 313 2955 ltem:
329 2912 347 2949 α
363 2882 530 2979 Denique
545 2905 673 2954 omnes
689 2881 832 2953 Graciae
848 2893 1058 2953 tractatores
1074 2879 1137 2978 qui
1153 2878 1261 2953 nobis
1272 2880 1484 2955 eruditionis
1500 2908 1571 2955 sua
1588 2884 1625 2956 in
1644 2886 1804 2957 Psalmos

206 3001 484 3075 commentarios
508 2999 749 3098 reliquerunt,
773 2998 842 3073 hos
865 2998 1059 3074 versiculos
1083 3013 1260 3077 annotant
1281 3017 1389 3100 atque
1413 3017 1649 3101 preteream,
1667 3003 1807 3104 liquido

203 3120 415 3196 confitentes
431 3123 469 3194 in
488 3120 665 3193 Hebraico
684 3145 752 3194 nec
773 3118 918 3213 haberi,
942 3143 1009 3193 nec
1028 3140 1104 3192 esse
1128 3120 1166 3192 in
1187 3122 1421 3219 Septuaginta
1441 3122 1716 3221 interpretibus,
1741 3126 1805 3198 sed
1847 3170 1853 3177 .

201 3242 238 3313 in
256 3241 415 3315 editione
429 3240 574 3340 vulgata
590 3266 670 3340 quae
684 3245 807 3314 Graeoe
825 3248 912 3320 κοινή
929 3239 1072 3332 dicitur,
1093 3240 1180 3312 etin
1200 3252 1278 3311 toto
1295 3241 1384 3313 orbe
1402 3239 1541 3313 diversa
1558 3257 1611 3314 est
1619 3246 1641 3314 ⁶.
1661 3274 1680 3310 n
1702 3246 1805 3316 Nunc

201 3376 324 3434 antem
345 3361 498 3435 litteram
519 3384 791 3462 persequamur.
815 3359 961 3432 Dictum
982 3372 1063 3431 est:
1088 3387 1106 3424 a
1125 3361 1262 3430 Onmes
1285 3342 1570 3455 declinaverunt,
1596 3376 1633 3434 et
1652 3387 1727 3436 non
1750 3380 1803 3436 est

199 3483 267 3581 qui
281 3479 386 3554 faciat
395 3480 549 3575 bonnm,
566 3510 583 3547 s
596 3495 632 3555 et
648 3506 725 3553 non
739 3479 857 3553 solnm
870 3479 1155 3568 declinaverunt,
1169 3501 1295 3550 verum
1311 3478 1417 3551 etiam
1433 3494 1475 3553 ut
1489 3482 1579 3554 alios
1596 3481 1725 3556 faciant
1738 3483 1802 3561 de·

199 3602 350 3691 clinare,
361 3616 397 3674 et
409 3603 604 3702 plurimum
619 3614 787 3695 noceant,
801 3599 979 3690 nituntur,
995 3598 1097 3695 quasi
1111 3597 1163 3670 eis
1178 3621 1253 3670 non
1268 3597 1420 3673 sufficiat
1432 3613 1473 3672 ut
1488 3601 1799 3697 solidamnentur,

198 3723 265 3796 sed
283 3723 387 3822 quasi
410 3722 458 3798 ad
480 3723 727 3798 defensionem
750 3722 806 3796 sui
829 3720 964 3793 sociam
990 3732 1150 3816 quaerant
1173 3717 1452 3793 multitudinem.
1479 3725 1611 3795 Guttur
1630 3726 1802 3822 quoniam

198 3841 402 3919 formandae
425 3843 481 3917 vel
499 3840 724 3944 proferendas
740 3842 838 3914 vocis
855 3841 1134 3913 instrumentum
1150 3853 1217 3928 est,
1236 3861 1440 3913 sermonem
1454 3841 1641 3938 significat,
1661 3844 1723 3942 qui
1738 3871 1804 3944 per

195 3977 325 4060 guttur
345 3963 536 4036 emittitur.
558 3966 687 4036 Sermo
711 3962 832 4061 itaque
852 3984 980 4033 eorum
997 3956 1045 4033 ad
1061 3957 1197 4031 malum
1222 3958 1453 4057 persuadens,
1479 3964 1581 4060 quasi
1598 3964 1803 4062 sepulcrum

193 4095 330 4181 puteus
345 4096 418 4177 est,
436 4107 479 4156 ex
496 4096 673 4182 concepta
692 4094 811 4155 merite
831 4080 1007 4176 nequitia,
1029 4078 1130 4177 quasi
1152 4103 1195 4150 ex
1217 4078 1342 4153 foetore
1362 4081 1490 4154 inclusi
1513 4082 1697 4157 cadaveris
1715 4084 1803 4158 alios

191 4225 441 4303 corrumpens
462 4218 571 4300 atque
591 4203 785 4275 astantium
805 4222 909 4273 nares
925 4197 1133 4290 offendens,
1155 4197 1193 4270 id
1210 4213 1281 4290 est,
1300 4200 1497 4274 naturalem
1517 4226 1645 4275 eornm
1669 4203 1802 4279 discre-

192 4324 342 4396 tionem
370 4321 603 4422 pertnrbaus,
633 4345 676 4395 ac
699 4322 841 4394 vitians.
866 4351 883 4387 α
907 4318 1051 4416 Linguis
1077 4317 1164 4390 suis.
1189 4348 1207 4385 s
1231 4320 1342 4407 Quasi
1363 4323 1539 4422 expositio
1558 4337 1612 4395 est
1633 4326 1804 4423 praemissi

185 4440 409 4543 parabolice
424 4441 530 4536 dicti,
551 4468 634 4516 cum
654 4439 744 4514 dicit
758 4464 824 4513 eos
839 4442 876 4513 in
893 4438 982 4512 dolo
1003 4438 1123 4536 loqui,
1141 4436 1180 4512 id
1195 4451 1264 4529 est,
1284 4454 1412 4514 contra
1427 4442 1683 4516 conscientiam
1700 4469 1802 4518 suam

183 4585 239 4637 ea
259 4560 519 4637 commendare
535 4561 582 4636 ad
596 4586 677 4661 qua
692 4560 923 4660 persuadent,
943 4559 1001 4633 vel
1014 4559 1220 4656 vituperare
1240 4584 1262 4634 a
1278 4560 1410 4658 quibus
1426 4560 1677 4636 dehortantur.

252 4713 273 4748 a
289 4685 479 4756 Venenum
495 4681 675 4782 aspidum.
691 4709 710 4750 n
729 4681 838 4770 Quod
852 4694 888 4753 et
904 4681 979 4780 ipse
994 4678 1152 4777 Moyses‘
1165 4679 1363 4757 insanabile
1386 4682 1485 4777 dicit,
1503 4707 1546 4757 ac
1563 4709 1628 4783 per
1644 4685 1716 4758 boc
1731 4708 1803 4782 pre

218 5005 228 5032 ¹
243 4996 322 5057 tat,
333 5008 388 5058 cap.
408 5007 464 5055 ux,
481 4997 540 5045 nt.
555 4993 706 5057 -¹Proo.,
719 5006 773 5057 cap.
788 5004 814 5056 r,
828 5004 851 5044 r.
866 4993 905 5045 td.
918 4990 1156 5056 -·¹Prnlm.‚eap.
1169 5003 1230 5053 rur,
1243 5006 1265 5043 v.
1279 4996 1342 5044 1.-
1359 4996 1366 5023 ⁴
1381 4991 1519 5055 Hieronymi
1531 4992 1596 5057 opp.
1611 5001 1629 5042 t.
1647 4992 1693 5056 tu,
1707 5008 1732 5056 p.
1749 4997 1804 5046 tls.

174 5082 355 5135 numos.
366 5089 423 5139 cap.
436 5085 522 5135 xxxa,
537 5088 559 5124 v.
572 5075 610 5125 aa.
