4559 6100
346 577 352 592 “
472 568 544 642 368
1072 567 1202 642 Putat.
1225 563 1460 640 tumulant
1516 585 1520 592 ·

470 717 549 813 ipso
568 714 683 802 saciat,
700 714 789 784 sicut
807 737 873 786 nec
889 737 910 785 a
927 737 965 787 se
981 716 1060 815 ipso
1076 716 1257 813 loquatur.
1277 720 1369 787 Eum
1387 714 1521 813 quippe
1536 713 1600 811 qui
1616 712 1671 783 sui
1689 710 1799 811 ipsius
1815 735 1890 785 non
1904 726 1958 786 est
1970 716 2057 787 Ver·

470 833 572 926 bum,
592 831 655 904 sed
672 831 795 922 Patris,
822 832 984 929 prolecto
1009 858 1152 907 necesse
1174 848 1227 907 est
1243 847 1279 906 et
1292 832 1365 905 hoc
1385 834 1502 932 ipsum
1518 829 1626 929 quod.
1640 830 1723 902 lacit
1738 828 1873 904 babere
1894 836 2052 926 aPatre,

472 953 534 1049 qui
555 952 627 1024 hoc
643 950 758 1050 ipsum
783 948 883 1047 quod
903 965 956 1023 est
970 951 1017 1025 ab
1034 953 1112 1053 ipso
1129 952 1273 1026 habeat.
1292 956 1461 1024 Summus
1478 951 1597 1047 itaque
1613 947 1886 1048 quodammodo
1906 974 1971 1049 per
1986 954 2056 1023 Po·

471 1072 618 1143 tentiam
644 1068 785 1141 videtur
814 1072 930 1162 Pater,
958 1071 1022 1146 sed
1050 1097 1125 1144 non
1154 1071 1282 1168 major,
1310 1070 1372 1168 qui
1394 1093 1416 1142 a
1440 1069 1580 1169 seipso,
1605 1083 1645 1141 ut
1668 1065 1804 1140 dictum
1830 1080 1911 1161 est,
1934 1070 2055 1144 omnia

468 1192 592 1289 possit,
610 1189 704 1287 quia
721 1187 838 1285 seipso
853 1211 927 1259 non
942 1188 989 1261 ab
1001 1190 1072 1264 alio
1088 1189 1259 1282 subsistit,
1275 1188 1376 1289 quod
1391 1200 1446 1262 est
1461 1187 1494 1260 ei
1509 1187 1610 1286 quasi
1626 1186 1771 1285 proprie
1784 1185 2054 1284 quodammodo

468 1311 524 1382 vel
541 1307 741 1408 specialiter
757 1305 1054 1404 omnipotentiam
1078 1333 1155 1383 esse
1176 1306 1417 1399 tribuendam,
1436 1307 1500 1406 qui
1521 1306 1572 1379 sic
1588 1304 1709 1377 omnia
1725 1317 1861 1402 potest,
1880 1321 1921 1380 ut
1941 1305 2013 1380 boc
2032 1332 2053 1380 a
2111 1304 2114 1308 ’

469 1454 506 1500 se
528 1426 672 1518 habeat,
698 1448 773 1495 non
794 1421 842 1496 ab
867 1424 939 1499 alio
961 1430 1124 1528 accipiat.
1144 1427 1254 1518 Quod
1273 1450 1360 1499 vero
1385 1426 1434 1499 ait
1457 1425 1493 1497 in
1520 1422 1592 1497 boc
1617 1422 1765 1496 nomine
1792 1425 1888 1496 Deus
1911 1427 2052 1500 ostendi

469 1562 635 1621 naturam
649 1541 908 1638 innascibilem,
925 1548 994 1622 tale
1007 1564 1064 1622 est
1077 1573 1119 1625 ac
1132 1548 1163 1621 si
1176 1547 1310 1621 diceret
1324 1544 1558 1619 substantiam
1573 1566 1647 1616 non
1666 1542 1794 1614 saetam
1808 1559 1869 1616 aut
1883 1560 2051 1633 creatam,

470 1651 534 1726 sed
549 1668 728 1726 artemam.

1142 1906 1302 1989 cuttu
1331 1906 1377 1987 V.

436 2186 450 2202 *
519 2158 672 2231 Nomine
694 2181 780 2231 vero
807 2161 958 2258 Spiritus
982 2159 1094 2233 sancti
1110 2158 1257 2233 allectus
1283 2156 1507 2254 benignitatis
1528 2170 1565 2229 et
1587 2156 1742 2229 caritatis
1768 2155 1989 2255 exprimitur,
2007 2180 2052 2230 eo

468 2275 632 2349 videlicet
652 2277 751 2373 quod
776 2279 901 2377 spiritu
928 2278 1000 2351 oris
1020 2277 1134 2350 nostri
1156 2291 1190 2349 et
1211 2275 1370 2349 anhelitu
1392 2274 1546 2348 maxime
1561 2274 1708 2347 allectus
1729 2274 1841 2347 animi
1867 2273 2050 2372 patefiant,

468 2418 551 2466 cum
576 2409 638 2466 aut
656 2419 727 2493 prae
747 2418 870 2468 amore
886 2396 1118 2495 suspiramus,
1140 2410 1202 2468 aut
1219 2420 1291 2494 prae
1306 2391 1439 2466 laboris
1457 2393 1513 2466 vel
1534 2391 1669 2465 doloris
1685 2392 1847 2489 angustia
1864 2394 2050 2489 gemimus.

468 2513 618 2609 Spiritus
633 2527 776 2586 sanctus
790 2539 857 2612 pro
871 2515 1000 2588 affectu
1015 2513 1114 2587 bono
1128 2515 1276 2612 ponitur
1284 2514 1384 2611 juxta
1399 2511 1489 2586 illud
1505 2509 1585 2584 libri
1595 2513 1805 2609 Sapientiae‘
1821 2539 1830 2585 t
1848 2514 2054 2610 «Benignus

468 2643 519 2701 est
546 2632 691 2730 spiritus
707 2633 902 2731 sapientia,
928 2648 965 2706 et
985 2657 1060 2706 uon
1087 2631 1253 2707 liberabit
1277 2631 1545 2706 maledicum²a
1569 2629 1670 2704 labiis
1696 2633 1816 2723 suis3n
1835 2646 1941 2731 atque
1966 2631 2054 2706 illud

468 2750 677 2822 Psalmistae'
696 2777 705 2821 ε
728 2752 913 2851 «Spiritus
931 2767 1013 2824 tuus
1032 2749 1150 2824 bonus
1166 2750 1320 2825 deducet
1337 2775 1395 2824 me
1409 2751 1447 2823 in
1464 2765 1595 2823 terram
1613 2761 1762 2842 rectam,
1779 2764 1848 2823 etc.
1865 2778 1884 2818 a
1904 2755 1956 2823 De
1977 2774 2052 2849 quo

468 2882 503 2939 et
520 2874 558 2940 B.
580 2869 796 2967 Augustinus
811 2872 850 2943 in
872 2871 992 2968 primo
1007 2861 1116 2968 snper
1133 2873 1310 2961 Genesim,
1334 2895 1379 2942 eo
1397 2869 1479 2944 loco
1497 2894 1571 2967 quo
1586 2871 1758 2968 scriptum
1774 2884 1847 2942 est:
1869 2869 2053 2967 «Spiritus

467 2988 615 3061 Domini
633 2987 811 3063 ferebatur
826 3015 934 3091 super
950 3013 1074 3087 aquas,
1091 3019 1110 3057 a
1128 2989 1178 3063 ait
1197 3014 1206 3062 a
1228 3019 1245 3057 α
1264 2994 1406 3088 Egenus
1428 3002 1535 3089 atque
1558 2989 1721 3086 indigens
1736 3011 1837 3062 amor
1852 2987 1900 3063 ita
1922 2987 2047 3084 diligit,

469 3120 509 3178 ut
531 3106 639 3181 rebus
664 3132 754 3207 quas
778 3109 893 3208 diligit
911 3108 1131 3207 subjiciatur,
1150 3124 1341 3209 propterea
1359 3134 1444 3182 cum
1460 3116 1799 3183 commemoraretur
1821 3108 1971 3209 Spiritus
1985 3110 2050 3181 Dei

467 3228 502 3297 in
520 3250 594 3324 quo
615 3242 737 3302 sancta
754 3228 829 3325 ejus
845 3227 1096 3303 benevolentia
1113 3227 1331 3326 dilectioque
1344 3226 1565 3327 intelligitur,
1580 3227 1770 3327 superferri
1786 3227 1904 3302 dictus
1919 3240 1988 3321 est,
2008 3253 2053 3301 ne

466 3345 627 3420 iacienda
652 3371 763 3446 opera
790 3368 855 3422 sua
878 3373 944 3447 per
966 3347 1169 3447 indigentiae
1190 3347 1435 3422 necessitatem
1458 3347 1685 3446 potiusquam
1708 3371 1773 3447 per
1795 3345 2050 3420 abundantiam

466 3463 723 3539 beneficientiae
743 3470 840 3540 Dens
864 3490 984 3541 amare
1007 3481 1236 3565 putaretur.»
1254 3466 1347 3540 Huic
1372 3478 1408 3540 et
1427 3464 1516 3539 illud
1540 3464 1699 3565 Apostoli
1718 3463 1825 3564 plane
1845 3464 2047 3563 congruit⁸:

470 3603 488 3642 a
502 3578 600 3647 Deus
614 3576 742 3648 caritas
755 3590 822 3671 est,
838 3604 856 3645 n
874 3578 958 3674 quia
975 3591 1065 3650 teste
1080 3576 1268 3673 Gregorio,
1287 3576 1439 3674 Spiritus
1453 3576 1530 3677 ipse
1543 3598 1647 3649 amor
1663 3588 1729 3648 est.
1750 3573 1856 3648 Unde
1871 3589 1907 3649 et
1925 3573 2050 3647 Paulus

465 3692 503 3763 in
530 3691 805 3766 salutationibus
827 3694 899 3766 suis
928 3717 1019 3793 quas
1044 3693 1204 3792 epistolis
1227 3693 1457 3793 prescribere
1481 3692 1668 3768 consuevit
1696 3692 1820 3767 dicens
1848 3720 1857 3764 ε
1890 3695 2051 3766 «Gratia
2097 3760 2100 3771 .

467 3808 570 3880 robis
599 3834 621 3881 a
646 3815 723 3882 Deo
749 3814 852 3884 Patre
874 3826 911 3885 et
931 3812 1091 3883 Domino
1115 3814 1381 3904 Jrsn-Cumsro,
1400 3843 1418 3880 »
1435 3814 1584 3887 nomine
1606 3813 1725 3912 gmtiae
1745 3813 1918 3912 Spiritum
1935 3813 2049 3912 ipsum

467 3952 625 4025 congrue
647 3928 863 4025 designavit,
881 3955 990 4030 quem
1012 3931 1119 4005 etiam
1141 3933 1285 4005 Donum
1308 3932 1375 4007 Dei
1390 3955 1573 4029 vocamus,
1591 3957 1700 4032 qnam
1715 3932 1862 4032 quidem
1879 3931 2047 4030 gratiam,

466 4044 503 4117 id
528 4060 581 4119 est
597 4071 707 4145 quem
723 4049 895 4147 Spiritum
917 4048 964 4122 ab
980 4047 1115 4123 eisdem
1138 4048 1217 4123 dari
1233 4051 1367 4149 optime
1382 4050 1599 4150 predicitur,
1616 4076 1639 4125 a
1658 4050 1790 4150 quibus
1812 4064 1849 4123 et
1862 4049 2047 4148 pmoedit,
2157 4032 2166 4044 ’

465 4164 536 4236 boc
553 4179 607 4238 est
629 4189 651 4238 a
672 4171 775 4239 Patre
795 4181 832 4240 et
852 4167 954 4240 Filio.
974 4172 1068 4240 Bene
1092 4169 1213 4265 itaque
1232 4170 1383 4268 Spiritus
1403 4182 1547 4242 sanctus
1572 4184 1645 4242 tam
1671 4171 1708 4242 in
1730 4167 1917 4263 columba,
1942 4192 2048 4267 quam

466 4283 502 4353 in
526 4284 608 4379 igne
626 4284 773 4359 revelari
789 4284 918 4384 elegit,
936 4310 1021 4358 cum
1041 4287 1138 4386 ipsa,
1164 4301 1206 4359 ut
1224 4286 1360 4361 dictum
1378 4301 1453 4382 est,
1475 4287 1598 4362 divina
1613 4286 1815 4385 benignitas
1840 4311 1904 4359 seu
1925 4288 2050 4360 caritas

465 4402 613 4475 nomine
629 4404 781 4500 Spiritus
802 4405 849 4477 sit
868 4428 1046 4504 expressa.
1064 4409 1155 4478 Nam
1172 4419 1208 4479 et
1222 4405 1391 4479 columba
1408 4406 1591 4481 mitissima
1612 4431 1688 4481 esse
1708 4406 1866 4479 creditur
1886 4420 1922 4477 et
1944 4404 2050 4477 beni·

465 4518 632 4614 guissima
657 4522 821 4594 omnium
845 4523 980 4614 avium,
1006 4548 1084 4622 quae
1104 4539 1142 4597 et
1157 4523 1237 4597 selle
1259 4547 1379 4598 carere
1395 4525 1538 4614 dicitur,
1567 4540 1603 4598 ct
1623 4524 1670 4598 ab
1694 4523 1886 4599 iracundiae
1900 4523 2049 4596 stimulis

465 4636 617 4711 maxime
642 4664 718 4713 esse
743 4655 894 4733 remota,
920 4656 956 4715 et
976 4642 1087 4739 igneae
1111 4642 1382 4741 quodammodo
1404 4658 1439 4717 et
1454 4643 1674 4718 calidissimae
1695 4669 1771 4718 esse
1794 4658 1942 4734 naturae,
1967 4668 2050 4717 cum

464 4758 557 4853 iguis
580 4757 656 4857 ipse
678 4783 781 4835 amor
800 4760 953 4854 dicatur,
974 4761 1020 4834 de
1040 4787 1114 4859 quo
1129 4764 1297 4854 Veritas¹,
1316 4792 1334 4833 o
1349 4769 1470 4860 ignem
1487 4765 1592 4856 veni,
1611 4765 1740 4863 iuquit,
1760 4765 1900 4838 mittere
1922 4765 1959 4836 in
1977 4779 2048 4836 ter·

495 5067 501 5096 ¹
516 5066 590 5132 Son,
606 5082 662 5203 “4⁹9⁰
676 5082 736 5131 ιη.
750 5071 877 5126 t.-²1n
896 5071 969 5124 editts
984 5071 1154 5125 tarantum.
1167 5073 1327 5126 -⁸Pmtm.
1343 5087 1408 5140 nu,
1421 5088 1444 5129 r.
1457 5078 1495 5128 to.
1508 5100 1536 5113 -
1548 5075 1636 5127 ‘toan
1652 5076 1673 5137 t,
1693 5088 1746 5137 cap.
1762 5087 1795 5135 rr,
1819 5088 1843 5125 r.
1858 5078 1895 5126 tn
1912 5099 1940 5114 -
1957 5073 2050 5136 ⁸Lm.‚

460 5156 516 5207 cap.
530 5159 616 5208 nur.
660 5184 667 5199 .
