4559 6100
489 448 562 520 684
1091 440 1218 512 PETRI
1243 439 1478 513 ABAEthtnt

489 596 634 686 meritis,
655 591 820 663 nondum
844 592 993 662 excitata
1019 589 1179 662 hominis
1205 592 1360 675 ratione,
1378 589 1487 662 alium
1514 610 1600 660 vero
1626 611 1694 685 pro
1720 585 1855 657 meritis
1883 584 2082 683 optimum,

488 729 524 786 et
546 713 655 785 alium
680 713 890 811 pessimum.
914 714 988 781 Hos
1006 724 1126 782 autem
1152 708 1245 781 duos
1266 709 1535 807 comparatione
1550 704 1707 778 duorum
1728 704 1881 777 aliorum
1897 704 2086 803 praesentis

486 835 581 925 vitae,
600 833 662 929 qni
678 855 740 902 eos
758 844 1022 928 promerentur,
1044 852 1227 900 summum
1249 828 1388 901 honum
1405 841 1441 900 et
1458 849 1640 898 summurn
1663 824 1797 895 malum
1820 822 1892 895 dici
1907 824 2080 913 arbitror,

487 951 655 1047 eoquod
680 947 769 1020 nihil
793 947 932 1020 adversi
958 947 1013 1018 vel
1032 947 1194 1045 prosperi
1220 947 1271 1017 eis
1297 947 1342 1018 sit
1365 945 1581 1034 admixtum,
1611 967 1695 1017 cnm
1724 942 1813 1014 alios
1833 940 1926 1013 duos
1950 940 2083 1013 talibus

487 1082 628 1139 constet
643 1091 719 1139 esse
735 1068 943 1163 permixtos,
961 1080 1002 1136 ut
1017 1089 1086 1137 nec
1100 1064 1189 1137 boni
1208 1089 1274 1137 nec
1292 1065 1375 1136 mali
1392 1065 1523 1162 paritas
1539 1063 1623 1134 insit
1637 1061 1701 1135 eis.

536 1191 737 1257 Cnmsrnrr.
757 1188 848 1256 Ecce
864 1184 1063 1256 secundum
1081 1199 1116 1255 te
1133 1208 1314 1255 summurn
1329 1182 1469 1256 bonnm
1485 1182 1546 1254 illa
1560 1205 1722 1280 superna
1738 1181 1818 1252 vitae
1835 1180 1937 1278 quies
1951 1179 2081 1253 intelli·

487 1305 604 1403 genda
622 1321 690 1396 est,
718 1305 849 1376 sicute
874 1304 1056 1376 contrario
1080 1327 1262 1374 summum
1286 1301 1420 1375 malurn
1447 1301 1507 1374 illa
1532 1301 1709 1373 malorum
1733 1300 1918 1373 damuatio
1943 1298 2077 1373 futura.

487 1427 650 1510 Quorum
678 1437 882 1519 utrumque,
902 1423 994 1493 sicut
1017 1420 1224 1510 meministi,
1247 1421 1312 1518 ipsi
1335 1421 1465 1493 nostris
1487 1418 1710 1517 adquirimus
1731 1419 1881 1511 meritis,
1907 1444 1972 1518 per
1997 1444 2081 1516 quae

491 1541 666 1633 videlieet,
684 1543 784 1639 quasi
802 1541 1018 1638 quibusdam
1036 1541 1115 1630 viis,
1135 1538 1220 1610 illoc
1239 1542 1456 1638 pervenitur.

537 1666 674 1733 Ριῑιιοε.
704 1666 755 1732 lta
780 1662 916 1762 aestimo
941 1676 977 1731 et
1006 1660 1154 1758 pianum
1179 1671 1243 1729 est.
1272 1658 1375 1733 Nulla
1400 1660 1536 1760 quippe
1557 1659 1615 1732 his
1638 1659 1701 1758 qui
1718 1659 1917 1732 naturalem
1941 1661 2081 1757 ample·

486 1794 633 1852 ctuntur
647 1780 777 1877 legem,
795 1780 969 1852 sententia
986 1777 1119 1851 firmior
1134 1777 1303 1868 habetur,
1323 1801 1432 1875 quam
1450 1793 1490 1850 ut
1506 1780 1619 1851 virtus
1633 1777 1679 1851 ad
1698 1777 1956 1851 beatitudinem
1976 1776 2082 1849 suffi-

485 1899 568 1990 ciat,
588 1913 624 1970 et
639 1899 738 1995 qnod
760 1897 843 1969 solae
868 1898 997 1969 faciant
1014 1898 1161 1968 virtutes
1176 1895 1341 1987 beatum,
1361 1898 1459 1971 nulla
1475 1897 1544 1972 alia
1560 1900 1749 1996 quisquam
1770 1897 1829 1970 via
1851 1896 1922 1969 hoc
1942 1921 2079 1970 nomen
2181 1932 2186 1939 ·

485 2017 706 2115 adipiscitur.
735 2019 793 2089 Sic
815 2043 836 2089 e
858 2019 1039 2090 contrario
1058 2015 1198 2087 nullum
1220 2041 1305 2089 vere
1331 2019 1523 2112 miserum,
1550 2019 1684 2090 nisiex
1705 2017 1800 2089 vitiis
1821 2016 1898 2089 lieri
1923 2030 2076 2089 constat.

486 2135 590 2208 Unde
613 2138 705 2208 sicut
729 2135 808 2208 illas
832 2136 879 2207 ad
904 2158 1087 2207 summum
1109 2132 1271 2224 bonurn,
1299 2138 1350 2207 sic
1376 2138 1422 2229 ad
1448 2161 1630 2210 summum
1654 2136 1790 2209 malum
1811 2135 1878 2209 has
1900 2159 1977 2209 esse
2001 2137 2078 2209 vias

483 2268 634 2326 constat.

532 2376 736 2445 Cnnrsrnn.
758 2374 938 2461 Quoniam
961 2397 1058 2444 nunc
1083 2373 1307 2469 aliquantum
1329 2372 1374 2446 ad
1394 2399 1575 2447 summum
1597 2373 1756 2447 hominis
1776 2373 1917 2446 bonum
1934 2374 2026 2446 sicut
2040 2389 2077 2447 et

484 2489 530 2561 ad
557 2515 737 2562 summum
754 2491 830 2586 ejus
846 2490 981 2561 malum
1005 2491 1191 2562 accessisse
1212 2490 1344 2563 videris
1361 2505 1538 2565 eteorum
1557 2493 1703 2592 insuper
1717 2493 1793 2564 vias
1810 2493 1971 2589 attigisti,
1989 2493 2077 2566 libet
2187 2579 2191 2591 ,

484 2608 671 2704 paululum
695 2607 940 2702 objectionum
958 2621 1155 2680 vestrarum
1180 2607 1340 2681 habenas
1360 2612 1481 2681 cursui
1505 2626 1568 2682 tuo
1584 2611 1754 2703 relaxare,
1779 2635 1854 2708 quo
1877 2610 2010 2684 lucilius
2027 2613 2077 2685 ad

486 2724 661 2823 propositi
676 2727 727 2795 tui
751 2738 882 2795 metam
900 2728 1098 2822 pervenias,
1120 2739 1156 2798 et
1175 2725 1222 2798 de
1239 2731 1512 2801 consumatione
1528 2732 1648 2829 operis
1663 2732 1782 2803 verius
1804 2747 1912 2828 atque
1935 2732 2072 2830 persec-

484 2843 555 2912 tius
580 2841 767 2937 dijudicari
792 2866 914 2939 queas.
943 2846 1096 2915 Ostenso
1124 2845 1244 2940 itaque
1269 2843 1357 2942 quid
1385 2859 1424 2917 tn
1451 2871 1633 2921 summum
1659 2849 1815 2921 hominis
1842 2849 1982 2921 bonum
2010 2876 2072 2923 seu

484 2984 666 3031 summum
683 2961 794 3057 ipsius
809 2960 943 3031 malum
960 2959 1070 3048 dicas,
1089 2975 1252 3061 superest
1270 2977 1309 3035 ut
1322 2950 1388 3036 has
1407 2988 1552 3063 quoque
1568 2992 1708 3057 eorum,
1733 2991 1823 3066 quas
1844 2968 1961 3041 dixisti
1977 2971 2070 3061 vias,

481 3079 630 3151 virtutes
647 3080 781 3151 scilicet
795 3104 837 3151 ac
853 3080 937 3152 vitia
953 3079 1140 3176 diligenter
1159 3080 1308 3154 definias
1330 3097 1438 3181 atque
1463 3084 1670 3184 distinguas,
1690 3102 1730 3160 ut
1754 3087 1811 3161 vel
1845 3102 2069 3187 appetantur,

481 3196 536 3268 vel
551 3198 721 3288 vitentur,
743 3219 825 3295 quo'
836 3199 961 3270 melius
978 3214 1257 3296 cognoscuntur.

532 3321 676 3388 Pinnos.
695 3318 828 3402 Virtus,
847 3319 1028 3413 inquiunt,
1055 3318 1268 3391 esthahitus
1288 3322 1399 3393 animi
1424 3324 1593 3421 optimus,
1618 3326 1669 3398 sic
1691 3350 1712 3397 e
1736 3329 1918 3401 contrario
1944 3328 2069 3399 vitium

483 3431 638 3505 arbitror
662 3458 738 3506 esse
765 3434 931 3507 habitum
956 3437 1066 3508 animi
1091 3439 1309 3535 pessimum3
1337 3439 1505 3513 habitum
1527 3467 1615 3516 vero
1640 3444 1739 3516 hunc
1763 3444 1934 3536 dicimus,
1963 3470 2070 3543 quem

482 3552 684 3624 Aristoteles
707 3553 744 3623 in
761 3556 956 3652 categoriis
977 3553 1150 3645 distinxit,
1174 3582 1258 3628 cum
1281 3558 1319 3628 in
1343 3557 1464 3630 habitu
1490 3576 1525 3632 et
1546 3561 1780 3659 dispositione
1802 3565 1957 3662 primam
1983 3588 2071 3662 qua·

481 3668 589 3741 litatis
616 3672 772 3768 speciem
799 3672 1085 3771 comprehendit.
1114 3679 1175 3747 Est
1200 3676 1306 3771 igitur
1333 3675 1477 3749 habitus
1505 3680 1656 3775 qualitas
1681 3683 1732 3753 rei
1761 3707 1836 3755 non
1866 3684 2071 3757 naturaliter

482 3787 605 3876 insita,
634 3788 697 3858 sed
722 3787 842 3860 studio
865 3813 908 3862 ac
938 3789 1195 3865 deliberatione
1216 3795 1416 3891 conquisita
1438 3812 1474 3867 et
1496 3796 1639 3871 difficile
1663 3798 1818 3873 mobilia.
1851 3802 1955 3875 Unde
1979 3803 2071 3876 hanc

481 3927 591 4000 quam
608 3905 806 3976 naturalem
823 3908 858 3978 in
877 3907 1092 4004 quibusdam
1108 3912 1305 3984 castitatem
1321 3914 1523 4005 nominant,
1546 3941 1588 3988 ex
1611 3920 1774 4017 corporis
1793 3920 1954 3993 videlicet
1971 3922 2067 4018 frigi·

481 4019 591 4092 ditate
620 4023 677 4093 vel
705 4022 822 4119 aliqua
850 4027 1112 4124 complectione
1140 4046 1294 4123 natura,
1324 4056 1402 4128 qnae
1428 4032 1563 4105 nullam
1589 4060 1749 4134 unquam
1774 4040 2067 4136 concupiscentiae

480 4163 638 4238 pugnam
666 4142 835 4235 sustinet,
864 4143 910 4214 de
933 4170 1005 4242 qua
1029 4147 1244 4247 triumphet,
1276 4173 1343 4223 nec
1361 4152 1527 4224 meritum
1553 4153 1710 4249 obtinet,
1741 4180 1968 4256 nequaquam
1994 4159 2068 4230 vir-

480 4257 615 4331 tutibus
630 4284 945 4353 connumeramus,
966 4263 1021 4336 vel
1038 4291 1259 4364 quaecunque
1275 4269 1383 4339 animi
1401 4269 1586 4366 qualitates
1603 4272 1704 4347 facile
1721 4291 1805 4347 suut
1819 4276 1982 4350 mobiles.
2000 4277 2067 4350 Ubi

479 4379 614 4475 quippe
631 4404 706 4451 non
729 4394 782 4451 est
801 4379 922 4478 aliqua
939 4387 1182 4480 repugnantia
1197 4410 1337 4486 pugna,
1362 4413 1436 4460 non
1461 4404 1514 4461 est
1531 4396 1731 4492 superantis
1746 4395 1887 4468 virtutis
1909 4420 2065 4487 corona,

475 4497 576 4593 juxta
592 4496 679 4568 illud
696 4499 802 4571 etiam
819 4503 939 4597 magni
955 4504 1063 4575 vestri
1080 4503 1302 4604 philosophi¹
1324 4533 1332 4576 :
1355 4536 1373 4575 ι(
1390 4512 1468 4580 Non
1488 4511 1723 4586 coronabitur
1741 4516 1804 4612 qui
1818 4540 1894 4587 non
1914 4515 2067 4614 legitime

477 4616 676 4688 certaverit.
697 4646 714 4681 a
732 4618 824 4690 Hinc
846 4631 880 4690 et
900 4620 988 4693 illud
1004 4622 1115 4719 ipsius
1133 4621 1369 4724 philosophia
1391 4626 1437 4699 ad
1454 4629 1642 4703 boethium
1664 4632 1700 4704 in
1717 4631 1810 4706 libro
1828 4649 1958 4732 quarto
1976 4637 2066 4707 Con·

476 4733 660 4805 sclaubm's
680 4759 751 4806 suae
781 4739 890 4808 :alix
918 4760 993 4833 quo
1017 4740 1123 4812 etiam
1146 4741 1258 4815 virtus
1280 4759 1442 4835 vocatur,
1467 4747 1565 4843 quod
1591 4750 1666 4822 suis
1687 4749 1821 4826 viribus
1851 4753 1969 4826 nitens
1989 4776 2063 4825 non

509 4998 614 5065 ¹t'a'm.,
628 4999 662 5066 tt,
679 5017 734 5067 cap.
748 5018 813 5069 rt,r.
824 5010 847 5058 5.
