4559 6100
697 658 741 734 lN
766 656 1011 731 El’lS'l'OLAM
1035 658 1096 730 Au
1121 657 1347 730 ROMANOS.
1392 647 1396 652 ²
1745 658 1816 734 att

223 810 295 882 rius
318 807 420 907 quod
445 806 581 883 bonam
605 808 662 882 vel
687 809 819 882 malam
847 809 1071 882 voluntatem
1098 810 1271 907 sequitur,
1300 810 1466 881 meritum
1492 825 1640 907 augeat,
1670 826 1816 884 etcum

223 929 340 1002 omnis
356 928 468 1001 virtus
484 931 530 1002 sit
547 931 672 1018 animi,
691 945 726 1003 et
743 932 780 1002 in
798 931 880 1030 ipso
893 929 1041 1002 lundata
1057 930 1239 1024 consistat,
1257 943 1379 1001 utrum
1394 954 1502 1001 omne
1519 944 1706 1029 peccatum
1722 933 1816 1003 simi·

222 1049 301 1122 liter
321 1047 433 1120 animi
455 1050 520 1141 sit,
545 1050 684 1148 etquid
705 1051 798 1123 iuter
813 1050 942 1123 vitium
963 1050 1074 1123 animi
1096 1063 1132 1123 et
1147 1064 1335 1148 peccatum
1356 1047 1508 1143 disserat,
1529 1064 1565 1122 et
1583 1065 1673 1149 quot
1696 1050 1814 1123 modis

221 1179 407 1262 peccatum
424 1167 575 1239 dicatur.
595 1167 665 1240 Sed
686 1167 860 1265 quiahoc
883 1168 1037 1240 maxime
1058 1164 1103 1238 ad
1120 1165 1274 1237 ethicam
1290 1165 1444 1262 pertinet
1462 1165 1811 1257 considerationem,

221 1298 256 1355 et
278 1282 414 1357 diutius
437 1286 474 1358 in
504 1285 561 1358 bis
588 1284 801 1359 dirimendis
828 1284 1096 1359 immorandum
1126 1297 1237 1376 esset,
1264 1309 1374 1383 quam
1398 1284 1554 1358 brevitas
1582 1286 1815 1383 expositionis

220 1402 391 1501 postulat,
410 1419 540 1477 nostrae
556 1406 593 1478 id
610 1406 735 1479 etlricae
749 1406 963 1479 discussioni
979 1428 1202 1479 reservemus
1212 1406 1234 1472 ¹.

270 1550 288 1591 rr
302 1523 493 1596 Beatitudo
508 1549 606 1621 ergo.
618 1554 635 1593 n
650 1523 808 1614 Quando
826 1525 974 1623 quidem
988 1538 1172 1597 ostensum
1181 1537 1231 1595 est
1242 1536 1332 1619 quot
1348 1524 1467 1596 modis
1477 1523 1664 1597 beatitudo
1675 1523 1815 1596 dicatur

218 1641 292 1713 sive
318 1641 506 1734 habeatur,
532 1644 621 1716 illud
642 1645 750 1717 etiam
772 1643 961 1716 videamus
988 1667 1008 1715 a
1034 1642 1166 1739 quibus
1189 1641 1380 1733 habeatur,
1408 1643 1445 1715 id
1468 1657 1540 1733 est,
1559 1644 1816 1717 aoircumoisis

167 1784 172 1791 ·
218 1774 372 1851 tantum,
391 1786 438 1834 an
460 1763 602 1836 etiamn
618 1764 848 1863 praeputiatis.
873 1767 918 1835 Et
933 1761 1005 1835 hoc
1020 1776 1086 1855 est,
1103 1762 1203 1859 quod
1220 1762 1416 1860 quaerendo
1432 1765 1481 1835 ait
1498 1790 1505 1834 :
1528 1767 1620 1860 Ergo
1636 1762 1712 1834 baec
1730 1761 1814 1836 bea-

217 1880 347 1974 titudo,
370 1905 480 1979 quam
507 1881 673 1956 videlicet
694 1885 731 1955 in
755 1887 872 1956 Deum
893 1882 1117 1980 assequimur
1139 1882 1169 1954 si
1192 1907 1267 1955 non
1294 1881 1464 1982 operibus
1492 1883 1600 1955 etiam
1625 1883 1711 1979 legis
1736 1908 1814 1954 ore·

217 1998 355 2093 dendo,
378 2031 397 2067 r
418 2016 539 2074 manet
556 2003 593 2074 iu
613 2003 888 2076 circumcisione
912 2017 1105 2095 tantum,r
1125 2000 1234 2074 idest
1256 2003 1294 2074 in
1319 2003 1550 2097 circumcisis,
1572 2027 1618 2076 an
1642 2004 1751 2075 etiam
1775 2004 1813 2075 iu

215 2121 457 2218 praeputiatis?
475 2124 564 2209 Quae
580 2145 667 2195 vero
693 2123 739 2195 sit
756 2120 833 2195 haec
851 2105 1050 2209 beatitudo,
1069 2145 1180 2219 quam
1197 2122 1363 2194 videlicet
1379 2122 1415 2195 in
1434 2126 1551 2195 Deum
1567 2123 1810 2220 assequimur,

215 2237 443 2330 determinat,
468 2239 591 2312 dicens
613 2266 694 2315 eam
716 2266 921 2340 essequam
944 2240 1357 2315 Abrabamconsecutns
1382 2258 1448 2328 est,
1476 2268 1560 2314 cum
1585 2267 1626 2314 ex
1650 2241 1722 2314 lide
1747 2241 1815 2314 luit

213 2356 437 2453 justificatus.
457 2363 502 2431 Et
516 2360 588 2432 hoc
601 2375 656 2433 est
671 2361 773 2459 quod
789 2361 933 2434 subdit:
955 2392 973 2431 u
988 2362 1151 2434 Dicimus
1166 2362 1277 2452 enim,
1293 2388 1312 2426 r
1330 2359 1367 2431 id
1385 2376 1449 2450 est,
1465 2386 1507 2432 ex
1519 2362 1706 2460 supposito
1723 2385 1812 2433 con·

216 2477 394 2550 vincimus
414 2480 633 2572 testimonio,
664 2481 780 2580 «quia
803 2481 950 2554 Abrahae
974 2480 1063 2552 fides
1077 2533 1087 2571 ,
1102 2511 1120 2547 r
1140 2504 1225 2578 qua,
1250 2494 1290 2552 ut
1315 2481 1517 2579 expositum
1543 2495 1608 2571 est,
1634 2481 1672 2551 in
1696 2484 1812 2551 Deum

213 2595 378 2690 credidit,
398 2614 590 2698 «reputata
615 2612 668 2673 est
691 2600 725 2673 ei
746 2599 845 2700 apud
867 2604 984 2671 Deum
1010 2598 1056 2671 ad
1075 2598 1261 2695 justitiam,
1282 2627 1299 2667 n
1315 2598 1353 2670 id
1378 2613 1431 2671 est
1453 2602 1549 2671 Deus
1573 2623 1656 2670 eum
1674 2599 1812 2695 justum

214 2739 289 2788 esse
303 2720 493 2816 reputavit,
506 2735 543 2792 et
559 2720 850 2792 remuneratione
859 2719 1039 2814 justorum
1055 2716 1208 2814 dignum
1224 2715 1414 2814 judicavit.
1432 2718 1511 2790 Dixi
1526 2743 1534 2788 :
1547 2721 1721 2818 Reputata
1737 2732 1808 2804 est;

212 2859 298 2932 ergo
323 2861 524 2933 quaeramus
546 2840 585 2911 in
611 2841 691 2940 ipso
716 2837 896 2912 Abraham
921 2868 939 2905 α
954 2836 1190 2936 quomodo‚r
1215 2835 1326 2909 idest
1347 2836 1496 2934 quaudo
1522 2836 1567 2909 sit
1590 2835 1623 2908 ei
1649 2850 1811 2935 reputata

213 2953 300 3028 lides
316 2958 391 3055 ejus
407 2957 454 3031 ad
470 2959 657 3056 justitiam,
684 2973 807 3031 utrum
824 2956 991 3030 videlicet
1013 2969 1207 3055 antequam
1222 2955 1554 3050 circumcideretur,
1577 2954 1633 3028 vel
1655 2970 1751 3054 post,
1772 2970 1812 3026 ut

213 3100 275 3174 per
289 3099 373 3149 eurn
389 3078 571 3171 videlicet,
591 3079 691 3152 etde
713 3078 849 3152 caeteris
865 3078 1073 3152 horninibus
1086 3077 1250 3175 judicare
1266 3077 1457 3176 possimus,
1474 3091 1597 3150 utrum
1619 3075 1807 3167 videlicet,

211 3196 278 3269 soli
293 3198 495 3270 circumcisi
511 3197 608 3273 banc
624 3199 884 3273 beatitudinem
899 3198 1042 3295 justitiae
1059 3211 1309 3296 assequantur,
1325 3222 1372 3269 an
1391 3222 1478 3269 non.
1498 3202 1540 3270 Et
1555 3197 1626 3269 hoc
1640 3210 1694 3269 est
1709 3196 1810 3293 quod

210 3317 278 3389 ait:
292 3349 309 3383 ι
321 3318 533 3413 Quomodo,
544 3348 562 3387 n
574 3318 708 3392 scilicet
720 3318 939 3417 requirendo
957 3330 993 3390 et
1005 3318 1121 3389 statim
1139 3316 1325 3389 solvendo.
1345 3347 1363 3383 α
1381 3320 1420 3387 ln
1437 3316 1721 3406 circumcisione,
1737 3315 1808 3386 »id

209 3450 274 3527 est,
302 3438 513 3537 priusquam
536 3440 769 3512 circumcisus
789 3439 868 3510 luit.
896 3442 967 3510 «ln
984 3437 1173 3536 praeputio,
1191 3467 1208 3501 n
1228 3435 1266 3508 id
1281 3450 1346 3527 est,
1363 3448 1555 3531 antequam
1571 3432 1807 3506 circumcide·

206 3570 319 3649 retur,
344 3556 432 3631 dum
453 3558 572 3632 adbuc
598 3558 766 3632 videlicet
787 3559 1002 3658 praeputium
1023 3557 1204 3629 retineret.
1228 3585 1247 3623 α
1263 3558 1306 3627 Et
1325 3556 1470 3651 signum
1495 3554 1644 3652 accepit.
1666 3557 1807 3626 »Forte

202 3693 380 3772 quaereret
396 3678 523 3777 aliquis
544 3704 656 3778 quare
677 3679 859 3779 superflue
881 3677 1192 3751 circumcisionem
1208 3674 1387 3774 acceperit
1401 3673 1595 3757 Abraham,
1614 3697 1697 3748 cum
1722 3688 1806 3746 ante

196 3796 416 3891 justificatus
437 3798 555 3891 luerit,
580 3798 743 3897 nihilque
757 3800 794 3871 in
813 3823 854 3872 ea
869 3797 1131 3894 justificationis
1149 3796 1338 3894 acceperit.
1366 3797 1409 3867 Et
1427 3793 1510 3866 ideo
1526 3794 1622 3866 hauc
1637 3795 1803 3892 quaestio·

198 3938 289 3988 nem
315 3918 537 4017 praeveniens
553 3920 622 4011 ait,
640 3942 716 3990 non
738 3918 785 3991 ad
797 3917 1092 4015 justificationem
1115 3917 1273 4014 aliquam
1296 3939 1380 3988 eum
1395 3914 1468 3988 hoc
1489 3917 1634 4013 signum
1651 3915 1805 3987 exterius

194 4038 415 4135 suscepisse,
436 4038 499 4109 sed
516 4036 563 4110 ad
585 4036 903 4111 sanctificationem
926 4052 961 4109 et
982 4038 1227 4109 ostensionem
1244 4034 1400 4131 justitiae,
1419 4059 1530 4132 quam
1550 4042 1626 4132 jam
1648 4033 1806 4108 habebut

194 4156 241 4227 in
257 4169 379 4229 mente
396 4155 484 4228 dum
499 4156 619 4229 adbuc
636 4159 672 4229 in
690 4158 864 4257 praeputio
881 4170 985 4229 esset.
1005 4160 1050 4229 Et
1066 4155 1140 4228 hoc
1157 4154 1326 4253 estquod
1344 4154 1496 4227 dicitur:
1515 4183 1534 4225 u
1545 4157 1689 4251 signum
1702 4179 1803 4227 acce·

189 4276 269 4374 pit,
292 4290 381 4366 etc,
399 4306 416 4341 r
434 4275 474 4348 id
494 4288 547 4349 est
573 4277 884 4351 circumcisionem
911 4278 1048 4374 accepit
1067 4301 1133 4374 pro
1159 4277 1275 4372 siguo,
1302 4287 1339 4347 et
1362 4275 1463 4372 cujus
1485 4276 1537 4347 rei
1558 4278 1662 4374 signo
1683 4278 1803 4348 statim

185 4397 378 4494 supponit
399 4423 408 4465 t
428 4397 711 4495 «signaculum,
729 4428 747 4464 r
766 4395 804 4470 id
827 4412 879 4470 est
897 4422 965 4495 pro
982 4396 1168 4492 signaculo
1183 4395 1221 4468 id
1237 4409 1291 4468 est
1314 4395 1438 4492 signo,
1462 4426 1479 4461 u
1494 4397 1640 4468 iustitiae
1657 4394 1763 4489 fidei,
1782 4425 1800 4464 n

184 4539 283 4613 quae
298 4528 352 4586 est
368 4515 476 4587 etiarn
495 4516 531 4587 in
553 4517 742 4615 praeputio,
769 4515 805 4588 id
822 4529 894 4606 est,
921 4517 958 4588 in
981 4515 1198 4614 praeputiatis
1213 4513 1448 4587 nibilominus
1464 4539 1574 4613 quam
1589 4517 1626 4586 in
1646 4516 1801 4587 circum·

181 4635 303 4726 cisis,
334 4648 375 4706 ut
400 4634 566 4708 videlicet
594 4636 656 4709 tali
681 4637 784 4734 signo
812 4635 985 4732 justitiam
1014 4635 1135 4733 potius
1162 4633 1366 4729 designaret
1391 4659 1501 4732 quam
1529 4635 1797 4733 adipisceretur.

175 4753 343 4826 lustitia
368 4751 454 4825 fidei
483 4754 626 4847 dieitur,
655 4779 735 4853 quae
760 4755 876 4826 estin
904 4767 1048 4842 mente,
1079 4752 1127 4826 ad
1155 4753 1395 4826 dillerentianr
1423 4751 1516 4826 illius
1544 4777 1655 4851 qnam
1684 4753 1799 4825 solent

174 4873 371 4947 homiues
383 4884 386 4889 ’
391 4872 565 4969 justitiam
582 4875 780 4973 appellare,
802 4898 912 4971 quam
930 4873 1065 4945 scilicet
1088 4875 1243 4945 exterius
1260 4885 1427 4945 exercent
1449 4873 1485 4944 iu
1507 4872 1664 4943 vindicta
1682 4870 1798 4940 malo-

171 5016 309 5085 rnm,
329 4993 384 5065 vel
408 4993 444 5065 iu
467 4988 651 5067 beneflciis
672 4992 853 5090 aliquibus
873 4992 1069 5091 erigendis.
1094 4990 1198 5064 Unde
1219 4993 1389 5089 scripturn
1407 4995 1478 5062 est²
1495 5018 1503 5061 :
1519 4987 1727 5061 «Attendite
1750 5010 1797 5057 ne

207 5261 214 5287 ¹
229 5255 313 5305 the
327 5255 389 5305 turra
402 5268 466 5319 opus
479 5258 517 5306 cut
533 5256 616 5307 titulus
628 5256 719 5307 Ettriur
730 5271 774 5309 reu
787 5257 854 5308 Scito
867 5257 987 5320 teipsum,
1000 5257 1043 5307 ΙΙΙ),
1057 5255 1082 5316 l,
1094 5268 1149 5319 cap.
1160 5268 1168 5306 t
1178 5262 1203 5305 et
1212 5268 1269 5318 sqq.
1280 5280 1309 5291 -
1320 5256 1330 5284 ¹
1341 5252 1425 5303 daun.
1438 5266 1491 5314 cap.
1502 5265 1535 5314 u,
1548 5264 1571 5302 r.
1586 5253 1608 5301 1.
