4559 6100
731 546 988 622 rflsotoult
1019 548 1292 634 eflutsrttrtt.
1739 560 1810 634 367

223 700 417 798 Gregorius
441 709 582 771 secutus
609 698 646 769 in
672 697 834 793 Symbola
864 696 1021 797 epistolis
1042 699 1115 770 suis
1137 701 1343 799 prescripto
1360 704 1522 777 meminit
1550 704 1672 777 dicens
1698 708 1813 804 Spiri-

223 837 300 894 tum
314 843 400 894 vero
416 832 581 892 sanctum
597 840 664 891 nec
681 819 841 914 genitum
858 841 926 892 uec
947 817 1158 913 ingenitum,
1179 817 1243 890 sed
1256 834 1473 893 coaeternum
1489 822 1536 895 de
1552 828 1655 897 Patre
1671 842 1707 897 et
1723 827 1811 897 Filio

221 938 491 1040 procedentem.
528 936 684 1010 Isidorus
725 959 871 1034 quoque
904 937 1212 1035 Etymologiarum
1248 935 1341 1010 libro
1370 942 1416 1010 Vl
1456 947 1667 1040 exponens¹
1703 968 1812 1038 quare

222 1060 320 1131 solus
343 1062 445 1130 Pater
473 1056 614 1129 dicatur
641 1058 821 1154 ingenitus
830 1093 851 1147 ,=
860 1057 934 1130 ait:
956 1083 974 1122 r
996 1059 1097 1129 Peter
1120 1057 1218 1128 solus
1243 1082 1318 1131 nou
1346 1072 1401 1133 est
1421 1058 1467 1130 de
1491 1060 1576 1150 alio,
1606 1060 1688 1133 ideo
1714 1062 1811 1134 solus

222 1175 423 1276 appellatur
449 1175 673 1273 ingenitus.»
697 1179 742 1246 Et
763 1174 965 1248 notandum
988 1174 1088 1273 quod
1111 1175 1312 1248 secundum
1338 1176 1410 1249 huc
1431 1179 1531 1274 quod
1548 1181 1745 1278 ingenitum
1762 1179 1813 1252 di·

222 1297 336 1368 citnus
360 1294 478 1367 solum
498 1299 650 1385 Patrem,
668 1296 705 1366 in
733 1317 777 1367 eo
802 1292 935 1367 sedicet
958 1293 1060 1393 quod
1083 1319 1160 1370 non
1184 1310 1236 1368 est
1259 1295 1307 1368 ab
1330 1296 1417 1386 alio,
1441 1296 1583 1370 ridetur
1604 1297 1640 1372 id
1666 1324 1812 1397 quoque

222 1413 322 1512 quod
347 1411 479 1487 dicitur
503 1413 681 1510 ingenitus
708 1436 783 1485 non
810 1412 1016 1511 incongrue·
1034 1413 1082 1487 ad
1107 1416 1306 1513 potentiam
1334 1415 1488 1489 maxime
1517 1442 1682 1514 vergere,
1709 1419 1811 1515 quasi

221 1555 384 1605 summus
403 1534 478 1631 ipse
498 1533 720 1626 ostendatur,
737 1557 812 1605 non
829 1531 948 1632 aliqua
964 1531 1111 1631 quidem
1135 1533 1323 1631 dignitate,
1341 1533 1405 1605 sed
1427 1533 1643 1608 subsistendi
1660 1535 1811 1633 possibi-

12 1691 16 1698 ·
101 1721 109 1732 ,
220 1651 331 1743 litate,
356 1675 439 1724 curn
462 1651 625 1724 videlicet
646 1652 722 1752 ipse
740 1652 851 1747 solus,
870 1667 911 1725 ut
928 1651 1064 1724 dietum
1084 1666 1158 1744 est,
1179 1677 1256 1725 ase
1273 1653 1351 1752 ipso
1367 1651 1498 1727 habeat
1516 1678 1606 1742 esse,
1625 1653 1701 1726 aliae
1724 1678 1809 1726 xero

220 1770 301 1845 duae
323 1794 484 1870 personae
502 1770 716 1863 nullatenus,
745 1771 814 1845 nisi
838 1771 885 1845 ab
910 1773 988 1871 ipso
1013 1772 1097 1865 sint,
1124 1796 1201 1845 esse
1226 1786 1372 1869 queant,
1400 1775 1476 1871 ipse
1503 1797 1588 1846 vero
1613 1773 1709 1845 solus
1734 1796 1808 1844 non
1871 1809 1873 1813 ·

222 1889 293 1962 alio
325 1903 444 1986 egeat,
470 1912 587 1986 aquo
613 1913 688 1964 esse
707 1888 827 1983 ducat,
853 1891 956 1988 quasi
979 1890 1055 1989 ipse
1084 1888 1181 1962 solus
1206 1914 1277 1962 suae
1299 1888 1449 1963 sufficiat
1474 1891 1678 1988 existentiae,
1704 1891 1809 1989 quia

220 2010 350 2106 seipso,
365 2032 440 2079 non
455 2006 502 2078 ab
516 2008 586 2080 alio
602 2008 713 2081 habet
728 2033 817 2082 esse.
836 2009 893 2081 Sic
906 2011 1003 2082 enim
1018 2025 1054 2082 et
1072 2007 1281 2106 Philosophi
1303 2009 1510 2081 existentem
1527 2024 1694 2083 naturam
1710 2010 1809 2080 aiunt

219 2149 264 2197 ex
287 2148 430 2201 summo
446 2127 523 2197 Deo
544 2151 652 2224 quem
671 2130 846 2225 Togaton¹
865 2141 1009 2220 vocant,
1030 2127 1064 2199 id
1082 2141 1135 2201 est
1150 2128 1278 2199 Filium
1295 2150 1339 2199 ex
1355 2132 1432 2200 Deo
1451 2134 1552 2201 Patre
1573 2152 1755 2202 summum
1771 2129 1807 2197 in

219 2267 264 2315 eo
288 2257 420 2316 vocant
443 2243 544 2342 quod
565 2244 611 2318 ab
637 2244 708 2317 alio
734 2269 810 2317 non
835 2260 900 2339 est,
924 2245 987 2342 qui
1009 2246 1117 2319 etiam
1142 2271 1226 2318 curn
1252 2246 1370 2341 ipsum
1395 2251 1536 2318 Patrem
1560 2252 1808 2343 Protapautou

218 2363 326 2436 etiam
347 2363 540 2462 appellant,
563 2362 601 2435 id
622 2376 676 2436 est
696 2364 896 2462 principem
918 2364 1100 2455 omnium,
1119 2363 1417 2462 omnipotentiam
1443 2364 1511 2463 ipsi
1536 2366 1636 2461 quasi
1662 2365 1807 2463 proprie

215 2496 253 2553 et
272 2482 470 2579 specialiter
489 2483 683 2576 ascribunt,
703 2507 749 2556 eo
770 2482 934 2560 videlicet
949 2481 1049 2580 quod
1072 2482 1119 2555 ab
1134 2483 1214 2581 ipso
1233 2506 1307 2554 non
1330 2482 1448 2554 solum
1471 2497 1654 2576 creaturae,
1677 2507 1806 2554 verum

218 2601 325 2674 etiam
351 2615 387 2673 et
408 2614 534 2676 ceterae
548 2602 638 2684 ,duae
661 2625 824 2700 personae
845 2600 1017 2694 babeant,
1043 2616 1084 2673 ut
1105 2600 1243 2674 dictum
1265 2615 1332 2692 est,
1359 2625 1447 2685 esse,
1473 2626 1548 2673 non
1572 2601 1718 2700 quidem
1744 2627 1808 2698 per

218 2719 449 2811 creationem,
480 2720 573 2792 sicut
597 2718 672 2791 aliae
698 2743 771 2812 res,
790 2718 855 2793 sed
879 2743 944 2818 per
968 2720 1236 2817 generationem
1261 2719 1318 2791 vel
1342 2720 1621 2817 processionem.
1644 2718 1747 2790 Unde
1773 2733 1807 2789 et

220 2841 323 2914 Pater
340 2839 417 2938 ipse
430 2862 495 2938 per
510 2837 582 2912 hoc
596 2852 810 2939 potestatem
823 2840 861 2912 in
878 2836 1048 2914 omnibus
1061 2839 1166 2937 quasi
1181 2836 1380 2938 specialiter
1393 2860 1435 2910 ac
1451 2838 1659 2911 naturaliter
1674 2836 1821 2920 habere,

218 2957 370 3053 videtur,
389 2957 486 3057 quod
506 2958 552 3032 ab
566 2960 647 3060 ipso
661 2960 735 3033 sint
750 2960 887 3047 omnia,
906 2975 942 3031 et
958 2961 1060 3058 quasi
1076 2958 1237 3058 quodam
1257 2957 1407 3031 naturali
1426 2957 1507 3056 jure
1523 2981 1600 3053 sua,
1619 2956 1806 3056 quomodo

219 3092 254 3150 et
270 3078 418 3175 quilibet
432 3077 526 3151 filius
538 3080 593 3155 sui
607 3081 719 3177 patris
728 3080 810 3176 jure
826 3079 979 3161 naturali
992 3080 1147 3177 propriae
1164 3078 1355 3153 existentiae
1369 3103 1440 3151 suae
1453 3078 1584 3151 dicitur
1596 3101 1685 3150 esse.
1704 3077 1806 3147 Unde

219 3209 257 3265 et·
279 3220 379 3269 sacra
403 3197 533 3294 pagina
550 3197 703 3271 maxime
724 3196 796 3271 hoc
821 3220 955 3269 nomen
981 3196 1220 3295 Omnipotens
1234 3218 1319 3267 cum
1343 3195 1491 3267 nomine
1517 3196 1629 3267 Patris
1647 3193 1806 3291 prolerre

217 3315 415 3407 consuevit,
435 3314 598 3409 quamvis
614 3328 650 3386 et
668 3304 819 3412 utraque
842 3313 993 3389 aliarum
1014 3337 1250 3412 personarum
1275 3332 1376 3409 aeqne
1390 3313 1436 3384 sit
1452 3312 1693 3410 omnipotens.
1714 3314 1804 3381 Cum

216 3432 336 3528 itaque
358 3430 667 3530 superiusdixerit
681 3432 872 3524 Maximus,
894 3429 1043 3528 quodsi
1065 3435 1163 3504 Deus
1190 3455 1254 3530 per
1277 3430 1471 3528 ingenitam
1490 3430 1664 3501 Deitatem
1688 3430 1805 3500 omni·

217 3562 347 3646 potens
362 3552 442 3623 talis
456 3565 521 3643 est,
542 3575 585 3625 ec
609 3550 639 3625 si
660 3549 757 3627 dicat
773 3554 850 3624 Deo
878 3550 1051 3647 ingenite,
1072 3549 1110 3623 id
1134 3563 1189 3627 est
1210 3555 1287 3623 Deo
1315 3549 1421 3638 Patri,
1446 3573 1490 3620 ex
1514 3548 1586 3619 hoc
1605 3549 1684 3646 ipso
1705 3549 1803 3646 quod

218 3669 395 3765 ingenitus
411 3685 477 3762 est,
496 3669 568 3743 hoc
583 3685 637 3744 est
651 3695 673 3744 a
686 3671 817 3770 seipso,
837 3693 910 3745 non
932 3668 979 3745 ab
996 3669 1067 3747 ulio
1084 3670 1249 3761 existens,
1269 3669 1421 3741 maxime
1438 3684 1473 3739 et
1489 3667 1591 3764 quasi
1608 3667 1805 3765 specialiter

218 3789 516 3886 omnipotentiam
530 3813 607 3863 esse
620 3787 863 3880 tribuendam,
877 3813 962 3865 cum
979 3791 1054 3889 ipse
1069 3788 1217 3887 quidem
1231 3790 1320 3862 sicut
1335 3810 1355 3858 a
1368 3789 1486 3886 seipso
1500 3803 1553 3860 est
1567 3780 1642 3858 non
1656 3785 1703 3858 ab
1718 3786 1802 3879 alio,

217 3907 341 3981 omnia
362 3932 451 3981 vero
474 3908 542 3983 alia
563 3907 610 3980 ab
632 3908 725 4007 ipso,
748 3908 797 3981 ita
819 3933 841 3985 a
863 3908 980 4007 seipso
999 3933 1074 3981 non
1097 3907 1143 3981 ab
1167 3907 1254 3998 alio,
1278 3906 1401 3978 omnia
1425 3930 1543 4004 posse,
1573 3903 1660 3977 nulli
1685 3904 1744 3976 alii
1767 3905 1802 3975 in

218 4024 338 4122 aliquo
359 4026 555 4118 obnoxius,
585 4029 685 4125 quasi
708 4026 755 4101 ab
774 4052 818 4102 eo
837 4027 893 4099 vel
908 4051 998 4116 esse,
1017 4026 1074 4101 vel
1097 4051 1214 4126 posse,
1234 4026 1288 4098 vel
1313 4025 1427 4098 facere
1452 4023 1804 4123 aliquidhabeatqui

218 4147 1036 4239 summusestomniumexistentiaenaturarum,
1049 4161 1084 4219 et
1093 4147 1130 4218 in
1140 4142 1311 4221 omnibus
1322 4144 1398 4217 aliis
1411 4158 1594 4241 tamquam
1602 4143 1805 4215 naturaliter

217 4262 289 4333 suis
301 4263 382 4359 jure
396 4278 621 4363 potestatem,
648 4281 688 4339 ut
703 4264 840 4341 dictum
854 4281 927 4354 est,
949 4263 1114 4339 obtinere
1128 4264 1305 4354 videatur,
1328 4277 1510 4361 tamquam
1530 4263 1567 4333 in
1586 4262 1737 4359 hisquae
1758 4259 1804 4332 ab

218 4380 296 4476 ipso
307 4405 384 4454 esse
397 4381 566 4474 habeant,
589 4408 669 4481 quae
684 4382 722 4458 id
738 4409 883 4483 quoque
896 4384 997 4483 quod
1015 4399 1164 4482 possunt
1177 4381 1224 4455 ab
1237 4382 1316 4480 ipso
1331 4405 1373 4453 ex
1390 4381 1593 4455 necessitate
1609 4380 1802 4478 accipiunt,

217 4522 327 4596 aquo
349 4517 385 4574 et
405 4526 480 4574 esse
504 4502 664 4577 trahunt.
689 4507 769 4603 lpse
791 4528 877 4579 vero
900 4502 997 4577 solus
1019 4503 1108 4577 sicut
1131 4502 1170 4574 in
1195 4500 1378 4575 existentia
1401 4523 1563 4573 summus
1580 4512 1645 4591 est,
1664 4497 1735 4569 hoc
1752 4514 1803 4569 est

217 4641 293 4690 non
315 4619 363 4692 ab
388 4621 557 4715 aliopita
575 4635 611 4695 et
630 4645 770 4696 summa
790 4623 828 4696 in
849 4647 894 4696 eo
913 4622 1043 4697 dicitur
1063 4635 1233 4720 potestas,
1255 4617 1355 4718 quod
1375 4641 1396 4690 a
1417 4642 1455 4689 se
1470 4618 1548 4716 ipso
1569 4640 1642 4688 non
1662 4614 1710 4689 ab
1733 4617 1802 4687 alio

219 4759 324 4831 posse
338 4738 448 4813 habet
462 4740 560 4817 sicut,
568 4756 604 4814 et
620 4766 709 4816 esse.
730 4744 863 4815 Cetera
879 4764 967 4813 vero
984 4763 1145 4837 personae
1163 4739 1254 4812 sicut
1269 4735 1315 4809 ab
1333 4736 1412 4836 ipso
1429 4750 1525 4821 sunt,
1545 4736 1594 4807 ita
1611 4749 1646 4808 et
1661 4735 1708 4808 ab
1725 4735 1801 4831 ipso

217 4852 352 4930 habent
375 4859 474 4954 quod
492 4873 642 4959 possunt
663 4862 719 4933 vel
736 4860 882 4950 faciunt,
901 4858 1060 4967 undeet
1083 4856 1190 4930 Filius
1206 4858 1282 4956 ipse
1298 4855 1462 4953 perhibet
1478 4852 1578 4952 quod
1600 4851 1688 4925 nihil
1706 4876 1726 4924 a
1743 4875 1802 4922 se·

251 5135 259 5162 ¹
272 5131 297 5181 ln
306 5134 379 5185 sutus
389 5135 532 5199 imponens.
548 5160 575 5171 -
587 5133 640 5184 ’Tb
650 5134 749 5196 ἀγαθον.
