4559 6100
686 496 730 569 ΙΝ
754 493 1000 568 EPISTOLAM
1025 497 1085 570 ΑΙ)
1110 495 1336 570 Ronanus
1734 497 1807 572 209

211 649 262 721 sic
292 646 386 718 mori
408 660 445 718 et
467 643 631 718 damnari
655 658 809 716 tantum.
832 648 953 717 Posset
973 660 1009 718 et
1033 646 1125 717 mori
1148 643 1346 744 baptizatus
1366 644 1403 714 in
1430 666 1474 715 eo
1498 657 1660 741 tempore
1676 645 1714 718 in
1732 670 1806 746 quo

212 766 377 841 nondum
402 780 456 840 est
482 765 706 865 baptizatus,
736 778 773 837 et
795 764 846 836 sic
868 763 1010 839 salvari.
1039 765 1146 855 Quod
1171 765 1201 836 si
1226 763 1324 836 dicas
1348 763 1570 859 conjunctim
1593 787 1677 836 eum
1702 791 1807 865 posse

211 885 317 961 nmul
342 900 378 960 et
402 884 598 958 habentem
623 884 807 957 caritatem
831 897 867 956 et
891 908 965 956 non
985 883 1224 984 baptizatum,
1248 906 1324 954 non
1343 881 1477 980 recipio
1505 881 1617 978 magis
1644 908 1753 979 quam
1778 888 1808 959 si

212 1006 349 1079 diceres
370 1004 527 1102 aliquem
546 1028 653 1103 posse
670 1003 763 1075 mori
784 1002 1065 1077 adulterantem¹
1081 1021 1118 1078 et
1137 1002 1441 1103 pradestinatum.
1463 1001 1521 1073 Sic
1538 1025 1625 1074 vero
1645 1026 1729 1075 eum
1745 1005 1808 1101 qui

214 1123 483 1227 praedestinatus
500 1136 554 1195 est
567 1122 663 1195 bene
674 1145 780 1219 agere
795 1136 952 1220 oportet,
969 1137 1009 1194 ut
1026 1122 1180 1195 salvetur
1198 1149 1206 1193 :
1224 1122 1316 1193 sicut
1332 1141 1430 1213 eum,
1443 1121 1505 1217 qui
1518 1120 1593 1217 jam
1606 1120 1723 1217 justus
1739 1136 1804 1212 est,

213 1241 394 1317 credendo
407 1258 443 1315 et
458 1242 656 1339 diligendo,
674 1240 849 1341 baptizari
865 1257 1014 1341 propter
1031 1241 1140 1314 fixam
1157 1240 1305 1315 Domini
1321 1242 1531 1313 sententiam
1549 1239 1596 1313 de
1612 1240 1805 1340 baptismo,

213 1362 269 1438 rel
286 1378 434 1463 propter
451 1364 568 1462 ipsam
582 1362 725 1460 justitia
743 1363 1056 1461 perseverantiam.
1078 1364 1114 1435 Si
1134 1365 1232 1435 enim
1256 1362 1367 1460 isqui
1388 1362 1589 1454 caritatem,
1614 1376 1808 1461 antequam

214 1482 397 1582 baptizari,
413 1481 535 1575 habet,
552 1482 760 1582 priusquam
777 1479 978 1580 baptizetur
990 1483 1100 1554 vitam
1118 1480 1249 1575 finiret,
1269 1505 1497 1579 nequaquam
1516 1481 1553 1552 in
1570 1481 1647 1580 ipsa
1663 1485 1807 1556 caritate

213 1618 476 1702 perseveraret,
495 1616 535 1675 ut
550 1602 596 1674 de
618 1617 750 1674 aeterna
768 1600 991 1674 beatitudine
1011 1603 1155 1701 penitus
1177 1603 1396 1701 desperaret,
1414 1616 1451 1673 et
1474 1626 1511 1673 se
1533 1603 1652 1674 statim
1668 1604 1706 1675 in
1728 1604 1806 1703 ipso

215 1723 308 1795 exitu
333 1746 411 1796 esse
436 1723 475 1796 in
500 1735 677 1821 perpetuo
694 1719 943 1794 damnandum
963 1724 1195 1820 praesentiret.
1221 1723 1321 1794 Sicut
1342 1734 1463 1794 autem
1487 1734 1570 1793 ante
1588 1721 1807 1821 baptismum

168 1836 175 1860 ⁸
215 1841 370 1941 aliquem
387 1866 432 1913 ex
452 1839 538 1929 fide,
557 1840 595 1912 id
617 1854 671 1913 est
689 1841 864 1912 electione
879 1841 1017 1937 justum
1036 1841 1111 1938 jam
1137 1840 1304 1933 dicimus,
1322 1842 1381 1913 cui
1403 1853 1523 1912 tamen
1541 1840 1578 1911 in
1595 1840 1808 1939 baptismate

216 1959 379 2034 nondum
396 1974 481 2033 sunt
502 1973 649 2058 peccata
663 1959 826 2052 dimissa,
852 1960 971 2051 idest,
995 1986 1102 2060 poena
1121 1986 1250 2033 eorum
1273 1960 1415 2059 penitus
1438 1959 1645 2031 condonata
1669 1988 1678 2031 ε
1698 1963 1750 2034 sic
1774 1977 1808 2034 et

216 2095 297 2180 post
317 2079 536 2180 baptismum
554 2081 722 2178 parvulos
739 2094 776 2152 et
791 2080 855 2178 qui
870 2079 1003 2152 nullius
1021 2079 1246 2154 discretionis
1262 2095 1362 2168 sunt,
1381 2081 1546 2177 quamvis
1562 2081 1809 2155 remissionem

216 2200 443 2300 perceperint
465 2214 708 2298 peccatorum,
736 2197 902 2271 nondum
923 2214 1044 2272 tamen
1066 2201 1182 2296 justos
1204 2201 1372 2291 dicimus,
1399 2199 1561 2296 quamvis
1588 2200 1714 2272 muudi
1739 2202 1811 2273 sint

216 2317 317 2417 apud
342 2321 469 2409 Deum,
492 2318 555 2417 qui
579 2318 744 2390 nondum
766 2332 829 2391 aut
853 2319 1008 2391 caritatis
1028 2334 1090 2391 aut
1106 2319 1251 2415 justitiae
1273 2341 1421 2418 capaces
1446 2341 1522 2389 esse
1545 2333 1716 2416 possunt,
1742 2342 1809 2392 uec

217 2438 335 2537 aliqua
362 2439 488 2512 merita
510 2438 658 2512 habere.
678 2440 751 2527 Qui
773 2453 891 2511 umen
911 2440 941 2511 si
961 2440 999 2512 iu
1020 2439 1089 2512 hac
1109 2419 1351 2511 imbecillitate
1371 2439 1585 2530 moriantur,
1608 2463 1692 2511 cum
1714 2439 1809 2512 inci·

217 2559 320 2656 piunt
342 2556 389 2631 de
409 2582 563 2657 corpore
586 2558 701 2649 exire,
728 2573 765 2631 et
786 2557 908 2630 vident
928 2558 996 2630 sibi
1019 2584 1084 2657 per
1107 2557 1389 2630 misericordiam
1411 2559 1478 2630 Dei
1501 2556 1650 2653 gloriam
1673 2583 1809 2660 praepa·

218 2692 342 2767 ratam,
361 2676 466 2749 simul
484 2703 567 2749 cum
584 2677 798 2750 discretione
820 2678 947 2750 caritas
963 2679 1029 2750 Dei
1048 2680 1085 2749 in
1102 2679 1154 2751 eis
1170 2679 1339 2750 nascitur.
1360 2680 1411 2748 Ne
1428 2679 1508 2773 quis
1530 2678 1650 2774 itaque
1669 2679 1811 2752 ludaeo-

219 2821 295 2868 rum
317 2795 437 2888 nobis‚
461 2797 574 2868 immo
594 2797 765 2897 Apostolo
784 2814 906 2897 posset
921 2822 1123 2898 opponere,
1143 2822 1211 2870 nos
1233 2821 1378 2895 quoque
1396 2821 1460 2895 per
1480 2798 1596 2893 legem
1616 2797 1808 2890 tactorum,

219 2914 254 2988 id
266 2931 319 2989 est
334 2918 553 2989 exteriorum
568 2942 735 3016 operum,
753 2918 856 2990 sicuti
871 2916 1042 3017 baptismi
1055 2917 1241 3015 justificari
1261 2945 1269 2988 :
1289 2915 1441 2989 sufficiat
1456 2940 1525 2988 nos
1539 2916 1611 2989 hoc
1630 2917 1676 2989 de
1690 2932 1813 2991 nostra

218 3034 479 3132 justificatione,
500 3037 613 3110 immo
636 3038 819 3130 omnium,
839 3064 918 3137 quae
943 3039 980 3110 iu
1006 3040 1153 3111 caritate
1179 3038 1342 3111 consistit
1363 3037 1631 3135 interposuisse,
1650 3051 1686 3109 et
1712 3052 1809 3110 ante·

222 3178 327 3253 quam
352 3171 576 3229 sacramenta
602 3158 841 3256 suscipiantur
877 3159 951 3230 sive
977 3173 1100 3232 nostra
1136 3159 1211 3229 sive
1238 3156 1396 3229 illorum.
1424 3156 1534 3244 Quod
1568 3178 1605 3228 et
1633 3155 1813 3254 Propheta

220 3274 453 3348 considerans
468 3277 517 3348 ait
537 3303 545 3348 ε
568 3305 586 3344 n
603 3279 642 3348 ln
659 3302 876 3375 quacunque
891 3276 984 3350 hora
1000 3291 1170 3376 peccator
1188 3277 1414 3372 ingemuerit,
1433 3275 1552 3347 salvus
1568 3277 1647 3348 erit.
1663 3306 1680 3341 »

271 3393 523 3467 «arbitramur
537 3395 647 3467 enim.
663 3425 681 3461 >2
698 3401 771 3468 Nos
787 3395 932 3483 scilicet,
951 3421 1044 3493 quos
1059 3397 1237 3468 Dominus
1255 3395 1462 3493 praeposuit,
1482 3393 1520 3465 id
1538 3409 1605 3480 est,
1625 3419 1812 3469 censemus

213 3511 277 3584 vel
304 3513 546 3588 testificamur.
577 3516 699 3605 Unde,
730 3529 771 3588 ut
796 3518 847 3591 ait
875 3520 1029 3613 Haymo,
1060 3515 1214 3589 arbitros
1241 3513 1395 3586 dicimus
1418 3514 1558 3610 judices
1590 3514 1664 3586 sive
1690 3529 1809 3588 testes.

219 3634 448 3707 «Hominem
468 3659 629 3721 omnem.
645 3667 663 3702 a
679 3635 819 3708 Scilicet
836 3652 909 3708 tam
924 3633 1085 3708 Judaeum
1107 3660 1217 3733 quam
1235 3633 1427 3706 Gentilem.
1451 3665 1469 3702 ι(
1487 3638 1553 3706 Per
1572 3633 1681 3706 fidem
1696 3664 1713 3703 n
1735 3648 1813 3707 tan·

210 3773 328 3848 quam
352 3753 486 3825 scilicet
509 3754 543 3826 ei
563 3755 813 3847 neeessariam,
833 3755 917 3852 quia
941 3754 1018 3827 sine
1042 3754 1115 3827 fide
1139 3753 1360 3853 impossibile
1385 3768 1439 3826 est
1463 3759 1541 3826 Deo
1565 3753 1720 3853 placere.
1748 3759 1815 3827 Per

206 3867 328 3944 fidem
356 3871 458 3965 dico,
486 3874 601 3946 «Sine
627 3874 799 3972 operibus
821 3875 939 3971 legis»
965 3875 1034 3947 illis
1059 3873 1224 3947 videlicet
1250 3873 1485 3947 exterioribus
1507 3888 1543 3947 et
1565 3872 1815 3973 corporalibus

204 3989 467 4063 observantiis.
486 3996 563 4063 «nn
580 3993 799 4066 ludaeorum.
817 4022 835 4063 n
854 3992 1090 4083 Arbitramur,
1110 4007 1145 4067 et
1160 3994 1268 4087 bene,
1287 3994 1373 4091 quia
1388 3995 1497 4065 etiam
1515 3996 1649 4066 Gentes
1665 3995 1814 4091 gratiam

201 4110 285 4182 Dei
310 4127 553 4208 assequuntur
580 4111 792 4212 perfidem,
820 4138 899 4211 quae
926 4127 1048 4186 tamen
1072 4113 1159 4212 legis
1185 4137 1297 4212 opera
1323 4096 1398 4186 non
1426 4128 1582 4201 servant,
1614 4114 1718 4185 sicuti
1746 4111 1815 4186 lob

199 4227 371 4302 Gentilis
389 4229 490 4321 olim,
508 4246 546 4304 et
561 4255 660 4305 nunc
675 4234 784 4306 etiam
801 4232 960 4306 Gentiles
975 4234 1155 4306 conversi.
1173 4237 1217 4305 Et
1232 4232 1304 4304 hoc
1322 4247 1375 4304 est
1388 4232 1489 4330 quod
1505 4233 1664 4305 ostendit
1676 4232 1813 4326 dicens,

199 4381 226 4417 ι
243 4349 313 4421 Au
329 4349 536 4423 ludaeorum
559 4366 698 4425 tantum
719 4367 772 4425 est
788 4357 913 4425 Deus»
934 4378 999 4452 per
1016 4354 1186 4450 gratiam?
1205 4381 1224 4421 a
1243 4353 1426 4440 Quoniam
1443 4351 1634 4451 quidem.»
1649 4357 1698 4425 Ac
1715 4353 1745 4424 si
1761 4351 1816 4423 di·

191 4480 329 4561 ceret,
355 4482 594 4568 utrorumque
617 4486 670 4545 est
693 4497 758 4571 per
774 4473 938 4569 gratiam,
957 4473 1042 4571 quia
1059 4488 1230 4569 utrosque
1242 4470 1413 4568 justificat
1434 4496 1499 4571 per
1523 4471 1646 4565 fidem,
1667 4497 1747 4570 quae
1770 4471 1817 4545 ad

186 4586 419 4682 caritatem,
443 4602 485 4661 ut
501 4590 670 4682 diximus,
688 4592 868 4690 perducit.
891 4593 1263 4682 «circumcisionem,
1281 4620 1299 4661 n
1319 4591 1357 4663 id
1382 4606 1434 4664 est
1458 4591 1613 4664 Judaeos.
1638 4623 1655 4658 α
1674 4597 1814 4689 Praepu·

183 4709 326 4795 tium,
342 4735 360 4775 n
381 4708 419 4779 id
429 4696 489 4781 est
505 4711 677 4783 Gentiles.
690 4713 799 4799 Quod
818 4711 918 4807 dicit,
940 4738 1011 4785 nex
1028 4710 1101 4785 fide
1117 4713 1154 4783 in
1172 4710 1295 4804 fidem,
1306 4741 1324 4777 a
1338 4709 1524 4783 diversitas
1539 4726 1592 4783 est
1610 4708 1812 4795 locutionis,

177 4853 288 4901 non
313 4828 514 4902 sententia.
534 4828 638 4904 Unde
658 4832 874 4929 Augustinus
896 4833 934 4904 in
958 4831 1050 4905 libro
1076 4831 1120 4904 de
1144 4834 1281 4930 Spiritu
1299 4847 1333 4904 et
1348 4830 1469 4903 littera
1487 4858 1499 4900 .·
1519 4833 1631 4903 «Non
1649 4826 1695 4902 ad
1712 4823 1814 4897 ‹titte-

214 5086 332 5139 'lhle
347 5083 417 5137 Amb.
431 5084 562 5137 Adollam.

340 5201 365 5241 n
1658 5182 1697 5240 tt
