4559 6100
504 571 551 642 30
580 566 591 581 '
1100 568 1228 644 runt!
1258 570 1491 645 auAELtttut

505 747 524 784 u
540 716 788 789 seductionem
805 717 1005 790 secundum
1020 719 1197 791 elementa
1222 718 1362 793 mundi.
1380 752 1398 787 ι
1418 717 1556 792 Deinde
1571 740 1619 788 ne
1636 738 1763 787 omnes
1776 713 1865 786 tales
1881 712 2085 804 arbitretur,

501 834 599 908 aliud
616 836 717 908 audit
734 834 780 908 ab
796 836 926 909 eodem
950 838 1122 936 Apostolo
1146 838 1193 911 dc
1213 838 1466 936 quibusdam¹,
1486 865 1507 905 a
1527 837 1612 934 quia
1637 833 1738 931 quod
1760 847 1889 905 notum
1914 847 1969 904 est
1996 835 2085 923 Du’,

503 980 521 1021 a
537 954 765 1026 manifestum
780 956 887 1027 estin
903 955 985 1048 illis,
998 972 1069 1029 etc.
1086 986 1104 1025 u
1119 960 1163 1029 tu
1176 957 1240 1029 ubi
1253 954 1527 1029 Atheniensibus
1542 955 1707 1052 loquens,
1725 977 1809 1024 cum
1826 974 1904 1023 rem
1919 970 2088 1048 magnam

500 1073 546 1145 de
558 1077 637 1145 Deo
653 1073 815 1164 dixisset,
836 1089 871 1146 et
887 1100 966 1173 quae
995 1101 1017 1148 a
1033 1078 1156 1175 paucis
1172 1090 1292 1174 posset
1307 1076 1468 1172 intelligi*
1484 1101 1494 1147 t
1513 1104 1532 1142 u
1551 1072 1660 1162 Quod
1682 1073 1720 1142 iu
1736 1068 1798 1142 iilo
1815 1072 1985 1161 unimus,
2007 1092 2088 1142 mo-

502 1224 520 1257 «
539 1215 666 1264 remur
687 1204 723 1264 et
748 1216 884 1286 sumus,
904 1224 923 1260 υ
941 1194 1082 1292 adjecit,
1104 1227 1121 1261 a
1141 1197 1233 1268 sieut
1249 1209 1286 1267 et
1301 1197 1406 1268 vestri
1423 1192 1571 1292 quidam
1587 1188 1765 1263 dixerunt.
1787 1219 1807 1258 u
1823 1190 1923 1262 ldem
1939 1188 1976 1261 in
1992 1190 2087 1263 libro

499 1311 543 1381 dc
567 1314 705 1409 Spiritu
727 1327 766 1383 et
779 1316 912 1384 Littera
934 1341 942 1383 :
972 1346 990 1381 a
1009 1316 1089 1387 Vita
1105 1316 1247 1413 sapiens
1262 1336 1341 1412 quae
1361 1314 1443 1387 iecit
1458 1312 1653 1400 mundun,
1679 1309 1922 1407 contemplato
1947 1309 2086 1381 mindo

500 1430 717 1527 intelligitur.
739 1434 922 1528 interroga
947 1432 1126 1506 mundum
1138 1448 1176 1505 et
1191 1449 1362 1506 ornatum
1379 1433 1481 1525 coeli,
1504 1447 1637 1504 terram
1659 1428 1930 1502 smciffioentem
1947 1426 2083 1517 herbis,

498 1563 532 1620 et
561 1548 665 1645 lignis
694 1561 729 1621 et
759 1540 972 1624 animalibus
993 1552 1161 1651 plenam,
1194 1576 1293 1624 mare
1318 1554 1460 1649 quantis
1483 1549 1686 1623 natantibus
1707 1547 1854 1647 plenum
1878 1561 1945 1637 est,
1966 1570 2086 1621 aerem

498 1669 642 1764 quantis
657 1666 877 1751 volatilibus,
893 1669 1075 1766 interroga
1091 1673 1214 1744 omnia
1230 1684 1266 1743 et
1289 1671 1371 1743 ride
1394 1672 1425 1742 si
1450 1695 1524 1742 non
1545 1670 1668 1741 omniu
1683 1669 1801 1768 specie
1825 1688 1891 1738 sua
1912 1681 2086 1763 tanquam

497 1811 586 1858 voce
598 1785 663 1860 tibi
679 1788 923 1885 respondeant
941 1817 949 1860 ε
969 1818 986 1857 u
1005 1794 1104 1862 Deus
1125 1815 1193 1862 nos
1213 1791 1306 1862 lecit.
1335 1818 1353 1857 »
1372 1794 1454 1862 Hac
1471 1788 1679 1886 Philosophi
1696 1786 1836 1858 nobiles
1852 1788 2083 1882 quaesieumt,

496 1920 532 1977 et
558 1931 601 1978 ex
621 1922 697 1980 arte
720 1906 893 1979 artificem
913 1921 1174 2005 cognoverunt.
1197 1910 1389 1981 »Isidorus
1410 1909 1454 1979 de
1477 1912 1624 1979 Summo
1643 1904 1751 1995 bono,
1770 1905 1833 1977 lih.
1851 1910 1881 1993 l,
1900 1930 1979 2003 cap.
2009 1910 2082 1976 iv¹t

497 2025 595 2095 Sicut
621 2026 698 2098 lans
716 2027 835 2125 operis
852 2028 889 2099 in
908 2026 1079 2099 artificem
1098 2043 1281 2125 retorquet
1303 2027 1467 2119 laudem,
1488 2029 1536 2099 ita
1554 2041 1591 2098 et
1606 2050 1727 2098 rerum
1744 2038 1885 2097 creator
1900 2048 1964 2121 per
1980 2048 2085 2097 crea·

496 2156 612 2215 turam
645 2169 746 2216 suam
777 2142 961 2238 laudatur,
984 2160 1026 2217 'et
1055 2162 1192 2244 quanto
1228 2148 1272 2218 sit
1302 2146 1600 2218 excellentiores
1627 2146 1703 2243 ipsa
1733 2143 1852 2241 operis
1877 2143 2087 2215 conditione

497 2278 728 2335 monstratur.
749 2293 766 2329 a
794 2266 882 2335 Item
907 2291 916 2334 ε
944 2295 962 2330 α
981 2264 1198 2336 Collaudant
1218 2270 1335 2337 Deum
1354 2279 1390 2337 et
1406 2262 1625 2336 insensibilia
1648 2287 1713 2360 per
1729 2285 1812 2353 nos,
1838 2261 1927 2332 dum
1943 2285 1986 2334 ea
2001 2260 2087 2333 con·

496 2380 691 2454 siderantes
714 2384 831 2454 Deum
851 2382 1052 2455 laudamus.
1073 2385 1248 2456 Dixerunt
1271 2385 1408 2481 antiqui
1433 2408 1441 2453 ε
1467 2384 1552 2480 quia
1574 2381 1663 2453 nihil
1679 2384 1724 2453 sit
1739 2380 1923 2479 quodnon
1941 2406 2086 2454 sensum

494 2498 624 2571 habeat
648 2501 686 2572 in
710 2502 839 2573 Deum.
861 2530 879 2569 r
902 2504 1015 2573 Nemo
1039 2503 1159 2600 itaque
1178 2504 1339 2593 miretur,
1364 2504 1393 2573 si
1416 2502 1462 2575 ah
1480 2503 1566 2599 ipsis
1582 2522 1729 2598 quoque
1748 2498 1997 2598 Philosophis‚
2023 2504 2086 2598 qui

495 2634 548 2691 tot
561 2636 768 2693 sanctorum
779 2621 1035 2694 assertionibus
1052 2623 1099 2693 ad
1116 2620 1311 2695 divinitatis
1326 2624 1492 2697 notitiam
1508 2623 1587 2720 ipso
1607 2623 1714 2719 etiam
1731 2622 1889 2692 Domino
1906 2623 2086 2694 revelante

495 2732 805 2828 conscenderunt,
832 2738 1034 2811 testimonia
1058 2739 1286 2812 inducamus.
1316 2742 1415 2812 Licet
1442 2764 1569 2813 eornm
1592 2740 1737 2838 plurimi
1762 2739 1912 2837 abipso
1938 2764 2085 2838 quoque

496 2858 664 2955 Apostolo
684 2860 838 2954 graviter
852 2873 1064 2956 arguantur,
1089 2884 1134 2931 eo
1155 2860 1269 2957 quod,
1288 2862 1389 2958 juxta
1409 2860 1496 2932 illud
1516 2860 1616 2958 quod
1637 2861 1787 2959 ipsemet
1808 2861 1873 2931 ait⁸
1894 2887 1904 2931 z
1929 2892 1946 2927 u
1965 2863 2087 2933 Scien-

493 2977 542 3048 tia
558 2978 676 3072 inflat,
699 3005 717 3045 r
740 3003 783 3052 ex
799 2980 877 3077 ipsa
892 2976 1022 3051 divinae
1034 2981 1173 3051 notitiae
1190 2982 1423 3079 praerogativa
1438 2980 1683 3080 superbiendo
1705 2978 1852 3078 reprobi
1870 2978 1956 3052 iacti
1971 2997 2055 3053 sunt
2072 3008 2081 3053 ε

495 3119 569 3167 non
582 3100 678 3170 enim
695 3124 758 3171 eos
775 3097 810 3171 in
829 3097 994 3197 exemplo
1012 3099 1157 3171 vivendi
1175 3097 1246 3172 hoc
1271 3103 1354 3173 loco
1378 3102 1608 3193 assumimus,
1636 3100 1699 3172 sed
1727 3098 1884 3172 docendi
1907 3101 1982 3173 sive
2002 3121 2084 3174 cre·

493 3213 618 3306 dendi,
637 3219 727 3290 sieut
741 3232 776 3289 et
793 3217 1024 3290 Salomonem
1038 3218 1256 3315 frequenter,
1281 3220 1383 3315 cujus
1407 3233 1526 3292 tamen
1547 3219 1727 3317 sapientiae
1748 3199 1964 3292 excellentia·
1974 3221 2084 3319 ipsius

492 3333 601 3407 etiam
614 3337 762 3408 Domini
777 3337 980 3408 testimonio
993 3335 1163 3408 omnihus
1176 3337 1412 3435 preferenda,
1429 3359 1495 3437 per
1510 3337 1836 3435 concupiscentiam
1851 3339 2084 3438 carnalesque

491 3452 690 3552 voluptates
708 3455 844 3528 devicta
860 3451 1031 3528 idolatriae
1046 3458 1245 3546 consensit,
1265 3455 1390 3530 divino
1407 3454 1505 3529 cultu
1523 3454 1707 3545 derelicto,
1723 3477 1832 3553 quem
1846 3457 1884 3530 in
1902 3458 2084 3556 scripturis

490 3575 562 3645 suis
579 3589 615 3645 et
631 3572 787 3646 docebat
808 3588 844 3646 et
859 3571 1092 3673 pradicabnu
1111 3574 1157 3645 ad
1175 3597 1284 3671 quem
1312 3575 1420 3647 etiam
1445 3575 1579 3647 cultum
1603 3574 1670 3647 Dei
1686 3575 1989 3672 magnificandum
2007 3579 2084 3675 ipse

486 3694 587 3789 jussu
604 3694 671 3763 Dei
684 3692 858 3791 templum
874 3691 1078 3782 aedificavit,
1094 3715 1115 3764 a
1130 3715 1208 3789 quo
1223 3708 1324 3792 pater
1341 3693 1415 3789 ejus
1427 3695 1543 3789 justus
1561 3693 1736 3766 inhibitus
1752 3694 1830 3765 luit.
1846 3695 1943 3765 Deus
1962 3707 2084 3767 autem

490 3809 653 3908 reprobis
674 3825 709 3882 et
727 3807 931 3882 infidelibus
952 3833 1216 3908 nonnunquam
1233 3811 1389 3883 maxima
1406 3812 1503 3883 dona
1519 3812 1717 3903 distribuit,
1735 3833 1814 3907 quae
1829 3812 1981 3884 aliorum
1993 3812 2084 3887 doc·

489 3927 591 3999 trinae
608 3906 668 4000 'vel
688 3929 766 4001 usui
781 3930 980 4002 necessaria
995 3927 1072 4000 fore
1091 3928 1211 4022 videt3
1237 3949 1304 4000 nec
1330 3949 1404 4000 non
1430 3943 1466 4001 et
1492 3949 1559 4028 per
1582 3930 1758 4028 reprobos
1782 3931 1894 4003 multa
1908 3932 2083 4004 miracula

429 4129 435 4142 Ι
491 4062 679 4146 operatur,
698 4047 745 4119 de
760 4043 891 4145 quibus
904 4047 1042 4120 Veritas
1059 4048 1095 4118 in
1112 4045 1340 4144 Evangelio⁸2
1359 4073 1377 4117 a
1389 4047 1490 4120 nutu
1503 4047 1624 4121 dicent
1641 4049 1730 4121 mihi
1745 4050 1781 4120 in
1797 4048 1857 4122 illa
1872 4049 1931 4122 die
1947 4078 1956 4119 ε
1975 4079 1992 4116 «
2009 4049 2081 4122 uo-

411 4143 415 4154 ’
493 4197 510 4233 a
529 4168 639 4260 mine,
657 4166 824 4258 Domine,
843 4187 967 4238 nonne
982 4168 1018 4237 in
1035 4167 1183 4238 nomine
1200 4181 1264 4238 tuo
1278 4163 1585 4264 prophetavimus,
1602 4167 1687 4239 etin
1700 4168 1849 4239 nomine
1867 4179 1930 4239 tuo
1946 4168 2081 4241 daemo-

493 4312 510 4351 «
527 4286 587 4356 nia
610 4285 796 4380 ejecimus,
816 4300 851 4358 et
874 4287 911 4356 in
934 4279 1081 4358 nomine
1096 4300 1161 4356 tuo
1179 4284 1326 4356 virtutes
1345 4285 1475 4357 multas
1491 4285 1666 4357 fecimus?
1683 4313 1701 4353 >i
1721 4287 1764 4356 Et
1779 4300 1866 4359 tnnc
1879 4285 2082 4360 confitebor

493 4397 562 4474 illis
582 4429 590 4474 ε
612 4433 631 4473 a
651 4403 743 4491 Quia
761 4427 836 4475 non
855 4403 1045 4491 novitus,
1063 4402 1273 4476 disceditea
1288 4426 1346 4475 me
1361 4425 1486 4475 omnes
1501 4404 1564 4500 qui
1581 4405 1781 4502 operamini
1799 4391 2035 4503 iniquitatem.
2059 4435 2077 4472 r:

493 4524 590 4594 Deus
603 4537 723 4594 autem
741 4541 824 4594 cum
842 4545 907 4622 per
922 4517 1098 4620 reprobos
1108 4534 1171 4594 aut
1180 4521 1350 4594 miracula
1362 4521 1533 4615 ostendit,
1545 4536 1606 4594 aut
1617 4522 1824 4621 prophetias
1834 4523 2007 4622 loquitur,
2020 4540 2084 4595 ant

493 4635 658 4738 quaeldret
672 4661 802 4737 magna
819 4654 1005 4738 operatur,
1024 4663 1100 4712 non
1116 4639 1189 4712 hoc
1208 4635 1255 4713 ad
1273 4638 1459 4712 utilitatem
1481 4643 1645 4739 ipsorum
1661 4641 1796 4737 agitur·
1819 4642 1949 4741 quibus
1970 4640 2082 4713 utitur

493 4771 664 4857 tanquam
680 4757 867 4853 ministris,
887 4753 950 4833 sed
965 4759 1085 4857 potius
1101 4760 1273 4852 aliorum,
1293 4781 1385 4858 quos
1401 4759 1577 4832 instruere
1591 4783 1656 4858 per
1672 4760 1759 4833 istos
1774 4757 1941 4834 intendit.
1962 4760 2033 4849 Qui
2046 4776 2083 4832 et

525 5048 621 5109 *uom.,
633 5062 687 5111 cap.
703 5061 720 5109 r,
732 5061 755 5098 r.
768 5052 792 5100 s.
804 5045 902 5099 ss'Act.
916 5051 1014 5113 apost,
1031 5063 1084 5113 cap.
1098 5062 1157 5108 xvir,
1178 5065 1199 5099 r.
1219 5055 1258 5101 28.
1315 5077 1343 5086 -
1354 5051 1466 5112 tustra,
1484 5063 1538 5112 cap.
1553 5063 1595 5108 ru,
1614 5064 1627 5095 r
1656 5051 1695 5100 tt.
1711 5075 1738 5083 -
1748 5050 1758 5078 ⁶
1768 5050 1807 5099 stc
1818 5048 1879 5099 Cod.
1897 5045 1959 5095 t'tct.
1979 5043 2005 5095 ln
2017 5046 2085 5097 Edu.

493 5153 523 5164 -
535 5131 544 5158 ³
556 5129 631 5193 Opp„
643 5136 661 5178 t.
676 5128 717 5190 vt,
729 5142 755 5190 n.
771 5131 823 5180 121.
837 5153 864 5165 -·
880 5131 887 5159 ⁴
902 5126 921 5190 l,
932 5128 1058 5191 deuoti»,
1069 5143 1123 5192 cap.
1137 5143 1189 5191 uu,
1202 5144 1224 5180 r.
1239 5134 1261 5181 1.
1316 5132 1386 5181 turb.
1395 5131 1445 5179 Pro
1452 5128 2082 5193 uqitttrteaituroocreqnoduuttumsensumeiflclt.
