4559 6100
611 599 898 717 monuctto
923 599 985 674 An
1010 603 1306 676 THEOLOGIAM.
1726 614 1748 679 7

158 751 252 825 Nihil
266 750 374 848 igitur
386 744 583 821 amandum
598 762 664 842 est,
680 749 770 823 nihil
787 752 939 824 omnino
954 751 1158 825 laciendum
1174 753 1241 826 nisi
1258 768 1406 852 propter
1421 759 1556 848 Deum,
1568 769 1606 826 ut
1619 757 1657 829 in
1674 762 1751 831 Deo

158 870 268 945 linem
283 869 447 942 omniurn
462 868 732 942 constituamus.
747 870 852 944 Unde
867 884 903 943 et
925 871 1001 970 ipse
1024 900 1045 943 a
1066 886 1102 944 et
1125 902 1150 942 ω
1167 871 1310 962 dicitur,
1330 872 1402 945 hoc
1417 888 1470 945 est
1486 874 1700 972 principium
1716 892 1753 949 et

159 988 252 1062 lina.
270 988 489 1089 Principium
505 986 652 1086 quidem
666 1013 875 1089 supremum
892 1012 914 1062 a
929 1014 1004 1087 quo
1019 991 1160 1080 omnia;
1180 989 1274 1080 linis,
1288 990 1327 1062 id
1342 1005 1396 1064 est
1408 990 1523 1065 finalis
1536 1008 1573 1066 et
1585 1019 1753 1093 suprema

161 1128 285 1202 causa,
308 1121 460 1208 propter
474 1132 582 1205 quem
602 1108 737 1182 omnia.
764 1114 886 1208 Neque
902 1110 998 1182 enim
1014 1108 1223 1200 comedere,
1241 1133 1308 1181 nee
1332 1109 1508 1204 dormire,
1524 1137 1590 1185 neo
1603 1138 1753 1188 uxorem
1803 1154 1805 1163 ·

163 1226 305 1319 ducere,
319 1251 388 1300 nec
401 1227 553 1301 omnino
569 1226 665 1300 aliud
679 1226 796 1302 iacere
807 1229 873 1301 nisi
888 1239 1035 1328 propter
1048 1229 1166 1327 ipsum
1182 1228 1367 1302 debemus.
1381 1230 1544 1328 Alioquin
1561 1230 1755 1307 bestialiter

162 1347 376 1440 dacremus,
395 1348 527 1420 nostris
543 1360 684 1419 tantum
704 1345 947 1446 voluptatibus
968 1346 1092 1420 dediti.
1115 1346 1312 1421 Comedere
1334 1364 1455 1422 autem
1472 1366 1620 1449 propter
1635 1353 1753 1452 ipsum

162 1463 347 1557 debemus,
360 1466 434 1538 hoo
446 1489 522 1538 uno
535 1464 661 1538 saltem
671 1480 712 1538 ut
721 1468 868 1565 corpori
885 1464 986 1563 quod
1002 1491 1107 1538 strum
1120 1480 1174 1539 est
1188 1492 1230 1540 ac
1241 1466 1349 1539 nobis
1366 1468 1613 1560 commissum,
1632 1495 1753 1569 neces·

162 1583 252 1655 saria
263 1583 537 1683 impendamus,
555 1582 686 1682 quibus
705 1585 743 1657 in
761 1585 837 1681 ejus
853 1584 1028 1683 obsequio
1044 1598 1274 1658 sustentetur.
1294 1586 1463 1659 Similiter
1483 1601 1519 1659 et
1536 1586 1753 1662 dormiendo

44 1724 48 1732 ’
163 1700 279 1798 ipsum
292 1701 438 1775 reficere
447 1701 633 1791 dehemus,
652 1717 693 1774 ut
707 1702 946 1800 vigilarecum
961 1718 1105 1803 oportet
1116 1705 1154 1777 in
1164 1704 1240 1801 ejus
1253 1703 1429 1803 obsequio
1446 1706 1639 1779 valeamus.
1657 1712 1755 1780 Uxor

163 1843 308 1918 quoque
319 1820 366 1894 ab
381 1822 560 1919 eoquiest
569 1822 796 1895 incontinens
809 1822 975 1896 ducenda
989 1837 1054 1916 est,
1069 1848 1146 1895 non
1160 1824 1276 1896 solum
1291 1838 1439 1923 propter
1454 1823 1546 1897 filios
1563 1825 1631 1925 ipsi
1649 1850 1756 1922 gene·

163 1936 314 2030 nudos,
333 1963 461 2013 verum
486 1942 594 2014 etiam
612 1965 658 2014 ne
675 1965 760 2014 eum
778 1966 822 2014 ex
837 1941 1072 2016 fornicatione
1098 1942 1333 2015 offendamus.
1354 1943 1444 2030 Qui¹
1461 1944 1570 2016 etiam
1586 1968 1755 2042 cumpro

165 2055 268 2129 nobis
284 2058 352 2157 ipsi
364 2084 523 2151 oramus,
541 2074 603 2133 aut
618 2060 755 2158 aliquid
770 2060 870 2159 quod
890 2060 995 2133 nobis
1021 2060 1118 2160 apud
1139 2085 1222 2133 eum
1246 2061 1359 2162 prosit
1374 2060 1571 2153 efficimus,
1590 2063 1668 2160 ipsa
1681 2064 1757 2159 ejus

165 2175 269 2251 etiam
293 2180 422 2252 caritas
441 2179 489 2254 ad
515 2179 587 2253 hoc
610 2204 678 2252 nos
697 2180 902 2278 compellit,
920 2205 986 2279 per
1003 2206 1082 2280 quae
1100 2179 1247 2254 adeum
1271 2205 1380 2279 quem
1403 2205 1510 2279 super
1532 2182 1655 2254 omnia
1676 2180 1757 2254 dili·

164 2293 292 2389 gimus,
313 2299 498 2395 pervenire
507 2299 684 2397 cupimus.
698 2298 756 2370 sic
766 2313 801 2371 et
814 2313 930 2373 cetera
945 2299 1068 2372 omnia
1080 2313 1229 2399 propter
1245 2300 1364 2399 ipsum
1382 2298 1544 2372 iacienda
1560 2315 1656 2392 sunt,
1671 2299 1757 2372 alio·

165 2413 253 2508 quin
265 2413 401 2514 abipso
414 2417 538 2491 frustra
551 2418 879 2491 remunerationem
888 2431 1174 2517 expectaremus,
1194 2419 1224 2489 si
1240 2440 1283 2490 ea
1296 2442 1374 2516 quae
1390 2419 1527 2515 agimus
1538 2431 1687 2516 propter
1702 2422 1756 2516 ip·

166 2555 328 2606 sumnon
337 2559 532 2634 ageremus.
545 2537 654 2626 Quod
665 2537 852 2636 diligenter
863 2537 1051 2636 Apostolus
1059 2535 1246 2608 attendens
1256 2534 1378 2607 inlad
1385 2536 1586 2608 Corinthios
1597 2536 1756 2634 Epistola

167 2647 282 2724 dioit¹:
297 2655 406 2728 «Sive
417 2680 503 2754 ergo
515 2657 755 2748 manducatis,
767 2656 842 2728 sive
858 2654 956 2729 aliud
970 2654 1058 2754 quid
1072 2654 1196 2747 lacitis,
1210 2656 1333 2728 omnia
1344 2656 1381 2727 in
1398 2654 1511 2751 gloria
1522 2655 1589 2727 Dei
1605 2654 1721 2727 facite.
1736 2688 1753 2721 a

213 2772 484 2848 Sacramentum
499 2800 586 2849 vero
603 2791 657 2849 est
672 2773 808 2847 visibile
821 2774 965 2872 signum
985 2774 1172 2847 invisibilis
1187 2775 1305 2871 gratiae
1320 2774 1408 2855 Dei,
1435 2772 1546 2844 veluti
1568 2797 1652 2845 cum
1676 2773 1757 2872 quis

166 2886 384 2987 baptizatur,
402 2895 481 2993 ipsa
496 2886 651 2967 exterior
665 2895 803 2970 ablutio
819 2895 997 2994 corporis,
1024 2919 1134 2993 quarn
1152 2892 1332 2985 videmus,
1350 2893 1492 2989 signum
1511 2905 1562 2963 est
1578 2892 1758 2965 interioris

168 3006 358 3086 ablutionis
380 3014 533 3105 animae;
551 3038 634 3088 oum
650 3015 700 3089 ita
721 3014 871 3088 interior
886 3014 998 3087 homo
1016 3037 1038 3086 a
1053 3013 1209 3114 peccatis
1229 3009 1437 3101 mundatur,
1452 3010 1543 3083 sicut
1566 3012 1759 3085 exteriora

168 3131 412 3227 corporalibus
427 3133 608 3207 sordibus.
628 3139 730 3207 Nunc
747 3149 869 3207 autem
883 3132 999 3206 tribus
1015 3155 1123 3231 supra
1141 3131 1266 3231 positis
1280 3131 1433 3204 breviter
1449 3131 1633 3227 assignatis
1651 3145 1758 3230 atque

170 3243 376 3348 descriptis,
404 3251 538 3325 scilicet
562 3253 669 3347 Fide,
697 3254 870 3342 Caritate,
895 3265 931 3324 et
957 3251 1206 3341 sacramento,
1234 3248 1280 3321 de
1304 3248 1452 3346 singulis
1480 3249 1685 3347 diligentius
1705 3265 1759 3322 est

169 3366 369 3463 agendum,
395 3386 570 3469 quantum
594 3372 749 3472 pertinet
765 3371 812 3444 ad
827 3370 1052 3470 propositam
1078 3366 1244 3439 humana
1267 3366 1471 3437 salvationis
1497 3391 1695 3457 summam,
1724 3382 1758 3439 et

169 3480 218 3554 de
231 3484 290 3557 his
304 3512 383 3585 quae
397 3491 574 3589 praecipue
596 3490 794 3588 majoribus
815 3488 985 3588 implicita
1003 3483 1259 3583 quaestionibus
1275 3482 1456 3555 videntur.
1476 3487 1525 3555 Ac
1540 3484 1697 3581 primum
1712 3484 1758 3556 de

170 3603 242 3679 lide
258 3634 337 3707 quae
358 3612 566 3685 naturaliter
591 3614 717 3685 ceteris
742 3613 843 3712 prior
867 3625 942 3703 est,
963 3622 1136 3706 tanquam
1158 3605 1341 3679 honorum
1363 3606 1526 3678 omnium
1550 3605 1760 3679 fundamen·

169 3737 259 3798 tum.
278 3730 375 3817 Quid
394 3732 490 3804 enim
506 3732 657 3832 sperari,
681 3732 739 3804 vel
756 3743 938 3829 speratum
956 3727 1068 3800 amari
1084 3735 1221 3824 potest,
1249 3724 1318 3797 nisi
1334 3725 1432 3823 prius
1448 3724 1638 3797 credatur?
1655 3727 1760 3799 Credi
1796 3762 1804 3778 ·

169 3857 288 3918 autem
302 3864 436 3948 potest,
456 3852 574 3923 sinon
588 3865 752 3950 speretur
775 3848 833 3921 vel
865 3845 1031 3922 ametur?
1059 3849 1110 3916 Ex
1132 3844 1204 3917 fide
1229 3845 1350 3942 itaque
1371 3868 1453 3942 spes
1473 3845 1651 3936 nascitur,
1677 3871 1759 3917 cum

169 3964 270 4059 quod
285 3967 465 4042 credimus
479 3968 620 4043 bonum
644 3994 712 4042 nos
736 3968 928 4067 adepturos
951 3989 1027 4040 esse
1054 3989 1120 4063 per
1138 3964 1206 4070 Dei
1226 3962 1508 4036 misericordiam
1530 3963 1758 4038 confidimus.

173 4082 275 4157 Unde
289 4088 523 4186 Apostolus⁸t
545 4118 563 4158 o
583 4087 706 4180 Fides,
728 4116 745 4155 s
763 4086 906 4185 inquit,
927 4113 945 4153 o
965 4097 1018 4156 est
1030 4081 1290 4181 sperandarum
1317 4106 1438 4155 rerum
1458 4081 1676 4172 substantia,
1702 4108 1761 4156 ar·

169 4220 382 4298 gementum
398 4231 473 4279 non
490 4208 753 4308 apparentium.
778 4236 796 4272 r
814 4201 1019 4277 Substantia
1043 4201 1303 4301 sperandarum
1319 4224 1458 4296 rerum,
1478 4200 1550 4273 hoc
1568 4214 1622 4273 est
1634 4201 1762 4275 funda·

169 4337 335 4396 mentum
351 4339 387 4398 et
404 4326 526 4423 origo,
540 4326 639 4399 unde
652 4326 697 4399 ad
712 4322 890 4426 speranda
900 4321 1020 4420 aliqua
1033 4317 1280 4420 perducimur,
1298 4317 1480 4391 credendo
1490 4319 1653 4392 videlicet
1663 4321 1763 4418 prius

170 4464 213 4514 ea
225 4466 320 4523 esse,
339 4458 380 4516 nt
394 4444 627 4543 postmodum
642 4467 839 4544 speremus.
862 4445 1119 4537 Argumentum
1134 4462 1209 4510 non
1227 4438 1497 4536 apparentium,
1519 4436 1590 4510 hoo
1606 4453 1660 4510 est
1675 4463 1763 4537 pro·

169 4557 271 4633 batio
284 4563 384 4662 quod
399 4564 470 4635 sint
485 4564 604 4663 aliqua
617 4588 693 4636 non
710 4561 930 4662 apparentia.
943 4559 1037 4647 Quia
1047 4558 1265 4632 enimnemo
1276 4554 1467 4628 lidemesse
1480 4554 1634 4647 dubitat,
1653 4581 1760 4656 opor·

114 4699 118 4707 ·
170 4691 224 4750 tet
240 4703 283 4751 ex
299 4680 372 4754 hoc
388 4696 428 4754 ut
444 4681 564 4780 aliqua
579 4707 655 4754 non
673 4680 883 4781 apparentia
897 4701 973 4752 esse
990 4676 1168 4751 concedat
1184 4685 1201 4746 τ’
1214 4700 1298 4747 oum
1322 4672 1432 4769 fides,
1461 4688 1502 4746 ut
1531 4673 1668 4746 dictum
1688 4690 1758 4766 est,

169 4799 320 4898 proprie
334 4825 411 4873 non
428 4799 567 4875 dicatur
582 4801 652 4874 nisi
668 4799 714 4873 de
728 4798 786 4872 his
802 4823 881 4898 quae
898 4795 1065 4871 nondum
1082 4807 1268 4895 apparent.
1289 4791 1396 4866 Unde
1407 4792 1509 4889 juxta
1521 4793 1759 4892 Apostolum,

202 5095 431 5148 ‘statutorum
442 5093 532 5146 Forsan
545 5109 553 5145 a
565 5094 630 5159 quta
642 5096 730 5147 etiam.
742 5121 771 5132 -
783 5096 792 5125 ²
806 5091 923 5146 coorti,
935 5090 964 5155 l,
979 5104 1032 5156 rap.
1054 5104 1080 5153 x,
1099 5103 1113 5138 r
1146 5093 1184 5142 at.
1201 5116 1230 5127 -
1243 5086 1331 5149 mro,
1352 5099 1408 5151 cop.
1429 5099 1465 5151 u,
1484 5099 1509 5139 r.
1527 5086 1608 5137 t.-⁴
1619 5084 1735 5137 cormtlr.
1747 5085 1766 5146 t,

169 5189 228 5239 ao.
242 5188 298 5237 sur,
315 5190 338 5229 r.
353 5179 377 5227 s.
