4559 6100
656 563 949 640 rmnouuurto
976 565 1361 639 mrnuonoeuu.
1700 547 1704 555 ’
1759 571 1807 642 sa
1924 622 1929 637 .

211 719 422 795 lecticorum
452 716 762 815 importunitatem
791 714 1014 807 refellamus,
1046 738 1203 813 quorum
1230 713 1435 813 disciplinas
1449 729 1497 788 'et
1520 741 1589 789 nos
1619 716 1806 816 paululum

211 837 560 935 attingimus,·atque
572 834 664 907 adeo
681 834 719 907 in
731 834 858 907 studiis
870 858 997 907 eorum
1009 832 1238 933 profecimus,
1253 848 1307 924 ut,
1322 834 1481 908 Domino
1498 834 1701 933 adjuvante,
1720 839 1807 938 ipsis

211 959 248 1031 in
265 957 335 1030 bac
352 980 391 1028 re
404 970 471 1054 per
485 954 662 1028 humanas
678 955 834 1027 rationes
849 977 940 1053 quas
956 952 1050 1026 solas
1067 951 1274 1027 desiderant
1285 953 1486 1028 satisfacere
1498 979 1565 1029 nos
1584 981 1704 1055 posse,
1716 982 1804 1031 cou-

211 1074 378 1151 fidamus.
409 1073 528 1149 Habet
551 1074 648 1146 enim
672 1072 850 1147 humanas
873 1074 1031 1146 rationes
1047 1074 1165 1147 etiam
1189 1073 1647 1174 conditorrationisipse,
1674 1077 1806 1175 quibos

213 1195 422 1271 animalium
436 1193 640 1267 <homiuum
666 1216 731 1266 ora
756 1192 942 1267 obstruere
967 1193 1094 1293 possit,
1125 1194 1189 1291 qui
1213 1218 1282 1266 nos
1303 1219 1367 1294 per
1390 1194 1608 1294 Sapientiam
1635 1195 1807 1269 admonet

212 1314 349 1390 dicens¹
370 1342 379 1387 z
399 1313 621 1412 «Responde
635 1301 745 1386 stulto
756 1313 858 1411 juxta
873 1313 1058 1386 stultitiam
1072 1336 1189 1402 suam,
1207 1338 1254 1386 ne
1272 1313 1341 1386 sibi
1356 1338 1433 1387 esse
1446 1317 1588 1414 sapiens
1604 1315 1805 1389 videatur.»

211 1437 264 1506 De
291 1433 393 1529 eujus
408 1432 525 1505 ,etiam
554 1432 727 1529 sapientia
752 1431 887 1531 inipso
911 1432 1099 1530 Sapientiae
1121 1430 1236 1522 libro,
1261 1434 1355 1504 iuter
1380 1447 1523 1505 caeteras
1542 1434 1659 1506 etiam
1684 1435 1808 1508 laudes
1861 1446 1869 1453 “

212 1556 341 1652 ipsius,
357 1551 532 1625 dicitur':
552 1553 656 1623 «Scit
676 1552 850 1625 versutias
878 1574 1089 1624 sermonum
1116 1565 1153 1624 et
1178 1551 1431 1650 dispositiones
1448 1569 1765 1650 argumentorum.
1786 1578 1803 1624 u

213 1677 313 1745 Tunc
340 1696 425 1745 vero
451 1670 712 1773 probabiliores
737 1668 806 1744 illis
828 1669 1011 1747 afferimus
1036 1669 1302 1765 similitudines,
1329 1673 1359 1744 si
1386 1671 1433 1745 de
1456 1672 1541 1771 ipsis
1562 1673 1697 1747 artibus
1717 1700 1807 1774 quas

214 1793 460 1893 frequentant,
482 1816 544 1867 eas
563 1816 706 1867 sumere
721 1792 958 1892 potuerimus,
980 1805 1016 1864 et
1039 1790 1087 1864 ad
1105 1791 1244 1889 singula
1268 1817 1348 1890 quae
1370 1792 1563 1890 objiciunt,
1590 1793 1668 1868 illas
1694 1794 1808 1895 appli-

216 1914 406 1991 onesimus.

260 2039 433 2124 Qnaerunt
456 2050 577 2109 autem
602 2035 789 2134 quomodo
817 2037 856 2109 in
881 2038 960 2109 Deo
985 2060 1060 2109 una
1086 2037 1230 2135 penitus
1254 2050 1489 2136 permanente
1521 2034 1718 2109 substantia
1753 2037 1808 2109 vel

214 2156 363 2229 essentia
379 2156 512 2254 aliqua,
532 2155 582 2228 ibi
598 2158 856 2256 proprietatum
873 2156 919 2230 sit
932 2155 1131 2249 diversitas,
1151 2157 1351 2230 secundum
1362 2181 1453 2255 quas
1467 2157 1619 2229 Trinitas
1635 2181 1808 2256 persona·

215 2297 295 2347 rum
320 2289 473 2349 constat.
503 2276 566 2348 Vel
590 2275 779 2374 quomodo
810 2288 928 2375 potest
959 2276 1058 2370 esse,
1083 2290 1125 2348 ut
1152 2302 1237 2349 cum
1262 2301 1484 2374 unaquaeque
1515 2276 1569 2348 ibi
1587 2300 1742 2374 persona
1763 2278 1809 2349 sit

215 2397 331 2486 Deras,
346 2418 414 2466 nec
431 2409 547 2469 temen
564 2419 634 2467 una
657 2419 812 2494 persona
827 2395 872 2467 sit
888 2395 974 2488 alia,
993 2419 1067 2467 non
1083 2396 1191 2467 etiam
1207 2396 1329 2494 plures
1344 2394 1414 2486 dii,
1433 2396 1523 2467 sicut
1539 2407 1575 2466 et
1590 2395 1711 2493 plures
1726 2420 1806 2493 per·

215 2536 312 2584 sonae
332 2514 404 2586 sint
419 2512 571 2586 dicendi.
593 2517 663 2587 Aut
686 2539 765 2612 quae
789 2515 834 2586 sit
857 2512 1014 2610 denique
1030 2515 1212 2610 generatio
1238 2514 1315 2586 Filii
1337 2513 1385 2586 de
1408 2518 1524 2606 Patre,
1545 2511 1603 2585 vel
1624 2516 1807 2613 processio

214 2633 364 2731 Spiritus
385 2633 432 2706 ab
447 2647 611 2729 unoque.
633 2633 743 2724 Quod
762 2632 910 2731 quidem
936 2647 978 2706 ut
999 2632 1205 2731 diligentius
1227 2631 1307 2727 fiat,
1334 2632 1623 2732 praemittendum
1643 2646 1695 2706 est
1718 2649 1809 2731 quot

219 2752 335 2827 modis
349 2753 460 2847 idem,
469 2751 516 2831 ‘et
530 2770 620 2852 quot
637 2755 756 2853 modis
774 2754 957 2828 diversum
979 2753 1189 2852 accipiatur.

260 2873 387 2947 Tribus
403 2888 524 2948 autem
539 2874 658 2949 modis
675 2889 882 2972 utrumque,
899 2887 935 2948 et
960 2873 1107 2946 sortasse
1124 2871 1286 2972 pluribus
1312 2872 1384 2947 dici
1400 2874 1503 2949 solet.
1527 2876 1628 2949 ldem
1651 2900 1808 2976 namque

215 2993 458 3090 similitudine,
476 2994 574 3069 idem
603 2995 835 3070 essentialiter
861 2995 939 3070 sine
967 3018 1134 3086 numem,
1166 2992 1264 3067 idem
1287 2995 1505 3094 proprietate
1522 2995 1686 3071 dicimus.
1708 2996 1808 3072 ldem

215 3112 458 3207 similitudine,
486 3140 571 3189 cum
587 3115 733 3190 easdem
753 3140 812 3189 res
826 3113 925 3216 apud
943 3139 1070 3189 omnes
1086 3138 1183 3207 esse,
1213 3114 1304 3186 sicut
1319 3128 1356 3186 et
1371 3115 1584 3209 intellectus,
1608 3118 1810 3192 Aristoteles

215 3236 348 3330 asserit,
365 3250 401 3307 et
413 3233 635 3308 noscasdem
646 3232 832 3307 mercedes
848 3234 888 3306 in
902 3229 972 3307 hac
984 3248 1019 3306 et
1030 3235 1068 3307 in
1080 3231 1139 3305 illa
1147 3233 1290 3305 civitate
1302 3235 1450 3331 reperiri
1466 3235 1630 3310 dicimus.
1642 3240 1728 3309 Tam
1746 3262 1810 3309 nu·

217 3378 314 3427 mero
327 3369 565 3454 autemquam
581 3353 812 3448 essentialiter
827 3352 924 3426 idem
939 3366 1037 3447 sunt,
1062 3341 1146 3425 cum
1164 3353 1209 3425 sit
1226 3350 1352 3424 eadem
1374 3356 1544 3446 essentia3
1572 3370 1646 3426 tam
1662 3355 1734 3428 hoc
1755 3359 1809 3430 est

217 3497 326 3570 quam
340 3475 441 3564 illud,
458 3490 498 3548 ut
513 3498 705 3548 numerum
715 3476 753 3545 in
770 3496 808 3545 se
825 3495 946 3544 rerum
964 3495 1039 3543 non
1057 3470 1238 3559 habeant,
1266 3493 1334 3542 uec
1353 3495 1410 3543 res
1426 3472 1546 3571 plures
1565 3497 1719 3546 numero
1737 3473 1810 3547 dici
1888 3557 1891 3566 ¹

217 3608 362 3690 queant,
380 3596 471 3667 utin
489 3597 636 3678 Socrate
651 3592 779 3687 homo,
799 3607 836 3664 et
857 3590 1003 3685 animal,
1023 3588 1080 3662 vel
1098 3587 1264 3662 homost
1282 3585 1429 3664 risibile.
1448 3592 1668 3691 Proprietate
1686 3608 1809 3668 autem

216 3735 277 3784 seu
304 3711 514 3796 delinitione
539 3712 638 3786 idem
655 3726 751 3806 sunt,
778 3735 857 3809 quae
885 3731 962 3782 non
977 3707 1098 3782 solum
1122 3732 1275 3782 numero
1291 3724 1375 3782 suut
1398 3711 1540 3804 eadem,
1555 3729 1683 3786 verum
1700 3715 1808 3787 ¹etiam

214 3855 281 3904 uec
297 3832 575 3932 proprietatibus
591 3831 684 3923 ullis,
705 3855 774 3904 uec
785 3831 941 3931 propriis
956 3825 1162 3929 discrepant
1175 3828 1480 3922 similitudinibus,
1499 3846 1540 3904 ut
1558 3833 1651 3905 ensis
1668 3848 1703 3906 et
1724 3859 1810 3906 mu·

215 3975 291 4046 cro,
305 3953 364 4026 vel
379 3953 503 4028 album
513 3968 550 4030 et
559 3951 770 4027 candidum.
787 3950 1062 4048 Quamquidem
1075 3949 1267 4024 maximam
1281 3948 1504 4023 identitatem
1512 3951 1614 4047 juxta
1622 3956 1809 4053 proprium

212 4086 251 4143 et
269 4096 476 4172 expressum
500 4097 575 4148 esse
592 4074 644 4146 rei
663 4070 832 4146 Boethius
850 4067 1038 4144 attendens
1056 4065 1094 4140 in
1115 4069 1236 4166 primo
1265 4071 1568 4167 Topieorum,ait⁸
1591 4098 1599 4142 ε
1620 4091 1638 4140 s
1656 4077 1808 4148 Rursum

212 4203 335 4287 potest
349 4190 395 4264 de
411 4217 457 4266 eo
472 4191 574 4291 quod
590 4205 644 4264 est
658 4191 769 4282 idem,
790 4188 868 4262 lieri
884 4202 1080 4277 certamen,
1098 4201 1140 4259 ut
1154 4210 1201 4260 an
1216 4185 1313 4260 idem
1330 4192 1376 4262 sit
1391 4189 1478 4262 utile
1497 4189 1598 4288 quod
1613 4190 1808 4268 honesturn

212 4311 363 4386 est.Sed
377 4311 454 4388 hee
464 4311 652 4410 quommo
660 4309 861 4384 definitioni
878 4324 931 4381 est
944 4294 1197 4405 aggreganda?
1215 4310 1377 4395 Quarum
1395 4308 1492 4381 enim
1509 4334 1630 4383 rerum
1646 4311 1808 4387 delinitio

212 4444 272 4502 est
287 4430 428 4523 eadem,
449 4433 535 4531 ipsae
545 4429 694 4529 quidem
710 4428 845 4503 eaedem
857 4442 954 4501 sunt.
975 4430 1138 4516 Quarum
1153 4449 1242 4498 vero
1258 4426 1397 4500 diversa
1412 4429 1505 4501 ratio
1520 4429 1725 4505 substantiae
1739 4451 1808 4525 est,

209 4548 364 4626 diversae
379 4552 487 4628 etiam
503 4553 587 4652 ipsse
598 4565 695 4626 suut.
719 4578 737 4618 a
751 4549 878 4632 Tribus
890 4549 997 4624 etiam
1010 4547 1129 4621 modis
1145 4546 1236 4620 solet
1252 4547 1432 4621 diversum
1451 4553 1544 4623 sumi
1562 4553 1808 4646 essentialiter,

206 4670 351 4748 seilicet
366 4695 533 4762 numere,
552 4672 791 4770 proprietate,
810 4694 874 4742 seu
898 4667 1124 4754 definitione.
1142 4668 1290 4742 Diversa
1311 4692 1468 4766 namque
1496 4672 1729 4747 essentialiter
1754 4674 1809 4746 di-

206 4792 347 4881 cimus,
366 4793 399 4866 si
412 4790 541 4867 eadem
556 4792 711 4868 essentia
731 4813 812 4889 quae
825 4803 880 4863 est
893 4787 978 4882 hoc,
997 4811 1075 4861 non
1098 4789 1144 4864 sit
1163 4785 1267 4877 illud,
1286 4802 1323 4861 et
1338 4789 1368 4861 si
1388 4786 1503 4862 bomo
1520 4806 1586 4882 est,
1610 4791 1741 4864 nullius
1758 4816 1812 4865 es·

200 4911 330 4984 sentia
338 4926 511 5009 tauquam
522 4935 604 5011 pars
615 4909 832 5003 includatur,
843 4922 883 4982 ut
893 4932 1022 4981 manus
1033 4922 1069 4981 et
1083 4906 1210 4980 homo.
1224 4912 1324 4981 Tunc
1334 4932 1421 5012 vero
1439 4909 1546 4982 etiam
1560 4934 1712 4984 numero
1725 4928 1808 4985 sunt

242 5170 354 5234 urea,
366 5182 422 5234 cap.
432 5182 501 5235 rxu,
512 5183 535 5222 s.
548 5173 572 5221 5.
586 5195 615 5206 -
626 5169 635 5199 ¹
646 5168 770 5233 Septem,
789 5179 842 5230 cap.
856 5179 908 5229 uu,
921 5180 943 5217 r.
954 5169 980 5218 8.
990 5191 1018 5204 -
1036 5167 1092 5217 ’De
1103 5163 1167 5230 bist.
1182 5166 1252 5228 Ten,
1268 5165 1310 5215 ιιι»
1330 5177 1348 5227 r,
1359 5178 1385 5226 p.
1397 5166 1454 5218 860.
