4559 6100
532 540 581 612 ss
914 502 922 510 ’
1123 534 1249 608 rarat
1277 536 1510 611 inaurant

532 684 735 782 vulgaribus
752 683 944 757 hominum
959 683 1122 755 sensibus
1137 684 1357 759 intellectum
1372 686 1426 757 sui
1442 686 1541 759 vario
1564 708 1693 759 rerum
1706 686 1861 782 tegmine
1878 690 2116 785 operimento·

529 830 600 901 que
618 804 808 896 subtraxit,
824 806 873 876 ita
889 801 1162 901 aprudentibus
1177 827 1308 875 arcana
1323 827 1388 876 sua
1399 804 1514 876 voluit
1526 805 1769 904 perlabulosa
1786 809 2026 881 tractari-Sic
2048 812 2116 911 ipso

531 924 694 1019 mysteria
712 920 906 1019 figurarum
918 920 1091 999 canicule
1106 923 1332 1020 operiuntur,
1352 946 1399 994 ne
1417 924 1473 995 vel
1487 923 1558 995 hoe
1575 923 1712 1022 adeptis
1726 924 1841 997 nuda¹
1855 949 1974 1025 rerum
1997 928 2115 1001 talium

529 1058 655 1115 natura
669 1066 709 1115 se
723 1041 889 1140 praebeat,
908 1040 973 1114 sed
990 1041 1229 1114 summatibus
1242 1055 1382 1114 tantum
1398 1042 1493 1129 viris,
1510 1043 1683 1141 sapientia
1699 1042 1907 1142 interprete,
1925 1046 1980 1118 sui
2001 1050 2115 1121 arcani

528 1160 697 1256 consciis,
727 1162 887 1233 contenti
907 1161 983 1232 'sint
1007 1160 1135 1256 reliqui
1161 1160 1207 1233 sd
1230 1161 1494 1236 venerationem
1521 1159 1642 1258 liguris
1658 1160 1933 1236 defendentibus
1950 1165 2116 1240 avilitate

528 1296 716 1354 secretum.
740 1309 758 1347 u
783 1283 886 1352 Juxta
910 1279 1010 1378 quod
1033 1295 1070 1357 et
1092 1280 1230 1352 Veritas
1254 1278 1331 1378 ipsa
1354 1278 1400 1352 de
1429 1281 1674 1377 integumento
1701 1280 1952 1378 parabolarum
1975 1288 2116 1357 marum

526 1400 705 1499 Apostolis
718 1400 878 1497 loquitur
889 1398 1028 1472 dicens'
1044 1422 1053 1471 ε
1071 1429 1088 1466 u
1100 1397 1211 1471 Vobis
1223 1397 1348 1470 datum
1362 1413 1416 1471 est
1430 1422 1537 1471 nosse
1549 1400 1756 1496 mysterium
1773 1403 1873 1496 regni
1887 1403 1967 1490 Dei,
1983 1406 2116 1479 'esteris

528 1533 648 1591 autem
670 1519 706 1590 in
733 1517 931 1617 parabolis;
956 1532 995 1590 ut
1016 1517 1179 1589 videntes
1202 1541 1278 1588 uon
1310 1515 1472 1609 videant,
1501 1533 1538 1589 et
1561 1516 1746 1590 audientes
1768 1532 1847 1590 nou
1866 1518 2114 1615 intelligant.»

529 1637 664 1710 Exime
679 1638 799 1736 itaque
818 1635 991 1709 Macrobii
1006 1634 1199 1708 traditione
1215 1634 1352 1710 clarum
1366 1651 1419 1708 est
1434 1656 1550 1733 quaes
1560 1633 1788 1734 pbilosophis
1801 1635 1848 1710 de
1858 1637 1979 1713 anima
1993 1638 2115 1713 mundi

528 1756 709 1850 dicuntur,
736 1780 800 1857 per
829 1756 1054 1828 involuerum
1084 1755 1292 1855 accipienda
1323 1779 1412 1828 esse.
1441 1754 1606 1852 Alioquin
1623 1776 1807 1827 summum
1820 1755 2115 1855 pbilosophorum

426 1963 431 1971 ι
531 1875 716 1949 Platonem
737 1898 920 1975 summum
940 1872 1134 1947 stultorum
1147 1873 1512 1974 deprehenderemus.
1529 1873 1629 1963 Quid
1646 1874 1744 1945 enim
1761 1875 1871 1971 magis
1886 1874 2115 1952 ridiculosum

528 2019 638 2091 quam
654 1995 830 2070 mundum
847 2009 964 2067 toturn
980 1993 1144 2067 arbitrari
1165 2019 1279 2066 unum
1300 1994 1431 2066 animal
1454 2018 1532 2066 esse
1549 1991 1739 2086 rationale,
1760 1994 1828 2065 nisi
1848 2015 1914 2090 per
1934 1994 2006 2065 hoe
2028 1996 2116 2069 inte·

528 2129 740 2207 gumentum
756 2116 824 2187 sit⁸
840 2115 1047 2212 prolatum?
1068 2113 1208 2187 Animal
1222 2114 1357 2212 quippe
1372 2138 1538 2185 essenon
1554 2126 1675 2211 potest
1691 2113 1760 2185 nisi
1775 2110 2026 2206 sensibile-sits
2036 2138 2116 2187 eum

527 2234 571 2305 sit
588 2248 675 2306 nota
691 2231 873 2325 definitio,
891 2232 1053 2306 animalis
1068 2233 1267 2306 substantia
1284 2234 1439 2305 animata
1456 2229 1644 2305 sensibilis.
1660 2230 1750 2318 Quis
1766 2244 1885 2303 autem
1902 2255 1946 2304 ex
1961 2233 2117 2331 quinque

489 2396 496 2407 -
527 2353 690 2447 sensibus
706 2349 844 2427 mundo
868 2352 983 2425 inesse
1008 2353 1151 2450 poterit,
1171 2353 1238 2425 nisi
1256 2352 1346 2423 forte
1359 2365 1489 2444 tactus,
1502 2348 1749 2448 quiomnibus
1764 2362 1818 2422 est
1832 2352 2036 2423 eommunis
2047 2353 2117 2424 ani·

528 2470 702 2542 malibus?
713 2473 849 2543 Desunt
861 2470 894 2541 ei
908 2471 1043 2569 qau'ppe
1058 2484 1268 2543 caeterorum
1284 2490 1458 2543 sensuum
1474 2470 1724 2560 instrumenta,
1743 2469 2026 2566 ipsoattestante
2041 2450 2116 2542 Pla·

527 2603 626 2681 tone,
645 2588 708 2660 ubi
724 2587 889 2660 videlieet
909 2589 1063 2662 ostendit
1083 2613 1193 2686 quare
1210 2589 1243 2661 ei
1258 2589 1367 2683 oculi,
1384 2603 1447 2660 aut
1466 2612 1587 2680 nares,
1603 2592 1669 2660 aut
1683 2592 1815 2659 eeterae
1833 2600 1950 2685 partes
1967 2586 2117 2661 humaui

527 2707 689 2804 eorporis
706 2707 910 2781 neeessariae
923 2730 999 2778 non
1017 2707 1177 2780 luissent.
1192 2712 1307 2804 Atque
1322 2722 1376 2779 est
1389 2730 1472 2805 pers
1482 2706 1653 2805 'eorporis‘
1660 2704 1818 2798 mundi,
1831 2729 1903 2802 qua
1912 2706 1988 2805 ipse
2000 2706 2031 2778 si
2041 2720 2119 2779 tan·

528 2840 643 2920 gatur,
657 2827 791 2898 sentire
806 2839 913 2923 queat
930 2827 1040 2925 magis
1055 2848 1165 2924 quam
1181 2825 1327 2898 arbores
1343 2825 1400 2899 vel
1416 2825 1569 2925 plante,
1585 2832 1784 2924 quaete'rrae
1802 2822 1971 2897 radicitus
1985 2823 2115 2915 affixe,

527 2944 653 3016 eadem
678 2946 798 3017 anima
824 2943 995 3018 vivificari
1017 2945 1198 3018 dicuntur.
1226 2943 1410 3042 Numquid
1427 2970 1470 3018 ex
1491 2944 1682 3019 effossione
1703 2959 1805 3017 terete
1829 2943 1948 3042 potius
1972 2944 2118 3017 sentiret

528 3064 698 3158 mundus,
714 3088 824 3162 quam
837 3065 983 3138 arbores
995 3093 1037 3138 ex
1049 3065 1231 3138 frondium
1248 3066 1431 3138 avulsione
1450 3065 1504 3138 vel
1520 3067 1631 3138 totius
1646 3066 1809 3163 corporis
1820 3065 1875 3136 sui
1893 3063 2117 3138 abscisione?

526 3181 680 3256 Arbores
695 3197 819 3256 tamen·
832 3199 868 3256 at
882 3185 1058 3282 quaslibet
1074 3185 1213 3283 plantas
1233 3183 1455 3258 insensibiles
1474 3208 1551 3257 esse
1568 3197 1730 3269 constat,
1748 3182 1903 3280 ideoque
1926 3182 1973 3254 ad
1999 3185 2117 3257 exclu-

520 3302 663 3373 sionem
679 3326 802 3375 earum
817 3303 856 3375 in
870 3303 1079 3376 definitione
1092 3303 1256 3376 animalis
1273 3318 1355 3402 post
1372 3306 1569 3377 animatum
1588 3304 1734 3402 ponitur
1750 3300 1930 3374 sensibile.
1947 3304 2118 3375 Praeterea

523 3445 607 3491 eum
620 3421 740 3493 dicant
757 3421 914 3495 animam
929 3421 1054 3495 mundi
1069 3422 1218 3519 singulis
1234 3422 1389 3496 infusam
1405 3421 1632 3520 corporibus,
1651 3444 1694 3493 ea
1710 3420 1869 3494 animam
1886 3444 1965 3516 quae
1980 3420 2025 3495 ad
2042 3423 2118 3493 aoi-

525 3541 698 3612 mandam
714 3554 797 3638 apta
813 3544 956 3639 reperit,
971 3543 1059 3639 quid
1075 3567 1167 3640 opus
1180 3555 1257 3614 erat
1266 3543 1449 3614 creatione
1460 3556 1664 3614 nostrarum
1676 3541 1877 3614 animarum
1891 3562 1981 3646 quas
1992 3553 2117 3638 postea

525 3658 633 3729 laetas
646 3658 747 3730 Plato
763 3683 839 3731 esse
855 3675 1115 3731 commemorat
1127 3659 1142 3729 l
1154 3673 1218 3730 aut
1231 3658 1319 3755 quid
1335 3676 1497 3758 opus-est
1511 3661 1667 3732 animam
1688 3658 1813 3731 mundi
1829 3656 1887 3730 bis
1902 3658 2119 3755 corporibus

442 3831 447 3842 .
525 3776 654 3846 nostris
670 3777 785 3858 inesse
801 3801 881 3872 quae
897 3800 971 3848 non
990 3777 1260 3865 animatlQuid
1279 3765 1376 3849 enim
1401 3776 1599 3850 evidentius
1620 3802 1732 3876 quam
1753 3798 1907 3873 corpora
1926 3788 2049 3848 nostra
2072 3801 2117 3848 ex

523 3894 679 3992 propriis
696 3890 885 3969 animabus
904 3895 1072 3966 humanis
1088 3896 1202 3992 magis
1220 3919 1330 3993 quam
1350 3919 1393 3968 ex
1414 3898 1538 3968 anima·
1556 3896 1682 3968 mundi
1703 3895 1810 3968 vitum
1834 3893 2027 3970 animalem
2051 3892 2119 3968 ha·

522 4007 636 4084 bere?
648 4012 709 4083 His
722 4013 857 4112 quippe
865 4011 1052 4086 animabus
1060 4013 1307 4112 praesentibus,
1323 4016 1441 4087 statim
1453 4016 1609 4088 animata
1620 4029 1703 4086 sunt
1719 4029 1755 4086 et
1767 4011 1894 4088 iisdem
1907 4010 2118 4085 absentibus

523 4131 731 4223 inanimata,
741 4130 835 4223 lieet,
849 4126 1011 4220 otuinus
1025 4133 1061 4203 in
1076 4133 1128 4204 eis
1138 4134 1258 4206 anima
1273 4133 1398 4206 mundi
1417 4135 1523 4206 etiam
1537 4147 1620 4232 post
1637 4146 1790 4206 monem
1807 4145 2019 4230 perseveret,
2030 4155 2118 4227 quse

522 4253 558 4321 in
578 4248 747 4321 omnbus
762 4264 836 4323 tota
852 4266 906 4324 est
919 4251 1153 4350 corporibus,
1178 4265 1214 4324 et
1237 4254 1275 4326 iu
1292 4254 1349 4325 bis
1367 4252 1403 4325 in
1429 4254 1562 4350 quibus
1574 4267 1689 4328 vacat.
1710 4251 1807 4339 Quid
1822 4252 1931 4324 etiam
1947 4263 1998 4322 est
2011 4251 2116 4346 quod

522 4367 728 4440 absentibus
742 4368 909 4443 humanis
922 4370 1125 4462 animabus,
1145 4373 1266 4445 anima
1283 4371 1411 4445 mundi
1427 4396 1583 4472 corpora
1599 4385 1735 4459 nostra,
1753 4369 1835 4442 lieet
1852 4368 1903 4442 eis
1919 4367 2015 4458 insit,
2034 4369 2118 4440 ani·

523 4479 621 4558 mare
641 4511 716 4559 non
735 4487 882 4582 suffieit,
901 4491 1096 4588 cumipse,
1115 4504 1264 4563 testante
1283 4489 1466 4581 Platone‘,
1483 4486 1872 4582 ensem-invisibilium
1889 4485 2118 4584 prestantior

432 4594 436 4602 ⁴
522 4630 542 4677 a
559 4607 844 4704 prestantissimo
861 4617 1010 4680 auctore
1027 4609 1118 4681 saeta
1131 4609 1204 4680 siti
1221 4609 1402 4707 Numquid
1420 4611 1568 4682 minoris
1584 4607 1748 4682 efficacis
1762 4620 1817 4679 est
1831 4607 1868 4677 in
1885 4603 1990 4677 bobis
2001 4626 2119 4699 quam

519 4739 653 4828 oaetere
669 4727 808 4817 animas,
823 4740 983 4802 anteum
1003 4727 1077 4824 jam
1094 4751 1247 4825 corpora
1261 4744 1392 4801 >nostra
1414 4728 1581 4806 defuncta
1600 4740 1705 4815 sunt,
1725 4749 1797 4800 uon
1814 4738 1897 4796 sunt
1914 4721 2046 4795 idonea
2065 4722 2118 4793 ad

553 5031 559 5056 ¹
577 5021 760 5078 stacedvlet⁸
773 5028 1003 5084 Num-tmu-
1019 5033 1028 5063 ¹
1043 5030 1131 5104 lique..¹
1148 5044 1203 5094 sap.
1217 5045 1250 5094 tr,
1270 5046 1293 5082 v.
1311 5039 1346 5083 tt.
1362 5036 1410 5069 -³
1427 5031 1474 5082 su.
1490 5033 1551 5084 cod·
1567 5032 1628 5082 illst.
1643 5033 1685 5082 Sic
1703 5041 1749 5093 pro
1765 5029 1799 5078 sit
1818 5025 1864 5075 aa.
1882 5025 1953 5075 snb.
1968 5025 2017 5060 -⁴
2032 5022 2118 5073 l'beo·

520 5102 591 5167 lupia
605 5105 754 5158 Christiana
768 5109 854 5159 mellus
865 5129 871 5158 :
884 5116 929 5160 aut
941 5124 998 5173 quas
1010 5117 1045 5161 est
1060 5121 1131 5173 pars.
1142 5114 1192 5149 -·⁵
1206 5113 1236 5162 Ικ
1249 5113 1349 5162 Timeo.
