4559 6100
34 3442 39 3501 ²

32 3974 38 4003 ι

30 4016 39 4061 l

696 575 741 648 ΙΝ
764 573 1012 646 Ettffrutatt
1035 575 1096 646 An
1121 574 1348 647 nullanus
1451 675 1455 684 ι
1747 578 1819 652 268

222 743 257 801 et
273 724 372 799 unde
396 726 510 800 ritune
535 738 724 825 peccatum
741 723 864 817 debui,
892 725 1047 824 amplius
1065 724 1215 796 incuni.
1244 729 1289 794 Et
1309 723 1382 796 hoc
1405 739 1458 796 est
1480 727 1581 823 qnod
1603 726 1817 827 subjungit:

223 875 241 915 «
254 851 557 944 Nampeccatum,
575 844 940 944 accepta-occasione,
955 873 973 910 »
990 842 1028 914 id
1044 857 1098 914 cst
1108 843 1257 914 inventa
1273 865 1380 914 censa
1396 843 1569 916 incitandi
1586 870 1655 926 nos
1670 847 1717 918 ad
1732 873 1820 920 con·

221 965 478 1063 cupiscentiam
492 990 558 1063 per
571 963 793 1050 mandatum,
813 962 852 1034 id
870 976 923 1034 est
938 962 1068 1059 legem,
1094 960 1141 1033 de
1164 960 1267 1057 cujus
1286 959 1492 1034 obedientia
1517 963 1670 1035 nimium
1689 990 1820 1063 praesn-

221 1081 421 1175 mebamus,
438 1111 456 1152 u
473 1082 614 1156 seduxit
630 1108 702 1177 me,
726 1113 744 1150 n
767 1081 882 1155 idest
905 1080 1041 1170 fefellit,
1060 1094 1231 1179 reputans
1253 1104 1313 1152 me
1337 1078 1472 1153 scilicet
1495 1082 1720 1179 singulariter
1741 1088 1819 1158 Deo

220 1225 343 1274 carum
361 1226 450 1295 esse,
470 1216 619 1301 propter
628 1201 874 1275 obedientiam
888 1201 976 1297 legis
989 1224 1098 1299 quam
1113 1200 1147 1273 ei
1157 1198 1373 1273 exhibebam
1387 1227 1397 1292 3
1414 1214 1455 1272 ut
1471 1203 1529 1273 vix
1545 1215 1608 1274 aut
1633 1226 1820 1299 nunquam

219 1320 267 1393 de
281 1319 514 1394 ‹lamnatione
530 1345 610 1395 mea
623 1345 779 1416 vererer,
796 1319 974 1418 quidquid
991 1320 1160 1410 facerem,
1174 1333 1211 1392 et
1225 1320 1380 1392 maxime
1392 1320 1720 1420 concupiscentiam
1735 1346 1819 1421 pro·

220 1441 424 1531 missorum,
443 1454 720 1540 quantacunque
737 1454 841 1534 esset,
860 1465 936 1513 non
954 1439 1131 1513 arbitrans
1148 1463 1225 1512 esse
1245 1437 1502 1531 damnabilem,
1528 1464 1612 1512 cnm
1633 1442 1819 1540 praeceptis

219 1557 461 1653 obediremus,
473 1584 541 1657 pto
549 1560 922 1659 quorum-obedientia
931 1559 992 1633 illa
1004 1559 1302 1659 erantpromissa.
1318 1562 1389 1630 «Et
1400 1583 1466 1658 per
1474 1559 1564 1632 illud
1570 1585 1631 1633 me
1644 1539 1789 1658 occidit,
1800 1590 1817 1631 u

218 1677 256 1750 id
272 1693 327 1752 est
337 1679 534 1753 damnavit.
557 1685 711 1779 altaque
722 1680 780 1756 lex
795 1679 957 1778 quidem.
974 1678 1318 1778 »Quandoquidem
1336 1678 1393 1752 lex
1410 1678 1458 1752 ad
1472 1681 1716 1779 cognitionem
1734 1707 1820 1781 pec·

217 1800 303 1892 cati,
317 1813 356 1870 et
370 1799 418 1872 nd
429 1800 540 1873 vitam
553 1799 707 1875 data-est
719 1800 841 1898 potius
858 1823 968 1898 quam
985 1799 1033 1873 ad
1049 1815 1204 1873 mortem
1221 1826 1230 1871 ε
1250 1823 1337 1897 ergo
1360 1799 1418 1871 lex
1442 1800 1590 1898 quidem
1611 1815 1734 1875 sancta
1750 1816 1817 1896 est,

217 1916 257 1990 id
274 1918 383 1991 estin
399 1917 502 1991 nullo
518 1919 646 1992 vitiosa
661 1920 736 1993 sive
756 1918 957 2018 culpabilis,
975 1933 1013 1993 et
1037 1919 1250 1993 mandatnm
1279 1919 1356 2015 ejus
1380 1933 1560 2010 sanctum,
1578 1919 1669 1992 nihil
1689 1919 1820 2018 jubens

215 2051 326 2136 mutto
339 2037 550 2138 prohibens,
568 2040 638 2112 nisi
654 2039 755 2138 quod
771 2053 929 2138 oportet,
948 2053 1057 2138 atque
1076 2039 1161 2113 ideo
1180 2041 1320 2137 justum
1341 2040 1380 2111 in
1403 2063 1443 2113 se
1464 2055 1501 2112 et
1527 2039 1680 2134 bonum,
1708 2040 1822 2115 idest

215 2156 799 2232 nffleacsnlubreobedientibns.
1197 2153 1198 2162 '

268 2306 286 2343 a
298 2277 407 2365 Quod
421 2302 508 2375 ergo
520 2275 663 2351 bonum
680 2291 746 2351 est.
765 2305 785 2347 u
796 2281 878 2350 Duo
890 2277 993 2373 dixit,
1010 2279 1147 2352 scillcet
1158 2291 1195 2351 ct
1211 2278 1423 2352 mandatum
1442 2280 1518 2377 ejus
1535 2279 1688 2371 bonum,
1707 2294 1743 2353 et
1756 2306 1821 2381 per

212 2393 307 2468 illud
317 2411 437 2471 tamen
447 2399 793 2499 acceptaaccnsione
803 2421 841 2470 se
852 2421 930 2471 esse
942 2399 1116 2472 occisum.
1129 2396 1347 2494 Undequasi
1357 2398 1615 2471 rationabiliter
1627 2398 1817 2497 objiciens,

212 2515 342 2609 quaerit
364 2541 450 2613 orgo
473 2516 574 2615 quod
598 2516 742 2590 bonum
760 2530 814 2589 est
836 2518 874 2588 in
896 2518 1029 2616 seipso,
1050 2514 1485 2615 videlicetpraeceptumc
1505 2516 1711 2590 factumest
1729 2518 1819 2591 mihi

211 2655 328 2727 mors,
344 2661 365 2702 »
382 2636 420 2707 id
436 2651 489 2708 est
505 2635 703 2709 damnatio.
727 2635 868 2708 «Absit.
888 2635 1017 2708 »Nulli
1033 2636 1132 2709 anim
1147 2633 1258 2707 debet
1273 2635 1346 2708 dici
1363 2635 1569 2710 damnabile
1585 2651 1816 2737 praeceptum,

211 2753 283 2826 nisi
298 2755 402 2852 cujus
417 2755 623 2829 ohedientia
648 2756 824 2829 damnosa
846 2770 913 2850 est,
940 2757 1032 2828 sicut
1046 2755 1116 2828 lbit
1129 2769 1349 2854 praeceptum
1361 2754 1497 2828 diaboli
1508 2754 1555 2828 ad
1573 2760 1696 2828 Evam.
1716 2756 1820 2829 «Sed
1934 2785 1938 2808 =

209 2890 415 2973 peccatum
432 2877 546 2948 »Diui
568 2876 652 2973 quia
673 2877 887 2950 mandatum
906 2874 1049 2948 bonum
1070 2889 1137 2966 est,
1157 2899 1225 2949 nec
1246 2875 1336 2948 mihi
1358 2900 1426 2949 nec
1445 2873 1552 2949 alicui
1568 2901 1680 2970 mors,
1706 2875 1744 2949 id
1766 2890 1821 2950 est

208 2993 421 3069 damnabile
433 2995 629 3069 dicendum
642 3009 708 3091 est,
724 2995 790 3070 sed
802 3010 923 3070 tamen
938 2996 1058 3095 ipsum
1069 3018 1178 3070 causa
1186 2995 1461 3095 quodammodo
1475 2996 1566 3070 mihi
1577 2996 1820 3071 damnationis

205 3113 348 3187 facmm
366 3130 431 3208 est,
446 3141 490 3189 ex
505 3116 594 3215 ipsa,
608 3130 650 3188 ut
663 3115 800 3190 dictum
816 3131 883 3207 est,
904 3117 1097 3189 occasione
1111 3117 1413 3216 concupiscentiae
1430 3131 1589 3215 accepta,
1607 3118 1709 3214 juxta
1730 3117 1819 3191 illud

202 3232 494 3335 historiographi
512 3261 520 3305 :
541 3263 560 3303 α
583 3235 717 3308 Omnia
733 3238 833 3309 enim
849 3236 944 3309 mala
961 3249 1040 3308 orta
1057 3250 1143 3308 sunt
1157 3260 1202 3308 ex
1217 3233 1327 3307 bonis
1349 3236 1470 3309 initiis.
1489 3263 1508 3303 n
1527 3235 1585 3307 Sic
1602 3236 1693 3331 lege.
1714 3236 1818 3310 «Sed

201 3371 449 3451 peccatum»
465 3354 504 3427 id
522 3368 577 3427 cst
591 3354 706 3427 lomes
729 3354 804 3449 ille,
828 3369 868 3426 ut
891 3354 1065 3448 dixinms,
1093 3355 1232 3454 peccati
1252 3382 1263 3447 3
1293 3382 1312 3423 a
1341 3376 1405 3451 per
1431 3351 1585 3447 bonnm,
1613 3381 1632 3422 u
1664 3353 1818 3428 subaudi

198 3474 426 3547 mandatum
441 3473 542 3572 legis,
562 3474 637 3546 sive
654 3498 720 3572 per
735 3473 996 3571 legem-ipsam,
1017 3487 1187 3572 utsupra·
1203 3472 1496 3566 monstravimus,
1517 3487 1741 3572 «operatum
1764 3489 1817 3548 est

197 3608 376 3667 mortem·
386 3595 526 3686 animae,
541 3624 567 3661 a*
578 3593 623 3665 id·
634 3607 691 3665 est
703 3614 850 3665 omnem
867 3593 1214 3692 concupiscentiam,
1234 3593 1284 3665 ita
1300 3607 1341 3665 ut
1356 3605 1560 3691 «appareat
1574 3606 1777 3692 peccatum,
1794 3623 1813 3664 a

194 3711 239 3785 id
272 3728 336 3787 est
363 3714 471 3813 culpa
496 3712 557 3786 ills
581 3712 881 3811 concupiscentiae
907 3704 968 3785 sit¹
981 3711 1175 3787 mmiiesta
1198 3725 1234 3784 et
1258 3710 1531 3804 inexcusabilis,
1559 3720 1595 3786 et
1624 3712 1673 3784 ita
1701 3726 1741 3783 ut
1771 3715 1817 3786 sit

188 3835 382 3908 mima.
401 3839 446 3906 dt
460 3834 579 3907 statim
596 3830 700 3931 qttod
715 3832 879 3904 maxima·
890 3832 935 3904 sit
951 3825 1122 3919 ostendit,
1154 3830 1299 3903 dicens:
1332 3859 1352 3901 a
1378 3846 1419 3903 ut
1442 3846 1631 3932 peccatum
1657 3860 1674 3897 n
1704 3830 1742 3902 id
1763 3847 1816 3906 est

188 3952 329 4027 lomes
344 3953 403 4027 illc
418 3953 648 4053 supradictus
661 3952 813 4052 peccati,
830 3978 850 4021 κ
864 3949 927 4024 liat
943 3974 1097 4051 peccans
1115 3950 1406 4049 supramodum,
1427 3981 1451 4025 u
1467 3949 1574 4023 idest
1595 3949 1643 4022 ad
1660 3974 1816 4049 peccan-

184 4073 293 4147 dum
315 4076 558 4147 nosmnxime
570 4072 759 4165 inclinans,
777 4101 800 4142 c
811 4098 876 4172 per
891 4073 1118 4165 mandatum,
1140 4071 1217 4143 »id
1236 4084 1290 4143 est
1313 4071 1503 4144 occasione
1518 4086 1676 4170 accepta,
1702 4088 1742 4145 ut
1758 4072 1815 4146 di-

178 4206 301 4266 ctum
320 4207 390 4284 est,
410 4193 557 4291 exlege.

233 4321 367 4387 Forte
383 4329 519 4413 quaerat
535 4314 676 4412 aliquis,
691 4313 881 4413 quomodo
897 4313 1109 4386 mandatum
1126 4310 1227 4407 legis,
1243 4333 1304 4382 seu
1322 4312 1401 4410 ipsa
1415 4310 1485 4397 lex,
1504 4308 1642 4382 bonurn
1659 4310 1811 4399 dicatur,
1924 4366 1928 4385 ,

173 4434 238 4506 vel
258 4434 326 4507 ad
348 4435 459 4507 vitam
476 4434 601 4507 datum
617 4462 625 4505 :
645 4434 702 4507 vel
718 4435 954 4530 quarcetiam
970 4436 1047 4504 Deo
1063 4431 1201 4517 damni,
1222 4430 1252 4501 si
1269 4429 1406 4502 salvare
1422 4427 1631 4503 obedientes
1650 4454 1731 4501 uon·
1745 4455 1813 4530 po·

169 4556 318 4627 terat?
341 4552 398 4625 nd
409 4554 511 4652 quod
526 4554 799 4653 respondemus,
812 4551 929 4652 legem
945 4554 983 4624 in
999 4551 1070 4624 boc
1087 4575 1164 4624 esse
1180 4549 1302 4622 datam
1312 4546 1360 4621 ad
1370 4550 1494 4638 vitam,
1509 4550 1664 4623 utetiam
1675 4549 1811 4649 populo

167 4675 253 4746 Dei·
268 4674 376 4745 vitae
392 4687 532 4745 aterne
548 4675 718 4746 rnerimm
732 4674 899 4760 initiaret,
920 4695 996 4745 non
1014 4671 1203 4770 perficeret
1221 4697 1230 4742 ε
1252 4684 1288 4741 et
1314 4668 1404 4741 ideo
1423 4669 1521 4742 bona
1544 4668 1809 4759 tantummodo,

157 4796 264 4889 qnia
284 4792 435 4865 omnia
451 4791 540 4889 ejus,
559 4806 598 4864 ut
616 4793 752 4864 dictum
770 4806 837 4886 est,
853 4793 950 4890 justa
966 4806 1051 4863 sunt
1067 4802 1260 4890 praecepta,
1282 4789 1423 4862 etiamsi
1441 4789 1642 4862 secundum
1657 4788 1810 4861 litteram

156 4934 250 4984 non
273 4909 475 5011 perlecta,
491 4924 527 4982 et
551 4936 676 4985 causas
693 4911 829 4985 habent
854 4908 1085 4984 rationabiles
1101 4932 1325 5007 quaecunque
1346 4909 1526 4981 Dominus
1545 4908 1725 5008 praecepit,
1744 4906 1811 4977 etsi

152 5054 201 5104 es
220 5034 492 5128 ignoremus.
511 5031 590 5111 Fuit
601 5044 723 5104 autern
746 5055 884 5128 magnae
900 5029 1118 5130 dispensatio
1144 5026 1390 5124 providentie,
1418 5027 1500 5100 rudi
1525 5025 1644 5097 adhuc
1667 5023 1811 5122 penitus

144 5165 185 5223 et
204 5147 529 5246 indisciplinato
543 5149 695 5249 populO,
713 5174 754 5223 ac
769 5148 867 5222 durae
884 5148 1031 5222 cervicis
1045 5171 1189 5245 semper
1205 5160 1311 5244 atque
1328 5144 1464 5236 rebelli,
1485 5143 1725 5217 inchoationis
1742 5143 1811 5217 ali-
