4559 6100
857 731 1207 839 MAGISTRI

352 1102 817 1340 Portu
899 1097 1723 1343 tonitrui

414 1608 626 1698 El'lllCA
647 1609 748 1698 SEU
775 1608 944 1705 LIBER
964 1609 1193 1704 oloros:
1222 1610 1381 1701 sciro
1406 1609 1667 1702 tursolt.

905 1941 1170 1952 fl———u—-u—-u

286 2174 322 2236 In
339 2173 574 2238 Commentario
591 2176 632 2242 de
648 2176 791 2266 Epistola
807 2179 894 2242 Beati
911 2178 1003 2242 Pauli
1018 2180 1060 2246 ad
1075 2181 1253 2259 Romanos,
1266 2176 1455 2242 Abaelardus
1470 2175 1625 2241 lectorem
1637 2177 1725 2242 haud
1742 2178 1840 2244 semel

239 2270 373 2333 remittit
400 2269 442 2334 ad
464 2271 614 2336 Ethicom
631 2272 657 2355 ¹,
675 2276 708 2338 in
737 2297 801 2362 qua
825 2275 1069 2364 quaestiunculas
1084 2276 1241 2367 quasdam
1257 2273 1299 2339 ad
1315 2261 1551 2363 philosophiam
1577 2273 1733 2338 moralem
1760 2298 1839 2340 con-

239 2366 466 2455 scientiamque
487 2370 693 2456 pertinentes,
710 2371 824 2436 leviter
839 2387 964 2437 tantum
979 2374 1014 2438 in
1030 2375 1152 2439 caeteris
1168 2374 1231 2439 suis
1247 2372 1398 2461 operibus
1421 2370 1591 2449 delibatas,
1612 2372 1738 2461 penitus
1765 2395 1840 2461 per·

241 2464 371 2527 scrutari
388 2464 560 2555 cogitabat.
577 2467 690 2556 Neque
708 2467 843 2534 dubium
865 2486 913 2534 est
934 2471 1011 2558 quin
1033 2470 1121 2536 idem
1143 2472 1182 2535 sit
1198 2469 1277 2535 illud
1299 2491 1397 2558 opus,
1428 2467 1517 2558 quod
1542 2469 1639 2533 Divus
1662 2469 1841 2534 Bernardus

240 2561 272 2623 in
289 2559 401 2625 litteris
413 2562 476 2627 suis
493 2562 535 2628 ad
551 2564 740 2630 Pontificem
756 2589 916 2631 summum
927 2570 1139 2634 innocentem
1152 2567 1336 2657 frequenter
1349 2566 1574 2630 memoraverit
1588 2566 1649 2630 sub
1665 2566 1729 2632 hoc
1745 2567 1838 2632 titulo

239 2655 335 2719 Liber
348 2666 429 2721 scito
445 2667 589 2745 teipsum,
600 2660 719 2726 librum
737 2661 939 2744 denuntians,
952 2682 989 2729 ut
1001 2697 1015 2722 κ
1029 2682 1134 2756 segete
1151 2665 1389 2753 sacrilegiorum
1401 2678 1433 2726 ct
1443 2684 1590 2747 errorum
1605 2662 1836 2746 silvescentem,

241 2752 282 2818 de
304 2767 461 2842 potestate
477 2754 598 2845 ligandi
620 2773 715 2846 atque
737 2758 895 2843 solvendi,
914 2760 955 2826 de
972 2762 1118 2850 originali
1133 2777 1284 2851 peccato,
1303 2759 1344 2825 de
1362 2760 1629 2849 concupiscentia,
1649 2759 1691 2825 de
1706 2778 1839 2850 peccato

241 2849 470 2932 delectationis,
486 2850 527 2918 de
539 2871 671 2943 peccato
687 2854 893 2934 infirmitatis,
911 2856 952 2922 de
968 2874 1099 2947 peccato
1115 2858 1317 2948 ignorantie,
1337 2856 1379 2922 de
1394 2878 1491 2945 opere
1508 2859 1642 2947 peccati,
1663 2858 1705 2922 de
1720 2858 1839 2923 volun-

242 2962 306 3012 tate
327 2948 520 3037 peccandi².
550 2982 563 3008 ν
587 2952 786 3019 Memoratur
802 2977 930 3044 quoque
945 2955 1040 3019 Liber
1059 2963 1140 3020 scito
1159 2963 1292 3044 teipsum
1315 2977 1335 3019 a
1356 2951 1528 3019 Guillelmo
1547 2954 1664 3020 abbate
1684 2953 1718 3019 S.
1732 2955 1840 3020 Theo·

242 3042 343 3110 dorici
356 3043 383 3122 ⁸,
406 3063 439 3111 et
457 3048 491 3112 in
507 3048 733 3137 Disputatione
753 3053 878 3117 abbatis
895 3052 906 3087 ⁶
927 3054 1078 3142 anonymi
1098 3076 1195 3142 quem
1214 3050 1406 3119 Gaufridum
1423 3051 1723 3117 Altissiodorensem
1746 3052 1839 3118 fuisse

241 3141 394 3224 credunt;
411 3167 472 3209 nec
494 3143 620 3211 dubitat
641 3146 727 3214 And.
761 3148 1005 3230 Quercetanus‘
1034 3151 1111 3239 quin
1136 3172 1213 3215 eum
1237 3151 1335 3214 etiam
1354 3147 1480 3237 legisset
1505 3171 1684 3237 anonymus
1709 3148 1839 3237 quidam

242 3253 338 3325 poeta
369 3241 424 3328 qui
459 3242 580 3331 scripsit
615 3267 701 3308 anno
732 3250 831 3322 1376,
861 3244 1144 3334 definitionemque
1167 3245 1259 3310 liberi
1283 3245 1404 3310 arbitrii
1428 3267 1467 3308 ex
1494 3245 1668 3310 Abaelardo
1687 3246 1731 3309 sic
1755 3269 1834 3333 pro-

242 3342 337 3407 tulit:

704 3493 803 3553 Pierio
815 3491 943 3553 Abalard
957 3513 993 3553 en
1010 3513 1051 3553 un
1062 3494 1192 3574 chapitrc

702 3584 748 3641 on
760 3581 781 3639 il
796 3581 877 3661 parle
890 3582 927 3641 de
942 3581 1149 3642 franc-arbitro

700 3673 780 3729 Nous
793 3670 836 3729 dit
848 3671 922 3730 ainsi
937 3690 974 3730 en
985 3671 1077 3730 verite

700 3761 764 3832 Que
777 3762 847 3817 c'est
861 3779 920 3819 une
934 3758 1054 3819 babiliti

699 3850 795 3906 D’une
807 3847 947 3907 voulente
959 3845 1143 3907 raisonnable

700 3935 762 3997 Soit
775 3935 812 3995 de
824 3934 893 3995 bien
906 3956 947 3997 on
959 3936 997 3995 dc
1010 3936 1067 3994 mal
1081 3933 1221 4015 prenable

700 4028 757 4082 Par
770 4026 856 4104 grice
869 4037 912 4083 est
928 4027 944 4084 i
959 4021 1027 4084 bien
1040 4024 1113 4082 faire
1129 4023 1242 4082 encline

701 4115 766 4170 Eti
782 4113 839 4172 mal
853 4112 950 4191 quand
966 4113 1022 4172 elle
1036 4111 1174 4172 descline.

286 4264 407 4331 Verum
422 4267 493 4331 haec
508 4265 639 4347 Ethica,
657 4268 801 4356 quamvis
816 4266 1054 4358 diligentissime
1075 4266 1266 4355 perquisita,
1289 4287 1308 4328 a
1328 4264 1543 4348 Queroetano,
1564 4282 1600 4330 ut
1614 4267 1682 4355 ipse
1697 4268 1753 4345 ait,
1772 4288 1838 4329 non

241 4377 367 4450 reperta
383 4361 455 4444 fnit,
472 4363 591 4452 diuque
602 4364 676 4430 viris
693 4364 795 4432 doctis
812 4363 989 4431 desiderata
1005 4380 1072 4446 est,
1091 4363 1170 4428 dum
1190 4385 1263 4430 earn
1284 4361 1439 4451 primuse
1460 4361 1707 4429 membranaceo
1727 4361 1838 4428 codice

241 4457 526 4526 Emmerammensi
542 4461 598 4549 qui
609 4478 831 4527 sexcentorum
846 4462 970 4530 circiter
989 4483 1148 4527 annorum
1168 4474 1252 4538 erat,
1276 4459 1310 4523 in
1339 4459 1505 4525 Thesauro
1523 4460 1760 4525 Anecdotorum
1776 4481 1836 4523 no·

242 4561 383 4636 vtrsimo,
401 4572 481 4622 tom.
499 4559 558 4640 III,
576 4557 679 4624 edidit
689 4560 727 4624 Β.
742 4560 865 4626 Pezius.
882 4559 915 4625 Si
930 4560 1000 4648 quis
1014 4575 1152 4624 auteme
1168 4556 1289 4623 caeteris
1305 4555 1468 4621 Abaelardi
1489 4557 1639 4647 operibus
1665 4556 1838 4642 conjecerit

241 4651 428 4740 scriptorem
449 4655 483 4717 in
503 4656 665 4746 principiis
687 4678 794 4720 rerum
822 4679 859 4721 ac
884 4656 1098 4722 fundamentis
1114 4651 1345 4721 constituendis
1360 4653 1529 4736 audacem,
1555 4652 1838 4742 inconsequentiis

240 4768 318 4814 vero
342 4748 533 4840 indagandis
547 4753 692 4818 ubertate
708 4751 848 4841 quadam
871 4776 909 4819 ac
924 4755 957 4817 vi
972 4753 1104 4818 rationis
1123 4766 1345 4843 prestantem,
1366 4750 1436 4840 pari
1460 4754 1689 4818 sententiarum
1712 4770 1836 4814 sermo·

273 4962 279 4988 ¹
291 4957 353 5009 the
363 4971 447 5022 supra,
463 4972 518 5022 pag.
528 4961 586 5020 tlt,
597 4963 653 5020 ott,
665 4961 775 5023 asana.
789 4986 821 4998 -
835 4962 845 4992 ²
858 4961 883 5012 s.
896 4959 1013 5013 Bernrrdl
1066 4963 1125 5023 ster,
1137 4957 1275 5011 bonofonte
1288 4958 1425 5011 16604669
1433 4956 1524 5017 torol..
1536 4957 1600 5017 tlv,
1613 4971 1639 5021 p.
1653 4958 1744 5009 1ta.-
1755 4958 1837 5012 mitt.

242 5052 332 5103 opera,
344 5037 442 5090 menn
454 5041 525 5102 1690,
538 5040 630 5101 ltu-tol..
649 5049 669 5091 t
685 5040 717 5105 ΙΙ,
734 5040 813 5104 Epist.
824 5044 879 5096 188.
891 5041 922 5093 G.
933 5043 1012 5105 Epist.
1066 5049 1135 5109 potr.
1149 5043 1304 5106 distairid,
1312 5055 1338 5104 p.
1347 5043 1406 5093 tte.
1418 5065 1448 5077 -
1464 5039 1518 5090 ‘Io
1529 5039 1604 5091 Notis
1614 5038 1649 5090 od
1660 5038 1758 5091 uota.
1770 5038 1839 5092 tolo

244 5120 352 5170 itt-¹
360 5118 520 5173 Bibliotheca
527 5124 636 5186 potrum
643 5119 857 5183 vicecomitem,
867 5135 910 5185 op.
922 5121 951 5173 B.
961 5120 1015 5174 ’ils-
1068 5123 1156 5175 mitat.
1168 5121 1224 5174 th.
1237 5120 1306 5174 'loon
1321 5120 1341 5173 1.
1354 5121 1457 5183 tumeo
1466 5118 1591 5180 editionis,
1607 5131 1634 5182 p.
1646 5120 1688 5172 st.

363 5229 387 5267 ιι
1679 5212 1717 5267 tt
