<?xml version="1.0" encoding="UTF-8"?>
<!DOCTYPE html PUBLIC "-//W3C//DTD XHTML 1.0 Transitional//EN"
    "http://www.w3.org/TR/xhtml1/DTD/xhtml1-transitional.dtd">
<html xmlns="http://www.w3.org/1999/xhtml" xml:lang="en" lang="en">
 <head>
  <title>
</title>
<meta http-equiv="Content-Type" content="text/html;charset=utf-8" />
  <meta name='ocr-system' content='tesseract 3.04.00' />
  <meta name='ocr-capabilities' content='ocr_page ocr_carea ocr_par ocr_line ocrx_word'/>
</head>
<body>
  <div class='ocr_page' id='page_1' title='image "./petriablardiope00despgoog_0644.png"; bbox 0 0 4559 6100; ppageno 0'>
   <div class='ocr_carea' id='block_1_1' title="bbox 478 478 1457 559">
    <p class='ocr_par' dir='ltr' id='par_1_1' title="bbox 478 478 1457 559">
     <span class='ocr_line' id='line_1_1' title="bbox 478 478 1457 559; baseline -0.007 -2"><span class='ocrx_word' id='word_1_1' title='bbox 478 486 550 559; x_wconf 84' lang='lat'><strong>586</strong></span> <span class='ocrx_word' id='word_1_2' title='bbox 1081 481 1203 554; x_wconf 82' lang='lat' dir='ltr'>PETRI</span> <span class='ocrx_word' id='word_1_3' title='bbox 1228 478 1457 551; x_wconf 80' lang='lat' dir='ltr'><strong>ABAELARDI</strong></span> 
     </span>
    </p>
   </div>
   <div class='ocr_carea' id='block_1_2' title="bbox 475 614 2077 2671">
    <p class='ocr_par' dir='ltr' id='par_1_2' title="bbox 475 614 2077 2671">
     <span class='ocr_line' id='line_1_2' title="bbox 476 614 2074 724; baseline -0.007 -23"><span class='ocrx_word' id='word_1_4' title='bbox 476 635 640 710; x_wconf 81' lang='lat' dir='ltr'><strong>voluntas,</strong></span> <span class='ocrx_word' id='word_1_5' title='bbox 670 635 744 724; x_wconf 90' lang='lat' dir='ltr'><strong>quia</strong></span> <span class='ocrx_word' id='word_1_6' title='bbox 765 614 817 700; x_wconf 87' lang='lat' dir='ltr'><strong>rel</strong></span> <span class='ocrx_word' id='word_1_7' title='bbox 844 633 952 722; x_wconf 87' lang='lat' dir='ltr'><strong>aliquo</strong></span> <span class='ocrx_word' id='word_1_8' title='bbox 982 634 1097 698; x_wconf 91' lang='lat' dir='ltr'><strong>timore</strong></span> <span class='ocrx_word' id='word_1_9' title='bbox 1119 630 1285 697; x_wconf 90' lang='lat' dir='ltr'><strong>mundano</strong></span> <span class='ocrx_word' id='word_1_10' title='bbox 1308 628 1359 694; x_wconf 88' lang='lat' dir='ltr'><strong>rel</strong></span> <span class='ocrx_word' id='word_1_11' title='bbox 1389 628 1495 716; x_wconf 90' lang='lat' dir='ltr'><strong>aliqua</strong></span> <span class='ocrx_word' id='word_1_12' title='bbox 1520 626 1677 692; x_wconf 77' lang='lat' dir='ltr'>mundiali</span> <span class='ocrx_word' id='word_1_13' title='bbox 1704 625 1878 716; x_wconf 86' lang='lat' dir='ltr'><strong>cupiditate</strong></span> <span class='ocrx_word' id='word_1_14' title='bbox 1902 625 2074 716; x_wconf 67' lang='lat' dir='ltr'><strong>praepediri</strong></span> 
     </span>
     <span class='ocr_line' id='line_1_3' title="bbox 475 724 2073 823; baseline -0.006 -24"><span class='ocrx_word' id='word_1_15' title='bbox 475 750 581 823; x_wconf 90' lang='lat' dir='ltr'><strong>potest</strong></span> <span class='ocrx_word' id='word_1_16' title='bbox 606 733 690 800; x_wconf 89' lang='lat' dir='ltr'><strong>adeo</strong></span> <span class='ocrx_word' id='word_1_17' title='bbox 717 734 806 822; x_wconf 90' lang='lat' dir='ltr'><strong>quod</strong></span> <span class='ocrx_word' id='word_1_18' title='bbox 828 734 948 819; x_wconf 88' lang='lat' dir='ltr'><strong>justitia</strong></span> <span class='ocrx_word' id='word_1_19' title='bbox 976 733 1009 796; x_wconf 90' lang='lat' dir='ltr'><strong>in</strong></span> <span class='ocrx_word' id='word_1_20' title='bbox 1030 731 1136 819; x_wconf 87' lang='lat' dir='ltr'><strong>aliquo</strong></span> <span class='ocrx_word' id='word_1_21' title='bbox 1156 727 1363 802; x_wconf 77' lang='lat' dir='ltr'><strong>dissolvatur,</strong></span> <span class='ocrx_word' id='word_1_22' title='bbox 1389 726 1464 792; x_wconf 90' lang='lat' dir='ltr'><strong>ideo</strong></span> <span class='ocrx_word' id='word_1_23' title='bbox 1487 724 1615 791; x_wconf 89' lang='lat' dir='ltr'><strong>duobus</strong></span> <span class='ocrx_word' id='word_1_24' title='bbox 1638 729 1727 814; x_wconf 90' lang='lat' dir='ltr'><strong>quasi</strong></span> <span class='ocrx_word' id='word_1_25' title='bbox 1741 724 1887 814; x_wconf 87' lang='lat' dir='ltr'><strong>postibus</strong></span> <span class='ocrx_word' id='word_1_26' title='bbox 1906 740 1939 789; x_wconf 92' lang='lat' dir='ltr'><strong>et</strong></span> <span class='ocrx_word' id='word_1_27' title='bbox 1961 724 2073 789; x_wconf 83' lang='lat' dir='ltr'><strong>firma·</strong></span> 
     </span>
     <span class='ocr_line' id='line_1_4' title="bbox 476 821 2072 922; baseline -0.006 -26"><span class='ocrx_word' id='word_1_28' title='bbox 476 833 591 896; x_wconf 83' lang='lat' dir='ltr'><strong>mentis</strong></span> <span class='ocrx_word' id='word_1_29' title='bbox 613 831 747 922; x_wconf 83' lang='lat' dir='ltr'><strong>indiget.</strong></span> <span class='ocrx_word' id='word_1_30' title='bbox 773 832 806 895; x_wconf 91' lang='lat' dir='ltr'><strong>Si</strong></span> <span class='ocrx_word' id='word_1_31' title='bbox 829 832 915 897; x_wconf 89' lang='lat' dir='ltr'><strong>enim</strong></span> <span class='ocrx_word' id='word_1_32' title='bbox 936 830 1049 918; x_wconf 87' lang='lat' dir='ltr'><strong>aliquis</strong></span> <span class='ocrx_word' id='word_1_33' title='bbox 1069 830 1121 903; x_wconf 87' lang='lat' dir='ltr'><strong>sit,</strong></span> <span class='ocrx_word' id='word_1_34' title='bbox 1145 850 1241 916; x_wconf 88' lang='lat' dir='ltr'><strong>quem</strong></span> <span class='ocrx_word' id='word_1_35' title='bbox 1262 825 1400 891; x_wconf 82' lang='lat' dir='ltr'><strong>debeam</strong></span> <span class='ocrx_word' id='word_1_36' title='bbox 1421 826 1583 889; x_wconf 89' lang='lat' dir='ltr'><strong>honorare</strong></span> <span class='ocrx_word' id='word_1_37' title='bbox 1604 839 1637 889; x_wconf 88' lang='lat' dir='ltr'><strong>et</strong></span> <span class='ocrx_word' id='word_1_38' title='bbox 1658 823 1810 888; x_wconf 88' lang='lat' dir='ltr'><strong>derebus</strong></span> <span class='ocrx_word' id='word_1_39' title='bbox 1830 823 1909 887; x_wconf 91' lang='lat' dir='ltr'><strong>meis</strong></span> <span class='ocrx_word' id='word_1_40' title='bbox 1930 821 2072 903; x_wconf 87' lang='lat' dir='ltr'><strong>cidare,</strong></span> 
     </span>
     <span class='ocr_line' id='line_1_5' title="bbox 477 919 2073 1019; baseline -0.006 -26"><span class='ocrx_word' id='word_1_41' title='bbox 477 929 553 1017; x_wconf 90' lang='lat' dir='ltr'><strong>quia</strong></span> <span class='ocrx_word' id='word_1_42' title='bbox 575 931 700 1019; x_wconf 91' lang='lat' dir='ltr'><strong>sapiens</strong></span> <span class='ocrx_word' id='word_1_43' title='bbox 722 945 769 994; x_wconf 90' lang='lat' dir='ltr'><strong>est</strong></span> <span class='ocrx_word' id='word_1_44' title='bbox 791 945 824 994; x_wconf 90' lang='lat' dir='ltr'><strong>et</strong></span> <span class='ocrx_word' id='word_1_45' title='bbox 845 928 916 993; x_wconf 89' lang='lat' dir='ltr'><strong>talis</strong></span> <span class='ocrx_word' id='word_1_46' title='bbox 936 929 989 993; x_wconf 91' lang='lat' dir='ltr'><strong>cui</strong></span> <span class='ocrx_word' id='word_1_47' title='bbox 1008 927 1187 1011; x_wconf 84' lang='lat' dir='ltr'><strong>exjustitia</strong></span> <span class='ocrx_word' id='word_1_48' title='bbox 1207 924 1272 990; x_wconf 89' lang='lat' dir='ltr'><strong>hoc</strong></span> <span class='ocrx_word' id='word_1_49' title='bbox 1293 922 1452 988; x_wconf 80' lang='lat' dir='ltr'><strong>debeam:</strong></span> <span class='ocrx_word' id='word_1_50' title='bbox 1472 920 1585 1009; x_wconf 87' lang='lat' dir='ltr'><strong>aliquis</strong></span> <span class='ocrx_word' id='word_1_51' title='bbox 1596 944 1673 986; x_wconf 87' lang='lat' dir='ltr'><strong>vero</strong></span> <span class='ocrx_word' id='word_1_52' title='bbox 1694 919 1859 985; x_wconf 78' lang='lat' dir='ltr'><strong>dicatzNe</strong></span> <span class='ocrx_word' id='word_1_53' title='bbox 1877 922 1940 985; x_wconf 90' lang='lat' dir='ltr'><strong>hoc</strong></span> <span class='ocrx_word' id='word_1_54' title='bbox 1963 919 2073 1000; x_wconf 72' lang='lat' dir='ltr'><strong>meins,</strong></span> 
     </span>
     <span class='ocr_line' id='line_1_6' title="bbox 478 1018 2072 1116; baseline -0.004 -28"><span class='ocrx_word' id='word_1_55' title='bbox 478 1048 519 1091; x_wconf 92' lang='lat' dir='ltr'><strong>ne</strong></span> <span class='ocrx_word' id='word_1_56' title='bbox 534 1049 609 1092; x_wconf 90' lang='lat' dir='ltr'><strong>eum</strong></span> <span class='ocrx_word' id='word_1_57' title='bbox 631 1027 690 1092; x_wconf 91' lang='lat' dir='ltr'><strong>tibi</strong></span> <span class='ocrx_word' id='word_1_58' title='bbox 709 1028 875 1116; x_wconf 85' lang='lat' dir='ltr'><strong>adjungas,</strong></span> <span class='ocrx_word' id='word_1_59' title='bbox 893 1027 967 1113; x_wconf 90' lang='lat' dir='ltr'><strong>quia</strong></span> <span class='ocrx_word' id='word_1_60' title='bbox 987 1026 1070 1115; x_wconf 83' lang='lat' dir='ltr'><strong>regis</strong></span> <span class='ocrx_word' id='word_1_61' title='bbox 1087 1024 1319 1102; x_wconf 70' lang='lat' dir='ltr'><strong>inimicasset,</strong></span> <span class='ocrx_word' id='word_1_62' title='bbox 1342 1037 1375 1086; x_wconf 93' lang='lat' dir='ltr'><strong>et</strong></span> <span class='ocrx_word' id='word_1_63' title='bbox 1397 1018 1472 1086; x_wconf 92' lang='lat' dir='ltr'><strong>ideo</strong></span> <span class='ocrx_word' id='word_1_64' title='bbox 1495 1018 1587 1084; x_wconf 88' lang='lat' dir='ltr'><strong>facile</strong></span> <span class='ocrx_word' id='word_1_65' title='bbox 1606 1019 1689 1108; x_wconf 85' lang='lat' dir='ltr'><strong>regis</strong></span> <span class='ocrx_word' id='word_1_66' title='bbox 1710 1018 1891 1082; x_wconf 88' lang='lat' dir='ltr'><strong>inimicitias</strong></span> <span class='ocrx_word' id='word_1_67' title='bbox 1905 1019 2072 1082; x_wconf 88' lang='lat' dir='ltr'><strong>incurres:</strong></span> 
     </span>
     <span class='ocr_line' id='line_1_7' title="bbox 476 1114 2075 1215; baseline -0.005 -28"><span class='ocrx_word' id='word_1_68' title='bbox 476 1123 540 1188; x_wconf 91' lang='lat' dir='ltr'><strong>boc</strong></span> <span class='ocrx_word' id='word_1_69' title='bbox 563 1127 679 1190; x_wconf 90' lang='lat' dir='ltr'><strong>timore</strong></span> <span class='ocrx_word' id='word_1_70' title='bbox 703 1124 848 1215; x_wconf 89' lang='lat' dir='ltr'><strong>profecto</strong></span> <span class='ocrx_word' id='word_1_71' title='bbox 871 1123 912 1187; x_wconf 91' lang='lat' dir='ltr'><strong>ab</strong></span> <span class='ocrx_word' id='word_1_72' title='bbox 932 1123 994 1188; x_wconf 88' lang='lat' dir='ltr'><strong>hac</strong></span> <span class='ocrx_word' id='word_1_73' title='bbox 1014 1145 1111 1210; x_wconf 91' lang='lat' dir='ltr'><strong>quam</strong></span> <span class='ocrx_word' id='word_1_74' title='bbox 1129 1120 1175 1185; x_wconf 91' lang='lat' dir='ltr'><strong>illi</strong></span> <span class='ocrx_word' id='word_1_75' title='bbox 1196 1118 1300 1185; x_wconf 88' lang='lat' dir='ltr'><strong>debeo</strong></span> <span class='ocrx_word' id='word_1_76' title='bbox 1316 1118 1440 1205; x_wconf 83' lang='lat' dir='ltr'><strong>justitia</strong></span> <span class='ocrx_word' id='word_1_77' title='bbox 1457 1117 1577 1181; x_wconf 89' lang='lat' dir='ltr'><strong>retrahi</strong></span> <span class='ocrx_word' id='word_1_78' title='bbox 1596 1138 1737 1206; x_wconf 86' lang='lat' dir='ltr'><strong>possum,</strong></span> <span class='ocrx_word' id='word_1_79' title='bbox 1753 1131 1786 1180; x_wconf 93' lang='lat' dir='ltr'><strong>et</strong></span> <span class='ocrx_word' id='word_1_80' title='bbox 1796 1130 1866 1180; x_wconf 90' lang='lat' dir='ltr'><strong>tum</strong></span> <span class='ocrx_word' id='word_1_81' title='bbox 1887 1114 2075 1180; x_wconf 85' lang='lat' dir='ltr'><strong>fortimdine</strong></span> 
     </span>
     <span class='ocr_line' id='line_1_8' title="bbox 477 1210 2075 1309; baseline -0.005 -25"><span class='ocrx_word' id='word_1_82' title='bbox 477 1243 557 1309; x_wconf 93' lang='lat' dir='ltr'><strong>opus</strong></span> <span class='ocrx_word' id='word_1_83' title='bbox 579 1238 638 1287; x_wconf 90' lang='lat' dir='ltr'><strong>est.</strong></span> <span class='ocrx_word' id='word_1_84' title='bbox 657 1220 826 1287; x_wconf 82' lang='lat' dir='ltr'><strong>Fortitudo</strong></span> <span class='ocrx_word' id='word_1_85' title='bbox 859 1221 946 1297; x_wconf 86' lang='lat' dir='ltr'><strong>enim</strong></span> <span class='ocrx_word' id='word_1_86' title='bbox 967 1222 1067 1284; x_wconf 86' lang='lat' dir='ltr'><strong>virtus</strong></span> <span class='ocrx_word' id='word_1_87' title='bbox 1084 1234 1133 1284; x_wconf 89' lang='lat' dir='ltr'><strong>est</strong></span> <span class='ocrx_word' id='word_1_88' title='bbox 1153 1233 1265 1283; x_wconf 86' lang='lat' dir='ltr'><strong>contra</strong></span> <span class='ocrx_word' id='word_1_89' title='bbox 1287 1217 1432 1295; x_wconf 79' lang='lat' dir='ltr'><strong>adversa,</strong></span> <span class='ocrx_word' id='word_1_90' title='bbox 1455 1236 1527 1302; x_wconf 87' lang='lat' dir='ltr'><strong>quae</strong></span> <span class='ocrx_word' id='word_1_91' title='bbox 1546 1213 1623 1278; x_wconf 81' lang='lat' dir='ltr'><strong>lacit</strong></span> <span class='ocrx_word' id='word_1_92' title='bbox 1642 1236 1685 1278; x_wconf 91' lang='lat' dir='ltr'><strong>ne</strong></span> <span class='ocrx_word' id='word_1_93' title='bbox 1704 1213 1857 1298; x_wconf 88' lang='lat' dir='ltr'><strong>justitiam</strong></span> <span class='ocrx_word' id='word_1_94' title='bbox 1881 1212 1997 1277; x_wconf 87' lang='lat' dir='ltr'><strong>timore</strong></span> <span class='ocrx_word' id='word_1_95' title='bbox 2023 1210 2075 1276; x_wconf 83' lang='lat' dir='ltr'><strong>vel</strong></span> 
     </span>
     <span class='ocr_line' id='line_1_9' title="bbox 478 1309 2074 1407; baseline -0.005 -25"><span class='ocrx_word' id='word_1_96' title='bbox 478 1316 585 1407; x_wconf 88' lang='lat' dir='ltr'><strong>aliquo</strong></span> <span class='ocrx_word' id='word_1_97' title='bbox 602 1319 657 1384; x_wconf 89' lang='lat' dir='ltr'><strong>tali</strong></span> <span class='ocrx_word' id='word_1_98' title='bbox 675 1318 869 1385; x_wconf 86' lang='lat' dir='ltr'><strong>deseramus.</strong></span> <span class='ocrx_word' id='word_1_99' title='bbox 884 1318 1035 1383; x_wconf 83' lang='lat' dir='ltr'><strong>Similiter</strong></span> <span class='ocrx_word' id='word_1_100' title='bbox 1050 1340 1124 1382; x_wconf 91' lang='lat' dir='ltr'><strong>cum</strong></span> <span class='ocrx_word' id='word_1_101' title='bbox 1137 1315 1275 1381; x_wconf 80' lang='lat' dir='ltr'><strong>debeam</strong></span> <span class='ocrx_word' id='word_1_102' title='bbox 1291 1314 1385 1379; x_wconf 89' lang='lat' dir='ltr'><strong>alicui</strong></span> <span class='ocrx_word' id='word_1_103' title='bbox 1398 1313 1475 1377; x_wconf 90' lang='lat' dir='ltr'><strong>dare</strong></span> <span class='ocrx_word' id='word_1_104' title='bbox 1492 1311 1533 1377; x_wconf 89' lang='lat' dir='ltr'><strong>de</strong></span> <span class='ocrx_word' id='word_1_105' title='bbox 1548 1312 1645 1376; x_wconf 90' lang='lat' dir='ltr'><strong>rebus</strong></span> <span class='ocrx_word' id='word_1_106' title='bbox 1654 1312 1746 1389; x_wconf 88' lang='lat' dir='ltr'><strong>meis,</strong></span> <span class='ocrx_word' id='word_1_107' title='bbox 1760 1310 1835 1397; x_wconf 88' lang='lat' dir='ltr'><strong>quia</strong></span> <span class='ocrx_word' id='word_1_108' title='bbox 1854 1309 1922 1398; x_wconf 82' lang='lat' dir='ltr'><strong>ipse</strong></span> <span class='ocrx_word' id='word_1_109' title='bbox 1936 1310 2074 1399; x_wconf 81' lang='lat' dir='ltr'><strong>indiget,</strong></span> 
     </span>
     <span class='ocr_line' id='line_1_10' title="bbox 477 1406 2075 1506; baseline -0.006 -26"><span class='ocrx_word' id='word_1_110' title='bbox 477 1431 511 1480; x_wconf 91' lang='lat' dir='ltr'><strong>et</strong></span> <span class='ocrx_word' id='word_1_111' title='bbox 527 1439 588 1506; x_wconf 84' lang='lat' dir='ltr'><strong>ego</strong></span> <span class='ocrx_word' id='word_1_112' title='bbox 605 1419 827 1506; x_wconf 81' lang='lat' dir='ltr'><strong>concupiscam</strong></span> <span class='ocrx_word' id='word_1_113' title='bbox 840 1415 929 1503; x_wconf 91' lang='lat' dir='ltr'><strong>quod</strong></span> <span class='ocrx_word' id='word_1_114' title='bbox 946 1416 1053 1480; x_wconf 90' lang='lat' dir='ltr'><strong>habeo</strong></span> <span class='ocrx_word' id='word_1_115' title='bbox 1069 1414 1219 1494; x_wconf 77' lang='lat' dir='ltr'><strong>renuere,</strong></span> <span class='ocrx_word' id='word_1_116' title='bbox 1238 1412 1313 1500; x_wconf 88' lang='lat' dir='ltr'><strong>quia</strong></span> <span class='ocrx_word' id='word_1_117' title='bbox 1324 1410 1402 1475; x_wconf 89' lang='lat' dir='ltr'><strong>utile</strong></span> <span class='ocrx_word' id='word_1_118' title='bbox 1413 1409 1493 1474; x_wconf 89' lang='lat' dir='ltr'><strong>mihi</strong></span> <span class='ocrx_word' id='word_1_119' title='bbox 1509 1424 1620 1499; x_wconf 89' lang='lat' dir='ltr'><strong>putem</strong></span> <span class='ocrx_word' id='word_1_120' title='bbox 1633 1407 1725 1487; x_wconf 88' lang='lat' dir='ltr'><strong>illud,</strong></span> <span class='ocrx_word' id='word_1_121' title='bbox 1743 1406 1795 1472; x_wconf 87' lang='lat' dir='ltr'><strong>rel</strong></span> <span class='ocrx_word' id='word_1_122' title='bbox 1811 1408 1887 1495; x_wconf 91' lang='lat' dir='ltr'><strong>quia</strong></span> <span class='ocrx_word' id='word_1_123' title='bbox 1901 1430 1968 1471; x_wconf 87' lang='lat' dir='ltr'><strong>non</strong></span> <span class='ocrx_word' id='word_1_124' title='bbox 1982 1406 2075 1471; x_wconf 87' lang='lat' dir='ltr'><strong>facile</strong></span> 
     </span>
     <span class='ocr_line' id='line_1_11' title="bbox 478 1503 2075 1603; baseline -0.006 -25"><span class='ocrx_word' id='word_1_125' title='bbox 478 1536 701 1603; x_wconf 79' lang='lat' dir='ltr'><strong>recuperarem</strong></span> <span class='ocrx_word' id='word_1_126' title='bbox 718 1513 811 1595; x_wconf 92' lang='lat' dir='ltr'><strong>illud,</strong></span> <span class='ocrx_word' id='word_1_127' title='bbox 837 1530 914 1578; x_wconf 91' lang='lat' dir='ltr'><strong>tunc</strong></span> <span class='ocrx_word' id='word_1_128' title='bbox 933 1513 1109 1578; x_wconf 88' lang='lat' dir='ltr'><strong>necessaria</strong></span> <span class='ocrx_word' id='word_1_129' title='bbox 1130 1527 1178 1576; x_wconf 88' lang='lat' dir='ltr'><strong>est</strong></span> <span class='ocrx_word' id='word_1_130' title='bbox 1195 1508 1405 1599; x_wconf 87' lang='lat' dir='ltr'><strong>temperantia</strong></span> <span class='ocrx_word' id='word_1_131' title='bbox 1423 1522 1536 1572; x_wconf 83' lang='lat' dir='ltr'><strong>contm</strong></span> <span class='ocrx_word' id='word_1_132' title='bbox 1553 1528 1722 1596; x_wconf 86' lang='lat' dir='ltr'><strong>prospera,</strong></span> <span class='ocrx_word' id='word_1_133' title='bbox 1748 1528 1820 1592; x_wconf 81' lang='lat' dir='ltr'><strong>quae</strong></span> <span class='ocrx_word' id='word_1_134' title='bbox 1838 1503 2075 1594; x_wconf 87' lang='lat' dir='ltr'><strong>concupiscibi-</strong></span> 
     </span>
     <span class='ocr_line' id='line_1_12' title="bbox 478 1601 2075 1701; baseline -0.004 -28"><span class='ocrx_word' id='word_1_135' title='bbox 478 1608 599 1679; x_wconf 80' lang='lat' dir='ltr'><strong>litatem</strong></span> <span class='ocrx_word' id='word_1_136' title='bbox 630 1627 810 1701; x_wconf 84' lang='lat' dir='ltr'><strong>temperans</strong></span> <span class='ocrx_word' id='word_1_137' title='bbox 831 1611 991 1695; x_wconf 87' lang='lat' dir='ltr'><strong>&#39;justitiam</strong></span> <span class='ocrx_word' id='word_1_138' title='bbox 1012 1609 1144 1674; x_wconf 75' lang='lat' dir='ltr'><strong>illesam</strong></span> <span class='ocrx_word' id='word_1_139' title='bbox 1164 1621 1342 1671; x_wconf 86' lang='lat' dir='ltr'><strong>conservat.</strong></span> <span class='ocrx_word' id='word_1_140' title='bbox 1362 1606 1440 1669; x_wconf 78' lang='lat' dir='ltr'><strong>Haec</strong></span> <span class='ocrx_word' id='word_1_141' title='bbox 1465 1604 1565 1669; x_wconf 90' lang='lat' dir='ltr'><strong>animi</strong></span> <span class='ocrx_word' id='word_1_142' title='bbox 1587 1604 1734 1669; x_wconf 77' lang='lat' dir='ltr'><strong>voluntas</strong></span> <span class='ocrx_word' id='word_1_143' title='bbox 1755 1603 1805 1667; x_wconf 91' lang='lat' dir='ltr'><strong>his</strong></span> <span class='ocrx_word' id='word_1_144' title='bbox 1830 1601 1957 1667; x_wconf 89' lang='lat' dir='ltr'><strong>duobus</strong></span> <span class='ocrx_word' id='word_1_145' title='bbox 1985 1604 2075 1695; x_wconf 87' lang='lat' dir='ltr'><strong>quasi</strong></span> 
     </span>
     <span class='ocr_line' id='line_1_13' title="bbox 477 1699 2076 1794; baseline -0.007 -21"><span class='ocrx_word' id='word_1_146' title='bbox 477 1706 670 1773; x_wconf 87' lang='lat' dir='ltr'><strong>fulcimentis</strong></span> <span class='ocrx_word' id='word_1_147' title='bbox 694 1710 825 1790; x_wconf 85' lang='lat' dir='ltr'><strong>innixa,</strong></span> <span class='ocrx_word' id='word_1_148' title='bbox 847 1708 969 1794; x_wconf 86' lang='lat' dir='ltr'><strong>justitia</strong></span> <span class='ocrx_word' id='word_1_149' title='bbox 990 1723 1049 1773; x_wconf 88' lang='lat' dir='ltr'><strong>est.</strong></span> <span class='ocrx_word' id='word_1_150' title='bbox 1076 1704 1266 1771; x_wconf 84' lang='lat' dir='ltr'><strong>Notandum</strong></span> <span class='ocrx_word' id='word_1_151' title='bbox 1285 1725 1363 1768; x_wconf 83' lang='lat' dir='ltr'><strong>vero</strong></span> <span class='ocrx_word' id='word_1_152' title='bbox 1383 1718 1443 1782; x_wconf 85' lang='lat' dir='ltr'><strong>est,</strong></span> <span class='ocrx_word' id='word_1_153' title='bbox 1467 1701 1556 1790; x_wconf 89' lang='lat' dir='ltr'><strong>quod</strong></span> <span class='ocrx_word' id='word_1_154' title='bbox 1577 1725 1652 1766; x_wconf 90' lang='lat' dir='ltr'><strong>cum</strong></span> <span class='ocrx_word' id='word_1_155' title='bbox 1669 1701 1789 1786; x_wconf 87' lang='lat' dir='ltr'><strong>justitia</strong></span> <span class='ocrx_word' id='word_1_156' title='bbox 1810 1699 1957 1764; x_wconf 82' lang='lat' dir='ltr'><strong>voluntas</strong></span> <span class='ocrx_word' id='word_1_157' title='bbox 1977 1701 2076 1765; x_wconf 88' lang='lat' dir='ltr'><strong>animi</strong></span> 
     </span>
     <span class='ocr_line' id='line_1_14' title="bbox 478 1798 2075 1894; baseline -0.003 -26"><span class='ocrx_word' id='word_1_158' title='bbox 478 1805 534 1878; x_wconf 84' lang='lat' dir='ltr'><strong>sit,</strong></span> <span class='ocrx_word' id='word_1_159' title='bbox 551 1804 771 1871; x_wconf 79' lang='lat' dir='ltr'><strong>fortitudinem</strong></span> <span class='ocrx_word' id='word_1_160' title='bbox 783 1822 815 1871; x_wconf 90' lang='lat' dir='ltr'><strong>et</strong></span> <span class='ocrx_word' id='word_1_161' title='bbox 831 1805 1088 1894; x_wconf 88' lang='lat' dir='ltr'><strong>temperantiam,</strong></span> <span class='ocrx_word' id='word_1_162' title='bbox 1114 1825 1189 1868; x_wconf 92' lang='lat' dir='ltr'><strong>cum</strong></span> <span class='ocrx_word' id='word_1_163' title='bbox 1210 1823 1321 1867; x_wconf 82' lang='lat' dir='ltr'><strong>earum</strong></span> <span class='ocrx_word' id='word_1_164' title='bbox 1333 1802 1501 1866; x_wconf 86' lang='lat' dir='ltr'><strong>contrariae</strong></span> <span class='ocrx_word' id='word_1_165' title='bbox 1520 1800 1718 1891; x_wconf 83' lang='lat' dir='ltr'><strong>impotentiae</strong></span> <span class='ocrx_word' id='word_1_166' title='bbox 1734 1799 1815 1880; x_wconf 90' lang='lat' dir='ltr'><strong>sint,</strong></span> <span class='ocrx_word' id='word_1_167' title='bbox 1828 1798 1988 1887; x_wconf 88' lang='lat' dir='ltr'><strong>potentias</strong></span> <span class='ocrx_word' id='word_1_168' title='bbox 2008 1820 2075 1864; x_wconf 84' lang='lat' dir='ltr'><strong>esse</strong></span> 
     </span>
     <span class='ocr_line' id='line_1_15' title="bbox 478 1896 2076 1992; baseline -0.004 -27"><span class='ocrx_word' id='word_1_169' title='bbox 478 1924 607 1967; x_wconf 86' lang='lat' dir='ltr'><strong>necesse</strong></span> <span class='ocrx_word' id='word_1_170' title='bbox 632 1918 691 1968; x_wconf 87' lang='lat' dir='ltr'><strong>est.</strong></span> <span class='ocrx_word' id='word_1_171' title='bbox 716 1903 966 1992; x_wconf 81' lang='lat' dir='ltr'><strong>Intemperantia</strong></span> <span class='ocrx_word' id='word_1_172' title='bbox 988 1903 1076 1966; x_wconf 89' lang='lat' dir='ltr'><strong>enim</strong></span> <span class='ocrx_word' id='word_1_173' title='bbox 1098 1916 1132 1966; x_wconf 93' lang='lat' dir='ltr'><strong>et</strong></span> <span class='ocrx_word' id='word_1_174' title='bbox 1158 1899 1316 1978; x_wconf 86' lang='lat' dir='ltr'><strong>debilitas,</strong></span> <span class='ocrx_word' id='word_1_175' title='bbox 1342 1921 1414 1987; x_wconf 79' lang='lat' dir='ltr'><strong>quta</strong></span> <span class='ocrx_word' id='word_1_176' title='bbox 1436 1920 1547 1963; x_wconf 89' lang='lat' dir='ltr'><strong>earum</strong></span> <span class='ocrx_word' id='word_1_177' title='bbox 1570 1897 1736 1962; x_wconf 74' lang='lat' dir='ltr'><strong>contrariae</strong></span> <span class='ocrx_word' id='word_1_178' title='bbox 1764 1911 1854 1978; x_wconf 87' lang='lat' dir='ltr'><strong>sunt,</strong></span> <span class='ocrx_word' id='word_1_179' title='bbox 1877 1896 2076 1985; x_wconf 73' lang='lat' dir='ltr'><strong>impotentia</strong></span> 
     </span>
     <span class='ocr_line' id='line_1_16' title="bbox 478 1992 2075 2091; baseline -0.003 -29"><span class='ocrx_word' id='word_1_180' title='bbox 478 1998 637 2066; x_wconf 85' lang='lat' dir='ltr'><strong>videntur.</strong></span> <span class='ocrx_word' id='word_1_181' title='bbox 661 2001 710 2064; x_wconf 81' lang='lat' dir='ltr'><strong>Ex</strong></span> <span class='ocrx_word' id='word_1_182' title='bbox 727 2001 858 2065; x_wconf 89' lang='lat' dir='ltr'><strong>caritate</strong></span> <span class='ocrx_word' id='word_1_183' title='bbox 878 2000 974 2091; x_wconf 82' lang='lat' dir='ltr'><strong>igitur</strong></span> <span class='ocrx_word' id='word_1_184' title='bbox 996 2015 1070 2063; x_wconf 89' lang='lat' dir='ltr'><strong>sunt</strong></span> <span class='ocrx_word' id='word_1_185' title='bbox 1090 1999 1159 2064; x_wconf 85' lang='lat' dir='ltr'><strong>haec</strong></span> <span class='ocrx_word' id='word_1_186' title='bbox 1180 1996 1383 2078; x_wconf 85' lang='lat' dir='ltr'><strong>ftdcimenta,</strong></span> <span class='ocrx_word' id='word_1_187' title='bbox 1407 2019 1475 2060; x_wconf 90' lang='lat' dir='ltr'><strong>non</strong></span> <span class='ocrx_word' id='word_1_188' title='bbox 1498 1996 1624 2061; x_wconf 88' lang='lat' dir='ltr'><strong>caritas.</strong></span> <span class='ocrx_word' id='word_1_189' title='bbox 1650 1996 1732 2059; x_wconf 91' lang='lat' dir='ltr'><strong>Cum</strong></span> <span class='ocrx_word' id='word_1_190' title='bbox 1756 1994 1844 2059; x_wconf 91' lang='lat' dir='ltr'><strong>enim</strong></span> <span class='ocrx_word' id='word_1_191' title='bbox 1863 1992 1985 2059; x_wconf 87' lang='lat' dir='ltr'><strong>diceret</strong></span> <span class='ocrx_word' id='word_1_192' title='bbox 2003 1995 2075 2058; x_wconf 86' lang='lat' dir='ltr'><strong>Au-</strong></span> 
     </span>
     <span class='ocr_line' id='line_1_17' title="bbox 478 2091 2075 2186; baseline -0.001 -26"><span class='ocrx_word' id='word_1_193' title='bbox 478 2098 621 2186; x_wconf 83' lang='lat' dir='ltr'><strong>gustinus</strong></span> <span class='ocrx_word' id='word_1_194' title='bbox 643 2121 773 2163; x_wconf 90' lang='lat' dir='ltr'><strong>omnem</strong></span> <span class='ocrx_word' id='word_1_195' title='bbox 796 2098 947 2162; x_wconf 86' lang='lat' dir='ltr'><strong>virtutem</strong></span> <span class='ocrx_word' id='word_1_196' title='bbox 969 2120 1037 2161; x_wconf 87' lang='lat' dir='ltr'><strong>esse</strong></span> <span class='ocrx_word' id='word_1_197' title='bbox 1058 2095 1236 2176; x_wconf 85' lang='lat' dir='ltr'><strong>caritatem,</strong></span> <span class='ocrx_word' id='word_1_198' title='bbox 1261 2094 1325 2159; x_wconf 92' lang='lat' dir='ltr'><strong>hoc</strong></span> <span class='ocrx_word' id='word_1_199' title='bbox 1347 2093 1516 2175; x_wconf 79' lang='lat' dir='ltr'><strong>intellexit,</strong></span> <span class='ocrx_word' id='word_1_200' title='bbox 1534 2091 1624 2180; x_wconf 90' lang='lat' dir='ltr'><strong>quod</strong></span> <span class='ocrx_word' id='word_1_201' title='bbox 1645 2092 1751 2157; x_wconf 86' lang='lat' dir='ltr'><strong>omnis</strong></span> <span class='ocrx_word' id='word_1_202' title='bbox 1765 2106 1848 2157; x_wconf 85' lang='lat' dir='ltr'><strong>esset</strong></span> <span class='ocrx_word' id='word_1_203' title='bbox 1867 2092 2003 2174; x_wconf 86' lang='lat' dir='ltr'><strong>caritas,</strong></span> <span class='ocrx_word' id='word_1_204' title='bbox 2026 2094 2075 2159; x_wconf 84' lang='lat' dir='ltr'><strong>rel</strong></span> 
     </span>
     <span class='ocr_line' id='line_1_18' title="bbox 477 2188 2076 2280; baseline -0.003 -20"><span class='ocrx_word' id='word_1_205' title='bbox 477 2194 609 2260; x_wconf 81' lang='lat' dir='ltr'><strong>effectus</strong></span> <span class='ocrx_word' id='word_1_206' title='bbox 633 2196 773 2260; x_wconf 88' lang='lat' dir='ltr'><strong>caritatis</strong></span> <span class='ocrx_word' id='word_1_207' title='bbox 791 2218 799 2261; x_wconf 73' lang='grc' dir='ltr'><strong>ε</strong></span> <span class='ocrx_word' id='word_1_208' title='bbox 819 2196 944 2275; x_wconf 86' lang='lat' dir='ltr'><strong>caritas,</strong></span> <span class='ocrx_word' id='word_1_209' title='bbox 968 2210 1005 2259; x_wconf 91' lang='lat' dir='ltr'><strong>ut</strong></span> <span class='ocrx_word' id='word_1_210' title='bbox 1026 2215 1139 2259; x_wconf 89' lang='lat' dir='ltr'><strong>omues</strong></span> <span class='ocrx_word' id='word_1_211' title='bbox 1154 2192 1218 2257; x_wconf 83' lang='lat' dir='ltr'><strong>illae</strong></span> <span class='ocrx_word' id='word_1_212' title='bbox 1234 2214 1306 2280; x_wconf 86' lang='lat' dir='ltr'><strong>quae</strong></span> <span class='ocrx_word' id='word_1_213' title='bbox 1323 2192 1358 2256; x_wconf 92' lang='lat' dir='ltr'><strong>in</strong></span> <span class='ocrx_word' id='word_1_214' title='bbox 1381 2191 1547 2257; x_wconf 82' lang='lat' dir='ltr'><strong>voluntate</strong></span> <span class='ocrx_word' id='word_1_215' title='bbox 1562 2191 1756 2271; x_wconf 84' lang='lat' dir='ltr'><strong>comistunt3</strong></span> <span class='ocrx_word' id='word_1_216' title='bbox 1773 2188 1920 2270; x_wconf 76' lang='lat' dir='ltr'><strong>effectus,</strong></span> <span class='ocrx_word' id='word_1_217' title='bbox 1939 2204 1975 2252; x_wconf 93' lang='lat' dir='ltr'><strong>ut</strong></span> <span class='ocrx_word' id='word_1_218' title='bbox 1989 2213 2076 2278; x_wconf 80' lang='lat' dir='ltr'><strong>qute-</strong></span> 
     </span>
     <span class='ocr_line' id='line_1_19' title="bbox 476 2284 2077 2384; baseline -0.004 -26"><span class='ocrx_word' id='word_1_219' title='bbox 476 2316 604 2381; x_wconf 88' lang='lat' dir='ltr'><strong>cunque</strong></span> <span class='ocrx_word' id='word_1_220' title='bbox 625 2309 699 2357; x_wconf 90' lang='lat' dir='ltr'><strong>sunt</strong></span> <span class='ocrx_word' id='word_1_221' title='bbox 718 2294 883 2384; x_wconf 87' lang='lat' dir='ltr'><strong>potentiae.</strong></span> <span class='ocrx_word' id='word_1_222' title='bbox 907 2294 978 2357; x_wconf 86' lang='lat' dir='ltr'><strong>Hoc</strong></span> <span class='ocrx_word' id='word_1_223' title='bbox 995 2291 1080 2373; x_wconf 89' lang='lat' dir='ltr'><strong>dico,</strong></span> <span class='ocrx_word' id='word_1_224' title='bbox 1099 2291 1217 2355; x_wconf 89' lang='lat' dir='ltr'><strong>sihuic</strong></span> <span class='ocrx_word' id='word_1_225' title='bbox 1233 2289 1399 2355; x_wconf 76' lang='lat' dir='ltr'><strong>sententia</strong></span> <span class='ocrx_word' id='word_1_226' title='bbox 1420 2288 1570 2354; x_wconf 72' lang='lat' dir='ltr'><strong>amenfire</strong></span> <span class='ocrx_word' id='word_1_227' title='bbox 1584 2285 1744 2369; x_wconf 77' lang='lat' dir='ltr'><strong>volumus,</strong></span> <span class='ocrx_word' id='word_1_228' title='bbox 1768 2286 1857 2374; x_wconf 91' lang='lat' dir='ltr'><strong>quod</strong></span> <span class='ocrx_word' id='word_1_229' title='bbox 1873 2284 2030 2352; x_wconf 80' lang='lat' dir='ltr'><strong>fortitudo</strong></span> <span class='ocrx_word' id='word_1_230' title='bbox 2045 2304 2077 2353; x_wconf 90' lang='lat' dir='ltr'><strong>et</strong></span> 
     </span>
     <span class='ocr_line' id='line_1_20' title="bbox 478 2382 2075 2480; baseline -0.003 -25"><span class='ocrx_word' id='word_1_231' title='bbox 478 2391 689 2480; x_wconf 82' lang='lat' dir='ltr'><strong>temperantia</strong></span> <span class='ocrx_word' id='word_1_232' title='bbox 703 2407 736 2456; x_wconf 91' lang='lat' dir='ltr'><strong>et</strong></span> <span class='ocrx_word' id='word_1_233' title='bbox 746 2414 818 2479; x_wconf 81' lang='lat' dir='ltr'><strong>quae</strong></span> <span class='ocrx_word' id='word_1_234' title='bbox 828 2389 887 2453; x_wconf 93' lang='lat' dir='ltr'><strong>sub</strong></span> <span class='ocrx_word' id='word_1_235' title='bbox 899 2390 945 2454; x_wconf 86' lang='lat' dir='ltr'><strong>eis</strong></span> <span class='ocrx_word' id='word_1_236' title='bbox 956 2391 1163 2455; x_wconf 85' lang='lat' dir='ltr'><strong>continentur</strong></span> <span class='ocrx_word' id='word_1_237' title='bbox 1171 2388 1324 2478; x_wconf 87' lang='lat' dir='ltr'><strong>potentiae</strong></span> <span class='ocrx_word' id='word_1_238' title='bbox 1337 2387 1436 2452; x_wconf 90' lang='lat' dir='ltr'><strong>animi</strong></span> <span class='ocrx_word' id='word_1_239' title='bbox 1448 2386 1523 2467; x_wconf 91' lang='lat' dir='ltr'><strong>sint,</strong></span> <span class='ocrx_word' id='word_1_240' title='bbox 1537 2401 1570 2450; x_wconf 86' lang='lat' dir='ltr'><strong>et</strong></span> <span class='ocrx_word' id='word_1_241' title='bbox 1579 2382 1757 2450; x_wconf 86' lang='lat' dir='ltr'><strong>secundum</strong></span> <span class='ocrx_word' id='word_1_242' title='bbox 1764 2385 1828 2448; x_wconf 91' lang='lat' dir='ltr'><strong>hoc</strong></span> <span class='ocrx_word' id='word_1_243' title='bbox 1834 2383 1919 2449; x_wconf 87' lang='lat' dir='ltr'><strong>bene</strong></span> <span class='ocrx_word' id='word_1_244' title='bbox 1930 2382 2075 2464; x_wconf 84' lang='lat' dir='ltr'><strong>dicimus,</strong></span> 
     </span>
     <span class='ocr_line' id='line_1_21' title="bbox 479 2481 2075 2575; baseline -0.003 -23"><span class='ocrx_word' id='word_1_245' title='bbox 479 2487 568 2575; x_wconf 87' lang='lat' dir='ltr'><strong>quod</strong></span> <span class='ocrx_word' id='word_1_246' title='bbox 590 2486 682 2551; x_wconf 90' lang='lat' dir='ltr'><strong>multi</strong></span> <span class='ocrx_word' id='word_1_247' title='bbox 698 2488 766 2551; x_wconf 88' lang='lat' dir='ltr'><strong>sine</strong></span> <span class='ocrx_word' id='word_1_248' title='bbox 780 2488 898 2551; x_wconf 81' lang='lat' dir='ltr'><strong>virtute</strong></span> <span class='ocrx_word' id='word_1_249' title='bbox 914 2488 1088 2567; x_wconf 85' lang='lat' dir='ltr'><strong>salvantur,</strong></span> <span class='ocrx_word' id='word_1_250' title='bbox 1106 2486 1182 2573; x_wconf 91' lang='lat' dir='ltr'><strong>quia</strong></span> <span class='ocrx_word' id='word_1_251' title='bbox 1202 2484 1296 2549; x_wconf 91' lang='lat' dir='ltr'><strong>multi</strong></span> <span class='ocrx_word' id='word_1_252' title='bbox 1316 2485 1384 2549; x_wconf 89' lang='lat' dir='ltr'><strong>sine</strong></span> <span class='ocrx_word' id='word_1_253' title='bbox 1403 2482 1547 2573; x_wconf 85' lang='lat' dir='ltr'><strong>perfecta</strong></span> <span class='ocrx_word' id='word_1_254' title='bbox 1567 2482 1700 2547; x_wconf 86' lang='lat' dir='ltr'><strong>caritate</strong></span> <span class='ocrx_word' id='word_1_255' title='bbox 1720 2481 1894 2563; x_wconf 84' lang='lat' dir='ltr'><strong>salvantur,</strong></span> <span class='ocrx_word' id='word_1_256' title='bbox 1912 2483 1986 2571; x_wconf 91' lang='lat' dir='ltr'><strong>quia</strong></span> <span class='ocrx_word' id='word_1_257' title='bbox 2003 2504 2075 2547; x_wconf 84' lang='lat' dir='ltr'><strong>cum</strong></span> 
     </span>
     <span class='ocr_line' id='line_1_22' title="bbox 479 2577 2076 2671; baseline -0.002 -24"><span class='ocrx_word' id='word_1_258' title='bbox 479 2584 613 2671; x_wconf 89' lang='lat' dir='ltr'><strong>quando</strong></span> <span class='ocrx_word' id='word_1_259' title='bbox 627 2584 819 2665; x_wconf 85' lang='lat' dir='ltr'><strong>moriuntur,</strong></span> <span class='ocrx_word' id='word_1_260' title='bbox 830 2585 915 2647; x_wconf 89' lang='lat' dir='ltr'><strong>hanc</strong></span> <span class='ocrx_word' id='word_1_261' title='bbox 930 2582 1128 2648; x_wconf 86' lang='lat' dir='ltr'><strong>voluntatem</strong></span> <span class='ocrx_word' id='word_1_262' title='bbox 1143 2582 1298 2661; x_wconf 86' lang='lat' dir='ltr'><strong>babeant,</strong></span> <span class='ocrx_word' id='word_1_263' title='bbox 1310 2580 1436 2670; x_wconf 89' lang='lat' dir='ltr'><strong>quodsi</strong></span> <span class='ocrx_word' id='word_1_264' title='bbox 1452 2580 1543 2669; x_wconf 90' lang='lat' dir='ltr'><strong>optio</strong></span> <span class='ocrx_word' id='word_1_265' title='bbox 1555 2580 1601 2644; x_wconf 87' lang='lat' dir='ltr'><strong>eis</strong></span> <span class='ocrx_word' id='word_1_266' title='bbox 1617 2577 1999 2660; x_wconf 75' lang='lat' dir='ltr'><strong>daretur,mora1entur¹‚</strong></span> <span class='ocrx_word' id='word_1_267' title='bbox 2009 2602 2076 2644; x_wconf 92' lang='lat' dir='ltr'><strong>non</strong></span> 
     </span>
    </p>
   </div>
   <div class='ocr_carea' id='block_1_3' title="bbox 376 2675 2078 2766">
    <p class='ocr_par' dir='ltr' id='par_1_3' title="bbox 376 2675 2078 2766">
     <span class='ocr_line' id='line_1_23' title="bbox 376 2675 2078 2766; baseline -0.002 -21"><span class='ocrx_word' id='word_1_268' title='bbox 376 2740 379 2745; x_wconf 77' lang='grc'>,</span> <span class='ocrx_word' id='word_1_269' title='bbox 480 2697 588 2744; x_wconf 90' lang='lat' dir='ltr'><strong>tamen</strong></span> <span class='ocrx_word' id='word_1_270' title='bbox 599 2680 720 2745; x_wconf 90' lang='lat' dir='ltr'><strong>babent</strong></span> <span class='ocrx_word' id='word_1_271' title='bbox 735 2680 823 2744; x_wconf 91' lang='lat' dir='ltr'><strong>illam</strong></span> <span class='ocrx_word' id='word_1_272' title='bbox 832 2680 1031 2744; x_wconf 87' lang='lat' dir='ltr'><strong>voluntatem</strong></span> <span class='ocrx_word' id='word_1_273' title='bbox 1047 2678 1176 2744; x_wconf 87' lang='lat' dir='ltr'><strong>difficile</strong></span> <span class='ocrx_word' id='word_1_274' title='bbox 1188 2677 1355 2760; x_wconf 87' lang='lat' dir='ltr'><strong>mobilem,</strong></span> <span class='ocrx_word' id='word_1_275' title='bbox 1373 2678 1448 2766; x_wconf 90' lang='lat' dir='ltr'><strong>quia</strong></span> <span class='ocrx_word' id='word_1_276' title='bbox 1463 2677 1657 2757; x_wconf 74' lang='lat' dir='ltr'><strong>sitiverant,</strong></span> <span class='ocrx_word' id='word_1_277' title='bbox 1675 2692 1854 2741; x_wconf 89' lang='lat' dir='ltr'><strong>mutaretur</strong></span> <span class='ocrx_word' id='word_1_278' title='bbox 1867 2675 2078 2741; x_wconf 87' lang='lat' dir='ltr'><strong>illaroluntas</strong></span> 
     </span>
    </p>
   </div>
   <div class='ocr_carea' id='block_1_4' title="bbox 479 2773 2080 4915">
    <p class='ocr_par' dir='ltr' id='par_1_4' title="bbox 479 2773 2080 4915">
     <span class='ocr_line' id='line_1_24' title="bbox 481 2773 2075 2862; baseline -0.002 -21"><span class='ocrx_word' id='word_1_279' title='bbox 481 2793 514 2841; x_wconf 89' lang='lat' dir='ltr'><strong>et</strong></span> <span class='ocrx_word' id='word_1_280' title='bbox 534 2775 609 2840; x_wconf 91' lang='lat' dir='ltr'><strong>ideo</strong></span> <span class='ocrx_word' id='word_1_281' title='bbox 633 2800 700 2840; x_wconf 93' lang='lat' dir='ltr'><strong>non</strong></span> <span class='ocrx_word' id='word_1_282' title='bbox 721 2790 769 2840; x_wconf 89' lang='lat' dir='ltr'><strong>est</strong></span> <span class='ocrx_word' id='word_1_283' title='bbox 783 2779 893 2841; x_wconf 83' lang='lat' dir='ltr'><strong>virtus.</strong></span> <span class='ocrx_word' id='word_1_284' title='bbox 913 2775 947 2839; x_wconf 91' lang='lat' dir='ltr'><strong>Si</strong></span> <span class='ocrx_word' id='word_1_285' title='bbox 970 2793 1077 2840; x_wconf 91' lang='lat' dir='ltr'><strong>autem</strong></span> <span class='ocrx_word' id='word_1_286' title='bbox 1100 2774 1251 2839; x_wconf 86' lang='lat' dir='ltr'><strong>volumus</strong></span> <span class='ocrx_word' id='word_1_287' title='bbox 1275 2773 1384 2840; x_wconf 86' lang='lat' dir='ltr'><strong>dicere</strong></span> <span class='ocrx_word' id='word_1_288' title='bbox 1406 2773 1497 2862; x_wconf 91' lang='lat' dir='ltr'><strong>quod</strong></span> <span class='ocrx_word' id='word_1_289' title='bbox 1516 2774 1624 2837; x_wconf 86' lang='lat' dir='ltr'><strong>omnis</strong></span> <span class='ocrx_word' id='word_1_290' title='bbox 1639 2775 1739 2838; x_wconf 77' lang='lat' dir='ltr'><strong>virtus</strong></span> <span class='ocrx_word' id='word_1_291' title='bbox 1751 2775 1791 2839; x_wconf 91' lang='lat' dir='ltr'><strong>sit</strong></span> <span class='ocrx_word' id='word_1_292' title='bbox 1806 2773 1952 2840; x_wconf 81' lang='lat' dir='ltr'><strong>voluntas</strong></span> <span class='ocrx_word' id='word_1_293' title='bbox 1972 2773 2075 2857; x_wconf 89' lang='lat' dir='ltr'><strong>bona,</strong></span> 
     </span>
     <span class='ocr_line' id='line_1_25' title="bbox 482 2870 2075 2962; baseline -0.001 -24"><span class='ocrx_word' id='word_1_294' title='bbox 482 2896 667 2962; x_wconf 85' lang='lat' dir='ltr'><strong>possumus,</strong></span> <span class='ocrx_word' id='word_1_295' title='bbox 694 2872 783 2962; x_wconf 91' lang='lat' dir='ltr'><strong>quod</strong></span> <span class='ocrx_word' id='word_1_296' title='bbox 808 2873 913 2937; x_wconf 91' lang='lat' dir='ltr'><strong>omnis</strong></span> <span class='ocrx_word' id='word_1_297' title='bbox 941 2874 1041 2937; x_wconf 87' lang='lat' dir='ltr'><strong>virtus</strong></span> <span class='ocrx_word' id='word_1_298' title='bbox 1056 2889 1105 2937; x_wconf 89' lang='lat' dir='ltr'><strong>est</strong></span> <span class='ocrx_word' id='word_1_299' title='bbox 1119 2873 1246 2953; x_wconf 78' lang='lat' dir='ltr'><strong>cantas,</strong></span> <span class='ocrx_word' id='word_1_300' title='bbox 1274 2887 1307 2937; x_wconf 88' lang='lat' dir='ltr'><strong>et</strong></span> <span class='ocrx_word' id='word_1_301' title='bbox 1328 2873 1374 2936; x_wconf 87' lang='lat' dir='ltr'><strong>ita</strong></span> <span class='ocrx_word' id='word_1_302' title='bbox 1393 2871 1506 2936; x_wconf 85' lang='lat' dir='ltr'><strong>caritas</strong></span> <span class='ocrx_word' id='word_1_303' title='bbox 1532 2870 1595 2935; x_wconf 90' lang='lat' dir='ltr'><strong>erit</strong></span> <span class='ocrx_word' id='word_1_304' title='bbox 1617 2893 1718 2960; x_wconf 81' lang='lat' dir='ltr'><strong>genus</strong></span> <span class='ocrx_word' id='word_1_305' title='bbox 1742 2873 1888 2937; x_wconf 87' lang='lat' dir='ltr'><strong>omnium</strong></span> <span class='ocrx_word' id='word_1_306' title='bbox 1909 2872 2075 2937; x_wconf 82' lang='lat' dir='ltr'><strong>virtutum.</strong></span> 
     </span>
     <span class='ocr_line' id='line_1_26' title="bbox 479 2967 2077 3061; baseline -0.001 -27"><span class='ocrx_word' id='word_1_307' title='bbox 479 2971 637 3053; x_wconf 86' lang='lat' dir='ltr'><strong>Diximus,</strong></span> <span class='ocrx_word' id='word_1_308' title='bbox 655 2987 719 3037; x_wconf 80' lang='lat' dir='ltr'><strong>tres</strong></span> <span class='ocrx_word' id='word_1_309' title='bbox 735 2993 803 3036; x_wconf 85' lang='lat' dir='ltr'><strong>esse</strong></span> <span class='ocrx_word' id='word_1_310' title='bbox 819 2971 940 3061; x_wconf 84' lang='lat' dir='ltr'><strong>species</strong></span> <span class='ocrx_word' id='word_1_311' title='bbox 955 2971 1091 3048; x_wconf 83' lang='lat' dir='ltr'><strong>virtutis,</strong></span> <span class='ocrx_word' id='word_1_312' title='bbox 1105 2970 1261 3056; x_wconf 84' lang='lat' dir='ltr'><strong>justitiam</strong></span> <span class='ocrx_word' id='word_1_313' title='bbox 1277 2968 1406 3051; x_wconf 90' lang='lat' dir='ltr'><strong>scilicet,</strong></span> <span class='ocrx_word' id='word_1_314' title='bbox 1424 2967 1646 3033; x_wconf 81' lang='lat' dir='ltr'><strong>fortitudinem</strong></span> <span class='ocrx_word' id='word_1_315' title='bbox 1661 2983 1694 3033; x_wconf 91' lang='lat' dir='ltr'><strong>et</strong></span> <span class='ocrx_word' id='word_1_316' title='bbox 1709 2971 1966 3060; x_wconf 85' lang='lat' dir='ltr'><strong>temperantiam.</strong></span> <span class='ocrx_word' id='word_1_317' title='bbox 1984 2969 2077 3034; x_wconf 89' lang='lat' dir='ltr'><strong>Nunc</strong></span> 
     </span>
     <span class='ocr_line' id='line_1_27' title="bbox 479 3064 1987 3157; baseline 0 -25"><span class='ocrx_word' id='word_1_318' title='bbox 479 3068 706 3157; x_wconf 81' lang='lat' dir='ltr'><strong>inquirendum</strong></span> <span class='ocrx_word' id='word_1_319' title='bbox 721 3085 781 3150; x_wconf 86' lang='lat' dir='ltr'><strong>est,</strong></span> <span class='ocrx_word' id='word_1_320' title='bbox 800 3067 967 3157; x_wconf 90' lang='lat' dir='ltr'><strong>quomodo</strong></span> <span class='ocrx_word' id='word_1_321' title='bbox 981 3091 1095 3134; x_wconf 90' lang='lat' dir='ltr'><strong>omnes</strong></span> <span class='ocrx_word' id='word_1_322' title='bbox 1110 3068 1242 3132; x_wconf 84' lang='lat' dir='ltr'><strong>virtutes</strong></span> <span class='ocrx_word' id='word_1_323' title='bbox 1255 3066 1298 3132; x_wconf 88' lang='lat' dir='ltr'><strong>ad</strong></span> <span class='ocrx_word' id='word_1_324' title='bbox 1312 3068 1387 3132; x_wconf 89' lang='lat' dir='ltr'><strong>istas</strong></span> <span class='ocrx_word' id='word_1_325' title='bbox 1399 3082 1476 3146; x_wconf 66' lang='lat' dir='ltr'><strong>tres,</strong></span> <span class='ocrx_word' id='word_1_326' title='bbox 1490 3081 1523 3131; x_wconf 91' lang='lat' dir='ltr'><strong>et</strong></span> <span class='ocrx_word' id='word_1_327' title='bbox 1539 3089 1612 3154; x_wconf 75' lang='lat' dir='ltr'><strong>quas</strong></span> <span class='ocrx_word' id='word_1_328' title='bbox 1628 3064 1672 3131; x_wconf 91' lang='lat' dir='ltr'><strong>ad</strong></span> <span class='ocrx_word' id='word_1_329' title='bbox 1687 3089 1765 3155; x_wconf 87' lang='lat' dir='ltr'><strong>quas</strong></span> <span class='ocrx_word' id='word_1_330' title='bbox 1780 3066 1987 3132; x_wconf 89' lang='lat' dir='ltr'><strong>reducantur.</strong></span> 
     </span>
     <span class='ocr_line' id='line_1_28' title="bbox 523 3164 2076 3258; baseline -0.002 -27"><span class='ocrx_word' id='word_1_331' title='bbox 523 3167 668 3232; x_wconf 91' lang='lat' dir='ltr'><strong>Primum</strong></span> <span class='ocrx_word' id='word_1_332' title='bbox 683 3168 780 3258; x_wconf 84' lang='lat' dir='ltr'><strong>igitur</strong></span> <span class='ocrx_word' id='word_1_333' title='bbox 794 3166 978 3248; x_wconf 88' lang='lat' dir='ltr'><strong>rideamus,</strong></span> <span class='ocrx_word' id='word_1_334' title='bbox 995 3189 1067 3253; x_wconf 70' lang='lat' dir='ltr'><strong>quae</strong></span> <span class='ocrx_word' id='word_1_335' title='bbox 1083 3165 1294 3250; x_wconf 88' lang='lat' dir='ltr'><strong>adjustitiam</strong></span> <span class='ocrx_word' id='word_1_336' title='bbox 1309 3165 1516 3230; x_wconf 90' lang='lat' dir='ltr'><strong>reducantur.</strong></span> <span class='ocrx_word' id='word_1_337' title='bbox 1532 3164 1652 3229; x_wconf 87' lang='lat' dir='ltr'><strong>Omnes</strong></span> <span class='ocrx_word' id='word_1_338' title='bbox 1672 3164 1735 3228; x_wconf 87' lang='lat' dir='ltr'><strong>illae</strong></span> <span class='ocrx_word' id='word_1_339' title='bbox 1750 3165 1893 3244; x_wconf 83' lang='lat' dir='ltr'><strong>virtutes,</strong></span> <span class='ocrx_word' id='word_1_340' title='bbox 1913 3188 1986 3251; x_wconf 84' lang='lat' dir='ltr'><strong>qnae</strong></span> <span class='ocrx_word' id='word_1_341' title='bbox 2001 3187 2076 3254; x_wconf 92' lang='lat' dir='ltr'><strong>per-</strong></span> 
     </span>
     <span class='ocr_line' id='line_1_29' title="bbox 479 3261 2078 3351; baseline -0.003 -21"><span class='ocrx_word' id='word_1_342' title='bbox 479 3266 584 3330; x_wconf 87' lang='lat' dir='ltr'><strong>tinent</strong></span> <span class='ocrx_word' id='word_1_343' title='bbox 609 3265 651 3330; x_wconf 90' lang='lat' dir='ltr'><strong>ad</strong></span> <span class='ocrx_word' id='word_1_344' title='bbox 671 3263 875 3330; x_wconf 90' lang='lat' dir='ltr'><strong>reddendum</strong></span> <span class='ocrx_word' id='word_1_345' title='bbox 895 3263 1067 3351; x_wconf 88' lang='lat' dir='ltr'><strong>unicuique</strong></span> <span class='ocrx_word' id='word_1_346' title='bbox 1088 3261 1178 3351; x_wconf 90' lang='lat' dir='ltr'><strong>quod</strong></span> <span class='ocrx_word' id='word_1_347' title='bbox 1198 3285 1291 3327; x_wconf 90' lang='lat' dir='ltr'><strong>suum</strong></span> <span class='ocrx_word' id='word_1_348' title='bbox 1307 3278 1371 3344; x_wconf 90' lang='lat' dir='ltr'><strong>est,</strong></span> <span class='ocrx_word' id='word_1_349' title='bbox 1389 3261 1599 3346; x_wconf 84' lang='lat' dir='ltr'><strong>adjustitiam</strong></span> <span class='ocrx_word' id='word_1_350' title='bbox 1617 3277 1773 3351; x_wconf 88' lang='lat' dir='ltr'><strong>spectant.</strong></span> <span class='ocrx_word' id='word_1_351' title='bbox 1788 3262 1898 3327; x_wconf 79' lang='lat' dir='ltr'><strong>Virtus</strong></span> <span class='ocrx_word' id='word_1_352' title='bbox 1914 3261 1986 3342; x_wconf 90' lang='lat' dir='ltr'><strong>illa,</strong></span> <span class='ocrx_word' id='word_1_353' title='bbox 2006 3285 2078 3350; x_wconf 78' lang='lat' dir='ltr'><strong>qua</strong></span> 
     </span>
     <span class='ocr_line' id='line_1_30' title="bbox 481 3357 2076 3453; baseline -0.003 -25"><span class='ocrx_word' id='word_1_354' title='bbox 481 3363 621 3453; x_wconf 87' lang='lat' dir='ltr'><strong>pertinet</strong></span> <span class='ocrx_word' id='word_1_355' title='bbox 635 3362 678 3428; x_wconf 90' lang='lat' dir='ltr'><strong>ad</strong></span> <span class='ocrx_word' id='word_1_356' title='bbox 693 3361 896 3428; x_wconf 88' lang='lat' dir='ltr'><strong>reddendum</strong></span> <span class='ocrx_word' id='word_1_357' title='bbox 910 3362 981 3425; x_wconf 90' lang='lat' dir='ltr'><strong>Deo</strong></span> <span class='ocrx_word' id='word_1_358' title='bbox 993 3359 1082 3448; x_wconf 87' lang='lat' dir='ltr'><strong>quod</strong></span> <span class='ocrx_word' id='word_1_359' title='bbox 1096 3383 1190 3426; x_wconf 90' lang='lat' dir='ltr'><strong>sunm</strong></span> <span class='ocrx_word' id='word_1_360' title='bbox 1205 3377 1265 3442; x_wconf 87' lang='lat' dir='ltr'><strong>est,</strong></span> <span class='ocrx_word' id='word_1_361' title='bbox 1282 3360 1317 3423; x_wconf 89' lang='lat' dir='ltr'><strong>id</strong></span> <span class='ocrx_word' id='word_1_362' title='bbox 1330 3375 1389 3440; x_wconf 88' lang='lat' dir='ltr'><strong>est,</strong></span> <span class='ocrx_word' id='word_1_363' title='bbox 1406 3358 1519 3448; x_wconf 84' lang='lat' dir='ltr'><strong>religio</strong></span> <span class='ocrx_word' id='word_1_364' title='bbox 1531 3357 1572 3423; x_wconf 89' lang='lat' dir='ltr'><strong>ad</strong></span> <span class='ocrx_word' id='word_1_365' title='bbox 1584 3359 1739 3444; x_wconf 86' lang='lat' dir='ltr'><strong>justitiam</strong></span> <span class='ocrx_word' id='word_1_366' title='bbox 1750 3360 1901 3448; x_wconf 87' lang='lat' dir='ltr'><strong>pertinet.</strong></span> <span class='ocrx_word' id='word_1_367' title='bbox 1916 3359 2076 3441; x_wconf 90' lang='lat' dir='ltr'><strong>Similiter,</strong></span> 
     </span>
     <span class='ocr_line' id='line_1_31' title="bbox 479 3456 2078 3548; baseline -0.003 -24"><span class='ocrx_word' id='word_1_368' title='bbox 479 3483 552 3548; x_wconf 81' lang='lat' dir='ltr'><strong>qnae</strong></span> <span class='ocrx_word' id='word_1_369' title='bbox 567 3458 676 3525; x_wconf 88' lang='lat' dir='ltr'><strong>reddit</strong></span> <span class='ocrx_word' id='word_1_370' title='bbox 691 3459 877 3548; x_wconf 86' lang='lat' dir='ltr'><strong>parentibus</strong></span> <span class='ocrx_word' id='word_1_371' title='bbox 892 3456 983 3546; x_wconf 90' lang='lat' dir='ltr'><strong>quod</strong></span> <span class='ocrx_word' id='word_1_372' title='bbox 998 3480 1092 3522; x_wconf 88' lang='lat' dir='ltr'><strong>suum</strong></span> <span class='ocrx_word' id='word_1_373' title='bbox 1105 3472 1165 3539; x_wconf 80' lang='lat' dir='ltr'><strong>est,</strong></span> <span class='ocrx_word' id='word_1_374' title='bbox 1186 3457 1221 3522; x_wconf 92' lang='lat' dir='ltr'><strong>id</strong></span> <span class='ocrx_word' id='word_1_375' title='bbox 1237 3473 1295 3538; x_wconf 88' lang='lat' dir='ltr'><strong>est,</strong></span> <span class='ocrx_word' id='word_1_376' title='bbox 1313 3457 1416 3546; x_wconf 88' lang='lat' dir='ltr'><strong>pietas</strong></span> <span class='ocrx_word' id='word_1_377' title='bbox 1430 3472 1464 3521; x_wconf 88' lang='lat' dir='ltr'><strong>et</strong></span> <span class='ocrx_word' id='word_1_378' title='bbox 1477 3456 1589 3538; x_wconf 82' lang='lat' dir='ltr'><strong>virtus,</strong></span> <span class='ocrx_word' id='word_1_379' title='bbox 1607 3479 1679 3544; x_wconf 85' lang='lat' dir='ltr'><strong>quae</strong></span> <span class='ocrx_word' id='word_1_380' title='bbox 1695 3456 1804 3522; x_wconf 86' lang='lat' dir='ltr'><strong>reddit</strong></span> <span class='ocrx_word' id='word_1_381' title='bbox 1818 3457 2011 3542; x_wconf 85' lang='lat' dir='ltr'><strong>majoribus,</strong></span> <span class='ocrx_word' id='word_1_382' title='bbox 2027 3457 2078 3522; x_wconf 86' lang='lat' dir='ltr'><strong>rel</strong></span> 
     </span>
     <span class='ocr_line' id='line_1_32' title="bbox 480 3552 2078 3644; baseline -0.001 -23"><span class='ocrx_word' id='word_1_383' title='bbox 480 3557 677 3639; x_wconf 86' lang='lat' dir='ltr'><strong>minoribus,</strong></span> <span class='ocrx_word' id='word_1_384' title='bbox 694 3557 746 3623; x_wconf 84' lang='lat' dir='ltr'><strong>vel</strong></span> <span class='ocrx_word' id='word_1_385' title='bbox 762 3556 937 3644; x_wconf 71' lang='lat' dir='ltr'><strong>aequalibus</strong></span> <span class='ocrx_word' id='word_1_386' title='bbox 952 3553 1041 3643; x_wconf 91' lang='lat' dir='ltr'><strong>quod</strong></span> <span class='ocrx_word' id='word_1_387' title='bbox 1059 3577 1152 3619; x_wconf 84' lang='lat' dir='ltr'><strong>suum</strong></span> <span class='ocrx_word' id='word_1_388' title='bbox 1167 3570 1227 3637; x_wconf 92' lang='lat' dir='ltr'><strong>est,</strong></span> <span class='ocrx_word' id='word_1_389' title='bbox 1241 3553 1293 3620; x_wconf 81' lang='lat' dir='ltr'><strong>rel</strong></span> <span class='ocrx_word' id='word_1_390' title='bbox 1311 3555 1411 3619; x_wconf 85' lang='lat' dir='ltr'><strong>virtus</strong></span> <span class='ocrx_word' id='word_1_391' title='bbox 1425 3575 1498 3642; x_wconf 75' lang='lat' dir='ltr'><strong>qnae</strong></span> <span class='ocrx_word' id='word_1_392' title='bbox 1518 3552 1714 3643; x_wconf 87' lang='lat' dir='ltr'><strong>pauperibus</strong></span> <span class='ocrx_word' id='word_1_393' title='bbox 1736 3553 1825 3644; x_wconf 89' lang='lat' dir='ltr'><strong>qnod</strong></span> <span class='ocrx_word' id='word_1_394' title='bbox 1841 3577 1936 3618; x_wconf 88' lang='lat' dir='ltr'><strong>sunm</strong></span> <span class='ocrx_word' id='word_1_395' title='bbox 1951 3570 1999 3620; x_wconf 88' lang='lat' dir='ltr'><strong>est</strong></span> <span class='ocrx_word' id='word_1_396' title='bbox 2012 3555 2078 3620; x_wconf 89' lang='lat' dir='ltr'><strong>lar·</strong></span> 
     </span>
     <span class='ocr_line' id='line_1_33' title="bbox 481 3651 2076 3742; baseline -0.001 -24"><span class='ocrx_word' id='word_1_397' title='bbox 481 3655 592 3742; x_wconf 83' lang='lat' dir='ltr'><strong>gitur:</strong></span> <span class='ocrx_word' id='word_1_398' title='bbox 611 3656 701 3732; x_wconf 84' lang='lat' dir='ltr'><strong>haec,</strong></span> <span class='ocrx_word' id='word_1_399' title='bbox 719 3654 868 3741; x_wconf 89' lang='lat' dir='ltr'><strong>inquam,</strong></span> <span class='ocrx_word' id='word_1_400' title='bbox 886 3654 996 3717; x_wconf 88' lang='lat' dir='ltr'><strong>omnia</strong></span> <span class='ocrx_word' id='word_1_401' title='bbox 1018 3652 1228 3736; x_wconf 86' lang='lat' dir='ltr'><strong>adjustitiam</strong></span> <span class='ocrx_word' id='word_1_402' title='bbox 1243 3668 1410 3738; x_wconf 89' lang='lat' dir='ltr'><strong>tamquam</strong></span> <span class='ocrx_word' id='word_1_403' title='bbox 1429 3666 1535 3740; x_wconf 86' lang='lat' dir='ltr'><strong>partes</strong></span> <span class='ocrx_word' id='word_1_404' title='bbox 1551 3651 1722 3741; x_wconf 82' lang='lat' dir='ltr'><strong>integrales</strong></span> <span class='ocrx_word' id='word_1_405' title='bbox 1741 3652 1935 3716; x_wconf 88' lang='lat' dir='ltr'><strong>referuntur.</strong></span> <span class='ocrx_word' id='word_1_406' title='bbox 1954 3652 2049 3718; x_wconf 88' lang='lat' dir='ltr'><strong>Unde</strong></span> <span class='ocrx_word' id='word_1_407' title='bbox 2068 3675 2076 3716; x_wconf 76' lang='grc' dir='ltr'><em>τ</em></span> 
     </span>
     <span class='ocr_line' id='line_1_34' title="bbox 482 3749 2079 3839; baseline 0.001 -25"><span class='ocrx_word' id='word_1_408' title='bbox 482 3752 551 3815; x_wconf 90' lang='lat' dir='ltr'><strong>Nisi</strong></span> <span class='ocrx_word' id='word_1_409' title='bbox 567 3751 780 3817; x_wconf 87' lang='lat' dir='ltr'><strong>abundaverit</strong></span> <span class='ocrx_word' id='word_1_410' title='bbox 799 3751 920 3836; x_wconf 85' lang='lat' dir='ltr'><strong>justitia</strong></span> <span class='ocrx_word' id='word_1_411' title='bbox 935 3766 1040 3815; x_wconf 81' lang='lat' dir='ltr'><strong>vestra</strong></span> <span class='ocrx_word' id='word_1_412' title='bbox 1054 3749 1126 3839; x_wconf 88' lang='lat' dir='ltr'><strong>plus</strong></span> <span class='ocrx_word' id='word_1_413' title='bbox 1146 3772 1243 3838; x_wconf 59' lang='lat' dir='ltr'><strong>mam</strong></span> <span class='ocrx_word' id='word_1_414' title='bbox 1259 3749 1442 3814; x_wconf 89' lang='lat' dir='ltr'><strong>Scribarum</strong></span> <span class='ocrx_word' id='word_1_415' title='bbox 1454 3765 1487 3815; x_wconf 88' lang='lat' dir='ltr'><strong>et</strong></span> <span class='ocrx_word' id='word_1_416' title='bbox 1498 3750 1744 3816; x_wconf 67' lang='lat' dir='ltr'><strong>Pharisaeorum.</strong></span> <span class='ocrx_word' id='word_1_417' title='bbox 1763 3751 1804 3814; x_wconf 88' lang='lat' dir='ltr'><strong>Et</strong></span> <span class='ocrx_word' id='word_1_418' title='bbox 1822 3749 1863 3814; x_wconf 87' lang='lat' dir='ltr'><strong>de</strong></span> <span class='ocrx_word' id='word_1_419' title='bbox 1878 3750 2079 3839; x_wconf 85' lang='lat' dir='ltr'><strong>eleemosyna</strong></span> 
     </span>
     <span class='ocr_line' id='line_1_35' title="bbox 483 3846 2079 3938; baseline 0.001 -26"><span class='ocrx_word' id='word_1_420' title='bbox 483 3850 586 3914; x_wconf 86' lang='lat' dir='ltr'><strong>David</strong></span> <span class='ocrx_word' id='word_1_421' title='bbox 606 3873 614 3914; x_wconf 73' lang='grc' dir='ltr'>ι</span> <span class='ocrx_word' id='word_1_422' title='bbox 632 3850 802 3937; x_wconf 89' lang='lat' dir='ltr'><strong>Dispersit‚</strong></span> <span class='ocrx_word' id='word_1_423' title='bbox 821 3848 911 3913; x_wconf 89' lang='lat' dir='ltr'><strong>dedit</strong></span> <span class='ocrx_word' id='word_1_424' title='bbox 933 3846 1147 3938; x_wconf 87' lang='lat' dir='ltr'><strong>pauperibus,</strong></span> <span class='ocrx_word' id='word_1_425' title='bbox 1161 3848 1282 3932; x_wconf 82' lang='lat' dir='ltr'><strong>jtrstitia</strong></span> <span class='ocrx_word' id='word_1_426' title='bbox 1306 3848 1373 3932; x_wconf 87' lang='lat' dir='ltr'><strong>ejus</strong></span> <span class='ocrx_word' id='word_1_427' title='bbox 1388 3863 1499 3912; x_wconf 87' lang='lat' dir='ltr'><strong>manet</strong></span> <span class='ocrx_word' id='word_1_428' title='bbox 1521 3846 1556 3911; x_wconf 89' lang='lat' dir='ltr'><strong>in</strong></span> <span class='ocrx_word' id='word_1_429' title='bbox 1576 3846 1718 3912; x_wconf 87' lang='lat' dir='ltr'><strong>seculum</strong></span> <span class='ocrx_word' id='word_1_430' title='bbox 1739 3847 1865 3912; x_wconf 87' lang='lat' dir='ltr'><strong>seculi:</strong></span> <span class='ocrx_word' id='word_1_431' title='bbox 1883 3871 1955 3936; x_wconf 71' lang='lat' dir='ltr'><strong>quae</strong></span> <span class='ocrx_word' id='word_1_432' title='bbox 1970 3850 2079 3913; x_wconf 90' lang='lat' dir='ltr'><strong>omnia</strong></span> 
     </span>
     <span class='ocr_line' id='line_1_36' title="bbox 482 3943 2080 4035; baseline 0 -25"><span class='ocrx_word' id='word_1_433' title='bbox 482 3945 604 4011; x_wconf 85' lang='lat' dir='ltr'><strong>faciunt</strong></span> <span class='ocrx_word' id='word_1_434' title='bbox 619 3947 663 4011; x_wconf 85' lang='lat' dir='ltr'><strong>sic</strong></span> <span class='ocrx_word' id='word_1_435' title='bbox 681 3948 847 4032; x_wconf 88' lang='lat' dir='ltr'><strong>justitiam,</strong></span> <span class='ocrx_word' id='word_1_436' title='bbox 867 3946 948 4010; x_wconf 89' lang='lat' dir='ltr'><strong>sicut</strong></span> <span class='ocrx_word' id='word_1_437' title='bbox 968 3945 1100 4011; x_wconf 88' lang='lat' dir='ltr'><strong>scientia</strong></span> <span class='ocrx_word' id='word_1_438' title='bbox 1120 3944 1306 4010; x_wconf 85' lang='lat' dir='ltr'><strong>inveniendi</strong></span> <span class='ocrx_word' id='word_1_439' title='bbox 1324 3961 1357 4010; x_wconf 91' lang='lat' dir='ltr'><strong>et</strong></span> <span class='ocrx_word' id='word_1_440' title='bbox 1372 3943 1539 4030; x_wconf 85' lang='lat' dir='ltr'><strong>judicandi</strong></span> <span class='ocrx_word' id='word_1_441' title='bbox 1554 3944 1693 4035; x_wconf 84' lang='lat' dir='ltr'><strong>logicam</strong></span> <span class='ocrx_word' id='word_1_442' title='bbox 1709 3944 1841 4011; x_wconf 87' lang='lat' dir='ltr'><strong>faciunt.</strong></span> <span class='ocrx_word' id='word_1_443' title='bbox 1864 3946 1975 4033; x_wconf 90' lang='lat' dir='ltr'><strong>Neque</strong></span> <span class='ocrx_word' id='word_1_444' title='bbox 1991 3946 2080 4010; x_wconf 92' lang='lat' dir='ltr'><strong>enim</strong></span> 
     </span>
     <span class='ocr_line' id='line_1_37' title="bbox 482 4042 2080 4133; baseline 0.001 -26"><span class='ocrx_word' id='word_1_445' title='bbox 482 4045 602 4133; x_wconf 87' lang='lat' dir='ltr'><strong>species</strong></span> <span class='ocrx_word' id='word_1_446' title='bbox 623 4045 752 4129; x_wconf 82' lang='lat' dir='ltr'><strong>justitiae</strong></span> <span class='ocrx_word' id='word_1_447' title='bbox 774 4043 837 4108; x_wconf 89' lang='lat' dir='ltr'><strong>dici</strong></span> <span class='ocrx_word' id='word_1_448' title='bbox 852 4060 996 4133; x_wconf 88' lang='lat' dir='ltr'><strong>possunt,</strong></span> <span class='ocrx_word' id='word_1_449' title='bbox 1020 4065 1095 4107; x_wconf 92' lang='lat' dir='ltr'><strong>cum</strong></span> <span class='ocrx_word' id='word_1_450' title='bbox 1111 4042 1199 4108; x_wconf 91' lang='lat' dir='ltr'><strong>nulla</strong></span> <span class='ocrx_word' id='word_1_451' title='bbox 1216 4042 1343 4108; x_wconf 91' lang='lat' dir='ltr'><strong>illarum</strong></span> <span class='ocrx_word' id='word_1_452' title='bbox 1364 4066 1422 4133; x_wconf 91' lang='lat' dir='ltr'><strong>per</strong></span> <span class='ocrx_word' id='word_1_453' title='bbox 1438 4066 1472 4108; x_wconf 92' lang='lat' dir='ltr'><strong>se</strong></span> <span class='ocrx_word' id='word_1_454' title='bbox 1485 4044 1607 4129; x_wconf 84' lang='lat' dir='ltr'><strong>justum</strong></span> <span class='ocrx_word' id='word_1_455' title='bbox 1628 4042 1739 4122; x_wconf 87' lang='lat' dir='ltr'><strong>faciat,</strong></span> <span class='ocrx_word' id='word_1_456' title='bbox 1757 4042 1792 4107; x_wconf 93' lang='lat' dir='ltr'><strong>id</strong></span> <span class='ocrx_word' id='word_1_457' title='bbox 1807 4058 1874 4124; x_wconf 89' lang='lat' dir='ltr'><strong>est,</strong></span> <span class='ocrx_word' id='word_1_458' title='bbox 1890 4042 2080 4110; x_wconf 87' lang='lat' dir='ltr'><strong>reddentem</strong></span> 
     </span>
     <span class='ocr_line' id='line_1_38' title="bbox 483 4139 2077 4230; baseline 0 -24"><span class='ocrx_word' id='word_1_459' title='bbox 483 4142 653 4230; x_wconf 86' lang='lat' dir='ltr'><strong>unicuique</strong></span> <span class='ocrx_word' id='word_1_460' title='bbox 669 4140 757 4230; x_wconf 92' lang='lat' dir='ltr'><strong>quod</strong></span> <span class='ocrx_word' id='word_1_461' title='bbox 772 4163 865 4206; x_wconf 88' lang='lat' dir='ltr'><strong>sunm</strong></span> <span class='ocrx_word' id='word_1_462' title='bbox 880 4156 940 4220; x_wconf 88' lang='lat' dir='ltr'><strong>est,</strong></span> <span class='ocrx_word' id='word_1_463' title='bbox 956 4140 1013 4204; x_wconf 89' lang='lat' dir='ltr'><strong>sed</strong></span> <span class='ocrx_word' id='word_1_464' title='bbox 1029 4140 1109 4204; x_wconf 89' lang='lat' dir='ltr'><strong>sicut</strong></span> <span class='ocrx_word' id='word_1_465' title='bbox 1123 4156 1286 4205; x_wconf 84' lang='lat' dir='ltr'><strong>conventu</strong></span> <span class='ocrx_word' id='word_1_466' title='bbox 1300 4142 1430 4230; x_wconf 87' lang='lat' dir='ltr'><strong>parietis</strong></span> <span class='ocrx_word' id='word_1_467' title='bbox 1445 4141 1521 4206; x_wconf 90' lang='lat' dir='ltr'><strong>teeti</strong></span> <span class='ocrx_word' id='word_1_468' title='bbox 1537 4155 1571 4205; x_wconf 87' lang='lat' dir='ltr'><strong>et</strong></span> <span class='ocrx_word' id='word_1_469' title='bbox 1584 4139 1787 4206; x_wconf 84' lang='lat' dir='ltr'><strong>fundamenti</strong></span> <span class='ocrx_word' id='word_1_470' title='bbox 1803 4140 1918 4207; x_wconf 90' lang='lat' dir='ltr'><strong>domus</strong></span> <span class='ocrx_word' id='word_1_471' title='bbox 1932 4140 2077 4221; x_wconf 87' lang='lat' dir='ltr'><strong>efficitur,</strong></span> 
     </span>
     <span class='ocr_line' id='line_1_39' title="bbox 482 4236 2076 4327; baseline 0 -25"><span class='ocrx_word' id='word_1_472' title='bbox 482 4239 527 4303; x_wconf 90' lang='lat' dir='ltr'><strong>sic</strong></span> <span class='ocrx_word' id='word_1_473' title='bbox 546 4240 679 4304; x_wconf 88' lang='lat' dir='ltr'><strong>istarum</strong></span> <span class='ocrx_word' id='word_1_474' title='bbox 693 4239 847 4302; x_wconf 81' lang='lat' dir='ltr'><strong>virtutum</strong></span> <span class='ocrx_word' id='word_1_475' title='bbox 864 4253 1025 4302; x_wconf 88' lang='lat' dir='ltr'><strong>conventu</strong></span> <span class='ocrx_word' id='word_1_476' title='bbox 1039 4238 1141 4321; x_wconf 83' lang='lat' dir='ltr'><strong>justus</strong></span> <span class='ocrx_word' id='word_1_477' title='bbox 1161 4236 1307 4304; x_wconf 89' lang='lat' dir='ltr'><strong>efficitur.</strong></span> <span class='ocrx_word' id='word_1_478' title='bbox 1325 4238 1408 4302; x_wconf 89' lang='lat' dir='ltr'><strong>Visis</strong></span> <span class='ocrx_word' id='word_1_479' title='bbox 1428 4260 1524 4327; x_wconf 85' lang='lat' dir='ltr'><strong>ergo,</strong></span> <span class='ocrx_word' id='word_1_480' title='bbox 1543 4261 1615 4327; x_wconf 87' lang='lat' dir='ltr'><strong>qnae</strong></span> <span class='ocrx_word' id='word_1_481' title='bbox 1632 4237 1842 4323; x_wconf 88' lang='lat' dir='ltr'><strong>adjustitiam</strong></span> <span class='ocrx_word' id='word_1_482' title='bbox 1857 4239 2051 4304; x_wconf 88' lang='lat' dir='ltr'><strong>reducantur</strong></span> <span class='ocrx_word' id='word_1_483' title='bbox 2069 4261 2076 4302; x_wconf 91' lang='lat'><strong>:</strong></span> 
     </span>
     <span class='ocr_line' id='line_1_40' title="bbox 482 4333 2079 4424; baseline 0.001 -24"><span class='ocrx_word' id='word_1_484' title='bbox 482 4359 554 4424; x_wconf 87' lang='lat' dir='ltr'><strong>quae</strong></span> <span class='ocrx_word' id='word_1_485' title='bbox 572 4337 615 4402; x_wconf 91' lang='lat' dir='ltr'><strong>ad</strong></span> <span class='ocrx_word' id='word_1_486' title='bbox 630 4334 863 4417; x_wconf 82' lang='lat' dir='ltr'><strong>fortitudinem,</strong></span> <span class='ocrx_word' id='word_1_487' title='bbox 882 4359 955 4424; x_wconf 86' lang='lat' dir='ltr'><strong>quae</strong></span> <span class='ocrx_word' id='word_1_488' title='bbox 969 4334 1011 4400; x_wconf 90' lang='lat' dir='ltr'><strong>ad</strong></span> <span class='ocrx_word' id='word_1_489' title='bbox 1027 4335 1272 4424; x_wconf 87' lang='lat' dir='ltr'><strong>temperantiam</strong></span> <span class='ocrx_word' id='word_1_490' title='bbox 1286 4333 1477 4416; x_wconf 88' lang='lat' dir='ltr'><strong>referantur,</strong></span> <span class='ocrx_word' id='word_1_491' title='bbox 1492 4335 1605 4401; x_wconf 84' lang='lat' dir='ltr'><strong>ridere</strong></span> <span class='ocrx_word' id='word_1_492' title='bbox 1616 4352 1725 4402; x_wconf 85' lang='lat' dir='ltr'><strong>restat.</strong></span> <span class='ocrx_word' id='word_1_493' title='bbox 1741 4337 1925 4418; x_wconf 87' lang='lat' dir='ltr'><strong>Fortitudo,</strong></span> <span class='ocrx_word' id='word_1_494' title='bbox 1943 4353 1975 4401; x_wconf 92' lang='lat' dir='ltr'><strong>et</strong></span> <span class='ocrx_word' id='word_1_495' title='bbox 1994 4352 2079 4402; x_wconf 85' lang='lat' dir='ltr'><strong>tem·</strong></span> 
     </span>
     <span class='ocr_line' id='line_1_41' title="bbox 482 4433 2079 4530; baseline 0.001 -32"><span class='ocrx_word' id='word_1_496' title='bbox 482 4436 638 4523; x_wconf 88' lang='lat' dir='ltr'><strong>perantia,</strong></span> <span class='ocrx_word' id='word_1_497' title='bbox 661 4450 698 4497; x_wconf 92' lang='lat' dir='ltr'><strong>nt</strong></span> <span class='ocrx_word' id='word_1_498' title='bbox 718 4433 839 4498; x_wconf 90' lang='lat' dir='ltr'><strong>dictum</strong></span> <span class='ocrx_word' id='word_1_499' title='bbox 861 4449 925 4514; x_wconf 86' lang='lat' dir='ltr'><strong>est,</strong></span> <span class='ocrx_word' id='word_1_500' title='bbox 947 4433 1101 4530; x_wconf 74' lang='lat' dir='ltr'><strong>potentias</strong></span> <span class='ocrx_word' id='word_1_501' title='bbox 1126 4448 1212 4512; x_wconf 88' lang='lat' dir='ltr'><strong>sunt,</strong></span> <span class='ocrx_word' id='word_1_502' title='bbox 1236 4433 1310 4521; x_wconf 90' lang='lat' dir='ltr'><strong>qnia</strong></span> <span class='ocrx_word' id='word_1_503' title='bbox 1335 4456 1448 4498; x_wconf 90' lang='lat' dir='ltr'><strong>earum</strong></span> <span class='ocrx_word' id='word_1_504' title='bbox 1470 4434 1638 4499; x_wconf 76' lang='lat' dir='ltr'><strong>ceruariae</strong></span> <span class='ocrx_word' id='word_1_505' title='bbox 1659 4449 1697 4499; x_wconf 87' lang='lat' dir='ltr'><strong>ut</strong></span> <span class='ocrx_word' id='word_1_506' title='bbox 1715 4434 1915 4524; x_wconf 86' lang='lat' dir='ltr'><strong>impotentiae</strong></span> <span class='ocrx_word' id='word_1_507' title='bbox 1931 4433 2079 4523; x_wconf 84' lang='lat' dir='ltr'><strong>quaedam</strong></span> 
     </span>
     <span class='ocr_line' id='line_1_42' title="bbox 483 4528 2080 4613; baseline 0.001 -17"><span class='ocrx_word' id='word_1_508' title='bbox 483 4532 634 4613; x_wconf 77' lang='lat' dir='ltr'><strong>existunt,</strong></span> <span class='ocrx_word' id='word_1_509' title='bbox 660 4548 692 4598; x_wconf 90' lang='lat' dir='ltr'><strong>et</strong></span> <span class='ocrx_word' id='word_1_510' title='bbox 714 4554 789 4596; x_wconf 91' lang='lat' dir='ltr'><strong>cum</strong></span> <span class='ocrx_word' id='word_1_511' title='bbox 804 4531 866 4598; x_wconf 85' lang='lat' dir='ltr'><strong>boc</strong></span> <span class='ocrx_word' id='word_1_512' title='bbox 882 4532 933 4609; x_wconf 93' lang='lat' dir='ltr'><strong>sit,</strong></span> <span class='ocrx_word' id='word_1_513' title='bbox 952 4555 1019 4596; x_wconf 88' lang='lat' dir='ltr'><strong>non</strong></span> <span class='ocrx_word' id='word_1_514' title='bbox 1032 4547 1146 4596; x_wconf 84' lang='lat' dir='ltr'><strong>tamen</strong></span> <span class='ocrx_word' id='word_1_515' title='bbox 1165 4528 1318 4595; x_wconf 84' lang='lat' dir='ltr'><strong>desinunt</strong></span> <span class='ocrx_word' id='word_1_516' title='bbox 1336 4530 1466 4595; x_wconf 88' lang='lat' dir='ltr'><strong>habitus</strong></span> <span class='ocrx_word' id='word_1_517' title='bbox 1490 4554 1570 4597; x_wconf 88' lang='lat' dir='ltr'><strong>esse.</strong></span> <span class='ocrx_word' id='word_1_518' title='bbox 1596 4532 1746 4597; x_wconf 88' lang='lat' dir='ltr'><strong>Potentia</strong></span> <span class='ocrx_word' id='word_1_519' title='bbox 1770 4556 1847 4598; x_wconf 85' lang='lat' dir='ltr'><strong>vero</strong></span> <span class='ocrx_word' id='word_1_520' title='bbox 1875 4532 2029 4597; x_wconf 81' lang='lat' dir='ltr'><strong>namralis</strong></span> <span class='ocrx_word' id='word_1_521' title='bbox 2049 4548 2080 4597; x_wconf 88' lang='lat' dir='ltr'><strong>et</strong></span> 
     </span>
     <span class='ocr_line' id='line_1_43' title="bbox 483 4628 2079 4719; baseline 0.001 -26"><span class='ocrx_word' id='word_1_522' title='bbox 483 4628 611 4695; x_wconf 89' lang='lat' dir='ltr'><strong>habitus</strong></span> <span class='ocrx_word' id='word_1_523' title='bbox 631 4629 777 4719; x_wconf 85' lang='lat' dir='ltr'><strong>opposita</strong></span> <span class='ocrx_word' id='word_1_524' title='bbox 800 4644 885 4693; x_wconf 90' lang='lat' dir='ltr'><strong>sunt.</strong></span> <span class='ocrx_word' id='word_1_525' title='bbox 910 4628 974 4693; x_wconf 86' lang='lat' dir='ltr'><strong>Sed</strong></span> <span class='ocrx_word' id='word_1_526' title='bbox 995 4629 1151 4719; x_wconf 89' lang='lat' dir='ltr'><strong>potentiae</strong></span> <span class='ocrx_word' id='word_1_527' title='bbox 1177 4651 1249 4715; x_wconf 87' lang='lat' dir='ltr'><strong>quaa</strong></span> <span class='ocrx_word' id='word_1_528' title='bbox 1268 4650 1328 4718; x_wconf 87' lang='lat' dir='ltr'><strong>per</strong></span> <span class='ocrx_word' id='word_1_529' title='bbox 1348 4628 1596 4719; x_wconf 90' lang='lat' dir='ltr'><strong>applicationem</strong></span> <span class='ocrx_word' id='word_1_530' title='bbox 1618 4630 1752 4715; x_wconf 89' lang='lat' dir='ltr'><strong>subjecti</strong></span> <span class='ocrx_word' id='word_1_531' title='bbox 1774 4631 1926 4713; x_wconf 87' lang='lat' dir='ltr'><strong>veniunt,</strong></span> <span class='ocrx_word' id='word_1_532' title='bbox 1954 4631 2079 4695; x_wconf 89' lang='lat' dir='ltr'><strong>habitus</strong></span> 
     </span>
     <span class='ocr_line' id='line_1_44' title="bbox 483 4725 2079 4818; baseline 0.001 -27"><span class='ocrx_word' id='word_1_533' title='bbox 483 4743 568 4794; x_wconf 91' lang='lat' dir='ltr'><strong>sunt.</strong></span> <span class='ocrx_word' id='word_1_534' title='bbox 578 4727 802 4817; x_wconf 84' lang='lat' dir='ltr'><strong>Temperantia</strong></span> <span class='ocrx_word' id='word_1_535' title='bbox 817 4726 913 4816; x_wconf 81' lang='lat' dir='ltr'><strong>igitur</strong></span> <span class='ocrx_word' id='word_1_536' title='bbox 928 4748 1001 4790; x_wconf 91' lang='lat' dir='ltr'><strong>cum</strong></span> <span class='ocrx_word' id='word_1_537' title='bbox 1013 4728 1053 4791; x_wconf 93' lang='lat' dir='ltr'><strong>sit</strong></span> <span class='ocrx_word' id='word_1_538' title='bbox 1064 4726 1208 4814; x_wconf 88' lang='lat' dir='ltr'><strong>potentia</strong></span> <span class='ocrx_word' id='word_1_539' title='bbox 1216 4725 1343 4793; x_wconf 80' lang='lat' dir='ltr'><strong>illicitos</strong></span> <span class='ocrx_word' id='word_1_540' title='bbox 1358 4742 1465 4792; x_wconf 82' lang='lat' dir='ltr'><strong>motrrs</strong></span> <span class='ocrx_word' id='word_1_541' title='bbox 1476 4726 1673 4805; x_wconf 79' lang='lat' dir='ltr'><strong>refrenandi,</strong></span> <span class='ocrx_word' id='word_1_542' title='bbox 1687 4729 1798 4793; x_wconf 87' lang='lat' dir='ltr'><strong>omnia</strong></span> <span class='ocrx_word' id='word_1_543' title='bbox 1809 4752 1881 4818; x_wconf 89' lang='lat' dir='ltr'><strong>quae</strong></span> <span class='ocrx_word' id='word_1_544' title='bbox 1897 4728 1941 4795; x_wconf 91' lang='lat' dir='ltr'><strong>ad</strong></span> <span class='ocrx_word' id='word_1_545' title='bbox 1956 4729 2079 4793; x_wconf 81' lang='lat' dir='ltr'><strong>illicitos</strong></span> 
     </span>
     <span class='ocr_line' id='line_1_45' title="bbox 481 4820 2078 4915; baseline -0.001 -25"><span class='ocrx_word' id='word_1_546' title='bbox 481 4842 587 4890; x_wconf 91' lang='lat' dir='ltr'><strong>motus</strong></span> <span class='ocrx_word' id='word_1_547' title='bbox 606 4827 768 4915; x_wconf 89' lang='lat' dir='ltr'><strong>pertinent</strong></span> <span class='ocrx_word' id='word_1_548' title='bbox 782 4822 1005 4903; x_wconf 85' lang='lat' dir='ltr'><strong>refrenandos,</strong></span> <span class='ocrx_word' id='word_1_549' title='bbox 1023 4823 1155 4890; x_wconf 89' lang='lat' dir='ltr'><strong>adeam</strong></span> <span class='ocrx_word' id='word_1_550' title='bbox 1169 4820 1339 4890; x_wconf 88' lang='lat' dir='ltr'><strong>referenda</strong></span> <span class='ocrx_word' id='word_1_551' title='bbox 1356 4847 1423 4890; x_wconf 87' lang='lat' dir='ltr'><strong>esse</strong></span> <span class='ocrx_word' id='word_1_552' title='bbox 1439 4825 1644 4891; x_wconf 79' lang='lat' dir='ltr'><strong>manifestum</strong></span> <span class='ocrx_word' id='word_1_553' title='bbox 1660 4842 1724 4909; x_wconf 88' lang='lat' dir='ltr'><strong>est,</strong></span> <span class='ocrx_word' id='word_1_554' title='bbox 1741 4843 1779 4891; x_wconf 91' lang='lat' dir='ltr'><strong>ut</strong></span> <span class='ocrx_word' id='word_1_555' title='bbox 1794 4824 1993 4894; x_wconf 87' lang='lat' dir='ltr'><strong>continentia</strong></span> <span class='ocrx_word' id='word_1_556' title='bbox 2009 4849 2078 4914; x_wconf 81' lang='lat' dir='ltr'><strong>quae</strong></span> 
     </span>
    </p>
   </div>
   <div class='ocr_carea' id='block_1_5' title="bbox 522 5052 1571 5118">
    <p class='ocr_par' dir='ltr' id='par_1_5' title="bbox 522 5052 1571 5118">
     <span class='ocr_line' id='line_1_46' title="bbox 522 5052 1571 5118; baseline 0.004 -15"><span class='ocrx_word' id='word_1_557' title='bbox 522 5053 571 5104; x_wconf 73' lang='lat' dir='ltr'><strong>&#39;Sic</strong></span> <span class='ocrx_word' id='word_1_558' title='bbox 586 5052 739 5116; x_wconf 81' lang='lat' dir='ltr'><strong>Rhelnwald,</strong></span> <span class='ocrx_word' id='word_1_559' title='bbox 751 5055 818 5117; x_wconf 86' lang='lat' dir='ltr'><strong>quod</strong></span> <span class='ocrx_word' id='word_1_560' title='bbox 827 5055 899 5104; x_wconf 74' lang='lat' dir='ltr'><strong>noble</strong></span> <span class='ocrx_word' id='word_1_561' title='bbox 909 5056 1002 5118; x_wconf 78' lang='lat' dir='ltr'><strong>absque</strong></span> <span class='ocrx_word' id='word_1_562' title='bbox 1014 5068 1088 5106; x_wconf 88' lang='lat' dir='ltr'><strong>sensu</strong></span> <span class='ocrx_word' id='word_1_563' title='bbox 1099 5063 1144 5106; x_wconf 84' lang='lat' dir='ltr'><strong>est.</strong></span> <span class='ocrx_word' id='word_1_564' title='bbox 1158 5053 1249 5106; x_wconf 80' lang='lat' dir='ltr'><strong>Forata</strong></span> <span class='ocrx_word' id='word_1_565' title='bbox 1261 5056 1395 5118; x_wconf 68' lang='lat' dir='ltr'><strong>conjeceris</strong></span> <span class='ocrx_word' id='word_1_566' title='bbox 1407 5055 1571 5107; x_wconf 78' lang='lat' dir='ltr'><strong>morirentur.</strong></span> 
     </span>
    </p>
   </div>
   <div class='ocr_carea' id='block_1_6' title="bbox 0 0 2295 6100">
    <p class='ocr_par' dir='ltr' id='par_1_6' title="bbox 0 0 2295 6100">
     <span class='ocr_line' id='line_1_47' title="bbox 0 0 2295 6100; baseline 0 0"><span class='ocrx_word' id='word_1_567' title='bbox 0 0 2295 6100; x_wconf 95' lang='lat' dir='ltr'><strong> </strong></span> 
     </span>
    </p>
   </div>
  </div>
 </body>
</html>
