4559 6100
488 464 561 535 688
1086 462 1216 535 ΡΕΊἮΙ
1240 463 1473 536 snfflnnt

489 615 553 685 llic
581 615 686 707 igitur
712 612 926 686 obedientie
944 613 1111 686 virtutem
1136 627 1277 685 constat
1299 612 1454 701 includi,
1479 637 1552 710 qna
1572 612 1739 685 videlicet
1761 612 1947 710 praeceptis
1970 634 2099 707 supe·

488 735 624 804 riorum
642 731 947 830 obtemperando,
968 732 1052 804 hinc
1068 757 1215 830 quoque
1230 731 1298 803 illis
1311 732 1490 805 bonorem
1506 732 1718 820 deserimus,
1735 730 1837 828 quod
1853 728 2097 802 rationabilia

488 875 616 922 comm
632 853 794 924 instituta
810 875 1039 949 nequaquam
1057 852 1335 923 contemnimus.

1117 1036 1205 1119 Qua
1220 1036 1442 1102 amnena.

542 1204 777 1275 Beneficentia
801 1225 887 1273 vero
913 1215 986 1289 est,
1011 1225 1207 1299 perquam
1230 1201 1551 1275 necessitudinibus
1571 1201 1762 1273 bominum
1787 1225 1896 1299 opem
1917 1198 2090 1272 debitam

491 1324 617 1395 atterre
633 1322 791 1420 prompti
815 1345 958 1410 sumus,
976 1321 1031 1391 vel
1055 1320 1297 1415 indigentibus
1311 1322 1445 1393 scilicet
1459 1321 1659 1393 necessaria
1673 1319 1812 1412 dando,
1834 1344 1915 1418 quae
1935 1318 2089 1414 largitas

491 1443 635 1531 dicitur,
660 1466 743 1512 cum
768 1442 805 1511 in
830 1439 1019 1537 superfluis
1042 1440 1269 1537 prodigalitas
1293 1441 1482 1530 consistat,
1500 1441 1556 1511 rel
1581 1438 1754 1511 violenter
1778 1462 1969 1537 opprsmos
1989 1435 2088 1507 libe·

491 1559 626 1650 rando,
653 1584 731 1656 quae
755 1556 943 1630 clementia
966 1572 1126 1628 vocatus.
1154 1557 1434 1630 Misericordiam
1457 1573 1622 1630 autema
1647 1559 1785 1629 miseris
1816 1560 1866 1629 ita
1888 1570 2082 1644 vocatam,

492 1678 644 1773 majores
667 1677 778 1748 nostri
803 1677 927 1748 vitium
953 1676 1071 1773 potius
1093 1689 1129 1746 et
1150 1675 1334 1772 quandam
1357 1675 1602 1748 infirmitatem
1622 1677 1755 1763 animi,
1779 1700 1890 1772 qnam
1909 1677 2084 1746 virtutem

492 1796 673 1886 dixerunt,
700 1818 888 1895 perquam
905 1792 1070 1865 videlicet
1089 1794 1167 1864 aliis
1183 1818 1230 1865 eo
1248 1809 1388 1866 tantum
1406 1820 1481 1891 qno
1496 1795 1703 1891 affliguntur
1717 1795 1924 1867 naturaliter
1937 1817 2085 1892 compa·

492 1918 616 1991 tiendo
642 1919 832 1991 subvenire
851 1918 1030 2015 cupimus.
1054 1915 1250 1989 Clementia
1269 1941 1356 1989 vero
1376 1918 1523 1989 nonnisi
1546 1917 1748 1989 rationabili
1769 1916 1899 1989 ellectu
1923 1916 1970 1989 ad
1992 1914 2083 1987 sub-

494 2039 711 2111 veniendum
738 2035 915 2134 aliquibus
948 2035 1071 2126 fertur,
1111 2060 1179 2107 nec
1204 2051 1276 2107 tam
1302 2036 1402 2133 quod
1429 2037 1649 2132 affliguntur,
1677 2061 1787 2134 qnam
1815 2036 1917 2134 quod
1949 2038 2083 2133 injuste

493 2156 697 2253 affligtmtor
712 2154 883 2248 attendit,
901 2169 941 2226 ut
962 2153 1140 2249 injustitiae
1161 2154 1365 2245 obviando,
1381 2156 1523 2251 justitiae
1542 2154 1779 2253 obtemperet.
1800 2155 1967 2252 Alioquin
1979 2155 2084 2249 justi·

494 2280 549 2350 tiae
568 2302 642 2349 non
660 2291 745 2349 sunt
760 2299 884 2373 opera,
903 2272 1050 2370 quando
1063 2274 1142 2346 aliis
1157 2273 1402 2365 subvenimus,
1422 2276 1490 2346 nisi
1503 2276 1541 2345 in
1557 2274 1630 2346 boc
1645 2300 1710 2347 sna
1724 2276 1857 2372 cuique
1871 2274 2077 2347 reddamus.

494 2397 565 2469 Sed
583 2412 618 2470 et
635 2419 718 2467 cum
736 2395 848 2465 virtus
863 2392 1007 2465 habitus
1022 2395 1068 2464 sit
1083 2393 1207 2481 animi,
1226 2417 1355 2490 quem,
1373 2408 1415 2465 ut
1432 2418 1475 2466 ex
1489 2393 1733 2491 superioribus
1747 2395 1872 2490 liquet,
1887 2419 1953 2493 per
1966 2394 2081 2492 appli-

493 2516 672 2587 cationem
696 2514 753 2585 vel
779 2512 937 2585 studium
958 2511 1088 2606 magis,
1116 2536 1227 2607 quam
1244 2536 1310 2610 per
1335 2527 1498 2584 nausiam
1523 2510 1650 2583 haberi
1673 2525 1828 2596 constat,
1854 2536 2082 2610 nequaquam

495 2633 573 2707 talis
599 2633 800 2730 compassio
827 2628 997 2701 naturalis
1021 2629 1069 2701 ad
1088 2631 1237 2701 virtutes
1269 2629 1455 2702 referenda
1474 2644 1547 2722 est,
1578 2655 1643 2729 per
1670 2653 1779 2727 quam
1805 2629 1970 2704 videlieet
1997 2633 2083 2730 ipsis

495 2751 601 2823 etiam
625 2752 695 2821 reis
722 2750 758 2819 in
783 2747 975 2819 afflictione
997 2749 1123 2844 positis
1149 2748 1310 2820 humano
1336 2749 1496 2845 quodam
1519 2748 1574 2821 vel
1601 2749 1753 2839 carnali,
1781 2774 1856 2821 non
1879 2750 2082 2825 rationabili

495 2866 643 2953 allecto,
663 2865 852 2938 subvenire
869 2866 1074 2959 satagimus,
1101 2865 1138 2936 iu
1157 2865 1230 2937 hoc
1249 2867 1369 2964 potius
1385 2868 1528 2963 justitie
1542 2866 1788 2960 adversantes,
1807 2894 1856 2940 ne
1869 2869 1938 2941 illis
1953 2869 2080 2941 debitae

495 2985 693 3060 reddantur
713 3008 840 3085 poenae.
864 2985 1029 3080 Denique
1047 2981 1164 3057 dolori
1178 2986 1339 3058 animum
1357 2986 1579 3076 submittere,
1602 2985 1816 3059 infimitatis
1837 2989 1954 3087 potius
1969 3011 2080 3086 quarn

495 3106 633 3178 virtutis
647 3120 719 3195 est,
746 3119 783 3176 et
809 3104 956 3175 miserim
980 3127 1090 3200 quam
1115 3102 1364 3194 beatitudinis,
1391 3120 1429 3178 et
1448 3105 1662 3205 perturbate
1685 3129 1762 3178 non
1787 3109 1916 3204 quietae
1939 3112 2078 3180 mentis.

541 3227 632 3297 Cum
649 3225 746 3296 enim
762 3222 852 3295 nihil
868 3224 946 3294 sine
969 3245 1076 3293 causa
1095 3226 1174 3293 Deo
1198 3238 1328 3295 cuncta
1347 3226 1483 3323 optime
1499 3224 1713 3323 disponente
1733 3223 1816 3311 fiat,
1835 3226 1924 3323 quid
1940 3226 2077 3316 adddit,

497 3342 596 3415 unde
614 3344 751 3439 justum
766 3342 895 3413 tristari
909 3338 966 3412 vel
979 3338 1103 3412 dolere
1116 3353 1292 3440 oporteat,
1309 3357 1345 3413 et
1357 3344 1409 3414 sic
1420 3344 1564 3441 optimae
1574 3342 1799 3441 dispositioni
1811 3347 1893 3436 Dei,
1907 3359 2081 3442 quantum

495 3463 532 3534 in
549 3486 587 3534 se
603 3475 667 3554 est,
685 3461 875 3549 contraire,
894 3461 995 3556 quasi
1011 3483 1091 3532 eam
1107 3475 1249 3533 censent
1263 3460 1511 3559 corrigendam
1526 3462 1627 3534 esse?

1126 3645 1213 3729 Quid
1229 3647 1270 3712 sit
1285 3650 1449 3715 veracitas.

550 3820 728 3892 veracitas
747 3832 819 3911 est,
837 3844 902 3917 per
917 3843 1025 3917 quam
1041 3844 1083 3892 ea
1105 3844 1261 3918 quorum
1282 3845 1349 3893 nos
1373 3821 1552 3895 debitores
1576 3824 1782 3922 pollicendo
1798 3823 1992 3918 efficimur,
2010 3828 2077 3900 ob-

498 3960 638 4011 servare
655 3936 851 4010 studemus.
872 3942 952 4010 Non
970 3940 1067 4011 enim
1086 3939 1115 4010 si
1141 3938 1242 4036 quod
1266 3964 1341 4011 non
1369 3956 1513 4040 oportet
1534 3944 1791 4040 promittimus,
1818 3947 1871 4018 rei
1896 3946 2078 4038 efficimur,

497 4055 535 4129 id
558 4080 633 4128 non
658 4054 861 4154 implendo,
887 4058 987 4153 cujus
1012 4081 1081 4128 nos
1106 4057 1286 4130 debitores
1314 4056 1409 4131 mala
1432 4061 1622 4158 promissio
1649 4085 1876 4160 nequaquam
1897 4064 1989 4136 tecit.
2010 4062 2082 4149 Qui

497 4175 594 4249 enirn
618 4173 719 4270 quod
742 4175 1024 4272 promittendum
1045 4198 1120 4246 non
1139 4175 1205 4248 fuit
1229 4178 1445 4273 exsequitur,
1465 4178 1551 4250 mali
1574 4180 1696 4276 operis
1719 4182 1875 4276 geminat
1897 4181 2079 4268 ellectum,

498 4319 582 4367 cnm
598 4318 769 4393 perversae
791 4292 923 4366 seilicet
942 4295 1171 4391 promissioni
1191 4318 1398 4392 perversum
1414 4293 1584 4392 adjungat
1601 4296 1746 4390 factum,
1765 4323 1835 4373 nec
1849 4300 2021 4375 cessando
2037 4299 2082 4372 ab

500 4436 608 4510 opere
625 4412 755 4487 malam
773 4412 1047 4511 promissionem
1065 4413 1170 4510 eligat
1184 4413 1372 4508 corrigere.

1138 4588 1226 4672 Quid
1240 4590 1428 4658 vindicatio.

548 4757 751 4832 Vindicatio
774 4774 827 4833 est
843 4761 903 4835 ille
925 4778 1094 4835 constans
1119 4763 1286 4852 allectus,
1311 4789 1376 4863 per
1397 4788 1506 4861 τριοω
1526 4763 1632 4837 illatis
1649 4766 1752 4839 mulis
1771 4765 1898 4840 debita
1917 4766 2084 4840 inferatur

501 4902 620 4978 poena.
638 4878 678 4951 ln
694 4878 840 4975 siugulis
855 4892 975 4952 autern
990 4878 1048 4950 his
1064 4895 1220 4976 quatuor
1232 4883 1375 4977 justitiae
1389 4881 1566 4978 partibus,
1590 4882 1679 4955 illud
1702 4884 1801 4982 quod
1823 4884 2085 4958 indelinitione

500 4999 749 5097 premisimus,
767 4999 952 5072 communi
974 4998 1107 5092 scilicet
1130 4998 1283 5072 utilitate
1300 5014 1455 5092 servata,
1475 5000 1814 5100 subintelligendum
1828 5029 1907 5078 esse
1931 5017 2081 5078 annotat.
