4559 6100
489 546 562 622 456
1087 544 1208 618 Plii'lil
1233 543 1463 616 ABAELARDl

488 698 566 769 titia
591 711 644 768 est
669 695 767 794 apud
786 698 917 768 Deum.
945 697 1126 794 Scriptum
1151 710 1204 768 est
1228 695 1326 768 enim
1340 721 1349 766 ι
1364 694 1676 796 comprehendam
1693 698 1869 797 sapientes
1893 700 1931 772 in
1954 699 2081 773 astutia

488 840 629 888 eorum.
643 838 665 881 u
686 818 727 887 Et
747 815 912 887 iterum¹:
935 815 1144 887 «Dominus
1167 815 1269 886 novit
1288 816 1522 912 cogitationes
1537 815 1728 888 bominum
1751 819 1837 915 quia
1858 842 1959 891 vanae
1983 834 2076 891 sunt.

490 947 612 1039 ltaque
635 963 743 1011 nemo
771 938 941 1036 glorietur
964 940 1000 1009 in
1023 937 1244 1011 bominibus.
1258 967 1276 1007 u
1297 942 1341 1010 Et
1363 953 1443 1038 post
1463 962 1577 1038 pauca
1595 964 1679 1012 eum
1704 941 1827 1014 omnia
1841 940 1938 1015 bona
1953 942 2080 1015 divine

489 1059 661 1133 tribueret
676 1059 836 1157 gratiae¹z
858 1087 876 1128 a
890 1057 987 1146 Quid
1000 1057 1125 1148 habes,
1143 1058 1273 1154 inquit,
1292 1057 1391 1156 quod
1410 1082 1484 1131 non
1502 1058 1691 1158 accepisti?
1708 1059 1745 1131 Si
1760 1074 1879 1134 autem
1896 1063 2077 1160 accepisti,

489 1179 575 1276 quid
593 1179 755 1275 gloriaris
772 1180 871 1275 quasi
894 1202 968 1250 nun
986 1177 1184 1277 acceperis?
1199 1205 1216 1245 s
1238 1181 1280 1248 Et
1294 1176 1420 1250 alibi⁸z
1441 1208 1458 1246 ιι
1468 1177 1548 1250 Noli
1568 1178 1681 1251 altum
1697 1202 1834 1279 sapere,
1855 1180 1919 1253 sed
1939 1182 2038 1253 uine.
2061 1213 2076 1247 ι

489 1300 561 1388 Qui
577 1299 685 1371 etiam
703 1321 746 1370 ea
767 1299 934 1391 maxime,
951 1322 1030 1395 quae
1045 1297 1092 1369 ad
1115 1296 1278 1369 notitiam
1296 1297 1363 1369 Dei
1382 1297 1545 1390 attinent,
1567 1300 1712 1371 nonnisi
1727 1323 1771 1372 eo
1788 1300 1980 1391 revelante,
2000 1324 2079 1400 per·

491 1411 564 1510 cipi
584 1434 704 1509 posse,
731 1433 841 1507 quam
858 1408 926 1481 soli
942 1407 1200 1481 mundicordes
1221 1408 1430 1506 conspicere
1449 1410 1581 1496 valent,
1600 1409 1718 1483 valida
1742 1410 1972 1483 similitudine
1997 1435 2080 1484 con·

490 1530 612 1621 vincit,
636 1528 773 1600 dicens‘
792 1555 801 1599 ι
823 1556 841 1596 a
856 1529 946 1616 Quis
963 1528 1029 1600 scit
1048 1526 1239 1600 hominum
1257 1552 1336 1623 quae
1358 1542 1442 1600 sunt
1461 1527 1633 1622 bominis,
1653 1530 1719 1602 nisi
1735 1531 1879 1629 spiritus
1900 1530 2077 1621 bominis,

490 1649 617 1748 quiin
653 1648 732 1747 ipso
759 1647 866 1720 esti»
897 1652 949 1719 lta
975 1661 1011 1718 et
1037 1671 1117 1745 quae
1145 1647 1212 1719 Dei
1242 1661 1326 1719 sunt
1349 1672 1458 1719 nemo
1491 1649 1684 1745 coguovit,
1714 1650 1784 1722 uisi
1816 1650 1960 1748 spiritus
1992 1651 2077 1742 Dei,

488 1768 684 1869 presertim
707 1791 790 1839 cum
815 1790 883 1839 uec
907 1765 1097 1838 minimum
1120 1764 1255 1863 aliquid
1279 1765 1402 1839 doceri
1427 1766 1508 1864 quis
1535 1766 1662 1857 valeat,
1691 1768 1759 1841 uisi
1782 1793 1827 1840 eo
1847 1793 1916 1840 nos
1935 1768 2081 1841 interius

490 1896 727 1984 illuminante,
755 1896 817 1993 qui
841 1894 910 1966 nisi
935 1908 1092 1966 mentem
1118 1895 1270 1967 iustmat
1295 1896 1462 1986 interius,
1490 1895 1619 1967 frustra
1642 1896 1705 1993 qui
1727 1882 1835 1968 docet
1860 1919 1981 1968 aerem
2001 1920 2082 1968 ver·

491 2015 595 2088 berat
621 2014 785 2086 exterius.
817 2012 913 2101 Quid
946 2014 1043 2086 enim
1080 2038 1164 2086 cum
1190 2012 1339 2110 alicujus
1365 2014 1524 2086 ductoris
1558 2013 1669 2087 verba
1697 2014 1879 2112 aequaliter
1905 2013 1953 2087 ad
1979 2039 2082 2088 aures

494 2135 719 2207 diversorum
744 2132 986 2232 perferuntur,
1015 2158 1082 2205 nec
1105 2148 1225 2206 mmen
1250 2132 1431 2233 aequaliter
1453 2133 1500 2205 ab
1525 2135 1576 2206 eis
1604 2132 1863 2231 intelliguntur,
1891 2134 1959 2205 nisi
1984 2134 2081 2231 quod

493 2252 712 2352 quibusdam
737 2267 867 2352 praesto
894 2267 947 2326 est
971 2246 1120 2325 interior
1146 2254 1334 2349 magister,
1364 2250 1579 2352 quibusdam
1607 2253 1777 2343 minime,
1803 2254 1865 2350 qui
1890 2276 1984 2350 quos
2008 2251 2082 2326 vult

491 2373 598 2445 etiam
619 2374 695 2446 sine
713 2396 804 2446 sono
821 2371 952 2444 docet?
971 2376 1025 2443 De
1041 2371 1147 2468 bujus
1168 2370 1316 2469 quidem
1330 2373 1486 2470 magistri
1502 2373 1673 2471 sapientia
1690 2373 1766 2472 ipse
1784 2374 1979 2469 Sapientiae
1994 2372 2082 2444 liber

491 2494 652 2565 continet
674 2493 770 2565 ita':
793 2522 811 2560 ιι
821 2494 957 2564 sentite
979 2491 1025 2564 de
1047 2488 1207 2564 Domino
1230 2493 1267 2562 in
1289 2490 1464 2585 bonitate,
1488 2505 1524 2564 et
1547 2493 1583 2563 in
1601 2491 1826 2590 simplicitate
1847 2490 1966 2562 cordis
1988 2515 2084 2589 quae·

491 2612 558 2684 rite
581 2611 712 2684 illum:
740 2613 913 2709 quoniam
938 2612 1120 2683 iuvenitur
1144 2610 1191 2684 ab
1211 2610 1267 2683 bis
1291 2612 1355 2709 qui
1378 2634 1451 2683 non
1473 2624 1614 2684 tentant
1637 2610 1737 2683 illum
1758 2637 1767 2681 ε
1792 2624 1938 2709 apparet
1962 2623 2082 2681 autem

492 2731 630 2827 eisqui
656 2729 765 2801 fidem
790 2730 926 2803 babent
953 2734 989 2801 in
1018 2729 1134 2801 illum.
1167 2733 1341 2802 Perversae
1365 2732 1462 2801 enim
1488 2731 1722 2827 cogitationes
1744 2741 1908 2829 separant
1930 2752 1951 2801 a
1973 2732 2080 2799 Deo:

494 2849 666 2947 quoniam
692 2848 728 2920 in
755 2848 969 2920 malevolam
991 2850 1151 2921 animam
1172 2872 1248 2920 non
1268 2848 1430 2920 introibit
1452 2849 1638 2948 sapientia,
1656 2874 1724 2922 nec
1745 2847 1924 2921 habitabit
1945 2848 1982 2919 in
2004 2870 2083 2919 cor·

494 2992 585 3068 pore
606 2964 754 3040 subdito
775 2967 981 3066 peccatis.»
1001 2971 1044 3039 Et
1066 2968 1287 3068 Apostolus‘,
1313 2967 1524 3061 «animalis,
1551 2969 1686 3067 inquit,
1706 2967 1819 3039 homo
1838 2991 1914 3039 non
1936 2967 2085 3066 percipit

495 3113 538 3163 ea
559 3114 639 3188 quae
656 3104 740 3162 sunt
755 3088 898 3187 spiritus
913 3089 992 3162 Dei.
1012 3119 1030 3156 s
1049 3088 1119 3161 Sed
1137 3090 1238 3186 juxta
1262 3089 1511 3179 Psalmistam⁷,
1533 3089 1759 3162 «Intellectus
1776 3087 1897 3161 bonus
1919 3085 2085 3160 omuibus

493 3207 708 3282 facientibus
728 3232 826 3298 eum,
842 3236 860 3278 u
878 3207 950 3280 boc
969 3221 1023 3279 est
1045 3207 1199 3306 illisqui
1223 3207 1323 3306 quod
1345 3207 1440 3280 bene
1462 3209 1677 3307 intelligunt,
1707 3209 1917 3307 operatione
1941 3206 2086 3304 implere

495 3342 682 3425 satagunt,
711 3341 752 3399 ut
774 3352 819 3400 ex
841 3327 913 3399 boe
937 3342 1058 3425 aperte
1084 3327 1294 3418 doceamur,
1314 3328 1394 3427 plus
1410 3353 1475 3427 per
1491 3327 1761 3424 intelligentiam
1784 3325 1881 3425 apud
1905 3329 2021 3398 Deum
2045 3349 2084 3396 ex

495 3450 669 3545 religione
686 3449 781 3540 vitae,
803 3471 913 3545 quam
927 3471 969 3519 ex
987 3448 1122 3545 ingenii
1137 3447 1331 3521 subtilitate
1350 3446 1536 3546 proficere.
1552 3446 1718 3544 Alioquin
1736 3448 1914 3518 Dominus
1928 3443 1996 3517 sibi
2010 3447 2086 3543 plus

494 3567 693 3642 humanum
719 3568 902 3666 ingenium
929 3591 1039 3665 quam
1063 3568 1286 3641 sanctitatem
1310 3567 1391 3639 vitae
1411 3566 1551 3666 placere
1574 3565 1790 3637 ostenderet.
1814 3565 1957 3663 Quippe
1988 3562 2086 3661 quod

494 3686 574 3786 plus
599 3687 645 3759 de
666 3690 744 3758 Deo
766 3709 788 3757 a
813 3686 919 3759 nobis
945 3687 1107 3779 sentitur,
1131 3686 1212 3784 plus
1235 3711 1258 3758 a
1279 3685 1386 3758 nobis
1410 3685 1580 3783 diligitur,
1606 3698 1642 3757 et
1667 3709 1750 3756 cum
1778 3684 1940 3782 proiectu
1961 3681 2088 3755 intelli·

495 3805 622 3900 gentiae
645 3805 802 3875 caritatis
826 3802 1035 3878 accenditur
1055 3803 1222 3894 llamma,
1251 3805 1333 3877 licet
1356 3803 1395 3875 hi
1419 3804 1481 3902 qui
1508 3803 1685 3903 simplices
1707 3817 1814 3900 atque
1841 3800 1961 3873 idiotae
1985 3801 2088 3873 nubis

494 3919 680 4011 videntur,
696 3935 732 3993 et
746 3920 829 3993 ideo
842 3921 1073 3994 vehementer
1090 3923 1160 3994 sint
1176 3923 1363 4013 ferventes,
1383 3947 1451 3996 nec
1471 3937 1609 3995 tantum
1623 3922 1821 4021 exprimere
1839 3936 1901 3993 aut
1917 3920 2087 3992 disserere

495 4051 640 4138 queant,
671 4053 848 4136 quantum
872 4041 923 4112 eis
948 4039 1188 4139 intelligentia
1204 4042 1326 4114 divina
1346 4042 1532 4140 inspiratio
1555 4041 1707 4113 confert.
1727 4045 1806 4112 Hoc
1827 4040 1963 4111 utinam
1980 4052 2016 4111 et
2039 4037 2088 4110 illi

496 4157 734 4248 attenderent,
755 4161 819 4256 qui
840 4160 1086 4260 imprudenter
1102 4162 1291 4258 magisterii
1317 4185 1450 4234 nomen
1467 4161 1504 4232 in
1525 4161 1646 4233 divina
1663 4162 1793 4259 pagina
1815 4159 1882 4232 sibi
1898 4173 2085 4255 arrogant,

497 4303 580 4352 cum
597 4279 708 4352 vitam
731 4303 805 4350 non
825 4278 1032 4369 emendent,
1059 4295 1094 4352 et
1116 4305 1200 4352 cum
1223 4281 1411 4353 carnaliter
1431 4295 1467 4353 et
1485 4305 1613 4380 spurce
1632 4282 1767 4370 vivant,
1794 4280 1984 4378 specialem
2000 4278 2088 4351 divi·

497 4421 629 4469 norum
650 4398 878 4494 aenigmatum
900 4397 1174 4496 intelligentiam
1200 4398 1268 4471 sibi
1288 4401 1495 4491 revelatam,
1519 4416 1554 4473 et
1569 4399 1724 4473 coelestia
1746 4398 1814 4471 sibi
1831 4421 1961 4472 arcana
1988 4421 2089 4469 com·

500 4515 607 4589 missa
632 4542 709 4589 esse
738 4518 973 4612 mentiuntur,
1000 4542 1043 4590 ac
1067 4519 1096 4590 si
1120 4544 1158 4591 se
1182 4518 1357 4618 templum
1380 4519 1531 4618 Spiritus
1558 4521 1672 4594 sancti
1695 4517 1917 4619 apertissime
1939 4516 2085 4615 jactent.

497 4640 662 4726 Quorum
687 4636 812 4710 saltem
825 4636 1087 4736 impudentiam
1107 4637 1277 4712 falsorum
1293 4639 1570 4712 christianorum
1590 4640 1738 4737 gentiles
1760 4652 1948 4711 conterant
1969 4636 2088 4736 philo·

499 4757 618 4856 sopbi,
643 4758 708 4857 qui
731 4781 899 4830 normam
920 4757 986 4829 Dei
1008 4783 1084 4831 non
1113 4758 1374 4848 ratiocinando,
1400 4758 1463 4831 sed
1484 4761 1594 4856 magis
1616 4759 1709 4833 bene
1731 4757 1886 4832 vivendo
1904 4757 2088 4855 acquiren-

533 5079 666 5131 'Gorintlu
679 5082 699 5142 1,
713 5094 768 5145 cap.
782 5096 826 5144 ιιι,
841 5093 865 5132 r.
879 5084 919 5134 20.
931 5081 1142 5145 -¹li›id.,eap.
1156 5095 1196 5146 rr,
1209 5096 1231 5135 ι.
1245 5087 1270 5134 t.
1325 5083 1453 5148 -⁸Sop.‚
1468 5094 1522 5145 up.
1535 5094 1555 5146 ι,
1568 5093 1591 5134 r.
1604 5084 1627 5135 t.
1639 5080 1811 5134 —tcoristu
1825 5080 1848 5145 l,
1862 5093 1915 5145 cap.
1931 5092 1961 5143 ιι,
1974 5093 1998 5130 ι.
2013 5081 2089 5130 rt.-

501 5181 527 5193 -
544 5158 648 5224 titum,
662 5173 716 5224 cap.
733 5174 770 5227 xi,
781 5176 805 5214 r.
817 5164 858 5216 20.
871 5189 900 5202 -
912 5162 1042 5216 ⁴cortuttr.
1057 5162 1080 5227 1,
1094 5176 1149 5227 cap.
1159 5176 1187 5224 ιι,
1199 5176 1221 5215 ι.
1232 5165 1270 5215 11.
1324 5164 1439 5222 Ῥιιιῖιιι.
1452 5178 1493 5227 cx,
1505 5177 1529 5216 r.
1541 5165 1579 5217 ιο.
