4559 6100
452 559 524 633 246
1050 555 1171 628 PETRl
1195 551 1425 626 ABAELAllDl

451 708 555 804 cipue
567 706 718 804 genitale
731 707 797 778 viri
810 707 932 805 potius
945 730 1055 803 quam
1065 705 1224 778 mulieris
1243 703 1574 777 circumcidendum
1589 704 1709 796 fuisse,
1731 717 1770 775 ut
1785 704 1822 776 in
1838 702 1911 776 hoc
1927 706 2044 802 signi-

452 827 616 900 ficaretur
630 825 799 897 omnibus
812 827 848 897 in
866 825 1005 925 populo
1022 826 1098 918 illo,
1117 826 1180 922 qui
1197 849 1262 923 per
1274 823 1364 895 illud
1378 823 1582 896 membrum
1603 825 1846 921 gignerentur,
1862 823 1972 921 hujus
1987 850 2042 898 sa·

451 946 622 1019 crementi
635 944 836 1017 remedium
850 969 925 1017 esse
939 945 1192 1036 necessarium,
1218 967 1283 1041 per
1298 941 1399 1040 quod
1416 942 1484 1041 ipsi
1501 966 1523 1015 a
1539 944 1668 1016 veteris
1683 943 1841 1015 bominis
1857 944 2042 1042 expiaren-

452 1080 510 1137 tur
523 1065 749 1162 contagione.
766 1063 876 1151 Quod
896 1088 971 1135 non
995 1064 1041 1135 ita
1066 1078 1120 1135 cst
1139 1061 1186 1134 de
1205 1061 1367 1152 muliere,
1395 1085 1480 1133 cum
1503 1062 1681 1133 Dominus
1707 1065 1807 1133 lesus
1827 1086 1870 1134 ex
1894 1062 2042 1136 muliere

451 1185 586 1283 absque
598 1186 699 1257 omni
713 1197 861 1282 peccato
875 1197 978 1256 natus
996 1183 1113 1255 luerit.
1132 1187 1253 1254 Potest
1267 1182 1376 1254 etiam
1391 1181 1458 1253 riri
1474 1181 1699 1254 circumcisio
1713 1180 1859 1253 beatum
1873 1182 2043 1256 eumdem

451 1306 569 1378 virum
589 1304 816 1402 spiritualiter
839 1303 1041 1401 designare,
1058 1302 1122 1398 qui
1134 1301 1231 1375 solus
1252 1301 1329 1373 sine
1348 1301 1638 1398 concupiscentia
1657 1314 1869 1400 conceptus,
1895 1324 2041 1375 carnem

449 1447 578 1524 puram
595 1438 631 1495 et
647 1423 789 1522 penitus
803 1422 940 1522 absque
956 1423 1131 1521 praeputio
1148 1420 1382 1494 immunditiae
1401 1422 1568 1520 suscepit.
1599 1425 1640 1493 ln
1664 1420 1767 1517 cujus
1787 1418 1933 1517 quidem
1954 1434 2042 1521 typo

450 1545 566 1617 lemur
580 1541 744 1631 Abrahae,
760 1543 861 1640 quod
877 1543 995 1642 primo
1010 1541 1261 1613 circumcisum
1269 1554 1336 1630 est,
1348 1563 1472 1612 servus
1485 1540 1562 1637 ejus
1570 1538 1608 1611 in
1617 1552 1840 1612 sacramento
1854 1540 2010 1638 suscepit
2017 1545 2038 1630 ¹,
2138 1557 2143 1564 ’

450 1663 551 1760 quasi
569 1662 605 1733 in
623 1685 706 1734 eum
721 1662 845 1758 jurans
861 1663 924 1758 qui
939 1660 1133 1733 exsemine
1151 1659 1213 1731 illo
1227 1660 1426 1732 nasciturus
1439 1660 1472 1731 ei
1489 1659 1607 1757 primo
1633 1658 1746 1731 fuerat
1770 1658 1981 1757 promissus,
2005 1658 2040 1731 id

450 1797 503 1854 est
518 1783 555 1854 in
572 1782 766 1855 Christum.
792 1781 1064 1854 circumcisioni
1086 1804 1172 1852 vero
1188 1780 1387 1882 ¹infantium
1414 1792 1511 1851 certa
1535 1778 1626 1870 dies,
1652 1776 1689 1851 id
1716 1792 1771 1850 est
1793 1793 1920 1851 octava
1946 1792 2042 1852 recte

449 1925 486 1999 pr
493 1900 592 1973 aefixa
621 1915 687 1994 est,
713 1915 753 1972 ut
769 1901 805 1971 in
821 1899 894 1971 hoc
909 1897 1075 1971 videlieet
1093 1897 1333 1998 praefiguraret
1354 1898 1448 1970 illius
1465 1911 1599 1970 octavae
1614 1895 1812 1969 claritatem
1834 1910 1871 1969 et
1889 1895 2041 1969 beatitu-

449 2020 572 2094 dinem
589 2046 667 2120 qnae
683 2021 814 2092 sanctis
834 2020 1009 2119 promissa
1027 2033 1094 2109 est,
1112 2018 1181 2090 illis
1196 2018 1281 2090 solis
1300 2017 1424 2091 deberi
1441 2017 1504 2114 qui
1529 2017 1740 2087 innocenter
1757 2039 1860 2087 more
1878 2016 2042 2115 parvulo·

448 2165 531 2212 rum
547 2141 723 2230 vixerunt,
742 2163 809 2211 nec
826 2137 1084 2236 purificationis
1100 2152 1366 2210 sacramentum
1393 2136 1440 2208 ad
1465 2134 1539 2208 hoc
1554 2134 1731 2227 sufficere,
1749 2135 1817 2207 nisi
1837 2136 2041 2208 innocentia

447 2259 669 2333 custodiatur
680 2261 775 2332 vitae.
790 2259 843 2330 td
857 2258 958 2356 quod
974 2282 1042 2331 nos
1057 2258 1236 2329 Dominus
1252 2255 1463 2346 adhortans,
1479 2256 1675 2329 constituto
1688 2257 1726 2327 in
1745 2254 1865 2327 medio
1876 2258 2038 2355 parvulo,

445 2380 534 2452 ait’:
557 2379 663 2451 «Nisi
679 2378 842 2451 conversi
860 2377 1008 2467 fueritis,
1025 2391 1061 2449 et
1071 2375 1277 2452 efficiamini
1291 2377 1382 2448 sicut
1397 2374 1568 2474 parvulus
1579 2376 1659 2469 iste,
1678 2388 1747 2448 etc.
1760 2404 1778 2440 n
1797 2378 1933 2448 Octava
1950 2376 2038 2467 dies,

446 2521 518 2596 qua
534 2495 802 2571 circumciditur
817 2495 1004 2594 parvulus,
1024 2496 1180 2569 loturam
1198 2498 1412 2571 Sanctorum
1429 2493 1623 2567 claritatem
1640 2494 1677 2565 in
1695 2492 1755 2566 die
1772 2495 2042 2568 resurrectionis

446 2616 633 2713 significat,
645 2615 793 2714 quando
806 2614 970 2687 videlicet
986 2629 1175 2714 resumptae
1188 2615 1307 2687 carnis
1315 2615 1444 2686 veritas
1456 2612 1695 2713 permanebit,
1708 2614 1783 2686 sive
1793 2617 1969 2713 supererit
1979 2615 2040 2688 de'

447 2734 651 2833 corruptela
662 2734 813 2832 peccati,
825 2759 903 2831 quae
915 2735 982 2806 erit
992 2758 1077 2809 vera
1086 2733 1323 2823 circumcisio,
1333 2733 1634 2832 inexspoliatione
1644 2733 1777 2806 scilicet
1785 2733 1913 2805 veteris
1921 2732 2040 2806 homi·

447 2855 504 2927 nis
522 2879 605 2926 cum
617 2852 757 2925 actibus
769 2855 854 2947 suis,
864 2879 948 2926 cum
957 2854 1033 2950 jam
1042 2852 1209 2944 videlicet
1222 2853 1374 2926 carnalis
1390 2854 1689 2953 concupiscentiae
1698 2853 1847 2925 stimulis
1863 2854 2041 2927 manenti·
2101 2847 2105 2862 ’

447 2974 529 3068 bus,
548 2973 706 3073 angelice
722 2973 828 3045 nobis
838 2973 1032 3047 vivendum
1047 2973 1152 3046 luerit
1165 3000 1174 3044 ι
1185 2972 1260 3066 ubi,
1271 2973 1547 3072 inquitVeritas⁸
1565 3000 1574 3043 s
1595 3002 1612 3042 a
1629 2978 1752 3073 Neque
1767 2971 1907 3044 nubent
1923 2997 2041 3072 neque

448 3094 648 3198 nubentur,
669 3093 732 3166 sed
747 3107 854 3165 erunt
869 3093 960 3166 sicut
981 3093 1098 3191 angeli
1113 3095 1193 3166 Dei.
1211 3125 1228 3159 »
1247 3094 1340 3181 Quia
1360 3117 1445 3167 vero
1464 3106 1581 3166 totum
1598 3093 1781 3193 praesentis
1798 3094 1878 3166 vitae
1900 3107 2041 3192 tempus

447 3238 511 3312 per
522 3227 659 3313 septem
674 3213 753 3285 dies
765 3212 958 3311 peragitur,
972 3229 1068 3286 recte
1084 3212 1144 3285 illa
1154 3212 1234 3284 vitm
1249 3212 1374 3284 lutnrae
1391 3227 1563 3310 perpetua
1575 3211 1715 3286 claritas
1729 3236 1794 3311 per
1806 3227 1972 3285 octavam
1985 3213 2040 3285 in·

448 3332 627 3431 telligitur.
647 3330 751 3407 Unde
767 3346 804 3405 et
820 3333 993 3424 Psalmos,
1012 3333 1076 3435 qui
1092 3332 1319 3406 intitulantur
1335 3357 1402 3434 pro
1428 3346 1577 3425 octava,
1596 3331 1643 3404 ad
1656 3331 1754 3405 diem
1770 3332 2040 3406 resurrectionis

446 3468 583 3526 certum
598 3469 650 3527 est
667 3457 857 3553 pertinere.

495 3575 673 3662 Qnaeritur
696 3590 816 3648 autem
841 3575 888 3648 de
910 3577 1106 3650 infantibus
1127 3593 1211 3650 ante
1236 3594 1400 3652 octavam
1427 3579 1524 3651 diem
1548 3576 1799 3670 morientibus,
1826 3590 1948 3649 utrum
1969 3576 2039 3649 da-

448 3707 629 3783 mnentur,
643 3718 727 3765 cum
738 3719 801 3766 eos
813 3694 977 3768 videlicet
991 3697 1168 3786 nondum,
1180 3698 1279 3792 juxta
1292 3713 1510 3796 praeceptum
1525 3699 1682 3789 Domini,
1697 3695 1904 3770 circumcidi
1921 3697 2037 3788 liceat,
2088 3675 2095 3682 ’

447 3833 515 3881 nec
530 3836 597 3909 pro
614 3812 665 3884 eis
683 3812 840 3908 legamus
856 3814 1027 3887 sacrificia
1043 3839 1118 3887 esse
1143 3816 1327 3889 ollerenda
1347 3830 1432 3890 ante
1455 3817 1552 3890 diem
1575 3831 1743 3890 maternae
1767 3815 2037 3915 purificationis,

448 3928 563 4017 idest,
584 3954 604 4001 a
621 3932 806 4005 nativitate
821 3933 970 4006 masculi
981 3934 1310 4032 quadragesimum.
1330 3942 1374 4009 At
1388 3962 1475 4009 vero
1491 3962 1576 4009 curn
1587 3939 1760 4036 scriptum
1776 3938 1821 4008 sit
1833 3938 1865 4006 ¹:
1882 3965 1900 4002 α
1914 3936 2040 4008 Omnis

447 4050 568 4123 anima
583 4050 684 4147 cujus
699 4075 783 4123 caro
807 4053 971 4151 praeputii
998 4078 1074 4125 non
1101 4053 1207 4126 luerit
1230 4055 1459 4147 circumcisa,
1479 4055 1610 4155 peribit
1632 4056 1679 4129 de
1703 4054 1841 4155 populo
1858 4078 1943 4144 suo;
1967 4082 1986 4123 u
2004 4069 2040 4127 et

447 4192 581 4260 rursus,
601 4169 631 4240 si
648 4185 827 4269 praecepto
840 4173 987 4243 Domini
1003 4187 1086 4245 ante
1099 4188 1264 4247 octavam
1279 4174 1376 4247 diem
1393 4175 1698 4248 acircumcisione
1725 4176 1826 4273 parvi
1852 4172 2038 4245 inhibean-

448 4302 518 4377 tur,
534 4287 676 4360 videtur
691 4289 844 4363 crudelis
861 4290 982 4365 divina
997 4293 1173 4365 sententia
1189 4293 1227 4364 in
1242 4294 1512 4365 damnationem
1530 4294 1668 4387 talium,
1684 4295 1747 4390 qui
1761 4293 1863 4365 ethis
1882 4291 2039 4362 circum-

447 4406 620 4480 cisionem
637 4409 875 4484 necessariam
892 4411 1057 4502 instituit,
1085 4425 1121 4483 et
1143 4412 1364 4503 circumcidi,
1392 4411 1540 4510 quando
1569 4427 1727 4512 possent,
1756 4435 1830 4484 non
1852 4409 2036 4508 permittit.

447 4531 569 4626 Neque
589 4543 709 4601 autem
725 4553 747 4602 a
762 4529 946 4604 salvatore
960 4530 1159 4628 quidquem
1172 4532 1315 4631 praecipi
1333 4531 1387 4605 vel
1404 4532 1541 4606 institui
1559 4532 1719 4630 oportuit
1735 4528 1836 4629 quod
1851 4528 1956 4602 saluti
1973 4527 2040 4601 ob·

346 4674 354 4689 =
446 4647 597 4734 sisteret,
617 4673 685 4720 nec
702 4651 864 4721 enervari
882 4649 1008 4721 debuit
1023 4650 1224 4724 remedium
1239 4652 1338 4748 quod
1355 4651 1519 4751 pluribus
1534 4650 1710 4751 proficere
1732 4663 1865 4749 posset,
1890 4662 1930 4720 ut
1954 4664 2040 4748 pote

357 4760 358 4763 '
446 4765 537 4840 fides
563 4781 767 4866 parentum,
795 4768 869 4840 sive
895 4769 1156 4842 sacrificiorum
1177 4772 1278 4863 ritus,
1308 4770 1441 4869 quibus
1467 4785 1573 4845 antea
1599 4769 1769 4870 parvulos
1792 4770 1870 4841 sive
1897 4766 2040 4841 adultos

479 5058 588 5119 'Gcau.,
603 5072 658 5122 cap.
670 5074 736 5122 xxu,
748 5074 772 5110 r.
785 5062 860 5113 9.-¹
869 5060 944 5117 tluth
957 5097 964 5121 ,
976 5074 1028 5125 cap.
1043 5074 1110 5122 xrur,
1124 5075 1147 5113 r.
1156 5065 1179 5112 3.
1188 5087 1216 5098 -
1225 5062 1313 5113 ‘amb
1326 5060 1496 5123 superaddito
1509 5056 1653 5123 corruptela
1662 5057 1910 5121 perure-‘sam
1922 5069 1975 5118 cap.
1989 5067 2038 5117 ιιι,

447 5151 468 5186 ν.
482 5139 521 5188 ta
537 5161 565 5176 ··
576 5140 586 5172 ⁸
598 5139 695 5203 Genea,
707 5153 762 5204 cap.
774 5153 836 5205 xrn,
848 5155 871 5191 v.
886 5142 925 5194 u.
