4559 6100
722 536 767 611 IN
790 535 1033 609 EPISTOLAM
1058 539 1119 610 AD
1145 537 1371 612 ROMANDS.
1775 539 1847 612 317

252 693 354 776 gunt,
384 695 424 753 ut
445 684 561 756 oratio
586 702 956 786 suum'consequatur
978 685 1160 779 ellectum,
1186 700 1223 759 et
1241 684 1352 758 verba
1374 684 1606 758 solummodo
1631 703 1846 785 praeparant,

252 822 328 872 non
350 801 463 875 corda
482 801 559 875 z'de
582 802 714 900 quibus
733 809 910 879 Dominus
925 831 992 906 per
1013 807 1140 879 lsaiam
1163 806 1438 902 conqueritur¹:
1461 834 1478 873 u
1495 804 1654 904 Populus
1669 803 1729 877 hic
1747 805 1850 880 labiis

252 944 310 992 me
320 919 490 1012 honorat,
504 947 568 995 cor
584 938 703 997 autem
715 949 843 999 eorum
861 927 1035 1024 longeest
1051 949 1073 997 a
1090 929 1162 997 me.
1177 954 1195 991 s
1212 952 1230 992 u
1244 922 1518 997 Necessitatibus
1530 938 1736 995 sauctorum
1747 949 1848 998 com-

251 1040 488 1132 municantes,
504 1072 522 1109 s
539 1042 577 1115 id
603 1057 656 1116 est
675 1044 841 1119 fidelibus
866 1047 1053 1147 penuriam
1081 1044 1138 1118 vel
1161 1044 1412 1118 adversitatem
1431 1041 1648 1141 patientibus
1673 1045 1723 1115 ita
1746 1068 1846 1117 com·

250 1160 437 1258 patientes,
451 1178 631 1238 uteorum
643 1168 802 1266 penuriae
815 1167 872 1239 vel
889 1166 1128 1240 tribulationis
1146 1166 1337 1266 participes
1350 1164 1560 1253 efficiamur,
1579 1163 1669 1236 dum
1684 1163 1849 1238 videlicet

251 1279 351 1378 quod
378 1281 486 1355 nobis
509 1263 760 1359 subtrahimus
781 1287 832 1359 eis
860 1286 1126 1387 impendimus,
1153 1286 1209 1359 vel
1236 1310 1303 1386 pro
1329 1286 1413 1385 ipsis
1437 1285 1546 1357 etiam
1568 1282 1761 1383 eripiendis
1784 1309 1847 1358 seu

251 1397 487 1477 defendendis
515 1404 716 1503 periculum
740 1405 797 1479 rel
833 1405 1008 1480 damnum
1042 1406 1271 1479 incurrimus.
1303 1404 1407 1477 Unde
1435 1401 1520 1478 alibi
1549 1402 1657 1476 dicit'
1683 1430 1692 1475 ε
1723 1429 1742 1473 u
1752 1404 1848 1477 Alter

250 1516 395 1593 alterius
411 1546 523 1596 onera
531 1539 683 1624 portate.
699 1555 717 1596 u
732 1526 1039 1625 «Hospitalitatem
1050 1539 1262 1612 sectantes»
1274 1531 1349 1597 non
1359 1524 1477 1598 solum
1488 1520 1752 1622 impendentes,
1762 1546 1847 1597 cum

249 1634 416 1713 videlicet
445 1644 651 1718 recedentes
678 1670 699 1718 a
726 1645 834 1719 nobis
860 1648 1096 1745 insequimur,
1126 1659 1167 1719 ut
1194 1645 1303 1718 etiam
1332 1643 1549 1716 reluctantes
1574 1640 1622 1716 ad
1648 1640 1846 1742 hospitium

250 1756 448 1850 trahamus,
467 1765 560 1836 sicut
574 1765 666 1838 Loth
684 1767 723 1838 in
740 1766 968 1865 susceptione
984 1765 1205 1863 Angelorum
1221 1765 1304 1861 egit.

302 1880 536 1955 «benedicite
552 1884 849 1982 persequentibus
865 1910 930 1957 vos
944 1914 962 1951 s
979 1883 1052 1956 hoc
1073 1898 1144 1973 est,
1163 1883 1232 1957 illis
1248 1884 1362 1955 etiam
1372 1896 1412 1955 ut
1428 1882 1521 1955 bene
1536 1883 1583 1954 sit
1602 1896 1715 1973 orate,
1738 1896 1780 1954 ut
1795 1885 1846 1957 si'c

248 1996 285 2069 in
299 1997 350 2070 eis
366 2000 551 2075 caritatem
568 2002 762 2096 aedificetis,
783 2005 876 2078 sicut
889 2005 1063 2103 scriptum
1082 1987 1181 2078 ests:
1204 2007 1329 2075 «Tunc
1345 2004 1443 2076 enim
1460 2000 1636 2075 carbones
1651 2002 1742 2100 ignis
1757 2026 1846 2077 con·

249 2140 350 2211 geres
366 2142 475 2218 super
490 2135 599 2221 caput
613 2122 690 2221 ejus
710 2150 751 2195 :s
770 2123 828 2197 vel
845 2123 929 2198 ideo
948 2138 988 2196 ut
1009 2124 1124 2197 oratio
1139 2127 1257 2196 restra
1275 2127 1376 2195 tanto
1395 2122 1532 2195 facilius
1554 2121 1721 2194 ellectum
1744 2146 1846 2194 asse-

248 2251 392 2333 quatur,
411 2255 549 2337 quanto
567 2246 646 2315 Deo
665 2243 799 2342 gratior
814 2244 894 2332 erit,
913 2244 975 2340 qui
992 2244 1083 2316 ait⁸2
1103 2244 1167 2315 «si
1183 2243 1281 2315 enim
1297 2241 1442 2338 diligitis
1451 2264 1514 2313 eos
1527 2242 1589 2338 qui
1602 2264 1665 2312 vos
1676 2239 1842 2337 diligunt,

247 2369 359 2453 quam
383 2359 588 2433 mercedem
613 2360 815 2435 habebitis?
828 2391 846 2428 s
867 2366 985 2451 Quam
1002 2362 1150 2461 quidem
1171 2357 1382 2433 dilectionis·
1396 2359 1651 2458 perlectionem
1674 2374 1749 2431 tam
1770 2364 1844 2431 Do·

247 2475 368 2549 minus
387 2478 463 2576 ipse
483 2502 593 2576 quam
618 2484 864 2579 protomartyr
888 2483 966 2579 ejus
981 2480 1183 2582 Stephanus
1203 2480 1240 2551 in
1262 2478 1490 2578 passionibus
1509 2479 1582 2551 suis
1602 2502 1669 2575 pro
1692 2479 1846 2552 inimicis

248 2594 386 2668 orando
403 2596 511 2671 nobis
528 2597 783 2673 exhibuerunt.
802 2600 1035 2674 «benedicite
1049 2615 1085 2673 et
1097 2600 1210 2673 nolite
1234 2597 1492 2672 maledicere.»
1512 2598 1568 2669 Dis
1582 2596 1682 2688 dicit,
1704 2627 1723 2667 κ
1734 2597 1844 2671 bene·

247 2710 374 2807 dicite,
391 2743 409 2784 u
432 2732 471 2789 ut
496 2731 570 2791 tam
597 2720 633 2792 in
660 2744 724 2794 ore
748 2744 860 2818 quam
891 2721 928 2792 in
951 2719 1063 2793 corde
1085 2700 1374 2792 benedictionem
1399 2716 1609 2791 habeamus.
1638 2719 1712 2791 Nec
1731 2716 1841 2810 dixit,

248 2859 265 2899 n
280 2855 326 2907 ne
343 2833 582 2930 maledicatis,
599 2868 618 2908 u
638 2837 702 2912 sed
720 2869 739 2907 s
750 2840 862 2913 nolite
883 2840 1140 2914 maledicere.»
1160 2841 1253 2911 Cum
1269 2838 1368 2910 enim
1383 2837 1541 2933 aliquem
1556 2860 1625 2935 pro
1644 2857 1715 2909 suae
1731 2838 1844 2936 culpae

246 2951 488 3030 obstinatione
515 2958 884 3053 excommunicamus,
916 2960 1080 3060 prolecto
1105 2959 1144 3030 in
1162 2982 1247 3030 eum
1274 2956 1536 3030 maledictionis
1553 2956 1766 3028 sententiam
1792 2957 1845 3028 in·

245 3085 468 3172 torquemus.
498 3081 578 3176 lpse
602 3079 712 3151 etiam
738 3079 870 3153 Paulus
900 3081 937 3152 iu
956 3078 1104 3152 Actibus
1127 3078 1384 3177 Apostolorum
1409 3078 1443 3151 ei
1471 3075 1693 3150 maledixisse
1716 3077 1844 3174 legitur

244 3187 305 3259 cui
329 3188 419 3259 ait⁸z
439 3217 457 3259 n
473 3193 641 3264 Destruet
656 3206 691 3267 te
706 3196 898 3281 Dominus,
923 3197 1041 3293 parics
1057 3192 1235 3267 dealbate.
1255 3220 1274 3260 u
1294 3192 1366 3265 Sed
1383 3193 1468 3291 quia
1485 3191 1563 3265 zelo
1583 3191 1727 3288 justitiae
1744 3215 1844 3263 com·

244 3305 339 3404 pulsi
360 3307 444 3380 talia
467 3310 580 3383 sancti
598 3311 743 3400 faciunt,
765 3312 1026 3386 maledictionis
1043 3314 1222 3387 actionem
1238 3312 1395 3402 habeut,
1415 3335 1489 3383 uon
1510 3310 1745 3382 voluntatem.
1765 3313 1843 3382 Hoc

245 3449 320 3496 uno
337 3423 421 3499 lo'co
440 3453 513 3502 non
530 3428 675 3519 dicitur,
694 3445 734 3504 ut
750 3433 893 3530 penitus
912 3456 989 3505 non
1004 3430 1233 3523 maledicant,
1252 3431 1316 3505 sed
1335 3446 1374 3503 ut
1391 3429 1605 3502 maledicere
1623 3451 1699 3501 uon
1715 3426 1840 3521 velint,

245 3558 285 3616 ut
306 3544 473 3620 videlicet
495 3548 662 3624 voluutas
690 3551 970 3644 maledictionis,
994 3575 1070 3623 uon
1095 3552 1190 3624 actio
1218 3550 1464 3651 prohibeatur,
1490 3549 1583 3621 sicut
1608 3560 1645 3622 et
1666 3548 1843 3620 Dominus

243 3661 370 3738 dicit‘:
392 3669 535 3741 «Nolite
559 3670 694 3767 jurare.
712 3701 730 3738 s
748 3672 980 3744 Voluntatem
1004 3671 1125 3770 potius
1144 3670 1292 3768 jurandi
1317 3669 1496 3743 interdicit
1521 3691 1632 3766 quam
1647 3668 1839 3740 actionem.

242 3782 302 3856 Sic
317 3798 354 3857 et
365 3785 477 3883 judex
493 3812 576 3861 cum
590 3788 747 3888 aliquem
764 3790 841 3888 lege
855 3815 921 3865 sua
937 3805 1083 3864 coactus
1100 3788 1245 3884 occidit,
1264 3815 1340 3862 riou
1355 3788 1568 3881 voluntarie,
1585 3785 1633 3861 ab
1645 3786 1842 3859 homicidio

244 3920 447 3998 excusatur,
465 3909 552 4004 quia
575 3908 615 3981 id
632 3909 678 3983 ab
697 3935 742 3984 eo
759 3910 943 3983 voluntate
959 3934 1035 3981 non
1060 3910 1207 4006 geritur,
1225 3911 1285 3983 cui
1301 3900 1452 3982 omniuo
1475 3906 1641 4009 displicet
1662 3905 1763 4004 quod
1783 3905 1843 3980 ille

245 4024 308 4118 qui
332 4025 482 4122 punitur
504 4025 593 4101 illud
610 4031 843 4120 commiserit,
864 4040 1023 4129 proquo
1041 4028 1096 4102 lex
1115 4053 1200 4101 eum
1215 4027 1366 4101 interfici
1382 4028 1554 4127 praecipit,
1575 4041 1614 4100 ut
1632 4026 1743 4124 magis
1757 4049 1842 4098 eum

243 4138 300 4214 les
322 4143 398 4242 ipsa
419 4170 529 4243 quam
554 4146 668 4220 homo
690 4151 830 4248 puniat,
849 4152 962 4221 immo
984 4154 1060 4246 ipse
1083 4153 1180 4222 Deus
1196 4149 1312 4246 legem
1328 4149 1516 4221 instituens
1533 4147 1597 4245 qui
1612 4147 1709 4219 ait'2
1733 4175 1751 4212 c
1766 4149 1842 4242 Ego

244 4261 409 4336 occidam
433 4278 469 4337 et
491 4288 558 4361 ego
579 4266 699 4340 vivere
724 4267 866 4361 faciam,
893 4282 929 4340 et
955 4267 1043 4339 milri
1066 4267 1277 4361 vindictam,
1303 4291 1370 4365 ego
1393 4265 1603 4356 retribuam,
1617 4294 1635 4331 u
1655 4265 1741 4362 quia
1767 4263 1842 4361 ipse

244 4381 406 4456 minister
428 4385 508 4457 Dei.
534 4390 616 4458 Non
643 4388 823 4461 immerito
848 4388 1086 4488 quaerendum
1111 4389 1268 4480 videtur,
1293 4386 1451 4460 eumad
1479 4385 1591 4460 corda
1608 4386 1730 4484 potius
1745 4387 1842 4456 Deus

242 4529 354 4602 quam
366 4507 413 4580 ad
423 4509 536 4583 verba
550 4511 729 4611 respiciat,
743 4539 810 4586 cur
828 4529 946 4587 tamen
961 4512 1081 4586 verbis
1094 4515 1203 4586 etiam
1221 4514 1340 4611 ipsum
1356 4509 1603 4608 deprecemur.
1615 4508 1686 4582 Sed
1702 4506 1844 4581 duabus

244 4621 282 4694 id
305 4628 423 4700 causis
445 4630 520 4725 geri
542 4632 718 4704 existimo.
741 4636 820 4706 Una
840 4632 987 4731 quidem
1010 4632 1057 4705 ad
1079 4632 1259 4705 honorem
1277 4631 1364 4721 Dei;
1383 4630 1493 4702 altera
1516 4638 1570 4702 est
1588 4627 1635 4702 ad
1656 4627 1842 4701 utilitatem

243 4760 406 4818 nostram
430 4748 716 4824 accommodata.
735 4752 828 4823 Cum
848 4751 945 4825 enim
963 4749 1100 4848 aliquid
1121 4755 1238 4825 aDeo
1259 4748 1401 4822 orando
1419 4747 1661 4846 postulamus,
1688 4770 1731 4817 es
1757 4741 1842 4842 ipsis

276 4974 358 5040 ttsu..
374 4992 429 5042 cap.
442 4992 511 5042 xxix,
522 4995 547 5033 r.
561 4983 599 5032 la.
611 5007 637 5018 -
652 4980 768 5039 'Golut.,
780 4994 835 5044 cap.
851 4995 889 5043 u,
906 4996 930 5033 r.
943 4986 968 5033 t.
988 5007 1016 5018 -
1070 4982 1190 5032 dealbate.
1208 5006 1237 5019 -
1248 4979 1365 5041 ‘Datth.,
1382 4990 1435 5040 cap.
1455 4989 1483 5037 t,
1500 4986 1523 5024 v·
1534 4976 1574 5026 ll·
1586 4998 1614 5012 -
1624 4975 1720 5035 'Bm-2
1732 4986 1786 5037 ΜΡ·
1796 4988 1840 5039 ¹¹¹,

238 5056 353 5123 Ἴωνι,
371 5073 426 5122 cap.
445 5074 489 5123 ιιι,
506 5075 529 5110 ν.
546 5066 587 5114 20.
601 5087 629 5098 -
642 5064 651 5094 ⁴
669 5060 766 5121 Danti„
787 5076 843 5124 cap.
854 5076 884 5124 r,
897 5077 920 5114 v.
933 5067 974 5117 tu.
984 5086 1015 5101 -
1070 5075 1092 5113 r.
1104 5062 1274 5123 rismum..
1285 5057 1498 5122 caputium&-

241 5134 315 5187 ’Aca
325 5139 425 5204 apost„
434 5152 489 5204 cap.
503 5153 577 5204 amr,
591 5153 614 5194 r.
626 5145 655 5194 ts
669 5140 792 5194 Percuttet
804 5149 829 5194 tc
843 5142 917 5205 Deus,
934 5143 1016 5206 partes
