4559 6100
528 589 689 660 Etfllcl'
712 587 792 659 SEU
816 587 946 657 LIBER
970 586 1149 660 alcun:
1177 587 1299 659 seno
1324 586 1522 658 TElPSUM.
1747 583 1812 655 fill

228 740 410 838 puniatur.
438 741 568 838 Calpas
596 740 716 834 itaque
743 735 853 808 animi
886 734 1010 806 divino
1036 749 1257 808 reservantes
1279 732 1439 831 judicio,
1469 732 1592 804 effecta
1622 757 1747 804 earum
1775 731 1820 803 de

228 857 361 956 quibus
379 859 540 955 judicare
558 856 746 946 babemus,
768 854 1019 952 prosequimur
1035 868 1180 946 nostro,
1199 852 1504 951 dispensationem
1529 851 1564 921 iu
1583 850 1730 941 talibus,
1749 851 1820 921 hoc

229 992 281 1050 est
290 978 500 1077 prudentiae,
520 1001 629 1074 quam
646 975 813 1066 diximus,
831 974 1008 1046 rationem
1024 975 1136 1068 magis
1153 997 1262 1069 quam
1282 970 1455 1065 aequitatis
1473 967 1706 1040 adtendentes
1722 970 1820 1065 puri-

229 1111 350 1167 tatem.
373 1101 469 1167 Deus
485 1120 571 1167 vero
586 1096 692 1166 unius
705 1094 878 1190 cujusque
894 1115 1038 1190 poenam
1056 1088 1257 1163 secundum
1271 1089 1384 1186 culpae
1398 1088 1631 1183 quantitatem
1648 1086 1818 1184 disponit,

228 1228 265 1285 et
277 1215 495 1312 quicumque
510 1215 628 1313 ipsum
642 1211 822 1311 aqualiter
835 1224 1085 1302 contemnunt,
1098 1208 1225 1306 aequali
1238 1206 1473 1307 postmodum
1485 1231 1593 1303 poena
1606 1206 1818 1303 puniuntur,

227 1333 401 1429 cujusque
420 1333 638 1404 conditionis
662 1347 724 1404 aut
747 1330 978 1429 professionis
994 1329 1076 1400 sint.
1101 1329 1137 1398 Si
1155 1327 1250 1399 enim
1272 1325 1470 1397 monachus
1492 1340 1527 1396 et
1544 1324 1655 1395 laicus
1677 1324 1714 1393 in
1733 1348 1821 1395 con·

228 1475 374 1524 sensum
389 1452 637 1524 fornicationis
648 1452 779 1550 pariter
792 1451 951 1535 veniant,
966 1464 1001 1521 et
1018 1473 1119 1520 mens
1133 1471 1279 1545 quoque
1296 1445 1376 1517 laici
1391 1446 1426 1515 in
1445 1460 1583 1531 tantum
1600 1445 1645 1514 sit
1657 1466 1819 1530 accensa,

229 1585 267 1642 ut
292 1594 409 1668 neque
437 1572 526 1669 ipse,
552 1572 583 1642 si
601 1569 801 1642 monachus
824 1582 928 1659 esset,
957 1592 1024 1665 pro
1050 1567 1249 1638 reverentia
1274 1565 1339 1635 Dei
1359 1563 1404 1636 ab
1427 1565 1492 1635 ista
1517 1562 1737 1660 turpitudine
1763 1560 1823 1633 de-

228 1688 382 1777 sisteret,
407 1687 571 1762 eamdem
591 1712 700 1785 qoam
725 1686 924 1758 monachus
945 1709 1089 1784 poenam
1117 1698 1286 1755 meretur.
1307 1684 1364 1754 Sic
1385 1696 1420 1753 et
1441 1683 1486 1753 de
1505 1681 1572 1753 illis
1595 1679 1822 1751 sentiendum

226 1822 281 1878 est
301 1832 458 1904 quornm
479 1806 567 1879 alter
584 1808 769 1880 manifeste
791 1829 944 1904 peccans
962 1803 1095 1874 multos
1117 1800 1352 1889 scandalizat,
1376 1825 1417 1871 ac
1435 1825 1500 1898 per
1521 1797 1724 1896 exemplum
1742 1822 1821 1869 cor-

228 1928 386 2024 rumpit;
403 1928 492 1999 alter
514 1951 614 2017 vern,
643 1951 727 1997 cum
753 1924 894 1996 occulte
916 1939 1053 2022 peccet,
1078 1921 1145 1993 soli
1172 1920 1239 1992 sibi
1267 1935 1385 1992 nocet.
1415 1920 1452 1989 Si
1477 1919 1573 1990 enim
1595 1918 1656 2014 qui
1680 1916 1820 1987 occulte

226 2061 364 2142 peccat,
392 2048 429 2116 in
451 2045 601 2135 eodem,
621 2069 694 2140 quo
715 2043 788 2134 ille,
809 2043 996 2140 proposito
1021 2056 1056 2111 et
1073 2041 1152 2138 pari
1176 2053 1387 2136 contemptu
1411 2039 1476 2109 Dei
1497 2036 1629 2126 existit,
1659 2050 1699 2107 ut
1723 2035 1821 2131 quod

226 2162 315 2235 alios
332 2187 406 2234 non
423 2164 635 2261 corrumpit,
655 2162 802 2233 fortuitu
823 2160 934 2255 magis
952 2161 1105 2248 eveniat,
1125 2182 1236 2256 qnam
1252 2160 1327 2255 ipse
1343 2172 1491 2255 propter
1508 2161 1622 2226 Deum
1644 2153 1819 2245 dimittat,

227 2283 290 2377 qui
319 2306 387 2353 nec
417 2281 577 2379 sibiipsi
608 2295 757 2380 propter
781 2286 898 2350 Deum
928 2292 1120 2376 temperat,
1154 2276 1317 2375 profecto
1345 2277 1422 2374 pari
1450 2290 1547 2347 reatu
1583 2273 1679 2371 apud
1706 2278 1821 2344 Deum

227 2400 494 2495 constringitur.
528 2400 654 2471 Solum
679 2399 813 2496 quippe
841 2398 1002 2469 animum
1032 2396 1069 2467 in
1095 2394 1386 2467 remuneratione
1413 2392 1502 2463 boni
1529 2391 1584 2462 vel
1616 2392 1715 2479 mali,
1746 2416 1820 2462 non

227 2521 354 2594 effecta
388 2547 540 2620 operum
563 2527 659 2593 Deus
684 2521 866 2611 adtendit,
894 2545 962 2591 nec
986 2518 1073 2616 quid
1098 2518 1144 2590 de
1167 2518 1271 2616 culpa
1289 2518 1345 2588 vel
1371 2518 1470 2590 bona
1496 2515 1677 2586 voluntate
1702 2530 1824 2587 nostra

227 2642 413 2738 proveniat
430 2654 568 2739 pensat,
585 2639 648 2711 sed
664 2641 782 2737 ipsum
796 2641 958 2710 animum
971 2640 1008 2709 in
1025 2637 1213 2734 proposito
1228 2660 1298 2706 suae
1316 2635 1536 2725 intentionis,
1554 2657 1628 2703 nou
1643 2634 1679 2703 in
1694 2633 1820 2703 effectu

226 2762 410 2832 exterioris
433 2761 551 2859 operis
572 2759 756 2856 dijudicat.
778 2762 897 2856 Opera
919 2759 1053 2855 quippe
1076 2780 1177 2851 quae,
1202 2770 1240 2826 ut
1257 2753 1506 2852 praediximus,
1532 2777 1632 2848 aeque
1659 2750 1822 2849 reprobis

228 2892 267 2949 ut
292 2880 411 2952 electis
427 2879 632 2952 communia
653 2892 754 2967 sunt,
774 2878 969 2973 omniaque
986 2877 1024 2947 in
1041 2901 1079 2947 se
1095 2875 1353 2961 indifferentia,
1372 2900 1439 2945 nec
1457 2873 1522 2944 nisi
1540 2897 1606 2970 pro
1623 2873 1823 2944 intentione

227 3000 363 3092 agentis
379 2998 475 3071 bona
496 2998 554 3071 rel
571 2997 663 3070 mala
679 2995 833 3069 dicenda
851 3011 946 3086 sunt,
968 3020 1042 3069 uon
1061 2994 1224 3068 videlicet
1241 2995 1327 3092 quia
1343 2993 1482 3065 bonum
1499 2990 1557 3063 vel
1574 2992 1708 3063 malum
1723 2992 1767 3062 sit
1781 3017 1821 3064 ea

227 3115 323 3205 freri,
344 3118 407 3188 sed
428 3120 512 3214 quia
531 3117 625 3188 bene
643 3117 698 3187 rel
715 3117 808 3187 male
826 3116 937 3205 frunt,
956 3115 1028 3185 hoc
1051 3129 1116 3206 est,
1155 3137 1198 3184 ea
1215 3113 1415 3185 intentione
1436 3136 1506 3208 qua
1529 3111 1698 3181 convenit
1721 3110 1819 3201 freri,

227 3248 289 3305 aut
303 3236 463 3306 minime.
477 3239 579 3326 Nam,
600 3247 640 3304 ut
658 3233 784 3304 beatus
797 3234 958 3304 meminit
974 3233 1205 3326 Augustinus,
1226 3234 1345 3329 ipsum
1364 3230 1498 3302 malum
1513 3254 1590 3300 esse
1603 3227 1744 3299 bonurn
1754 3246 1817 3317 est,

227 3376 312 3422 cum
332 3377 377 3423 eo
400 3376 545 3450 quoque
562 3351 655 3423 bene
677 3365 799 3421 utatur
814 3354 927 3441 Deus,
948 3372 1015 3420 nec
1035 3349 1136 3421 aliter
1154 3349 1272 3446 ipsum
1289 3373 1365 3419 esse
1382 3348 1576 3445 permittat,
1598 3372 1680 3417 cum
1701 3361 1820 3418 tamen

228 3473 345 3567 ipsum
361 3492 590 3567 nequaquam
604 3471 649 3540 sit
664 3468 814 3539 bonum.
831 3471 922 3540 Cum
934 3464 1055 3562 itaque
1072 3466 1225 3537 dicimus
1244 3466 1480 3536 intentionem
1496 3465 1654 3536 hominis
1670 3463 1818 3554 bonam,

227 3602 266 3657 et
284 3612 376 3685 opus
393 3589 487 3659 illius
503 3587 662 3677 bonum,
686 3586 760 3657 duo
783 3586 929 3683 quidem
947 3585 1216 3680 distinguimus,
1235 3585 1471 3656 intentionem
1490 3583 1623 3655 scilicet
1639 3608 1680 3655 ac
1708 3608 1819 3681 opus,

229 3730 295 3778 uec
316 3730 425 3778 unam
443 3721 562 3778 tamen
582 3706 781 3777 bonitatem
799 3705 1029 3793 intentionis3
1049 3704 1161 3776 veluti
1177 3705 1206 3774 si
1223 3704 1384 3775 dicamus
1400 3701 1538 3774 bonum
1556 3701 1765 3785 hominem,
1785 3719 1820 3774 et

228 3823 341 3895 filium
368 3824 455 3897 boui
483 3826 658 3918 hominis,
687 3824 780 3896 duos
804 3822 950 3919 quidem
972 3822 1160 3912 homiues,
1188 3847 1263 3893 non
1289 3823 1379 3893 duas
1406 3820 1585 3892 bonitates
1610 3819 1819 3917 figuramus.

230 3944 329 4014 Sicut
352 3969 437 4040 ergo
463 3943 710 4016 homobonus
728 3968 772 4015 ex
797 3942 943 4040 propria
959 3940 1122 4013 bonitate
1138 3940 1280 4032 dicitur,
1300 3938 1394 4011 filius
1412 3954 1532 4011 autem
1556 3938 1821 4011 bonihominis

228 4086 313 4133 cum
340 4064 470 4135 dicitur
488 4064 576 4134 nihil
594 4065 631 4134 in
649 4087 686 4134 se
709 4062 798 4133 boni
822 4060 976 4153 habere,
996 4085 1039 4132 ex
1055 4059 1128 4131 hoc
1146 4072 1366 4132 monstratur
1385 4085 1393 4127 :
1414 4060 1462 4129 ita
1479 4059 1651 4154 cujusque
1669 4060 1820 4131 intentio

227 4179 325 4251 bona
346 4182 383 4252 in
407 4207 444 4252 se
459 4196 623 4272 vocatur,
646 4205 739 4278 opus
755 4204 842 4251 vero
861 4179 1001 4251 bonum
1018 4204 1092 4251 non
1111 4203 1155 4251 ex
1172 4204 1210 4251 se
1226 4177 1428 4277 appellatur
1443 4176 1544 4273 quod
1561 4201 1604 4248 ex
1620 4176 1719 4249 bona
1734 4204 1821 4276 pro-

227 4299 331 4370 cedat
349 4300 560 4371 intentione.
582 4304 659 4370 Una
674 4300 794 4395 itaque
811 4313 864 4370 est
879 4298 1034 4390 bonitas,
1054 4297 1151 4368 unde
1169 4312 1244 4369 tam
1261 4298 1413 4369 intentio
1423 4321 1532 4392 quam
1542 4299 1704 4394 operatio
1723 4296 1821 4369 bona

227 4417 370 4502 dicitur,
390 4418 480 4489 sicut
496 4443 569 4489 una
585 4433 638 4490 est
656 4418 813 4510 bonitas,
828 4443 871 4489 ex
886 4416 1087 4513 quabonus
1100 4415 1229 4508 homo,
1260 4430 1296 4488 et
1309 4414 1403 4487 filius
1418 4416 1576 4487 hominis
1592 4415 1680 4486 boni
1700 4416 1820 4514 appel-

228 4533 341 4620 latur;
367 4535 421 4605 vel
439 4561 511 4607 una
526 4536 686 4624 bonitas,
707 4561 750 4608 ex
769 4562 841 4634 qua
858 4534 1120 4626 bonushomo,
1139 4549 1175 4606 et
1191 4534 1289 4606 bona
1304 4533 1462 4605 hominis
1484 4535 1649 4604 voluntas
1675 4533 1816 4605 dieitur.

276 4654 347 4739 Qui
378 4677 463 4758 ergo
493 4656 609 4728 solent
638 4655 795 4752 objicere
828 4656 1078 4753 operationem
1113 4677 1260 4751 quoque
1289 4655 1497 4725 intentionis
1533 4654 1820 4724 remuneratione
1889 4693 1892 4698 ⁴

228 4773 374 4867 diguam
398 4796 492 4864 esse,
522 4775 576 4846 vel
603 4774 651 4846 ad
675 4774 824 4872 aliquod
849 4774 1148 4847 remunerationis
1171 4785 1404 4869 augmentum
1419 4771 1606 4870 proficere,
1624 4770 1821 4843 adtendant

227 4890 327 4986 quod
352 4893 538 4985 nugatoria
555 4918 682 4965 eorum
703 4894 748 4965 sit
764 4894 932 4990 objectio.
953 4897 1049 4983 Duo,
1068 4893 1250 4987 inquiunt,
1271 4892 1370 4964 bona
1386 4905 1482 4982 sunt,
1500 4891 1651 4961 intentio
1671 4889 1768 4961 bona
1784 4906 1819 4961 et

226 5008 331 5080 bonae
349 5011 556 5082 intentionis
578 5009 741 5101 effectus,
761 5026 796 5084 et
811 5011 950 5084 bonum
971 5012 1071 5083 bono
1088 5010 1298 5108 adjunctum
1315 5010 1395 5109 plus
1421 5007 1556 5104 aliquid
1574 5007 1689 5079 valere
1708 5031 1819 5103 quam

229 5130 368 5224 singula
386 5126 505 5201 debet.
