4559 6100
784 540 1041 616 tunoleum
1065 542 1340 618 cfllttsrtttlt.
1793 546 1860 616 sot

262 698 389 771 «Dum
415 693 631 791 intelligatur
651 692 778 767 saltem
801 692 838 764 in
864 690 1053 789 aenigmate
1075 690 1178 789 quod
1200 690 1344 787 dicitur,
1370 692 1504 792 placuit
1520 694 1570 768 ita
1585 694 1677 783 dici,
1705 707 1746 767 ut
1768 694 1867 769 dice·

258 828 359 891 retur
373 812 525 912 aliquid,
541 838 627 886 cum
642 826 862 911 qtraereretnr
872 810 961 909 quid
978 811 1045 884 tria
1062 811 1146 905 sint,
1164 836 1244 909 quae
1256 813 1325 886 tria
1339 836 1417 886 esee
1433 812 1524 887 fides
1535 839 1621 888 vera
1638 812 1862 914 pronuntiat,

258 948 346 1009 cnm
361 946 399 1007 et
415 938 557 1007 Patrem
577 957 653 1006 non
678 931 767 1005 dicit
789 956 867 1004 esse
880 931 1032 1025 Filium,
1052 945 1089 1004 et
1104 931 1280 1030 Spiritum
1296 947 1462 1007 sanctum
1478 934 1541 1031 qui
1557 946 1610 1007 est
1623 933 1763 1006 donum
1778 937 1863 1028 Dei,

148 1112 155 1126 .
258 1077 331 1129 neo
341 1058 485 1129 Patrem
499 1052 587 1125 dicit
601 1076 678 1125 esse
693 1076 762 1125 nec
778 1052 921 1125 Filium.
939 1079 957 1120 u
973 1050 1077 1131 ldem
1097 1065 1181 1150 post
1197 1050 1319 1150 aliqua
1332 1053 1370 1123 in
1383 1052 1514 1126 eodem
1532 1052 1692 1153 capitulo
1712 1080 1720 1124 ε
1743 1084 1761 1120 s
1773 1058 1866 1128 Cum

258 1186 452 1249 conaretur
467 1171 629 1246 humana
646 1172 772 1272 inopia
784 1170 971 1271 loquendo
989 1170 1152 1271 proferre
1165 1172 1268 1269 quod
1286 1186 1383 1244 tenet
1399 1171 1445 1245 de
1461 1175 1621 1246 Domino
1638 1177 1731 1266 Deo,
1748 1175 1866 1249 timuit

258 1290 381 1366 dicere
410 1305 482 1364 tres
504 1291 696 1386 essentias,
721 1317 768 1366 ne
792 1294 1050 1389 intelligemur
1073 1294 1110 1364 in
1140 1291 1202 1364 illa
1228 1316 1371 1365 summa
1396 1292 1599 1390 equalitate
1621 1292 1696 1367 ulla
1716 1292 1866 1369 diversi·

257 1425 325 1487 tas.
344 1415 479 1485 Rursus
501 1437 578 1486 non
601 1437 678 1486 esse
702 1414 769 1487 tria
789 1412 956 1512 quedam
971 1437 1048 1485 non
1073 1425 1216 1511 poteret
1231 1412 1365 1503 dicere,
1384 1413 1486 1511 quod
1507 1414 1697 1506 Sabellius,
1723 1418 1809 1515 quia
1826 1419 1864 1491 io

257 1530 422 1609 heresim
447 1532 569 1633 lapsus
588 1547 663 1627 est,
692 1533 794 1607 dixis.
820 1563 838 1599 s
865 1535 948 1607 Tria
969 1533 1091 1631 itaque
1115 1531 1250 1606 debere
1280 1532 1353 1606 dici
1375 1533 1484 1605 etiam
1505 1536 1723 1632 Augustinus
1746 1539 1864 1611 mani·

259 1651 346 1727 leste
363 1651 548 1753 perbibet,
574 1654 785 1727 secundum.
801 1654 915 1754 ipsam
945 1651 1098 1743 scilicet,
1125 1665 1168 1723 ut
1194 1651 1332 1725 dictum
1358 1666 1424 1746 est,
1449 1676 1689 1751 personarum
1717 1655 1866 1730 dirersi-

258 1784 384 1847 tatem.

307 1895 352 1964 At
370 1918 495 1966 rursus
513 1894 582 1967 tn'a
602 1893 793 1992 quomodo
807 1893 976 1968 dicentur
987 1893 1056 1966 nisi
1074 1904 1110 1965 et
1126 1889 1294 1988 quedam
1311 1892 1357 1963 sit
1374 1890 1593 1965 multitudo?
1612 1894 1721 1982 Quod
1737 1897 1768 1969 si
1783 1899 1865 1997 quis

144 2068 148 2073 .
257 2011 528 2087 multitudinem
548 2037 787 2114 personarum
809 2014 918 2085 etiam
939 2037 1006 2112 per
1026 2037 1066 2088 se
1090 2009 1359 2111 multitudinem
1377 2010 1450 2085 dici
1468 2025 1617 2104 annuat,
1638 2039 1724 2088 cum
1745 2020 1865 2093 omnis

257 2129 454 2205 multitudo
469 2159 511 2206 er
525 2133 647 2205 multis
661 2132 848 2231 colligatur
860 2130 1044 2230 partibus3
1058 2129 1239 2228 numquid
1256 2146 1293 2203 et
1307 2130 1502 2204 multitudo
1514 2157 1764 2232 personarum,
1784 2163 1864 2236 quae

258 2249 296 2325 in
310 2255 390 2325 Deo
405 2268 502 2344 sunt,
521 2268 641 2352 partes
656 2253 832 2326 habebit?
848 2257 933 2325 Pars
944 2267 1081 2342 autem,
1098 2266 1190 2324 teste
1209 2252 1346 2344 Restio,
1361 2252 1462 2351 prior
1477 2267 1531 2326 est
1543 2253 1590 2326 ab
1604 2278 1649 2327 eo
1665 2257 1768 2354 cujus
1780 2284 1864 2358 pars

258 2383 326 2460 est,
344 2385 381 2444 et
392 2397 437 2444 co
456 2375 549 2470 ejus¹
562 2373 790 2446 constitutiva
806 2371 935 2444 divisio
950 2371 987 2443 in
1003 2371 1128 2470 priora
1143 2368 1197 2463 fit,
1216 2370 1309 2443 sicut
1323 2374 1464 2468 generis
1475 2373 1513 2444 in
1525 2376 1735 2472 posteriora.
1748 2381 1865 2478 Opor-

258 2479 348 2554 tebit
372 2483 493 2581 itaque
511 2483 709 2582 quamlibet
727 2483 835 2561 trium
853 2506 1091 2581 personarum
1112 2481 1192 2580 ipsa
1209 2482 1379 2556 Trinitate
1394 2508 1505 2582 quam
1519 2487 1742 2560 constituunt
1759 2490 1864 2587 prio-

257 2624 335 2677 rem
359 2626 460 2701 esse,
485 2619 523 2679 et
542 2605 659 2702 ipsam
673 2604 883 2679 Trinitatem
906 2602 1144 2701 posteriorem
1166 2626 1242 2675 esse
1262 2603 1409 2700 singulis
1431 2603 1513 2696 illis,
1533 2605 1563 2676 si
1583 2629 1658 2678 non
1683 2620 1860 2707 tempore,

255 2720 384 2801 saltem
408 2737 549 2799 natura.
577 2730 662 2823 lpso
686 2725 796 2801 etiam
817 2736 1007 2797 attestante
1028 2724 1168 2812 Boetio,
1195 2747 1272 2798 non
1301 2724 1398 2798 idem
1422 2739 1581 2824 estpars
1606 2728 1707 2824 quod
1731 2745 1785 2803 est
1809 2745 1865 2803 to·

257 2851 336 2919 tum
356 2869 366 2915 ε
386 2845 472 2942 quia
489 2868 563 2919 una
583 2844 784 2943 eademque
800 2843 953 2917 essentia
976 2866 1053 2917 esse
1069 2842 1179 2917 totius
1195 2856 1232 2916 et
1248 2845 1358 2942 partis
1373 2868 1450 2917 non
1468 2859 1604 2944 potest,
1627 2871 1713 2920 cum
1732 2850 1809 2924 haec
1825 2852 1863 2926 in

259 2964 459 3060 quantitate
481 2966 592 3039 totius
614 2965 725 3066 ipsius
744 2963 882 3041 inclusa
897 2964 944 3038 sit
965 2988 1051 3037 cum
1069 2963 1164 3058 aliis,
1183 2978 1293 3063 atque
1313 2964 1397 3038 ideo
1413 2967 1548 3039 minor.
1567 2971 1611 3040 tt
1627 2993 1714 3042 vero
1730 2986 1766 3044 et
1790 2985 1865 3046 tota

256 3083 427 3186 Trinitas,
455 3100 492 3159 et
510 3087 658 3182 singulae
674 3110 849 3186 personae,
872 3098 1046 3157 suntuna
1069 3098 1105 3157 et
1121 3083 1249 3157 eadem
1269 3086 1414 3183 penitus
1429 3087 1550 3160 divina
1571 3087 1782 3166 substantia.
1802 3095 1866 3166 Di·

257 3225 383 3278 camtu
410 3205 532 3304 itaque
557 3219 782 3295 constanter,
809 3205 904 3277 sicin
928 3202 1164 3301 incoepimus,
1191 3202 1329 3276 nullam
1354 3207 1505 3278 omnino
1529 3207 1798 3292 multitudinem
1825 3215 1862 3286 in

257 3319 444 3398 uiduitate
460 3326 674 3417 consistere,
689 3326 774 3398 licet
789 3321 985 3396 multitudo
1003 3327 1242 3420 personarum
1253 3322 1303 3395 ibi
1319 3324 1384 3415 sit;
1400 3338 1508 3421 atque
1526 3326 1640 3424 ipsam
1655 3331 1863 3406 Trinitatem

258 3442 485 3519 individuam
496 3447 639 3545 penitus
654 3444 896 3518 confiteamur
910 3470 919 3514 ι
935 3442 1021 3541 quia
1033 3441 1115 3518 licet
1125 3441 1165 3513 in
1177 3466 1219 3515 ea
1235 3441 1396 3534 diversae,
1412 3459 1451 3517 ut
1467 3443 1604 3532 dictum
1621 3461 1687 3536 est,
1702 3475 1866 3548 personae

258 3564 343 3656 sint,
359 3565 460 3639 nulla
473 3581 594 3639 tamen
614 3566 697 3640 ideo
712 3563 907 3648 multitudo
920 3563 1090 3663 portium,
1105 3563 1164 3634 vel
1180 3587 1418 3662 quecunque
1434 3564 1629 3638 multitudo
1642 3566 1715 3641 dici
1730 3586 1862 3669 potest,

259 3682 324 3756 ubi
347 3685 447 3759 nulla
458 3697 512 3759 est
525 3711 650 3760 rerum
659 3701 768 3785 atque
782 3685 1019 3760 essentiamm
1032 3682 1232 3756 diversitas.
1255 3682 1360 3756 Nullo
1376 3685 1497 3782 itaque
1507 3701 1615 3785 pacto
1631 3673 1867 3765 concedimus

257 3805 528 3880 multitudinem
551 3806 648 3880 illam
673 3829 912 3906 personarum
936 3803 1008 3877 dici
1033 3801 1198 3877 absolute
1221 3802 1513 3895 multitudinem,
1539 3830 1608 3879 nec
1633 3808 1718 3904 quia
1744 3811 1865 3884 multae

259 3940 344 3998 sunt
366 3945 529 4025 personae
553 3927 637 4001 ideo
665 3926 738 4000 dici
761 3926 875 3999 multa
899 3924 1109 4024 simpliciter
1132 3950 1143 3995 s
1170 3922 1255 4021 quia
1281 3937 1616 4023 quantumcumque
1640 3929 1809 4025 quislibet
1829 3946 1866 4006 et

250 4044 361 4134 ,abuti
378 4047 498 4121 verbis
520 4047 618 4140 velit,
646 4071 768 4145 neque
780 4047 856 4119 hoc
869 4068 1005 4118 nomen
1022 4042 1150 4136 multa,
1169 4067 1287 4141 neque
1304 4043 1377 4116 hoc
1393 4068 1528 4117 nomen
1547 4045 1754 4142 multitudo,
1775 4076 1869 4123 non·

259 4166 327 4239 nisi
340 4167 442 4265 juxta
460 4193 652 4241 numerum
668 4168 781 4267 accipi
806 4180 903 4240 recte
918 4179 1051 4266 potest,
1072 4163 1146 4236 hoc
1168 4177 1221 4236 est
1237 4164 1383 4236 nonnisi
1404 4165 1603 4238 secundnm
1626 4166 1865 4267 pluralitatem

260 4285 418 4385 aliquam
434 4313 476 4361 ac
492 4288 735 4363 diversitatem
751 4312 873 4361 rernm
889 4288 928 4358 in
948 4283 1109 4359 essentiis
1132 4282 1386 4377 discretarum,
1402 4284 1451 4356 lta
1468 4285 1602 4359 scilicet
1617 4285 1863 4384 diversarum,

261 4419 302 4478 ut
323 4406 401 4484 haec
422 4409 577 4483 essentia
596 4433 673 4486 non
699 4408 745 4481 sit
761 4407 842 4499 illa3
862 4427 942 4505 quae
959 4404 1107 4505 quidem
1124 4403 1309 4503 pluralitas
1332 4402 1435 4475 nullo
1450 4403 1563 4478 modo
1580 4406 1617 4477 in
1641 4408 1867 4508 simplicitate

261 4523 395 4599 divinas
410 4529 615 4603 substantiae
637 4542 757 4628 potest
779 4552 875 4618 esse,
897 4550 942 4599 ac
963 4526 1015 4598 sic
1034 4548 1103 4597 nee
1119 4538 1239 4596 totum
1261 4521 1409 4619 aliquod
1432 4547 1474 4610 er
1494 4521 1723 4600 multitudine
1745 4531 1868 4629 aliqua

262 4645 440 4742 partium,
459 4672 544 4720 oum
561 4648 662 4721 nullo
680 4646 792 4720 modo
813 4647 863 4719 ibi
879 4671 937 4719 res
952 4645 1073 4718 multae
1096 4644 1180 4734 sint,
1199 4642 1282 4715 licet
1295 4641 1416 4713 multas
1431 4642 1502 4714 sint
1517 4667 1694 4742 personae,
1713 4661 1750 4720 et
1765 4648 1866 4721 nullo

262 4763 376 4837 modo
392 4765 443 4837 ibi
458 4768 505 4858 sit
520 4766 706 4840 diversitas
726 4791 867 4858 rerum,
887 4766 972 4838 licet
985 4764 1032 4836 slt
1048 4786 1299 4863 personamm.
1319 4761 1424 4835 Unde
1439 4767 1513 4835 Leo
1530 4788 1625 4863 papa
1640 4767 1678 4837 in
1694 4771 1868 4841 Sermone

264 4887 513 4959 Pentecostes:
528 4916 546 4956 e
560 4890 602 4957 ln
618 4888 803 4976 Trinitate,
822 4885 953 4983 inquit,
972 4882 1096 4957 divina
1115 4880 1207 4955 nihil
1223 4881 1415 4974 dissimile,
1427 4881 1518 4956 nihil
1533 4884 1651 4983 impar
1664 4900 1729 4959 est.
1746 4915 1765 4956 u
1784 4890 1866 4963 Tale

298 5162 485 5215 'Stetnedltts
497 5160 588 5213 Forsan
599 5159 841 5226 eumpromejm.
