4559 6100
9 3642 12 3803 Ι

9 4166 10 4187 l

10 4210 12 4225 t

697 513 741 595 IN
765 509 1013 592 uenantum
1037 512 1101 593 tn
1125 517 1353 594 Romanos.
1653 563 1661 580 =
1749 519 1820 591 ⁴75

218 688 292 746 tam
315 699 334 740 u
346 668 570 743 volucrum»
588 645 721 744 scilicet
738 693 848 768 quam
867 641 1173 768 «quadrupedum
1188 683 1224 742 ct
1239 669 1473 769 serpentium.
1487 696 1505 738 u
1525 672 1685 742 Fortasse
1701 684 1821 743 autem

217 789 413 865 credebam
427 788 607 889 quosdam
621 789 778 890 spiritiu,
798 814 890 887 quos
908 787 997 863 deos
1013 788 1208 880 vocabant,
1228 813 1379 889 pmesse
1398 789 1627 881 homiuibus3
1644 789 1821 888 quosdam

216 911 351 985 coeteris
374 909 630 984 animantibus.
651 914 695 983 Et
712 909 795 982 ideo
811 934 874 983 eos
889 908 1057 984 colebant
1079 909 1261 984 informis
1278 933 1419 1002 eorum,
1444 907 1576 1007 qtubus
1595 933 1745 1008 praesse
1768 911 1820 981 vi·

216 1029 409 1104 debantur.
439 1034 578 1127 Haymo
601 1055 611 1101 ε
636 1061 655 1099 u
667 1030 795 1127 Assyrii
813 1029 1045 1103 simulacrum
1062 1030 1159 1121 Beli,
1177 1029 1289 1129 patris
1304 1030 1387 1102 Nini
1404 1029 1527 1126 Regis,
1548 1053 1615 1128 pro
1636 1028 1707 1102 deo
1728 1028 1821 1103 cole·

214 1149 323 1240 bant,
349 1165 387 1224 et
410 1149 597 1248 Babylonii
617 1150 736 1250 ipsum
756 1173 865 1247 quem
891 1164 1022 1223 vocant
1045 1150 1126 1243 Bel,
1153 1150 1292 1223 Sidonii
1317 1151 1419 1244 Baal,
1445 1148 1525 1222 lndi
1553 1147 1761 1242 Belzebuth,
1786 1165 1820 1223 et

216 1269 382 1343 Philisteei
388 1269 509 1343 Zebet.
521 1270 673 1343 Romani
682 1268 850 1343 colebant
859 1293 1035 1363 anserem,
1047 1286 1083 1343 et
1094 1270 1251 1369 AEgyptii
1259 1269 1479 1369 accipitrem.
1489 1299 1507 1335 s
1518 1274 1607 1343 ltem
1620 1296 1628 1341 ε
1644 1298 1662 1339 u
1676 1269 1819 1370 AEgypti

215 1389 385 1462 colebant
410 1390 532 1490 Apim,
561 1389 634 1462 hoc
653 1403 708 1463 est
730 1413 877 1474 vaccam
900 1389 1038 1483 albam,
1057 1388 1245 1488 Babylonii
1259 1390 1475 1484 draconem,
1494 1406 1531 1464 et
1551 1391 1707 1489 AEgyptii
1733 1414 1819 1462 cro-

214 1508 394 1603 codilum,
416 1509 480 1609 qui
502 1523 557 1584 est
579 1533 727 1610 serpens
750 1510 936 1608 aquaticus
960 1524 1087 1584 natans
1103 1511 1142 1582 in
1167 1533 1261 1605 aqua
1278 1523 1320 1583 ut
1338 1511 1464 1611 piscis,
1485 1535 1634 1610 pascens
1662 1512 1700 1582 in
1725 1524 1818 1583 terra

215 1642 255 1700 ut
278 1627 360 1703 bos.
375 1657 393 1697 o
413 1635 596 1729 «Propter
615 1628 730 1728 quod,
746 1657 764 1698 u
781 1629 948 1704 videlicet
971 1630 1055 1729 quia
1083 1654 1106 1702 a
1130 1630 1290 1701 Domino
1310 1628 1557 1730 desipuerunt,
1578 1644 1621 1702 ut
1639 1628 1727 1703 salsa
1742 1632 1817 1703 ani·

213 1746 333 1836 malie,
360 1746 399 1821 id
424 1762 478 1822 est
500 1749 709 1823 animalium
735 1750 926 1823 simulacra
947 1775 1015 1850 pro
1041 1754 1120 1822 Deo
1155 1748 1331 1840 ederent;
1359 1749 1534 1822 «tradidit
1562 1748 1642 1822 illos
1665 1754 1775 1841 Deus,
1796 1782 1813 1817 »

214 1866 252 1940 id
268 1881 323 1940 est
336 1868 499 1967 permisit
515 1860 615 1942 abire
634 1881 715 1968 post
730 1868 919 1943 immunda
931 1868 1106 1944 desideria
1122 1892 1201 1962 sua,
1215 1882 1256 1941 ut
1270 1869 1371 1967 quod
1387 1870 1539 1968 turpiter
1554 1883 1674 1943 mente
1690 1895 1817 1944 conce·

212 2003 353 2087 perant,
371 1988 511 2088 turpius
534 1990 643 2062 etiam
671 2012 782 2089 opere
801 1987 1037 2088 complerent.
1068 2019 1086 2058 α
1104 1994 1153 2060 Ut
1178 1987 1348 2083 afficiant,
1367 2019 1385 2057 s
1401 1988 1440 2061 id
1460 2004 1514 2063 est
1527 1989 1699 2088 affligant,
1720 2007 1756 2064 et
1778 1993 1815 2063 in

213 2108 408 2206 qnamdam
425 2109 644 2182 contrariam
659 2123 826 2182 naturam
844 2124 989 2207 cogant,
1009 2123 1046 2182 et
1062 2107 1282 2182 dedecorent
1298 2133 1453 2208 corpora
1469 2134 1533 2183 sua
1549 2110 1816 2184 contumeliosis

213 2228 448 2302 immunditiis
479 2227 703 2302 sodomiticis
735 2227 873 2328 peccati
906 2229 944 2301 in
977 2229 1176 2328 semetipsis
1206 2229 1409 2323 commissi,
1444 2245 1486 2302 ut
1518 2230 1653 2329 seipsos
1687 2246 1814 2304 mutuo

211 2347 387 2445 polluant.

263 2496 283 2534 e
293 2468 364 2555 Qui
378 2481 706 2560 commutaverunt,
724 2494 741 2535 u
757 2466 948 2542 submissio
959 2468 1035 2540 sive
1052 2468 1218 2567 repetitio
1228 2491 1356 2559 causae,
1368 2490 1480 2565 quare
1491 2467 1530 2541 id
1544 2468 1710 2544 videlicet
1726 2496 1813 2569 per·

209 2587 345 2660 miserit
360 2586 406 2659 de
420 2587 487 2660 illis
502 2591 616 2679 Dens,
636 2586 722 2684 quia
738 2586 776 2658 in
792 2610 895 2679 eum,
912 2587 1047 2685 inquit,
1067 2588 1223 2661 maxime
1242 2586 1484 2685 deliquerunt.
1508 2617 1526 2658 «
1541 2592 1812 2663 commutantes

207 2708 395 2781 veritatem
403 2708 469 2780 Dei
480 2707 516 2780 in
525 2704 771 2792 mendacium,
785 2734 803 2771 s
814 2703 854 2778 id
864 2719 932 2798 est,
942 2704 1012 2778 sub
1020 2706 1171 2782 nomine
1178 2719 1214 2779 ct
1223 2706 1366 2779 honore
1376 2708 1450 2779 veri
1460 2708 1525 2780 Dei
1537 2707 1697 2783 colentes
1706 2708 1812 2782 falsos

207 2826 300 2900 deos
317 2854 326 2899 t
346 2856 366 2896 u
379 2841 416 2900 et
433 2826 634 2900 servierunt
648 2838 839 2916 creaturae,
852 2853 870 2893 u
888 2824 1005 2917 idest,
1019 2823 1251 2906 demoniacis
1269 2826 1472 2925 spiritibus,
1494 2853 1587 2927 quos
1607 2828 1812 2904 inhabitare

69 2975 75 2986 ·
204 2945 400 3020 simulacra
415 2945 623 3019 credebaut.
640 2971 660 3013 u
672 2945 744 3033 Qui
755 2958 809 3017 est
821 2942 1046 3039 benedictus,
1059 2974 1078 3012 ν
1094 2944 1200 3018 idest
1216 2945 1279 3042 qui
1295 2944 1526 3043 glorificatur,
1537 2947 1610 3020 hoc
1627 2963 1679 3022 est
1690 2948 1811 3023 lauda·

202 3066 290 3140 bilis
305 3081 456 3167 apparet
471 3092 514 3141 ex
531 3065 708 3140 universis
724 3065 798 3137 suis
808 3064 983 3138 meaturis
1000 3090 1067 3165 per
1080 3090 1208 3139 omnes
1221 3080 1427 3165 temporum
1440 3069 1696 3142 successiones.
1719 3101 1737 3137 e
1747 3073 1809 3144 Se·

200 3186 302 3278 cula,
315 3216 335 3256 u
354 3186 458 3285 quasi
480 3212 502 3260 a
523 3184 711 3283 sequendo
727 3182 933 3257 dictasunt
950 3186 1035 3284 ipsae
1056 3198 1264 3283 temporum
1281 3186 1534 3259 successiones.
1555 3217 1573 3257 e
1586 3191 1715 3281 Amen,
1732 3218 1749 3255 u
1770 3191 1806 3262 id

198 3323 398 3382 estvmum
414 3320 480 3379 est.
495 3304 607 3379 Modo
620 3304 720 3378 enim
731 3303 988 3395 confirmandi,
1002 3304 1116 3377 modo
1128 3303 1281 3403 optandi
1293 3304 1505 3377 adverbium
1516 3306 1665 3380 esthoc.
1684 3338 1702 3374 α
1718 3313 1806 3379 Pro·

194 3442 330 3526 pterea
356 3425 549 3500 tradidit.»
569 3425 663 3516 Quia
678 3423 845 3497 videlicet
869 3423 1015 3496 interim
1035 3421 1252 3495 excellentiae
1272 3422 1410 3496 diviuae·
1423 3423 1705 3523 derogaveruut3
1731 3452 1806 3500 nou

190 3546 337 3621 sufficit
350 3547 462 3620 semel
474 3547 548 3618 hoc
561 3545 694 3638 dicere,
712 3559 752 3617 ut
766 3545 880 3641 magis
895 3542 1075 3617 deterreat
1090 3541 1295 3617 auditorem
1310 3566 1332 3615 a
1346 3542 1491 3617 talibus.
1504 3546 1690 3621 Passiones
1706 3549 1808 3646 igno·

190 3668 378 3739 miniosas
404 3665 493 3740 dicit
513 3665 734 3765 pollutiones
758 3687 836 3737 non
854 3661 1027 3735 naturalis
1046 3659 1221 3737 libidinis.
1246 3663 1324 3736 Pati
1339 3665 1468 3737 merito
1492 3662 1624 3738 dieitur
1640 3666 1808 3766 quaelibet

185 3786 419 3877 substantia,
446 3802 484 3860 et
506 3787 609 3885 quasi
636 3783 834 3883 quamdam
861 3782 1039 3856 sustinere
1063 3781 1286 3872 violentiam,
1317 3785 1461 3882 quoties
1486 3799 1614 3860 eontra
1642 3803 1808 3863 naturam

181 3905 342 4005 aliquid
358 3908 397 3979 in
413 3930 456 3980 ea
471 3907 600 4004 agitur.
620 3908 711 3993 Quae
725 3928 813 3977 vero
829 3903 902 3976 sint
916 3901 1129 4000 hujusmodi
1145 3902 1388 4001 turpitudines
1409 3903 1529 3977 statim
1542 3907 1715 3999 annectit,
1735 3923 1809 3982 tam

180 4027 348 4101 lerninis
361 4052 472 4126 qtmm
489 4026 576 4099 viris
591 4049 652 4098 eas
669 4021 899 4122 assignando,
919 4022 967 4096 ad
984 4024 1161 4119 majorem
1180 4022 1377 4097 vindictam
1398 4025 1465 4096 Dei
1482 4024 1722 4125 probandam.
1743 4034 1808 4102 Fe·

176 4149 308 4221 minoe
323 4171 454 4219 eorum
468 4145 654 4236 dicuutur,
667 4166 757 4242 quas
773 4142 842 4242 ipsi
854 4142 1000 4241 pessimi
1016 4142 1172 4242 exempli
1183 4143 1347 4216 doctriua
1360 4145 1462 4242 quasi
1476 4169 1559 4218 suas
1575 4146 1613 4218 in
1627 4146 1700 4220 hoc
1714 4147 1810 4222 fece·

173 4278 294 4339 mnt.
334 4293 353 4329 e
373 4262 447 4351 Qui
470 4275 525 4335 est
549 4273 681 4334 contra
703 4271 884 4352 naturam,
913 4288 931 4325 >a
968 4272 1005 4330 et
1025 4257 1109 4331 ideo
1132 4258 1246 4355 magis
1271 4257 1399 4332 abusio
1424 4259 1601 4335 dicendus
1625 4278 1679 4336 cst
1698 4289 1809 4362 quam

173 4409 299 4457 usin.
329 4385 467 4455 Contra
479 4394 659 4471 naturam,
673 4377 746 4452 hoc
762 4391 953 4451 estcoutra
968 4391 1104 4451 naturae
1119 4376 1395 4468 institutionem,
1416 4405 1497 4479 quae
1522 4383 1689 4480 genitalia
1705 4384 1809 4456 semi·

169 4528 334 4579 umam
349 4503 432 4575 mni
449 4502 615 4575 virorum
628 4498 853 4599 praeparavit,
869 4511 905 4571 et
918 4523 940 4571 e
955 4521 1159 4589 converso;
1183 4523 1259 4571 non
1275 4514 1316 4572 ut
1332 4498 1473 4574 feminae
1494 4501 1636 4577 seminis
1659 4503 1807 4577 cohabi-

166 4638 333 4699 tanent.
357 4651 375 4689 α
391 4624 622 4711 Exarserunt,
636 4645 655 4688 u
669 4616 707 4691 id
722 4630 777 4690 est
787 4631 915 4691 contra
930 4619 1047 4715 legem
1060 4630 1196 4690 naturae
1211 4620 1352 4693 accensi
1364 4637 1447 4693 sunt
1462 4621 1499 4694 iu
1517 4622 1591 4697 suis
1607 4623 1805 4714 desideriis,
1897 4626 1902 4633 '

163 4746 231 4820 rel
247 4737 674 4839 naturaevoluptatibu's.
692 4740 764 4809 «Et
772 4736 1015 4832 mercedem»
1026 4736 1064 4809 id
1074 4750 1128 4811 est
1136 4737 1414 4815 retributionem
1424 4739 1583 4816 debitam
1593 4745 1648 4816 sui
1660 4744 1804 4833 erroris,

161 4864 252 4940 laoc
272 4876 347 4938 est
365 4858 614 4935 excaecationis
638 4871 747 4956 atque
771 4856 993 4931 idololatriae.
1024 4885 1042 4926 u
1065 4857 1289 4957 Recipientes
1319 4860 1357 4933 in
1390 4863 1601 4961 semetipsis,
1628 4891 1646 4932 u
1678 4876 1807 4935 mutuo

158 4987 335 5061 scilieet
360 5004 399 5055 se
424 4979 579 5054 invicem
600 4977 803 5078 polluentes
827 4977 865 5050 in
892 5001 1060 5077 corpore,
1085 4977 1179 5050 siout
1206 4978 1329 5052 animo
1353 4982 1516 5081 corrupti
1540 4994 1642 5055 erant
1657 4979 1809 5055 infideli·

158 5125 262 5210 tque,
295 5136 322 5173 ι
341 5106 387 5175 Et
401 5102 495 5176 sicut
513 5124 589 5174 non
603 5097 881 5199 probaverunt»
901 5098 975 5173 hoc
990 5111 1045 5171 est
1057 5096 1297 5173 laudaverunt
1312 5114 1420 5198 atque
1436 5099 1635 5198 elegerunt,
1654 5104 1807 5176 «Domi-
