4559 6100
634 588 917 661 lNTRODUCTlO
942 589 1003 659 At)
1028 589 1319 662 Tflssonoutttt.

688 1038 1031 1118 ARGllllllll'l‘Ull
1069 1039 1263 1118 opums.

223 1378 334 1437 Primus
353 1376 408 1436 iste
432 1376 507 1437 liber
518 1375 683 1456 Theologiae
702 1373 831 1434 breviter
845 1372 1065 1454 eomprehendit
1079 1394 1223 1435 summam
1243 1377 1330 1434 totius
1344 1373 1474 1455 praedicti
1486 1380 1646 1451 Tractatus,
1663 1379 1692 1437 in
1706 1379 1774 1438 Fide

137 1527 142 1533 .
185 1470 305 1542 scilice,
320 1481 351 1529 et
366 1469 504 1545 umore,
519 1483 549 1530 et
564 1468 766 1530 Srmammtis.
779 1467 856 1542 Quid
869 1468 906 1527 sie
918 1467 1003 1528 Fides
1014 1513 1022 1541 ,
1035 1467 1107 1546 quid
1129 1471 1219 1547 spes,
1233 1468 1305 1546 quid
1318 1468 1444 1545 mnus,
1457 1468 1530 1548 quid
1545 1471 1772 1532 Sacramentum.

185 1560 334 1637 Quomodo
346 1561 466 1641 proprie
478 1563 542 1623 sire
555 1559 715 1642 improprie
731 1559 814 1620 Fides
833 1560 956 1620 dicatur.
968 1562 1039 1636 Quas
1055 1561 1091 1619 sit
1106 1560 1191 1620 Fides
1207 1560 1364 1621 catholica.
1382 1561 1491 1621 Positio
1505 1562 1653 1620 sententiae
1664 1561 1701 1621 de
1718 1563 1775 1620 lide

185 1669 284 1715 sanetae
298 1654 457 1727 Trinitatis,
469 1655 532 1715 sive
541 1655 668 1715 unitatis.
679 1653 776 1727 Quare
788 1653 867 1712 solus
882 1657 967 1712 Pater
980 1652 1092 1712 dicatur
1103 1652 1258 1731 ingenitus.
1275 1652 1352 1728 Quid
1367 1653 1437 1712 velit
1450 1652 1595 1727 distinctio
1611 1655 1698 1712 trium
1709 1675 1776 1734 per·

185 1766 316 1806 sonarum
329 1748 360 1806 in
377 1766 436 1806 una
449 1746 607 1808 divinitatis
622 1746 757 1806 essentia.
773 1745 858 1821 Quod
879 1745 1023 1806 vocabulo
1040 1746 1133 1806 Patris
1152 1745 1252 1805 diviua
1271 1746 1400 1825 potentia
1412 1746 1575 1824 specialiter
1595 1746 1772 1826 designetur.

184 1843 278 1914 Quare
289 1858 380 1918 opera
390 1840 479 1899 trium
493 1858 682 1920 personarum
693 1837 820 1901 indivisa
830 1837 973 1898 dieantur.
990 1837 1075 1912 Quod
1090 1840 1208 1898 nomine
1223 1838 1289 1898 Filii
1299 1857 1351 1898 seu
1363 1837 1452 1898 Verbi
1462 1838 1562 1899 divina
1572 1830 1713 1917 sapientia
1724 1859 1775 1899 ex·

185 1932 332 2009 primatur.
355 1932 441 2007 Quod
460 1932 583 2013 Spiritus
596 1943 711 1992 moetus
724 1928 830 1990 divium
843 1930 969 1991 oaritatis
986 1929 1099 1991 bonitas
1117 1930 1290 2011 appelletur.
1313 1931 1487 1991 Testimonia
1510 1930 1718 2010 Prophetarum
1739 1932 1775 1990 de

184 2024 327 2084 Trinitate.
339 2024 514 2085 Testimonia
528 2023 783 2103 Philosophorum.

221 2167 370 2227 Secundus
394 2166 470 2228 liber
490 2167 656 2248 Theologim
672 2166 788 2228 dissemt
805 2185 841 2226 ea
859 2186 925 2245 qum
943 2167 979 2227 de
993 2168 1132 2231 'trinitate
1150 2168 1262 2248 primm
1278 2166 1352 2228 liber
1365 2167 1531 2247 proposuit,
1547 2169 1627 2228 etad
1643 2171 1773 2229 testimo·

185 2258 295 2319 niorum
307 2261 506 2321 auctoritatem
516 2260 713 2342 intelligentiae
728 2259 911 2319 commendat
926 2259 1078 2320 rationem.

222 2405 335 2464 Tertius
348 2404 424 2465 liber
439 2405 618 2486 superposita
631 2405 811 2487 replicando,
823 2404 990 2486 diligentius
1001 2407 1038 2466 de
1051 2406 1192 2486 potentia,
1202 2420 1231 2465 et
1239 2405 1380 2483 sapientia
1390 2405 1455 2477 Dei,
1469 2418 1498 2465 et
1513 2404 1655 2479 bonitate,
1669 2407 1699 2465 in
1708 2426 1775 2485 qut·

184 2494 237 2554 bus
248 2497 370 2557 Trinitas
381 2497 519 2569 consistit,
528 2499 686 2577 perfectius
693 2497 812 2576 inquirit
821 2516 855 2557 ae
868 2496 991 2558 disserit.

692 3209 907 3342 LIBER
957 3207 1258 3329 PRIMUS.

233 3584 308 3654 Tria
323 3599 419 3675 sunt,
436 3601 477 3659 ut
489 3584 657 3677 arbitror,
675 3584 858 3684 inquibus
873 3586 1039 3659 humanae
1053 3583 1179 3661 salutis
1201 3607 1342 3660 summa
1361 3587 1535 3674 oonsistit‚
1552 3586 1655 3660 Fides
1671 3587 1774 3661 vide-

186 3700 276 3794 lieet,
293 3704 441 3796 Caritas,
454 3720 491 3778 et
503 3707 785 3780 Sacramentum.
798 3707 906 3804 Spem
920 3719 1040 3780 autem
1057 3706 1096 3780 in
1112 3703 1198 3794 lide,
1218 3719 1389 3803 tanquam
1404 3705 1562 3804 speciem
1577 3706 1615 3777 in
1630 3728 1772 3802 genere,

186 3821 441 3919 comprehendi
462 3825 638 3898 existimo.
663 3827 726 3896 Rst
751 3825 886 3923 quippe
910 3823 999 3897 fides
1025 3819 1240 3898 existimatio
1261 3849 1382 3897 rerum
1410 3849 1485 3897 non
1511 3825 1773 3923 apparentium,

187 3937 254 4010 hoe
269 3940 492 4015 mtsensibus
509 3944 672 4043 eorporis
683 3967 759 4017 non
773 3943 1059 4040 subjacentium
1074 3968 1156 4043 spes
1171 3967 1272 4036 vero,
1289 3945 1506 4043 exspectatio
1518 3942 1665 4040 aliquod
1681 3969 1777 4016 com·

186 4056 332 4130 modum
341 4057 577 4159 adipiscendi,
588 4061 735 4159 quando
751 4060 917 4148 videlieet
932 4063 1012 4158 quis
1027 4062 1143 4136 eredit
1157 4085 1195 4133 se
1212 4060 1358 4158 aliquod
1374 4061 1515 4136 bonum
1531 4078 1775 4138 assecuturum

186 4198 271 4247 esse.
288 4181 347 4250 mr
355 4177 480 4277 itaque
494 4178 585 4253 fides
599 4193 674 4254 tam
690 4180 871 4256 honarum
880 4203 993 4277 quam
1004 4180 1180 4254 malarum
1198 4204 1332 4267 rerum,
1348 4194 1385 4253 et
1397 4194 1470 4256 tam
1482 4180 1529 4252 de
1543 4181 1777 4282 praesentibus

186 4296 239 4367 vel
251 4296 450 4394 preteritis,
468 4321 579 4396 quam
589 4299 730 4389 futuris,
748 4301 842 4373 sicut
856 4302 893 4372 in
907 4299 1084 4398 principio
1096 4296 1329 4370 Enulrr‘ridion
1344 4299 1472 4372 besum
1486 4298 1629 4376 disserit
1643 4304 1777 4395 Augus-

185 4412 308 4486 tinus¹.
327 4416 417 4513 Spes
431 4429 552 4490 autern
566 4416 613 4490 de
628 4416 736 4492 honis
751 4433 804 4491 est
819 4431 961 4494 tantum
976 4431 1013 4489 et
1025 4416 1072 4490 de
1086 4415 1225 4489 suturis.
1245 4417 1469 4514 Exspectatio
1480 4418 1615 4516 quippe
1628 4417 1777 4490 alicuius

186 4529 406 4606 incommodi
431 4559 506 4608 non
528 4549 602 4608 tam
627 4560 709 4633 spes
730 4534 883 4610 dicenda
908 4550 960 4609 est
985 4558 1096 4632 quam
1120 4533 1341 4632 desperatio,
1360 4534 1434 4608 hoo
1460 4549 1513 4607 est
1535 4534 1735 4610 diffidentia
1756 4562 1777 4608 a
1881 4555 1884 4562 ·

185 4647 295 4723 bono.
315 4652 452 4726 Caritas
465 4678 553 4727 vero
570 4668 625 4728 est
645 4678 750 4727 arnor
766 4655 961 4746 honestus,
978 4654 1041 4752 qui
1056 4653 1105 4727 ad
1113 4677 1204 4730 eum
1222 4652 1386 4728 videlieet
1408 4652 1517 4728 finem
1535 4654 1712 4752 dirigitur,
1730 4656 1776 4729 ad

185 4792 290 4864 quem
304 4786 448 4870 oportet
463 4800 472 4844 r
488 4773 580 4848 siout
595 4799 616 4845 e
632 4774 816 4850 contrario
828 4772 1019 4872 cupiditas,
1032 4795 1136 4844 amor
1153 4769 1366 4846 inhonestus
1376 4797 1419 4848 ac
1432 4775 1546 4874 turpis
1561 4774 1787 4873 appellatur!

187 4892 292 4962 Amor
306 4913 395 4963 vero
410 4906 464 4965 est
487 4890 586 4968 hona
604 4915 688 4987 erga
703 4890 855 4968 alterum
870 4891 988 4989 ipsum
1005 4891 1191 4983 voluntas,
1206 4914 1278 4989 qua
1295 4891 1459 4968 videlicet
1474 4908 1657 4991 optamus,
1677 4906 1715 4962 ut
1730 4917 1774 4962 eo

219 5156 224 5184 ¹
240 5155 316 5219 opp„
332 5166 349 5207 t.
363 5156 405 5218 Vl,
418 5160 465 5210 ool.
477 5163 533 5211 llll.
