4559 6100
480 578 551 650 58⁰
1067 576 1196 648 PETRI
1220 574 1455 649 ABAELARDl

474 727 590 817 pisset,
611 744 777 812 nunquam
802 723 938 814 amplius
964 723 1069 789 vivere
1087 741 1206 814 possm.
1234 724 1403 805 Simditm,
1424 727 1451 790 si
1473 724 1617 789 Christus
1633 721 1749 803 vellet,
1771 745 1886 787 ornnes
1902 723 1981 790 alias
2000 741 2069 790 tarn

473 820 674 887 infirmitates
688 819 833 910 corporis
847 843 944 909 quam
961 820 1149 886 affectiones
1164 821 1263 886 animi
1278 819 1488 911 deposuisset

520 921 568 984 De
584 918 689 1009 specie
705 917 903 1007 qnoqueilla
918 918 1010 1008 panis
1025 918 1139 983 etvini
1154 917 1333 999 dubitatur,
1352 918 1516 1004 cujurait?
1531 916 1585 982 Ad
1600 915 1777 1006 quodm
1791 915 2067 1007 respondendum,

474 1016 678 1106 qnodipsum
693 1038 822 1105 corpus,
839 1014 1359 1106 propterhorroremassrunendi,
1376 1014 2069 1105 easinseformasredpiat.Namsioppo-

475 1131 582 1193 nanu,
600 1112 754 1202 quod,e1
770 1135 837 1201 quo
848 1112 929 1177 illud
944 1135 1060 1203 corpus
1075 1114 1234 1195 mrnuit,
1248 1135 1413 1202 nunquam
1427 1110 1656 1178 formamillius
1665 1111 1826 1202 deponit,
1838 1126 1871 1176 et
1884 1110 1961 1177 ideo
1972 1110 2069 1177 aliam

474 1211 624 1291 ior-mam,
643 1209 697 1274 illa
713 1233 780 1274 non
794 1208 950 1300 deposita,
967 1211 1088 1275 habere
1104 1234 1172 1275 non
1184 1226 1303 1300 potest,
1319 1210 1467 1290 didmus,
1484 1210 1560 1299 quia
1572 1209 1653 1273 sicut
1666 1207 1756 1297 quod
1771 1206 1813 1273 de
1827 1208 2069 1298 Spirimsancto

473 1325 667 1398 conceptum
687 1322 753 1385 est,
771 1308 860 1395 quod
875 1307 984 1373 clauso
1000 1323 1092 1372 utero
1108 1307 1239 1372 intravit
1256 1323 1289 1372 et
1304 1308 1418 1389 exivit,
1436 1305 1525 1396 quod
1545 1328 1642 1395 super
1655 1327 1754 1394 aquas
1769 1305 1962 1383 ambulavit,
1979 1303 2068 1394 quod

474 1406 588 1470 clausis
607 1403 714 1490 jannis
736 1403 779 1469 ad
796 1402 968 1495 discipulos
983 1405 1130 1487 intravit,
1150 1403 1239 1493 quod
1252 1404 1350 1469 simul
1370 1421 1404 1469 et
1418 1403 1536 1470 eodem
1550 1419 1697 1492 ternpore
1711 1403 1746 1466 iu
1767 1402 1898 1468 dirersis
1911 1400 1992 1466 locis
2005 1403 2068 1466 ha-

474 1503 580 1578 betur,
606 1502 697 1581 sicut,
725 1502 869 1589 inquam,
895 1503 965 1566 haec
990 1503 1099 1566 omnia
1121 1500 1164 1567 ad
1185 1501 1436 1592 singularitatem
1456 1500 1540 1566 illius
1564 1501 1708 1589 corporis
1732 1501 1887 1576 attinent,
1915 1500 1961 1564 sic
1983 1499 2069 1564 istud

473 1621 620 1689 qnoque,
643 1596 733 1687 quod
756 1597 896 1663 diversas
911 1598 1005 1664 simul
1029 1597 1129 1663 habet
1145 1597 1275 1664 formas.
1298 1599 1332 1664 si
1347 1600 1435 1664 enim
1448 1599 1513 1663 hoc
1531 1612 1580 1662 est
1596 1595 1839 1678 admirandum,
1862 1595 2069 1661 nihilominus

474 1695 728 1786 unumquodque
753 1694 890 1760 aliorum
911 1711 1036 1762 constat
1057 1718 1125 1761 esse
1147 1694 1361 1786 stupendum,
1386 1694 1474 1784 quod
1498 1694 1608 1760 omnia
1634 1693 1676 1759 de
1697 1716 1739 1759 eo
1766 1709 1841 1759 sunt
1864 1691 2066 1758 admiranda.

473 1794 594 1858 Manna
611 1815 740 1882 quoque
764 1794 858 1879 hujus
872 1795 940 1859 reri
955 1796 1047 1884 panis
1061 1810 1296 1859 sacramentum
1315 1794 1471 1875 extitisse,
1489 1808 1599 1883 aperte
1613 1792 1797 1857 insinuavit.
1813 1792 1897 1855 Cum
1911 1789 2067 1879 siquidem

473 1890 544 1956 liliis
567 1891 663 1955 Israel
679 1913 798 1956 manna
814 1890 948 1980 plueret,
972 1892 1178 1968 admirantes,
1197 1891 1275 1980 quid
1291 1907 1388 1968 esset,
1407 1891 1545 1956 invicem
1560 1889 1770 1978 querebant:
1786 1888 1927 1963 Manhu,
1944 1886 2065 1962 idest,

473 1987 550 2075 quid
569 1986 857 2053 esthoc?Endem
873 1987 973 2053 modo
991 1990 1419 2079 hiesemperquaeripotest
1437 2011 1445 2053 ε
1463 1985 2067 2075 QuidesthociQsippenechuma-

473 2107 551 2149 num
573 2085 736 2175 ingenium
758 2107 818 2150 nec
842 2085 950 2176 lingna
970 2085 1160 2176 depromere
1175 2084 1254 2176 quid
1275 2087 1327 2168 sit,
1353 2085 1448 2176 plene
1464 2082 1590 2150 suffitia.
1613 2084 1646 2148 Si
1668 2083 1756 2149 enim
1776 2081 1927 2147 nolumus
1947 2078 2066 2159 dicere,

472 2181 561 2270 quod
581 2182 665 2247 illius
680 2183 823 2272 corporis
838 2184 879 2247 sit
896 2184 966 2247 haec
980 2183 1102 2266 lor-ma,
1118 2206 1287 2274 possamus
1301 2184 1376 2248 satis
1391 2182 1513 2265 dicere,
1530 2180 1619 2271 quod
1639 2181 1674 2244 in
1689 2202 1763 2245 aere
1778 2180 1820 2245 sit
1832 2177 1887 2243 illa
1905 2177 2010 2243 forma
2024 2178 2068 2243 ad

473 2280 722 2346 occultationem
749 2295 882 2370 propter
904 2279 1092 2369 predictam
1117 2303 1246 2346 causam
1271 2280 1375 2345 camis
1399 2294 1433 2345 et
1459 2277 1621 2369 sangrrinis
1644 2292 1825 2356 munta,
1856 2277 1939 2340 sicut
1964 2275 2067 2341 forma

472 2378 614 2443 humana
628 2378 662 2441 in
679 2399 753 2442 aere
769 2393 830 2457 est,
848 2377 979 2466 quando
995 2378 1127 2469 angelus
1146 2379 1181 2443 in
1195 2378 1328 2443 homine
1349 2393 1492 2467 apparet.
1516 2377 1566 2440 De
1585 2376 1667 2457 hoc,
1690 2372 1780 2462 quod
1794 2372 1988 2464 negligentia
2003 2375 2067 2438 mi·

473 2475 645 2539 nistrorum
668 2475 796 2540 evenire
821 2474 915 2552 solet,
940 2474 1029 2564 quod
1051 2475 1171 2541 seilicet
1190 2497 1297 2541 mures
1310 2472 1461 2539 videntur
1485 2472 1601 2538 rodere
1615 2473 1698 2536 etin
1719 2493 1776 2536 ore
1800 2486 1930 2560 portare
1952 2493 2068 2560 corpus

472 2570 563 2645 illud,
583 2571 682 2660 quaeri
698 2570 793 2636 solet.
811 2570 875 2636 Sed
892 2570 1038 2647 dicimus,
1060 2570 1149 2659 quod
1163 2573 1250 2637 Deus
1264 2570 1345 2636 illud
1363 2593 1429 2634 non
1447 2569 1580 2634 dimittit
1590 2568 1648 2645 ibi,
1665 2584 1702 2634 ut
1718 2591 1737 2632 a
1753 2583 1820 2632 tam
1835 2569 1922 2657 turpi
1937 2567 2067 2632 animali

473 2684 626 2733 tractetur
637 2689 647 2749 ;
665 2666 722 2732 sed
738 2684 846 2732 tamen
862 2684 1006 2732 remanet
1021 2668 1067 2732 ibi
1082 2667 1186 2733 forma
1202 2668 1245 2734 ad
1259 2667 1487 2757 negligentiam
1498 2667 1717 2731 ministromm
1728 2664 1962 2755 corrigendam.

517 2765 612 2829 Nune
627 2763 669 2828 de
685 2762 827 2828 efficacia
839 2765 934 2850 hujus
946 2766 1134 2830 sacramenti
1150 2763 1328 2830 videamus.
1344 2763 1494 2828 Efficacia
1505 2765 1593 2829 euim
1608 2764 1702 2848 hujus
1716 2764 1820 2847 major
1834 2778 1867 2827 et
1881 2761 1992 2826 fortior
2002 2776 2065 2841 est,

473 2882 570 2949 quam
593 2860 723 2946 alimjrn
739 2857 878 2942 alterius,
897 2862 971 2950 quia
987 2862 1021 2925 in
1041 2878 1166 2926 tantum
1182 2860 1363 2943 confirmat,
1382 2858 1471 2948 qnod
1485 2862 1540 2949 qui
1556 2860 1673 2926 devote
1696 2859 1822 2949 accipit,
1839 2857 1992 2948 qrmmdiu
2008 2879 2067 2948 per

471 2954 690 3023 infirmitatem
713 2979 803 3022 suam
819 2957 924 3048 ipsum
941 2981 960 3022 a
976 2981 1010 3023 se
1030 2981 1097 3025 non
1113 2959 1233 3045 rejicit,
1259 2957 1380 3024 nullam
1397 2956 1518 3023 diaboli
1539 2958 1751 3024 tentationem
1765 2956 1896 3047 patitur]
1919 2956 1995 3045 quia
2009 2977 2066 3045 per

472 3055 565 3138 hujus
581 3056 779 3121 eucharistiae
794 3057 1034 3148 perceptionem
1050 3055 1197 3123 diabolus
1211 3058 1349 3123 vincimr
1363 3072 1397 3122 et
1412 3055 1577 3147 religatur,
1595 3072 1628 3121 et
1642 3055 1717 3122 licet
1729 3056 1764 3120 in
1780 3078 1826 3136 se,
1841 3055 1898 3144 qui
1914 3053 1986 3120 talis
1999 3068 2062 3128 est,

472 3150 618 3242 semper¹
635 3153 765 3229 habeat,
784 3170 893 3220 tamen
909 3155 1014 3245 ipsum
1029 3177 1154 3245 semper
1166 3156 1279 3246 retipit
1295 3170 1328 3221 et
1338 3154 1371 3219 in
1388 3178 1429 3222 eo
1443 3153 1663 3220 habitaculum
1679 3152 1767 3219 facit.

1091 3476 1274 3566 CAPUT
1321 3478 1445 3566 XXX.

1043 3694 1087 3752 De
1113 3702 1294 3752 armamento
1322 3688 1477 3752 unctionis.

517 3876 565 3941 De
590 3889 789 3942 sacramento
814 3876 974 3942 unctionis
997 3875 1175 3943 ridendum
1199 3895 1307 3945 restat.
1335 3874 1508 3943 Sciendum
1527 3873 1635 3967 igitur,
1660 3873 1725 3941 hoc
1746 3893 1979 3942 sacramentum
1999 3897 2065 3941 esse

471 3972 614 4058 ejusdem
630 3973 678 4038 rei
692 3989 940 4056 sacramentum,
957 3973 1048 4060 cujus
1063 3992 1097 4041 et
1117 3993 1352 4042 sacramentum
1369 3969 1487 4056 altaris,
1506 3974 1580 4063 quia
1595 3972 1684 4040 illam
1699 3973 1887 4039 unctionem
1908 3972 2017 4063 capitis
2033 3988 2066 4037 et

471 4070 692 4134 membrorum
710 4067 879 4159 significat,
906 4093 978 4159 qnae
998 4087 1198 4136 sacramento
1216 4072 1322 4139 altaris
1337 4070 1541 4162 significatur.
1559 4071 1678 4137 Unctio
1698 4072 1787 4137 enim
1808 4071 1868 4136 ista
1887 4070 1966 4136 sicut
1980 4069 2063 4134 trina

472 4166 507 4229 in
522 4166 626 4255 capite
637 4166 813 4255 precessit,
830 4166 875 4231 sic
886 4182 919 4231 et
929 4168 963 4230 in
973 4166 1125 4232 membris
1133 4168 1347 4257 subsequitur.
1360 4169 1483 4234 Verum
1498 4169 1651 4258 quiahoc
1666 4184 1900 4234 sacramentum
1918 4166 2063 4230 ultimum

473 4279 521 4327 est
537 4263 693 4343 omnium,
712 4276 745 4327 et
759 4263 849 4350 quasi
865 4263 1112 4346 consummatio,
1129 4263 1205 4330 ideo
1218 4266 1429 4356 praerogativa
1441 4264 1594 4353 quadam,
1609 4265 1685 4332 lioet
1700 4267 1734 4331 in
1751 4267 1820 4331 aliis
1833 4265 1942 4330 unctio
1957 4263 2061 4328 conti·

472 4375 602 4441 nuatur,
617 4360 681 4425 hoc
696 4359 855 4425 unctionis
871 4375 1104 4426 sacramentum
1117 4362 1191 4446 jure
1208 4379 1352 4443 vocatur,
1371 4360 1460 4451 quod
1476 4362 1605 4452 quidem
1621 4363 1774 4455 incapite
1790 4379 1900 4428 nostro
1915 4361 2061 4440 Christo,

472 4473 508 4519 ut
523 4454 646 4521 dictum
661 4472 720 4537 est,
744 4455 828 4521 trina
843 4457 1014 4547 precessit.
1035 4456 1131 4524 Unde
1153 4473 1186 4524 et
1208 4459 1361 4542 Christus,
1387 4459 1503 4537 idest,
1527 4461 1696 4527 chrismate
1722 4476 1847 4536 uncttrs,
1876 4458 1978 4524 dictus
2003 4472 2061 4521 est.

470 4552 542 4642 lpse
566 4575 705 4641 namque
726 4551 800 4619 cleo
820 4553 973 4643 spirituali
992 4553 1119 4646 abipsa
1139 4556 1350 4646 conceptione
1369 4574 1485 4623 unctus
1500 4556 1572 4623 fuit.
1588 4559 1685 4624 Unde
1699 4574 1732 4624 et
1747 4557 1888 4622 Christus
1906 4579 1914 4619 ε
1933 4553 2064 4644 Spiritus

470 4649 602 4716 Domini
624 4671 719 4740 super
733 4672 805 4732 me,
830 4674 870 4716 εο
887 4651 975 4743 quod
991 4654 1117 4718 unxerit
1131 4675 1185 4718 me
1204 4677 1212 4719 :
1236 4652 1278 4719 ad
1294 4654 1550 4720 annuntiandum
1568 4657 1741 4721 mansuetis
1757 4654 1843 4720 misit
1858 4674 1922 4730 me,
1942 4666 1978 4716 ut
1993 4671 2063 4715 me·

470 4745 563 4814 derer
579 4748 733 4812 contritos
744 4746 842 4813 corde
852 4773 861 4832 ;
879 4765 912 4816 et
927 4766 1045 4815 cetera.
1060 4750 1145 4815 Hinc
1159 4749 1257 4816 etiam
1269 4751 1436 4818 Psalmista
1450 4775 1458 4818 ε
1474 4752 1618 4818 Dilexisti
1625 4753 1780 4839 justitiam
1795 4766 1828 4816 et
1843 4749 1939 4816 odisti
1950 4748 2065 4837 iniqui·

469 4860 589 4925 tatem,
615 4860 786 4936 propterea
809 4846 902 4911 unxit
917 4863 949 4912 te
965 4847 1062 4930 Deus,
1081 4863 1114 4912 et
1128 4865 1246 4915 cetera.
1266 4848 1382 4916 Postea
1406 4850 1556 4941 perunxit
1574 4848 1678 4915 Maria
1699 4848 1798 4941 pedes
1822 4848 1888 4933 ejus
1908 4848 1942 4911 in
1967 4845 2064 4911 domo

470 4940 607 5008 Simonis
631 4942 761 5033 leprosi,
788 4941 907 5009 deinde
931 4961 1043 5034 caput,
1069 4945 1199 5033 quando
1226 4945 1418 5014 alabastrum
1439 4946 1522 5013 fudit
1546 4969 1641 5036 super
1666 4963 1763 5039 caput
1787 4947 1866 5031 ejus.
1894 4944 1961 5009 Has
1986 4941 2065 5007 duas

502 5163 524 5211 1.
541 5158 586 5211 lile
596 5162 690 5225 atqua
701 5163 787 5215 deute
797 5163 904 5215 ridetur.
