4559 6100
660 618 945 697 INTRODUCTIO
970 619 1032 696 AD
1058 621 1351 696 THEOLOGIAM.
1731 632 1802 705 429

218 783 418 872 potestatem
444 781 479 842 et
505 770 730 847 voluntatem
757 775 985 866 consociant,
1011 787 1051 847 ut
1075 772 1139 846 ubi
1165 770 1267 848 deest
1283 772 1359 869 ejus
1380 769 1489 865 velle,
1510 770 1601 845 desit
1625 788 1662 847 et
1681 800 1800 875 posse.

218 889 316 981 Quod
342 902 463 962 autem
485 892 650 990 superius
673 891 857 991 objectum
879 908 949 989 est,
970 919 1045 968 non
1062 918 1169 993 posse
1185 892 1343 991 aliquem
1371 891 1496 965 salvari
1520 896 1656 980 aDeo,
1684 896 1753 969 nisi
1768 913 1805 970 et

218 1016 303 1085 Deus
326 1011 463 1083 salvare
488 1034 573 1082 eum
600 1013 731 1111 possit,
750 1016 947 1114 prasertim
976 1014 1185 1088 cumidem
1210 1013 1256 1085 sit
1282 1012 1440 1108 aliquem
1456 1036 1479 1084 a
1496 1016 1575 1084 Deo
1598 1012 1739 1108 salvari,
1769 1031 1805 1088 et

218 1135 325 1204 Deum
341 1128 478 1203 salvare
496 1154 595 1219 eum,
611 1156 687 1204 non
704 1133 787 1207 satis
804 1158 871 1206 nos
896 1134 1118 1232 constringit.
1138 1132 1241 1205 Idem
1255 1133 1392 1232 quippe
1407 1146 1462 1204 est
1477 1145 1514 1203 et
1526 1130 1738 1230 loquentem
1754 1149 1805 1206 ta·

218 1275 301 1342 cere,
320 1264 357 1322 et
373 1274 457 1321 eum
477 1251 540 1347 qui
553 1250 714 1349 loquitur
731 1265 850 1326 tacere
871 1278 965 1326 tneo
981 1268 1100 1327 tamen
1118 1252 1266 1325 sortasse
1278 1253 1328 1324 ita
1342 1250 1513 1351 possibile
1526 1266 1580 1324 est
1597 1252 1804 1351 loquentem

218 1386 338 1461 tacere,
357 1372 448 1443 siout
461 1368 632 1468 possibile
648 1386 702 1444 est
710 1396 801 1445 eum
817 1374 879 1470 qui
896 1373 1055 1472 loquitur
1072 1388 1202 1446 tacere.
1226 1371 1288 1445 Vel
1305 1397 1389 1445 cum
1410 1373 1508 1444 idem
1525 1372 1571 1443 sit
1585 1371 1624 1444 id
1636 1371 1739 1470 quod
1755 1387 1808 1445 est

217 1489 331 1574 elbum
348 1513 425 1577 esse
442 1490 600 1588 nigrum,
613 1505 651 1564 et
658 1490 861 1565 albedinem
878 1507 915 1566 et
933 1491 1156 1589 nigredinem
1173 1491 1291 1565 eidem
1310 1491 1417 1565 simul
1431 1492 1548 1565 inesse
1566 1515 1576 1564 z
1593 1517 1668 1564 non
1687 1507 1807 1565 tamen

217 1624 251 1682 ut
263 1608 436 1709 possibile
447 1622 502 1683 est
512 1608 550 1682 id
563 1610 664 1706 quod
681 1626 735 1684 est
751 1612 875 1686 album
890 1637 967 1686 esse
980 1613 1136 1709 nigrum,
1157 1613 1207 1685 ita
1222 1614 1330 1685 etiam
1345 1611 1519 1712 possibile
1539 1625 1593 1684 est
1603 1610 1809 1685 albedinem

217 1743 248 1800 et
263 1727 486 1824 nigredinem
505 1728 614 1802 simul
624 1729 744 1803 eidem
763 1731 891 1807 inesse.
910 1731 1008 1820 Quid
1024 1757 1110 1829 ergo
1132 1732 1280 1825 mirum,
1297 1732 1326 1804 si
1342 1755 1522 1832 ponamus
1536 1730 1635 1804 idem
1652 1756 1728 1805 esse
1742 1728 1808 1803 ali·

215 1872 339 1947 quem,
358 1849 422 1947 qui
444 1872 520 1921 non
537 1863 592 1921 est
607 1849 818 1940 salvandus,
836 1876 857 1924 a
873 1856 951 1925 Deo
970 1853 1116 1944 salvari,
1134 1865 1171 1925 et
1188 1855 1307 1925 Deum
1323 1850 1459 1924 salvare
1481 1875 1584 1945 eum,
1600 1876 1669 1924 nec
1688 1862 1809 1925 tamen

215 1968 291 2040 ideo
304 1970 521 2067 recipiamus
538 1972 656 2044 Deum
674 1996 780 2071 posse
794 1971 931 2047 salvare
946 1998 1046 2067 eum,
1066 1975 1159 2047 sicut
1174 1971 1410 2045 concedimus
1426 1976 1509 2045 eum
1527 1995 1633 2070 posse
1645 1969 1773 2044 salvari
1788 1995 1808 2042 a

215 2088 308 2163 Deo?
325 2090 470 2189 Quippe
486 2113 570 2162 cum
586 2090 742 2165 dicimus
756 2117 840 2166 eum
856 2117 963 2193 posse
980 2098 1093 2167 aDeo
1106 2091 1247 2185 salvari,
1269 2090 1316 2165 ad
1333 2090 1536 2164 facilitatem
1556 2090 1724 2164 humanae
1741 2114 1809 2164 na·

215 2225 296 2283 turm
308 2209 582 2308 possibilitatem
598 2211 818 2307 reducimus,
830 2214 912 2286 acsi
928 2213 1095 2288 videlicet
1108 2213 1310 2286 diceremus
1327 2225 1463 2283 naturae
1473 2210 1632 2283 hominis
1647 2235 1724 2283 non
1740 2208 1812 2283 hoc

214 2352 424 2428 repgunare,
447 2345 487 2403 ut
503 2332 580 2430 ipse
595 2330 771 2424 salvetur,
789 2334 853 2431 qui
877 2334 914 2405 in
939 2357 978 2406 se
1003 2334 1053 2407 ita
1075 2330 1260 2406 mutabilis
1276 2342 1346 2420 est,
1363 2346 1404 2403 ut
1431 2344 1505 2403 tarn
1521 2329 1713 2403 salvationi
1741 2352 1812 2401 suae

214 2473 320 2547 quam
338 2449 564 2522 damnationi
579 2452 796 2543 consentiat,
809 2467 846 2525 et
864 2467 940 2526 tam
952 2451 1026 2525 hoc
1039 2476 1150 2549 quam
1163 2452 1202 2523 in
1225 2450 1287 2523 illo
1311 2448 1425 2521 modo
1440 2446 1667 2521 tractabilem
1682 2471 1721 2519 se
1734 2451 1812 2519 Deo

212 2568 378 2667 praebeat.
408 2573 500 2642 Cum
516 2584 636 2644 autem
652 2572 806 2646 dicimus
827 2577 946 2657 Deum
962 2572 1065 2646 illum
1080 2596 1188 2672 posse
1204 2569 1340 2644 salvare
1360 2568 1424 2665 qui
1451 2568 1599 2641 minime
1624 2567 1814 2640 salvandus

212 2702 275 2778 est,
289 2687 337 2761 ad
354 2690 469 2787 ipsam
488 2689 683 2763 divinitatis
705 2706 872 2765 naturam
888 2691 1160 2789 possibilitatem
1176 2689 1402 2778 reducimus3
1422 2703 1461 2760 ut
1484 2686 1651 2760 videlicet
1674 2701 1809 2759 naturae

210 2808 275 2880 Dei
290 2832 368 2881 non
383 2823 561 2908 repugnet
568 2811 657 2908 quin
669 2835 753 2883 eum
766 2810 895 2903 solvet3
906 2811 1009 2910 quod
1025 2811 1178 2884 omnino
1188 2800 1415 2882 salsissimum
1431 2821 1496 2878 est.
1511 2812 1662 2878 Prorsus
1676 2806 1810 2905 quippe

208 2942 348 3002 natura
371 2927 504 3000 divinae
533 2944 709 3028 repugnat
730 2929 768 3002 id
787 2934 906 3004 mum
924 2934 1038 3004 lacere
1063 2929 1162 3028 quod
1181 2928 1257 3025 ejus
1279 2927 1429 3024 derogat
1451 2927 1634 3025 dignitati,
1657 2940 1692 2997 et
1709 2923 1809 3023 quod

208 3072 294 3122 eum
311 3046 429 3121 facero
455 3047 604 3121 minime
620 3050 802 3123 convenit.
833 3055 911 3124 Hoc
928 3051 1076 3149 quidem
1105 3048 1218 3123 modo
1235 3061 1373 3120 etcum
1391 3070 1518 3128 vocem
1535 3044 1689 3119 dicimus
1709 3043 1812 3118 audi·

204 3167 341 3261 bilem,
365 3167 472 3241 idest
495 3182 681 3268 potentem
697 3169 744 3242 ab
760 3168 882 3270 aliquo
907 3171 1046 3262 audiri,
1070 3185 1107 3244 et
1129 3169 1287 3267 aliquem
1314 3190 1421 3265 posse
1448 3164 1573 3240 audire
1603 3189 1732 3238 vocem
1751 3177 1811 3236 :et

201 3313 338 3388 agrum
359 3312 465 3387 posse
480 3289 594 3362 excoli
609 3287 807 3388 abaliquo,
827 3304 863 3363 et
875 3287 1033 3387 aliquem
1056 3313 1163 3389 posse
1180 3285 1299 3360 colere
1315 3309 1456 3381 agrum,
1474 3284 1749 3383 possibilitatem
1767 3282 1814 3356 ad

202 3409 353 3481 diversa
360 3408 567 3482 referimus.
587 3408 642 3482 lbi
653 3408 803 3508 quidem
819 3408 866 3484 ad
882 3424 1050 3482 naturam
1062 3409 1163 3480 vocis
1176 3407 1234 3479 vel
1251 3404 1341 3503 agri,
1359 3402 1420 3475 hic
1436 3403 1484 3475 ad
1501 3419 1669 3476 naturam
1684 3403 1737 3475 rei
1757 3401 1815 3474 rel

197 3527 454 3628 aptitudinem
470 3530 595 3603 audire
610 3554 752 3617 rocem,
770 3530 828 3602 rel
843 3528 963 3602 colere
974 3552 1101 3625 agrum
1121 3525 1293 3626 potentis.
1315 3520 1417 3594 Unde
1437 3546 1513 3594 non
1531 3546 1677 3595 necesse
1693 3534 1759 3611 est,
1775 3535 1814 3592 ut

196 3673 291 3721 cum
317 3672 393 3720 vox
413 3648 580 3721 audibilis
604 3650 671 3741 sit,
689 3649 762 3722 boc
778 3662 833 3722 est
848 3662 933 3747 apta
951 3673 993 3720 ex
1014 3672 1052 3720 se
1071 3645 1120 3721 ad
1137 3641 1360 3719 audiendum
1381 3640 1589 3740 abaliquo,
1620 3639 1748 3740 aliquis
1771 3640 1813 3711 sit

188 3768 273 3862 jam
292 3782 408 3869 aptus
423 3767 471 3840 ad
486 3768 709 3850 audiendum
722 3792 815 3842 eam.
834 3766 1014 3841 Omnibus
1029 3766 1164 3865 quippe
1180 3761 1390 3837 bominibus
1413 3761 1532 3834 surdis
1546 3758 1811 3851 exsistentibus,

190 3889 252 3962 vel
265 3911 432 3989 prorsus
444 3889 552 3962 etiam
563 3913 639 3961 uon
651 3886 915 3979 exsistentibus,
929 3909 999 3959 vox
1010 3883 1180 3984 quaelibet
1192 3880 1300 3980 hujus
1312 3895 1448 3953 naturae
1460 3894 1566 3972 esset,
1578 3894 1619 3952 ut
1630 3905 1667 3952 se
1675 3876 1811 3952 audibi·

185 4007 267 4081 lem
279 4007 436 4081 homini
450 4007 638 4107 preberet,
650 4033 718 4082 nec
733 4006 931 4107 quidquam
945 4006 984 4078 in
998 4028 1042 4077 ea
1057 4000 1333 4104 praeparandum
1345 4016 1451 4087 esset,
1472 4014 1512 4071 ut
1527 3998 1575 4072 ad
1592 3998 1814 4072 audiendum

180 4128 345 4202 idonea
365 4142 478 4218 esset,
494 4130 658 4226 quamvis
674 4128 787 4202 bomo
810 4125 976 4200 nondum
999 4125 1198 4216 exsisteret,
1218 4122 1282 4220 qui
1304 4145 1385 4195 eam
1401 4119 1526 4194 audire
1541 4134 1675 4219 posset,
1697 4117 1753 4190 rel
1769 4118 1813 4190 ad

175 4273 274 4323 eam
298 4245 535 4321 audiendam
559 4263 666 4347 aptus
682 4261 786 4322 esset.
814 4245 979 4343 Denique
1004 4243 1093 4317 illud
1106 4240 1216 4342 ,quod
1233 4266 1276 4313 ex
1301 4238 1604 4338 Philosophorum
1624 4236 1815 4310 traditione

175 4367 399 4467 objicitur,
422 4390 507 4439 oum
532 4367 750 4442 antecedens
769 4365 940 4466 possibile
967 4366 1036 4452 sit,
1069 4377 1105 4435 et
1128 4384 1355 4458 consequens
1381 4359 1490 4432 etiam
1518 4356 1689 4456 possibile
1718 4380 1813 4444 esse,

168 4513 218 4560 ex
244 4511 354 4588 quo
380 4484 551 4582 possibile
567 4487 741 4586 sequitur,
760 4487 811 4559 nil
829 4485 958 4576 officit,
977 4478 1286 4583 quemadmodum
1312 4479 1349 4551 iu
1370 4477 1586 4578 praecedenti
1606 4469 1700 4549 libro
1725 4474 1816 4548 dixi·

162 4634 282 4701 mus,
321 4606 366 4679 si
392 4603 598 4702 regularum
614 4608 762 4680 istarum
786 4606 1004 4680 documenta
1028 4602 1166 4676 naturis
1189 4613 1435 4672 creaturarum
1458 4594 1687 4695 intelligimus
1710 4594 1816 4667 luisse

161 4739 400 4802 contenta.
423 4726 528 4799 Unde
552 4751 636 4802 cum
660 4726 798 4825 aliquid
813 4725 983 4827 possibile
998 4724 1055 4802 rel
1073 4718 1297 4820 impossibile
1312 4717 1438 4791 dieunt
1452 4730 1630 4815 quantum
1650 4714 1698 4788 ad
1713 4738 1816 4788 crea-

153 4864 381 4922 turarum
401 4859 570 4939 naturas,
588 4847 661 4921 hoc
685 4846 903 4946 intelligunt,
925 4860 966 4919 ut
990 4843 1158 4918 videlicet
1179 4841 1217 4914 id
1233 4839 1352 4914 solum
1376 4835 1547 4937 possibile
1564 4835 1700 4926 dicant,
1716 4832 1816 4932 quod

146 4969 337 5044 nullius
362 4981 540 5039 creaturae
555 4981 732 5066 repugnat
746 4971 994 5042 naturalium
1006 4981 1127 5040 autem
1140 4962 1312 5035 dicimus:
1325 4956 1499 5031 Possibile
1513 4970 1567 5029 est
1579 4955 1649 5027 boc
1661 4953 1717 5026 vel
1729 4950 1818 5024 illud

144 5093 307 5162 Deum
318 5085 474 5179 facere,
484 5084 530 5158 ad
543 5099 707 5159 naturam
717 5086 912 5161 divinitatis
928 5087 1168 5187 potiusquam
1183 5094 1427 5191 creaturarum
1441 5074 1610 5175 possibile
1628 5072 1815 5145 sumimus.

135 5211 228 5284 Sed
252 5224 312 5284 et
340 5230 444 5278 cum
461 5204 559 5279 idem
577 5207 622 5279 sit
633 5206 793 5304 judicem
810 5209 940 5307 punire
954 5208 1079 5298 istum,
1095 5218 1131 5278 et
1148 5204 1255 5275 istum
1277 5197 1397 5296 puniri
1413 5193 1590 5292 ajudice,
1609 5218 1686 5266 non
1700 5207 1820 5266 tamen

299 5352 346 5393 11
1662 5320 1697 5378 17
