4559 6100
474 549 548 625 362
1072 550 1202 623 Pnt’nt
1229 551 1460 624 sufflant

479 699 652 797 alleloym
667 729 685 764 ιι
710 697 893 797 pluraliter
917 697 1060 770 dixerit.
1090 699 1241 796 Spiritus
1263 702 1398 799 quippe
1423 699 1535 771 sancti
1561 700 1738 771 artenitas
1761 709 1923 797 patenter
1948 711 2064 772 osten·
2125 773 2133 784 ,

473 819 585 912 ditur,
608 843 693 892 cnm
718 817 876 908 dicitnr¹,
896 847 915 886 ιι
928 817 1082 916 Spiritus
1105 820 1252 891 Domini
1275 818 1453 891 serebatur
1470 843 1579 917 supa
1601 843 1725 915 aquas
1743 847 1760 886 n
1778 816 1938 890 Verbum
1961 842 2061 906 vero,

477 938 514 1010 id
535 952 589 1010 ost
606 939 714 1010 Filius
732 937 838 1009 simul
862 951 899 1009 et
918 940 1019 1009 Pater
1035 937 1275 1030 insinuantur,
1296 963 1379 1010 cum
1406 938 1568 1031 dicitur¹,
1591 939 1718 1009 «Dixit
1734 941 1845 1028 Deus,
1868 935 1943 1026 fiat,
1957 965 1976 1003 ιι
1994 936 2065 1009 hoc

476 1070 529 1128 est
549 1057 586 1127 in
608 1071 784 1129 coaeterna
803 1056 985 1154 Sapientia
1009 1079 1075 1128 sna
1092 1060 1195 1129 Pater
1210 1056 1390 1128 ordinarit
1406 1055 1579 1128 iacienda.
1603 1060 1683 1128 Non
1699 1057 1798 1128 enim
1821 1054 1869 1128 de
1888 1054 2065 1153 corporali

476 1174 660 1248 locotione
693 1175 765 1246 lioc
789 1175 904 1273 accipi
929 1173 1067 1273 potest,
1100 1176 1191 1247 sicut
1221 1174 1454 1273 postmodum
1480 1175 1748 1247 convincemus.
1780 1179 1821 1245 ln
1848 1197 1894 1246 eo
1920 1197 2065 1270 quoque

477 1294 575 1392 quod
592 1297 765 1393 scriptum
787 1297 867 1386 est⁸,
898 1298 974 1366 ulit
998 1295 1087 1366 vidit
1107 1298 1205 1366 Deus
1227 1294 1327 1391 quod
1352 1309 1443 1366 emet
1468 1293 1620 1381 bonum,
1636 1323 1655 1359 r
1684 1295 1829 1366 Bonitas
1853 1292 1932 1383 Dei,
1955 1315 2063 1388 qoam

362 1455 369 1462 ·
477 1415 648 1512 Spiritum
661 1429 823 1485 sanctum
839 1412 1011 1506 dicimus,
1029 1415 1241 1505 insinuatur,
1260 1414 1352 1486 sicut
1373 1415 1409 1485 in
1428 1439 1472 1485 eo
1490 1414 1591 1512 quod
1610 1412 1757 1504 dicitur,
1776 1443 1795 1480 ι
1806 1412 1902 1484 Dixit
1920 1415 2061 1498 Deusp»

478 1532 684 1630 intelligitur
698 1533 859 1605 Verbum
883 1547 919 1605 et
938 1537 1055 1606 Pater.
1082 1533 1165 1605 Tale
1188 1533 1286 1605 enirn
1303 1533 1404 1630 quod
1426 1532 1569 1624 dicitur,
1590 1532 1718 1604 «Vidit
1736 1535 1833 1604 Deus
1853 1529 1952 1628 quod
1972 1544 2064 1602 esset

477 1651 640 1742 bonum,
656 1679 675 1718 ιι
708 1675 750 1723 ac
783 1652 813 1722 si
838 1650 978 1723 dicatur
1005 1651 1238 1748 intelligendo
1262 1653 1347 1750 quia
1372 1677 1464 1750 opos
1495 1651 1594 1749 quod
1620 1651 1751 1724 secem
1776 1650 1915 1723 bonum
1948 1663 2060 1738 esset,

480 1771 613 1843 amavit
636 1769 723 1841 illud
748 1794 794 1841 eo
812 1772 893 1869 ipso
909 1770 1009 1868 quod
1026 1770 1166 1842 bonum
1189 1785 1275 1842 erat.
1303 1774 1355 1842 Ex
1378 1795 1453 1867 qno
1473 1785 1510 1842 et
1525 1772 1600 1870 ipse
1615 1769 1733 1842 bonus
1749 1794 1828 1842 osse
1846 1767 1991 1866 liquide,
2004 1767 2064 1840 de·

478 1903 708 1960 monstratur.
726 1893 820 1961 Bene
836 1904 958 1962 autem
975 1890 1024 1963 ad
1036 1889 1266 1963 astrimudnm
1286 1889 1396 1962 fidem
1413 1914 1579 1990 operum,
1596 1904 1633 1961 et
1648 1888 1695 1961 ad
1710 1887 2063 1962 commendationem

478 2033 618 2099 eorum,
641 2010 940 2080 commemoratio
964 2008 1006 2080 fit
1022 2009 1228 2082 divinarum
1247 2033 1497 2107 personarum,
1517 2008 1589 2081 hoc
1609 2024 1662 2080 est
1680 2007 1956 2105 Omnipotentiae
1973 2008 2060 2096 Dei,

478 2140 513 2198 et
533 2126 724 2225 Sapientiae
748 2125 823 2223 ejus
847 2141 884 2198 et
908 2126 1091 2213 Bonitatis,
1117 2141 1156 2198 ut
1177 2127 1340 2200 videlicet
1359 2128 1444 2223 quia
1466 2126 1538 2200 hoc
1560 2141 1677 2225 potest
1695 2142 1729 2200 et
1754 2126 1874 2198 bonus
1898 2140 1963 2216 est,
1989 2148 2063 2196 cre-

476 2244 584 2320 datur
611 2269 653 2318 ea
679 2245 802 2318 fecisse
824 2270 904 2343 quae
924 2262 961 2318 et
981 2248 1097 2346 potuit
1119 2262 1155 2318 et
1171 2246 1297 2319 voluit.
1327 2250 1459 2320 Rursus
1477 2247 1651 2344 elegantia
1670 2271 1823 2344 operum
1843 2268 1908 2343 per
1929 2244 2064 2341 sapien·

477 2367 564 2438 tiam
586 2379 621 2437 et
655 2363 854 2437 bonitatem
890 2363 1034 2439 artificis
1065 2365 1276 2456 ostenditur,
1312 2381 1351 2438 ut
1377 2367 1463 2464 quia
1487 2391 1628 2446 summe
1658 2365 1777 2437 bonus
1799 2380 1853 2436 est
1878 2362 2005 2436 artifex
2030 2374 2064 2433 et

476 2483 633 2583 perfecte
651 2482 778 2575 solers,
796 2484 1130 2557 excellentissimum
1153 2510 1246 2583 opus
1268 2500 1477 2585 componat.
1501 2484 1600 2572 Quid
1618 2485 1725 2557 etiam
1751 2483 1908 2581 apertius
1927 2480 1975 2554 ad
2000 2481 2065 2552 do·

476 2618 686 2676 cumentum
707 2603 885 2675 Trinitatis
903 2627 980 2675 esse
997 2618 1126 2702 potest,
1144 2628 1257 2701 quam
1276 2604 1366 2677 illud
1385 2605 1485 2701 quod
1501 2619 1625 2704 postea
1646 2606 1684 2676 in
1708 2603 1889 2678 creatione
1908 2601 2065 2672 hominis

476 2720 715 2818 subjungitur,
729 2722 872 2793 dicente
888 2723 1066 2793 Domino*
1084 2723 1300 2820 «Faciamus
1314 2723 1512 2812 hominem,
1528 2739 1596 2795 etc.
1609 2725 1645 2794 l»
1659 2722 1754 2811 Quid
1771 2722 1865 2796 euim
1882 2719 2063 2817 pluraliter

476 2839 614 2911 dictum
625 2853 691 2929 est,
712 2839 938 2928 «Faciamus,
950 2870 967 2905 ιι
986 2839 1055 2910 nisi
1073 2854 1113 2913 ut
1128 2842 1337 2939 cooperatio
1353 2843 1463 2914 totius
1478 2843 1655 2916 'Trinitatis
1671 2838 1912 2939 exprimatur?
1928 2839 2063 2934 quippe

478 2981 569 3056 quos
585 2955 834 3029 cohortaretur
850 2961 945 3029 Deus
963 2956 1010 3029 ad
1029 2957 1225 3030 creandum
1242 2959 1440 3052 hominem,
1457 2975 1518 3033 aut
1535 2960 1582 3033 ad
1604 2986 1642 3032 sc
1657 2962 1694 3032 in
1712 2960 1830 3056 aliquo
1843 2956 2058 3054 juvandum,

478 3091 518 3148 ut
533 3077 608 3175 ipse
625 3077 723 3148 solus
743 3101 826 3148 eum
842 3092 1026 3150 creaturus
1050 3079 1310 3176 sitiScriptum
1334 3082 1467 3183 quippe
1490 3082 1583 3152 est':
1606 3112 1622 3146 ιι
1639 3081 1726 3168 Quis
1744 3077 1878 3174 adjuvit
1893 3077 2062 3174 Spiritum

476 3195 637 3285 Domini,
655 3207 717 3267 aut
733 3195 955 3269 consiliarius
971 3196 1047 3292 ejus
1065 3196 1144 3288 luit,
1163 3221 1246 3269 cum
1263 3223 1337 3295 qno
1356 3200 1434 3270 iniit
1449 3197 1655 3288 consilium,
1678 3212 1746 3269 etc.
1761 3198 1776 3267 ?
1793 3226 1810 3263 ιι
1830 3201 1923 3268 Beue
1943 3208 2062 3266 autem

477 3315 521 3389 ad
547 3316 738 3413 imaginem
757 3330 791 3388 ct
814 3315 1082 3388 similitudinem
1099 3317 1291 3407 Trinitatis,
1317 3319 1388 3392 hoc
1411 3335 1462 3390 est
1481 3318 1527 3390 ad
1544 3341 1745 3416 expressam
1761 3314 1956 3413 quamdam
1972 3315 2062 3385 simi·

410 3478 414 3485 ·
477 3431 666 3506 litudinem
685 3432 794 3507 trium
813 3458 1048 3532 personarum
1064 3435 1177 3506 homo
1195 3436 1271 3509 lieri
1289 3436 1420 3511 dicitur
1441 3465 1449 3507 ι
1468 3437 1583 3534 quiet
1602 3442 1741 3511 Patrem
1757 3461 1822 3533 per
1835 3448 2058 3532 potestatem,

478 3574 587 3651 qnam
609 3554 646 3625 iu
663 3567 798 3626 ceteras
813 3569 991 3627 creaturas
1006 3556 1145 3653 accepit
1160 3556 1332 3648 imitatur,
1349 3570 1386 3629 et
1403 3557 1530 3628 Filium
1550 3580 1615 3654 per
1634 3556 1823 3647 rationem,
1842 3569 1878 3624 et
1892 3552 2062 3650 Spiritum

479 3686 639 3745 sunctum
667 3696 732 3769 per
756 3674 970 3745 innocentie
990 3673 1256 3769 benignitatem,
1286 3698 1396 3772 quam
1419 3675 1668 3773 postmodum
1691 3700 1754 3773 per
1771 3676 1914 3772 culpam
1931 3673 2058 3747 aurisit.

480 3787 533 3859 nd
555 3786 649 3860 hanc
678 3813 824 3885 quoque
852 3789 1089 3888 pluralitatem
1115 3789 1319 3865 divinmm
1345 3817 1581 3890 personarum
1608 3793 1696 3867 illud
1721 3771 1871 3865 attinere
1898 3791 2060 3880 videtur,

479 3903 580 4003 quod
604 3907 640 3975 in
667 3906 897 4004 sequentibus
927 3933 990 4007 per
1014 3923 1217 4007 serpentem
1243 3910 1378 3984 dictum
1405 3915 1490 4001 est⁸‚
1515 3914 1653 3985 «Eritis
1668 3915 1758 3987 sicut
1773 3912 1837 3999 dii,
1856 3942 1874 3977 ιι
1900 3909 2000 4006 quod
2025 3921 2062 3978 nt

480 4023 643 4121 superins
674 4022 906 4116 dictumest,
933 4029 970 4099 in
998 4026 1148 4100 Heln-mo
1174 4043 1278 4105 sonat
1308 4029 1502 4126 «Heloym,
1520 4060 1538 4097 ιι
1568 4056 1709 4105 necnon
1737 4047 1772 4102 et
1800 4029 1859 4101 illa
1883 4028 2063 4101 dominica

480 4142 693 4241 increpatiol
714 4170 724 4217 ι
746 4149 867 4218 «Doce
898 4145 1011 4220 Adam
1037 4149 1147 4243 quasi
1169 4172 1263 4221 nnus
1289 4173 1332 4222 er
1359 4148 1465 4223 nobis
1494 4151 1606 4223 lactus
1633 4166 1698 4223 est.
1715 4180 1733 4217 ιι
1762 4154 1806 4220 Et
1830 4173 1952 4221 rursus
1977 4144 2063 4217 illud

479 4259 579 4359 quod
610 4262 783 4335 Dominus
810 4264 904 4336 ait⁸z
931 4293 951 4333 «
965 4265 1234 4341 Descendanms
1256 4283 1291 4341 et
1316 4270 1578 4343 confundamus
1602 4270 1758 4367 linguas’
1781 4292 1920 4357 eorum,
1938 4297 1955 4332 ιι
1980 4288 2062 4335 cum

479 4379 551 4451 hoc
574 4381 671 4452 solus
694 4385 791 4455 Deus
810 4383 1066 4482 compleverit:
1087 4385 1184 4458 unde
1204 4401 1239 4460 ct
1257 4386 1446 4460 subditur:
1469 4393 1610 4487 «Atque
1633 4390 1682 4462 ita
1698 4389 1815 4461 divisit
1830 4410 1904 4460 eos.
1920 4413 1939 4449 ιι
1962 4387 2064 4455 Nunc

480 4513 600 4571 autem
624 4514 707 4599 post
729 4501 845 4599 legam
869 4503 917 4576 ad
941 4501 1200 4603 prophetarum
1225 4508 1426 4580 testimonia
1451 4523 1684 4581 transeamus.

529 4617 589 4689 tit
607 4618 726 4716 itaque
743 4621 918 4695 maximus
932 4621 991 4696 ille
1006 4623 1267 4725 prophetarum
1282 4641 1316 4698 et
1334 4652 1458 4725 regum
1474 4626 1602 4718 David,
1621 4628 1683 4725 qui
1698 4650 1801 4699 suam
1817 4624 1946 4699 ceteris
1961 4621 2063 4695 intel-

479 4736 663 4834 ligentiam
681 4737 871 4836 praeferens
893 4739 981 4815 dicit
997 4746 1044 4815 ¹⁰:
1065 4772 1083 4814 u
1096 4747 1211 4844 Super
1236 4770 1362 4818 omnes
1382 4745 1552 4820 docentes
1568 4771 1626 4819 me
1649 4745 1816 4837 intellexi,
1837 4766 1947 4841 super
1962 4764 2063 4817 serres

511 4983 518 5012 ¹
530 4981 628 5048 Genea,
638 4995 692 5046 erp.
703 4996 726 5045 ι,
739 4996 763 5032 v.
775 4985 1249 5051 2.-·1btd.,v.n.-⁸1tin.,v.t.-
1302 4994 1326 5041 8.
1336 5016 1365 5027 -
1375 4992 1385 5022 ·
1395 4989 1422 5041 tn
1433 4998 1514 5040 nortra
1522 4989 1719 5052 Vutmutegtmr
1730 4990 1755 5038 tn
1765 4987 1880 5048 annotari
1895 4983 2019 5047 linquam.
2034 5006 2061 5017 ·-

481 5057 583 5124 tibin,
594 5076 617 5114 r.
639 5065 679 5115 26.
695 5064 744 5100 -·
762 5061 900 5129 Ιω1.,οερ.
919 5078 964 5129 ιι,
983 5081 1008 5117 r.
1030 5069 1128 5119 ts.-·
1146 5069 1246 5130 Grues,
1302 5068 1425 5123 ”Preion
1438 5084 1526 5131 cirin,
1538 5084 1561 5117 r.
1569 5073 1609 5121 99.

479 5146 694 5202 crp.1n,r.5.-
712 5140 808 5206 ’lbid.,
821 5157 845 5196 r.
856 5148 896 5197 22.
911 5173 939 5184 -
956 5144 1171 5213 ¹lbid.,cap.11,
1184 5163 1207 5201 r.
1223 5154 1247 5209 7,
