4559 6100
783 547 1030 621 tfltsototttl
1054 548 1325 621 cttffls‘ttlttl.
1786 553 1851 625 511

257 704 326 774 lut
343 725 429 773 cum
452 700 615 774 Christus
636 724 677 771 ex
695 697 881 772 divinitate
898 713 935 771 et
949 698 1176 770 humanitate
1193 721 1267 770 uua
1286 698 1331 769 sit
1347 712 1536 796 compacta
1550 725 1719 799 persona,
1738 718 1773 775 et
1789 730 1858 804 pro

255 835 356 919 parte
378 825 489 913 Deus,
516 846 588 919 pro
610 834 711 919 parte
736 818 849 891 homo
873 817 1026 911 dicatur,
1054 833 1165 914 atque
1186 820 1224 890 in
1248 817 1328 916 ipso
1344 817 1459 890 homo
1484 822 1581 890 Deus
1603 844 1679 893 esse
1702 821 1854 911 dicatur,

255 942 341 1038 quia
361 940 421 1012 bic
442 941 492 1013 illi
510 941 548 1012 in
573 963 683 1012 unam
698 963 891 1038 personam
915 938 960 1010 sit
976 938 1109 1029 unitus,
1130 940 1248 1037 sitque
1265 938 1389 1009 divina
1406 936 1605 1011 substantia
1623 955 1768 1034 eterna,
1789 942 1857 1015 hu·

254 1084 365 1133 mana
384 1085 460 1132 non
485 1074 633 1153 aeterna,
653 1084 730 1132 nou
747 1072 865 1132 tamen
883 1058 966 1131 ideo
988 1058 1187 1130 concedere
1208 1058 1373 1155 cogimur
1388 1057 1487 1155 quod
1512 1082 1590 1130 non
1612 1073 1666 1131 est
1682 1073 1856 1135 aeternum

255 1204 331 1252 esse
353 1194 545 1272 aetemum3
578 1203 647 1252 nec
670 1180 862 1279 Scripturae
886 1177 1090 1275 figurativas
1117 1179 1320 1251 locutiones
1346 1176 1442 1251 ultra
1466 1177 1539 1250 hoc
1559 1178 1660 1275 quod
1683 1181 1857 1279 scriptum

254 1322 401 1370 necesse
424 1313 477 1372 est
494 1298 652 1372 extendi.
678 1298 749 1371 Sed
766 1323 834 1371 nec
856 1298 1025 1396 cuiquam
1047 1299 1098 1369 fas
1119 1313 1186 1387 est,
1210 1323 1231 1370 a
1251 1310 1425 1370 consueta
1445 1295 1705 1392 significatione
1723 1324 1860 1374 sermo·
1952 1302 1955 1309 ’

254 1442 338 1490 nem
350 1433 589 1511 commutare,
610 1418 679 1490 nisi
696 1419 729 1491 ei
748 1419 850 1514 cujus
869 1418 1076 1514 gravissima
1092 1417 1235 1490 videtur
1258 1417 1466 1509 auctoritas,
1489 1430 1553 1488 aut
1574 1417 1693 1513 aliqua
1709 1435 1858 1493 ornatus

253 1536 326 1609 hoc
349 1537 581 1611 commendet
603 1539 728 1634 gratia.
749 1536 845 1625 Quid
871 1540 978 1611 etiam
999 1539 1132 1609 mirum
1157 1538 1186 1609 si
1209 1562 1316 1609 voces
1336 1560 1421 1609 cum
1441 1537 1653 1609 acreaturis
1676 1537 1723 1610 ad
1739 1544 1856 1614 Deum

254 1656 531 1746 transferuntur,
552 1656 851 1754 significationem
872 1658 1033 1749 varient,
1053 1672 1182 1757 utpote
1199 1656 1271 1729 hoc
1286 1681 1422 1730 nomen
1440 1661 1545 1729 Pater
1561 1657 1617 1728 vel
1633 1658 1753 1753 Filius,
1773 1684 1858 1732 con-

254 1777 459 1849 structionis
473 1800 620 1875 quoque
635 1778 708 1849 vim
721 1792 960 1868 commutent,
975 1803 1059 1851 cum
1071 1777 1138 1850 illae
1149 1777 1307 1850 etiamid
1321 1776 1453 1850 faciant
1465 1801 1545 1875 quae
1558 1776 1857 1872 significationem

253 1892 457 1967 nullatenus
470 1909 611 1969 mutare
626 1896 820 1989 videntur?
837 1899 951 1972 Nemo
968 1898 1102 1996 quippe
1119 1911 1215 1969 recto
1232 1896 1432 1993 intelligens
1449 1897 1623 1968 unitatem
1644 1911 1706 1970 aut
1722 1897 1858 1995 pleras-

254 2036 325 2108 que
351 2014 437 2087 alias
461 2015 594 2088 formas
613 2018 661 2088 ita
683 2041 706 2089 a
730 2015 899 2113 subjectis
921 2016 1131 2090 substantiis
1154 2016 1301 2110 dividit,
1328 2031 1369 2088 ut
1393 2040 1453 2089 eas
1479 2015 1526 2088 ab
1551 2016 1602 2089 eis
1630 2041 1783 2091 numero
1799 2020 1857 2092 vel

254 2134 487 2207 essentialiter
511 2135 669 2209 diversas
695 2138 885 2209 existimet.
911 2142 985 2210 Nec
1009 2138 1104 2235 quis,
1129 2162 1214 2209 cum
1239 2136 1327 2208 dicit
1349 2137 1526 2210 unitatem
1550 2137 1635 2230 Dei,
1658 2138 1716 2211 vel
1742 2165 1858 2213 unum

253 2255 389 2342 Deum,
417 2268 480 2326 aut
506 2255 771 2354 simplicitatem
788 2258 872 2347 Dei,
899 2272 934 2329 et
956 2258 1156 2356 simplicem
1176 2260 1314 2350 Deum,
1340 2258 1432 2330 sicut
1450 2257 1624 2329 unitatem
1648 2259 1776 2331 auimae
1799 2262 1857 2332 vel

253 2395 365 2444 unam
381 2375 560 2464 animam,
581 2390 643 2448 aut
659 2376 926 2474 simplicitatem
942 2378 1070 2449 animae
1084 2379 1144 2450 vel
1159 2376 1357 2476 simplicem
1373 2377 1553 2464 animam;
1576 2375 1624 2447 ad
1641 2375 1754 2449 alium
1770 2403 1857 2451 sen-

253 2514 333 2562 sum
359 2491 437 2565 haec
460 2495 612 2567 nomina
642 2496 680 2567 in
712 2501 791 2568 Deo
823 2494 952 2596 accipit
976 2521 1087 2595 quam
1110 2498 1149 2569 in
1179 2497 1335 2570 anima:
1363 2522 1439 2569 uon
1465 2510 1586 2569 tamen
1619 2495 1668 2567 ita
1704 2496 1858 2570 dicimus

253 2610 429 2685 unitatem
445 2614 501 2685 vel
523 2610 788 2713 simplicitatem
805 2641 881 2689 esse
904 2617 1076 2705 animam,
1096 2617 1189 2689 sicut
1210 2641 1287 2689 esse
1303 2620 1434 2687 Deum.
1452 2613 1524 2687 Sed
1540 2613 1707 2711 quoelibet
1724 2616 1857 2689 forma·

252 2752 334 2802 rum
349 2732 500 2803 nomina
515 2737 594 2805 Deo
610 2734 780 2832 copulata
796 2735 911 2809 solam
929 2736 1152 2810 identitatem
1169 2735 1329 2809 essentiae
1343 2747 1546 2807 monstrant
1563 2761 1572 2804 ε
1592 2759 1634 2806 ac
1651 2736 1681 2806 si
1695 2735 1858 2809 dicamus

252 2847 350 2923 idem
371 2875 448 2923 esse
464 2852 639 2926 unitatem
657 2854 758 2951 quod
774 2858 907 2948 Deum,
932 2856 1033 2955 qnod
1055 2856 1204 2928 minime
1226 2856 1264 2927 in
1286 2855 1413 2933 ceteris
1435 2854 1610 2952 contingit
1633 2853 1854 2949 substantiis,

252 2969 342 3041 sicut
363 2970 470 3061 alibi,
498 2998 583 3045 cum
606 2972 652 3046 de
678 2975 891 3050 discretione
917 2977 1278 3077 praedicamentorum
1305 2974 1581 3066 dissereremus,
1616 2975 1853 3050 ostendimus.

251 3089 350 3177 Quid
363 3092 484 3189 itaque
495 3094 627 3165 mirum
641 3096 671 3166 si
686 3100 789 3168 Pater
800 3113 836 3170 et
848 3098 957 3170 Filius
971 3099 1048 3170 haec
1057 3098 1239 3170 nominea
1253 3096 1423 3169 creaturis
1433 3095 1479 3167 ad
1489 3099 1606 3167 Deum
1618 3097 1802 3187 translata,
1817 3098 1855 3168 in

252 3211 424 3283 creaturis
445 3211 514 3284 sibi
536 3213 707 3311 copulata
723 3216 838 3289 solam
856 3216 1080 3290 identitatem
1104 3216 1263 3289 essentiae
1281 3228 1504 3306 monstrent,
1523 3216 1561 3285 in
1580 3217 1659 3286 Deo
1680 3217 1856 3288 autemid

252 3328 371 3401 solum
396 3355 472 3403 non
499 3331 645 3423 faciant,
670 3334 794 3407 sedet
818 3337 967 3433 insuper
992 3335 1219 3408 identitatem
1244 3334 1487 3433 proprietatis,
1515 3357 1599 3405 cum
1625 3357 1646 3404 e
1671 3335 1854 3407 contrario

251 3449 403 3521 nomina
418 3450 619 3523 formarum
634 3458 713 3526 Deo
728 3454 912 3552 copulata,
932 3456 1047 3528 solam
1066 3454 1292 3526 identitatem
1307 3453 1468 3526 essentiae
1484 3465 1699 3542 monstrent,
1720 3477 1800 3550 qna·
1816 3453 1853 3523 in

252 3571 423 3642 creaturis
439 3586 611 3644 contenta
626 3598 702 3646 non
720 3574 827 3646 sunt?

300 3688 393 3761 lllud
405 3705 526 3763 autem
541 3692 736 3786 Athanasii,
752 3694 854 3793 quod
875 3695 924 3766 ait
941 3696 1211 3793 «Omnipotens
1225 3699 1342 3786 Pater,
1353 3693 1584 3791 omnipotens
1599 3690 1719 3780 Filius,
1734 3693 1854 3764 omni·

252 3822 381 3903 potens
398 3811 549 3908 Spiritus
569 3828 726 3903 sanctus,
739 3841 757 3881 u
785 3815 940 3887 maxime
960 3816 1108 3887 sortasse
1131 3812 1348 3886 confirmare
1375 3813 1527 3904 videtur,
1549 3826 1590 3883 ut
1612 3811 1856 3884 concedamus

252 3926 381 4000 Filium
415 3954 580 4029 quoque,
611 3932 684 4004 sive
707 3935 879 4032 Spiritum
911 3948 1076 4007 sanctum
1101 3957 1178 4007 esse
1205 3939 1361 4023 Patrem,
1380 3957 1465 4005 cum
1498 3930 1645 4021 scilicet,
1675 3946 1715 4001 ut
1746 3955 1854 4029 supra

253 4044 427 4143 diximus,
446 4053 551 4122 Pater
573 4076 618 4123 ex
641 4055 802 4150 potentia
825 4055 869 4126 sit
894 4053 1024 4147 dictus,
1050 4055 1145 4126 sicut
1165 4054 1274 4127 Filius
1294 4078 1338 4126 ex
1360 4052 1554 4151 Sapientia,
1575 4065 1613 4123 et
1633 4052 1785 4149 Spiritus
1811 4076 1854 4124 ex

251 4163 483 4264 benignitate.
511 4170 599 4257 Quis
616 4172 725 4244 etiam
751 4198 882 4270 negare
909 4188 1017 4272 queat
1043 4174 1131 4269 quin
1155 4196 1379 4270 unaqueque
1401 4193 1638 4271 personarum
1660 4185 1788 4268 potens
1811 4172 1855 4242 sit

253 4299 288 4355 et
317 4288 460 4385 sapiens
489 4303 524 4360 et
551 4290 730 4389 benigna?
759 4297 852 4365 Cum
875 4295 995 4391 itaque
1022 4292 1131 4365 Filius
1160 4293 1204 4364 sit
1229 4297 1327 4365 Deus
1350 4292 1599 4390 omnipotens,
1632 4305 1669 4363 et
1701 4304 1855 4364 tantum·

253 4403 338 4478 dem
364 4407 482 4482 valeat
507 4409 627 4482 dicere
654 4414 772 4484 Deum
797 4416 1106 4514 omnipotentem,
1133 4427 1311 4510 quantum
1339 4411 1460 4484 dicere
1482 4416 1647 4504 Patrem,
1675 4411 1853 4508 numquid

252 4538 288 4597 et
313 4526 421 4600 Filius
447 4543 501 4601 est
523 4531 646 4603 Pater?
669 4532 722 4605 Ad
745 4534 847 4629 quod
872 4536 1032 4635 primum
1060 4531 1281 4632 respondere
1307 4534 1393 4605 satis
1424 4531 1595 4621 arbitror,
1623 4530 1724 4629 quod
1744 4555 1850 4629 saepe,

252 4659 293 4719 ut
316 4646 484 4743 diximus,
514 4674 622 4723 voces
650 4675 715 4749 per
743 4677 783 4724 se
806 4669 960 4753 acceptae
987 4652 1153 4727 eamdem
1177 4652 1253 4723 vim
1272 4653 1414 4751 penitus
1442 4650 1579 4724 habent
1601 4666 1709 4749 atque
1743 4650 1851 4747 aequi·

251 4760 481 4858 pollentiam,
501 4766 602 4862 juxta
622 4768 807 4866 propriam
835 4794 960 4843 earum
989 4767 1304 4868 significationem,
1337 4793 1416 4866 quae
1443 4782 1565 4840 tamen
1589 4767 1756 4839 eamdem
1776 4766 1851 4836 vim

251 4883 289 4954 in
314 4889 582 4961 constructione
606 4914 683 4962 non
708 4889 927 4963 custodiunt.
957 4895 1069 4981 Nam,
1102 4907 1191 4965 teste
1225 4892 1420 4981 Prisciauo,
1452 4913 1577 4962 amans
1605 4888 1728 4984 etqui
1755 4901 1851 4959 amat

251 5002 349 5077 idem
379 5006 512 5101 valent,
542 5034 618 5083 non
646 5025 766 5083 tamen
790 5012 896 5084 sicuti
912 5010 957 5084 de
980 5036 1024 5084 eo
1048 5012 1111 5109 qui
1139 5012 1252 5085 modo
1273 5036 1348 5084 uon
1372 5024 1482 5102 amat,
1499 5032 1626 5081 verum
1654 5021 1707 5079 est
1730 5005 1852 5078 dicere

252 5125 352 5220 quod
378 5127 445 5201 erit
469 5152 608 5221 amans,
634 5131 684 5203 ita
705 5153 831 5203 verum
856 5146 910 5203 est
928 5130 1049 5204 dicere
1069 5131 1171 5230 quod
1196 5132 1265 5202 erit
1286 5132 1350 5228 qui
1368 5144 1478 5203 amat.
1501 5129 1625 5232 Unitas
1648 5150 1795 5225 quoque
1814 5140 1852 5198 et
