4559 6100
514 548 642 622 tetur
668 549 903 622 tumulltu!
925 548 970 623 lN
994 547 1240 623 Etts'toultt
1264 542 1325 622 Au
1343 548 1567 623 ROMANOS.
1746 548 1819 625 325

236 694 336 778 uliud
356 707 409 772 est
428 712 604 795 quantum
620 711 668 770 te.
694 696 749 769 lbi
773 698 908 797 quippe
920 696 1130 789 similitudo,
1153 695 1216 770 hic
1230 698 1412 796 aequalitas
1434 696 1647 772 ostenditur.
1663 698 1768 774 Unde
1789 715 1824 773 et

234 843 320 898 'eum
335 819 474 893 Veritus
494 819 566 890 ιιὶι1
583 843 592 888 :
613 821 767 891 «Estote
787 818 1050 911 misericordes,
1074 819 1166 891 sicut
1182 831 1218 891 et
1232 832 1335 917 pater
1350 825 1465 890 vester
1482 817 1649 911 coelestis,
1665 843 1682 886 u
1700 817 1824 892 simili-

236 931 398 1006 tudinem
415 929 535 1028 potius
548 928 800 1002 misericordie
814 954 925 1027 quam
937 930 1176 1027 aequalitatem
1191 928 1375 1028 expressit.
1393 929 1430 1000 Si
1447 942 1569 1002 autem
1584 952 1824 1027 unumquem-

236 1074 308 1151 que
323 1061 501 1149 quantum
523 1067 582 1121 me
596 1046 743 1144 diligere
761 1047 945 1142 deberem,
971 1071 1097 1121 omnes
1112 1048 1294 1145 equaliter
1314 1070 1336 1120 a
1357 1070 1416 1120 me
1435 1045 1607 1145 diligendi
1626 1061 1757 1121 essent.
1784 1052 1827 1122 At

237 1194 324 1243 vero
336 1193 421 1242 cum
433 1190 543 1240 nemo
561 1166 627 1240 nisi
638 1181 788 1267 propter
799 1172 917 1241 Deum
933 1167 1032 1265 diligi
1045 1165 1179 1242 debere
1192 1167 1368 1260 videatur,
1388 1179 1490 1240 tanto
1505 1165 1658 1266 amplius
1675 1167 1827 1264 quisque

237 1288 335 1386 diligi
354 1287 485 1385 dignus
508 1300 575 1377 est,
600 1300 736 1385 quanto
761 1290 840 1360 Deo
862 1288 979 1360 carior
1003 1286 1435 1360 habeturetmeliorest.
1455 1286 1609 1359 sienim
1627 1289 1724 1359 Deus
1743 1287 1828 1385 quia

237 1406 444 1496 meliorest,
468 1429 577 1504 super
593 1429 720 1480 omnes
737 1420 791 1479 est
805 1405 1020 1504 diligendus,
1038 1407 1244 1506 quicunque
1261 1422 1344 1505 post
1357 1430 1441 1480 eum
1456 1403 1623 1480 meliores
1639 1420 1736 1497 sunt,
1751 1427 1828 1480 arn·

237 1525 332 1624 plius
344 1524 516 1623 diligendi
527 1538 610 1598 suut
622 1548 733 1622 quam
743 1525 817 1598 alii.
833 1526 946 1599 Aliter
960 1527 1096 1626 quippe
1111 1528 1239 1601 caritas
1250 1526 1418 1600 ordinata
1431 1549 1507 1599 non
1519 1539 1585 1599 est.
1600 1528 1693 1597 Eum
1705 1539 1825 1599 autem

121 1664 123 1667 ·
237 1645 319 1743 plus
338 1643 516 1742 diligimus
537 1646 597 1719 cui
615 1658 656 1718 ut
675 1643 816 1718 beatior
836 1647 881 1718 sit
901 1659 1082 1744 optamus,
1105 1645 1187 1719 licet
1200 1646 1234 1720 ei
1251 1646 1299 1720 de
1318 1642 1565 1746 corporalibus
1578 1643 1685 1718 bonis
1707 1646 1827 1718 minus

237 1787 347 1861 quarn
367 1762 414 1837 de
432 1777 555 1838 nostra
575 1763 633 1838 vel
655 1786 782 1838 eorum
797 1765 860 1864 qui
875 1765 1076 1864 specialiter
1093 1764 1199 1838 nohis
1215 1764 1397 1838 adhaerent
1414 1787 1539 1837 curam
1554 1786 1712 1862 agamus.
1730 1767 1828 1837 Tunc

236 1896 358 1960 antem
371 1882 567 1980 quemlibet
587 1883 680 1956 sicut
697 1907 765 1957 uos
780 1882 973 1982 diligimus,
991 1908 1076 1957 cnm
1091 1907 1176 1957 eum
1190 1884 1237 1958 ad
1251 1882 1511 1959 beatitudinem
1525 1884 1695 1956 sieutnos
1704 1907 1829 1982 perne·

240 2002 315 2074 nire
334 2002 515 2095 volumus,
535 2000 664 2076 eedem
684 2002 817 2077 scilicet
837 2003 1037 2079 intentione
1058 2004 1154 2077 circa
1173 2027 1257 2077 eum
1272 2002 1409 2096 hahita,
1428 2027 1508 2102 quae
1523 2003 1617 2076 circa
1638 2025 1720 2093 nos,
1745 2004 1829 2101 quia

240 2120 402 2195 uidelicet
423 2121 496 2194 hoc
523 2122 557 2194 ei
580 2120 720 2195 honum
742 2124 985 2197 existimamus
1008 2146 1085 2196 esse
1105 2123 1197 2196 sicut
1217 2137 1254 2197 et
1281 2123 1399 2196 nobis.
1430 2123 1602 2197 Fortassis
1623 2123 1721 2197 enim
1745 2111 1828 2197 cum

240 2240 319 2336 quis
332 2240 441 2313 elium
454 2239 542 2331 odit,
557 2264 640 2315 eum
652 2243 689 2315 in
705 2242 871 2341 parnd'no
884 2243 960 2341 jam
975 2267 1052 2317 esse
1068 2242 1187 2334 vellet,
1199 2265 1276 2342 quo
1291 2243 1342 2316 nil
1360 2243 1487 2316 melius
1502 2243 1535 2314 ei
1547 2255 1674 2340 optare
1685 2255 1802 2342 potest
1817 2271 1826 2312 ε

241 2382 309 2433 nec
325 2374 443 2433 tamen
458 2359 543 2434 ideo
566 2386 652 2434 eum
667 2360 793 2457 diligit,
813 2385 897 2435 cum
918 2361 957 2436 id
978 2385 1053 2434 non
1072 2377 1147 2436 tam
1163 2375 1313 2461 propter
1327 2385 1412 2435 eum
1430 2384 1538 2460 quam
1558 2373 1707 2461 propter
1726 2383 1764 2434 se
1782 2360 1830 2433 ab

241 2501 286 2551 eo
301 2477 527 2553 liberandum
542 2479 660 2556 iaciat.
679 2509 699 2551 α
710 2481 862 2555 Dilectio
877 2482 1044 2581 proximi.
1061 2511 1080 2550 s
1097 2486 1189 2555 Vere
1202 2483 1267 2580 qui
1280 2480 1394 2578 diligit
1402 2480 1624 2581 proximum,
1638 2503 1715 2554 non
1725 2479 1828 2554 adul·

242 2596 381 2691 terabit,
393 2624 469 2673 non
480 2600 635 2692 occidet,
650 2614 737 2691 etc,
752 2602 838 2698 quia
848 2601 988 2675 nullum
997 2603 1139 2700 penitus
1151 2601 1286 2675 malum
1297 2615 1480 2701 oporatur.
1493 2599 1598 2674 Unde
1606 2614 1755 2700 apparet
1761 2604 1831 2673 Da·
1849 2693 1861 2703 .

241 2718 314 2810 vid,
332 2717 422 2792 dum
438 2744 523 2792 cum
539 2718 687 2794 Betsabe
703 2719 937 2796 fornicaretur
948 2722 1005 2796 vel
1018 2722 1142 2796 Uriam
1155 2719 1202 2795 ad
1214 2734 1368 2795 mortem
1383 2720 1551 2821 proderet
1558 2724 1582 2810 ⁸,
1602 2743 1830 2818 nequaquem

241 2837 445 2932 proximum
455 2837 636 2930 dilexisse3
647 2839 850 2914 sedetcum
859 2840 1054 2916 aliusdicat
1064 2840 1289 2941 Apostolus:
1302 2840 1392 2929 «Qui
1403 2840 1500 2913 enim
1510 2863 1584 2913 non
1593 2839 1707 2937 diligit
1714 2839 1832 2936 proxi·

242 2977 341 3030 mtnn
354 2981 464 3052 quem
479 2956 590 3053 videt,
605 2961 722 3032 Deum
738 2984 847 3058 quem
862 2985 939 3034 non
955 2962 1052 3035 videt
1068 2960 1257 3062 quomodo
1270 2972 1390 3061 potest
1403 2958 1574 3054 diligere?
1590 2985 1609 3025 u
1627 2958 1753 3056 utique
1764 2979 1832 3032 nec

242 3075 358 3145 Deum
368 3086 454 3145 tune
464 3070 628 3147 dilexisse
638 3079 792 3149 videtur.
804 3080 1001 3166 Quomodo
1012 3083 1120 3150 etiam
1130 3081 1201 3151 dici
1211 3090 1330 3176 potest
1343 3074 1495 3151 alterum
1505 3075 1653 3173 diligere
1666 3079 1757 3151 sicut
1771 3103 1831 3151 se·

241 3192 446 3290 metipsum,
464 3212 548 3265 cum
564 3216 632 3266 nec
646 3196 877 3295 semetipsum
891 3220 975 3269 vere
991 3196 1126 3295 diligat,
1144 3198 1206 3295 qui
1220 3218 1241 3268 s
1256 3208 1373 3268 morte
1388 3196 1528 3286 enimse,
1547 3195 1615 3267 sibi
1632 3195 1827 3296 parcendo,

242 3338 317 3389 non
330 3315 465 3414 parcit?
481 3317 659 3417 Scriptum
672 3320 807 3417 quippe
820 3322 913 3392 est⁸z
930 3320 1032 3408 «Qui
1042 3318 1159 3415 diligit
1174 3319 1410 3416 iniquitatem,
1424 3317 1502 3392 odit
1512 3317 1670 3391 animam
1683 3340 1798 3392 suam.
1811 3351 1828 3386 a>

292 3434 513 3508 «Plenitudo
535 3459 634 3534 ergo.
654 3436 996 3535 »Quandoquidem
1011 3436 1145 3512 scilicet
1159 3437 1314 3536 proximi
1330 3437 1438 3509 etiam
1463 3435 1607 3510 dilectio
1626 3437 1740 3536 legem
1764 3440 1831 3512 im·

242 3552 329 3648 plet,
347 3568 388 3626 ut
407 3552 545 3626 dictum
562 3569 616 3628 est
635 3578 749 3653 tergo
768 3555 886 3629 multo
909 3558 1034 3654 magis
1049 3556 1096 3629 de
1119 3579 1249 3654 genere
1265 3555 1389 3656 ipsius,
1415 3556 1517 3655 quod
1537 3568 1590 3629 est
1609 3554 1770 3651 dilectio,
1794 3556 1831 3629 id

208 3760 219 3785 ,s
243 3674 353 3771 recipi
368 3687 521 3746 constat.
548 3676 641 3746 Cum
665 3698 753 3748 vero
770 3689 846 3749 tota
870 3677 1082 3750 meritorum
1101 3692 1309 3749 nostrorum
1332 3699 1473 3749 summa
1495 3677 1533 3750 in
1556 3674 1749 3749 dilectione
1765 3678 1832 3749 Dei

242 3793 415 3865 consistat
434 3807 471 3865 et
492 3795 659 3891 proximi,
678 3794 867 3893 diligenter
880 3809 1045 3894 utraque,
1070 3797 1100 3868 si
1115 3819 1321 3895 possumus,
1341 3819 1362 3869 a
1382 3793 1490 3868 nobis
1506 3809 1560 3868 est
1579 3793 1828 3888 describenda,
1955 3782 1965 3803 ⁶

243 3925 277 3982 et
293 3911 438 4010 insuper
453 3911 775 3989 demonstrandum
787 3915 975 4012 quomodo
989 3917 1225 4015 pretermissa
1237 3916 1303 3989 Dei
1318 3914 1523 4009 dilectione,
1543 3938 1623 4013 quae
1635 3914 1752 4012 maj0r
1761 3930 1827 4015 est,

242 4052 351 4102 ursus
371 4030 417 4102 sit
437 4032 628 4130 Apostolus
650 4032 768 4105 dicere
786 4032 1016 4108 dilectionem
1032 4035 1187 4136 proximi
1207 4034 1324 4133 legem
1344 4033 1508 4136 implere.
1529 4033 1682 4107 Dilectio
1702 4032 1770 4107 Dei
1788 4057 1832 4105 er

243 4164 319 4223 toto
341 4151 453 4223 eorde
471 4151 509 4225 iu
531 4151 639 4225 nobis
654 4168 708 4226 est
727 4154 863 4254 optima
885 4154 946 4228 illa
965 4179 1049 4253 erge
1069 4161 1188 4229 Deum
1202 4156 1387 4247 voluntas,
1408 4176 1480 4254 qua
1501 4156 1535 4229 ei
1555 4169 1657 4228 tanto
1679 4150 1832 4255 amplius

243 4269 383 4366 placere
407 4269 605 4363 studemus,
628 4287 765 4370 quanto
782 4272 934 4375 amplius
951 4275 985 4348 ei
1006 4274 1223 4374 placendum
1248 4299 1325 4349 esse
1350 4270 1653 4372 recognoscimus.
1679 4274 1731 4345 Ex
1754 4286 1834 4346 toto

242 4400 364 4460 summ
384 4389 495 4463 eorde
520 4414 583 4464 seu
599 4415 643 4465 en
668 4406 744 4466 tote
763 4396 884 4468 anima
899 4393 938 4467 id
955 4395 1106 4493 agimus,
1134 4393 1283 4493 quando
1304 4395 1354 4467 sic
1376 4392 1424 4466 ad
1445 4417 1528 4468 eum
1545 4397 1687 4493 penitus
1705 4406 1835 4465 nostre

243 4503 444 4580 dilectionis
468 4508 705 4584 intentionem
725 4511 925 4609 dirigimus,
950 4527 991 4587 ut
1015 4538 1090 4587 non
1116 4527 1191 4587 tam
1208 4511 1296 4612 quid
1319 4513 1424 4586 nobis
1442 4512 1527 4586 utile
1551 4514 1598 4585 sit
1619 4536 1731 4611 quam
1746 4509 1834 4609 quid

243 4625 281 4697 ei
295 4624 467 4724 placitum
488 4628 534 4701 sit
553 4629 791 4704 attendamus.
810 4631 976 4730 Alioquin
993 4657 1061 4706 nos
1080 4634 1328 4733 potiusquam
1344 4632 1462 4731 ipsum
1482 4631 1682 4706 dilectionis
1705 4640 1833 4703 nostrae

244 4741 368 4838 finem,
386 4744 425 4818 id
441 4757 495 4818 est
510 4744 654 4821 finalem
670 4764 707 4821 et
724 4773 930 4848 supremam
942 4752 1209 4826 institueremus
1224 4774 1380 4824 causam.
1400 4748 1552 4823 Dilectio
1568 4772 1656 4824 vero
1673 4746 1740 4821 Dei
1751 4767 1834 4842 erge

245 4886 313 4936 nos
327 4880 381 4938 est
401 4865 479 4964 ipsa
496 4864 625 4939 divinae
641 4867 760 4964 gratie
775 4866 822 4941 de
837 4865 951 4942 salute
966 4882 1089 4942 nostra
1109 4867 1313 4969 dispositio.
1335 4869 1544 4941 Proximum
1560 4892 1647 4943 vero
1664 4882 1835 4964 tanquam

280 5135 364 5201 ¹lare,
373 5153 428 5203 esp.
441 5153 474 5203 n,
486 5155 508 5193 r.
519 5143 559 5193 ts.
572 5167 599 5181 -
609 5143 618 5174 ¹
628 5142 689 5205 lieo.
703 5140 731 5203 ΙΙ,
744 5154 798 5206 erp.
813 5156 848 5207 rr,
863 5156 886 5195 r.
895 5145 922 5207 t,
937 5146 963 5195 tt
972 5150 999 5194 et
1011 5154 1049 5207 sq,
1060 5142 1190 5195 -⁸tosn.
1204 5143 1225 5208 l,
1238 5157 1292 5208 cap.
1304 5156 1339 5207 rr,
1353 5156 1379 5194 r.
1395 5144 1435 5196 ιι).
1449 5141 1497 5217 -j
1504 5139 1601 5193 Proles.
1614 5153 1639 5205 x,
1651 5155 1674 5193 r.
1687 5144 1712 5194 t.
