4559 6100
629 544 823 619 ΕΡΙΤΟΜΕ
848 544 1119 618 meotoatAE
1144 546 1433 622 CHlilSTlANAE.
1762 550 1833 621 att

239 697 400 786 accipiunt
418 718 426 759 t
445 695 501 783 qui
516 710 624 761 autem
638 694 723 777 ficte,
740 710 866 761 tantum
877 713 1123 762 sacramentum.
1141 697 1238 764 Unde
1254 700 1280 763 si
1295 699 1492 789 resipiscant,
1512 698 1585 786 quia
1600 714 1833 765 sacramentum

239 794 409 883 recipiunt,
434 815 494 858 nec
521 809 631 883 postea
656 793 871 883 baptizantur.
897 795 946 859 De
971 794 1087 882 quibus
1112 812 1222 860 tamen
1243 796 1438 888 Augustinus
1462 794 1625 883 quandam
1648 796 1834 886 opinionem

238 892 343 981 ponit,
366 891 524 979 quianon
542 888 670 955 videtur
690 907 939 956 consentaneum
957 915 1040 970 esse,
1058 891 1148 981 quod
1164 892 1297 982 Spiritus
1309 908 1436 958 sanctus
1457 889 1632 957 efficaciam
1654 915 1744 958 suam
1767 917 1833 958 non

240 987 358 1053 debeat
380 1010 505 1078 semper
528 987 664 1071 habere,
689 1005 723 1054 et
745 987 820 1055 ideo
842 989 931 1068 dicit,
949 989 1038 1078 quod
1060 991 1086 1055 si
1102 990 1158 1055 liat
1173 991 1218 1054 eis
1238 1005 1443 1080 peccatorum
1467 988 1630 1070 remissio,
1659 988 1703 1054 ad
1722 992 1836 1056 horam

240 1087 368 1164 transit,
386 1101 419 1149 et
434 1086 496 1149 hoc
511 1101 570 1167 est,
587 1084 678 1174 quod
700 1086 767 1176 ipse
784 1085 860 1151 dicit
875 1109 883 1152 z
902 1086 978 1151 Non
994 1087 1168 1177 impeditur
1184 1085 1281 1152 etiam
1296 1087 1438 1151 fraterno
1455 1085 1532 1151 odio
1548 1086 1649 1176 gratia
1665 1085 1835 1176 baptismi;

240 1187 371 1252 solvitur
386 1186 473 1252 enim
484 1187 649 1253 hesternus
664 1186 742 1266 dies,
760 1204 793 1254 et
808 1204 926 1254 cetera.
943 1189 1022 1253 Haec
1037 1188 1160 1254 ablutio
1176 1186 1349 1278 significata
1366 1188 1458 1254 estin
1473 1186 1639 1253 Ezechiele
1654 1189 1811 1278 propheta
1826 1213 1834 1254 ε

241 1283 378 1348 Lavatur
394 1306 496 1371 aqua,
513 1284 642 1373 ungitur
658 1284 749 1367 oleo,
766 1286 900 1352 vestitur
920 1284 1144 1366 discoloribus,
1164 1286 1228 1351 hoc
1249 1302 1296 1351 est
1316 1308 1324 1351 :
1343 1285 1449 1350 anima
1470 1282 1588 1366 fidelis,
1609 1307 1681 1374 quae
1696 1301 1734 1349 ut
1748 1287 1836 1376 regio

241 1379 390 1470 amplexu
412 1381 453 1446 sit
468 1379 581 1472 digna,
604 1383 778 1448 mundatur
801 1383 896 1449 sorde
916 1383 1057 1474 peccati.
1080 1384 1182 1475 gratia
1208 1384 1336 1474 ungitur
1357 1381 1432 1461 olei,
1457 1380 1491 1447 id
1513 1396 1578 1461 est,
1598 1379 1635 1447 fit
1655 1382 1837 1449 membrum

239 1475 366 1544 Christi.
385 1480 526 1544 Christus
545 1480 632 1544 enim
647 1482 815 1547 chrismate
836 1496 952 1546 unctus
968 1480 1096 1563 dicitur,
1117 1482 1249 1546 vestitur
1272 1479 1499 1560 discoloribus,
1522 1477 1652 1545 dirersis
1667 1480 1836 1546 virtutibus

241 1591 385 1641 ornatur.
401 1578 449 1642 De
460 1578 524 1642 hoc
539 1594 751 1660 sacramento,
764 1579 844 1644 sicut
861 1577 902 1644 de
917 1578 1000 1660 aliis,
1018 1577 1196 1645 ridendum
1213 1595 1273 1660 est,
1289 1578 1364 1667 quia
1381 1576 1460 1642 nihil
1475 1573 1591 1657 refert,
1611 1600 1629 1640 a
1645 1600 1836 1667 quocunque

241 1671 337 1737 detur
358 1675 515 1751 ministro,
538 1675 612 1765 quia
632 1676 776 1741 minister
791 1676 966 1755 ministrat,
990 1677 1132 1742 Christus
1150 1677 1317 1766 baptizat:
1337 1674 1498 1743 undehic
1520 1689 1584 1753 est,
1605 1675 1660 1763 qui
1681 1675 1833 1764 baptizat.

242 1767 444 1861 Quapropter
465 1773 529 1837 sive
550 1772 591 1837 ab
607 1773 763 1838 haereticis
783 1774 848 1838 sive
865 1796 884 1837 a
898 1772 987 1837 laicis
1004 1774 1070 1839 sive
1086 1774 1185 1839 etiam
1200 1796 1219 1837 a
1235 1772 1423 1839 mulieribus
1444 1771 1629 1837 necessitate
1649 1771 1836 1839 imminente

243 1863 355 1947 detur,
380 1891 542 1957 nunquam
565 1869 745 1935 reiteretur.
769 1871 817 1935 De
833 1869 938 1935 verbis
954 1869 1015 1935 illis
1037 1872 1138 1960 quaeri
1162 1871 1258 1952 solet,
1276 1872 1365 1956 cujus
1380 1870 1452 1942 sint,
1479 1892 1521 1934 an
1544 1868 1663 1934 scilicet
1684 1869 1776 1958 pueri
1794 1894 1834 1935 an

241 1965 370 2049 patrini.
396 1967 616 2056 Cujuscunque
637 1966 795 2055 siquidem
812 1968 876 2032 sint
898 1966 952 2031 illa
967 1967 1082 2048 rerba,
1105 1968 1233 2034 mentiri
1254 1984 1340 2034 cette
1357 1966 1496 2048 videtur,
1520 1967 1575 2056 qui
1595 1966 1778 2057 respondet.
1803 1968 1837 2032 Si

241 2062 327 2125 enim
343 2061 386 2127 de
401 2086 435 2128 se
451 2063 644 2153 respondeat
662 2087 670 2128 :
688 2064 772 2129 Volo
795 2063 967 2153 baptizari,
990 2066 1146 2131 mentitur
1162 2065 1311 2154 quidem,
1331 2065 1405 2154 quia
1427 2088 1494 2130 non
1515 2065 1549 2128 in
1572 2064 1764 2130 conscientia
1780 2088 1837 2130 sua

240 2157 334 2245 gestit
349 2159 431 2225 velle
446 2160 613 2248 baptizari.
632 2160 664 2224 Si
675 2161 754 2225 item
766 2160 807 2225 de
823 2183 924 2250 puero
940 2161 1037 2243 dicat,
1054 2186 1147 2228 neca
1164 2161 1333 2229 mendacio
1345 2162 1471 2250 penitus
1480 2162 1624 2227 excusari
1638 2176 1754 2250 potest.
1773 2161 1837 2227 Scit

242 2253 328 2318 enim
349 2256 460 2344 procul
482 2255 600 2338 dubio,
624 2258 728 2346 ipsum
747 2280 883 2348 puerum
905 2257 1036 2346 quidem
1052 2260 1137 2325 hanc
1154 2260 1352 2325 voluntatem
1376 2282 1443 2322 non
1464 2257 1596 2335 habere,
1620 2258 1738 2347 quippe
1762 2282 1836 2323 cum

241 2349 358 2416 nullius
374 2353 545 2419 voluntatis
561 2355 601 2419 sit
619 2378 764 2444 compos.
782 2353 879 2438 Quod
893 2356 969 2437 hoc,
987 2356 1130 2444 inquam,
1149 2355 1230 2421 nolit
1242 2379 1334 2445 puer,
1348 2355 1424 2421 inde
1441 2354 1533 2421 facile
1546 2370 1650 2444 potest
1665 2356 1834 2445 perpendi,

242 2445 330 2533 quod
345 2464 500 2537 qunmum
520 2466 625 2539 potest
647 2450 837 2517 recalcitrat.
862 2450 925 2517 Sed
950 2452 1096 2533 dicimus,
1122 2453 1211 2542 quod
1232 2454 1375 2543 patrinus
1397 2453 1432 2516 in
1453 2473 1591 2542 persona
1613 2452 1661 2514 sui
1681 2451 1833 2541 loquitur.

241 2545 321 2609 Cum
338 2562 446 2611 autem
467 2548 510 2612 ait
529 2571 537 2612 ε
554 2546 673 2629 Credo,
699 2547 761 2613 tale
786 2565 833 2613 est
848 2573 886 2614 ac
912 2550 939 2615 si
962 2549 1064 2631 dicat,
1086 2550 1183 2616 talem
1199 2549 1298 2617 fidem
1312 2550 1431 2633 habeo,
1449 2573 1508 2640 per
1529 2570 1626 2637 quam
1645 2548 1698 2615 hic
1723 2550 1836 2615 salvari

240 2658 358 2730 potest.
377 2645 459 2709 Cum
474 2643 618 2710 similiter
639 2644 811 2734 respondet
830 2669 838 2711 :
861 2646 945 2711 Volo
962 2647 1133 2737 baptizari,
1156 2671 1266 2713 sensus
1280 2665 1346 2729 est,
1363 2647 1456 2727 volo,
1474 2663 1511 2711 ut
1531 2648 1589 2711 iste
1608 2645 1786 2735 baptiretur
1802 2649 1836 2712 in

241 2737 305 2804 fide
321 2762 405 2805 mea.
425 2741 597 2807 Servantur
611 2759 720 2807 tamen
736 2742 833 2807 rerba
850 2743 940 2832 pueri
960 2743 1077 2834 ipsius,
1095 2760 1131 2808 ut
1146 2767 1187 2810 ex
1205 2744 1371 2810 identitate
1386 2745 1560 2809 verborum
1580 2744 1673 2832 pueri
1687 2742 1838 2813 identitas

241 2837 358 2925 patrini
375 2837 417 2903 ad
430 2862 567 2927 puerum
583 2856 724 2905 notetur.
744 2840 791 2904 De
804 2839 867 2904 hac
883 2838 986 2904 forma
1002 2840 1169 2906 sciendum
1184 2858 1243 2923 est,
1261 2842 1351 2931 quod
1366 2840 1486 2931 ubique
1502 2838 1659 2906 servanda
1676 2855 1735 2905 est.
1753 2842 1838 2911 Dicit

240 2952 348 2999 tamen
363 2935 477 3002 beatus
494 2937 699 3020 Ambrosius,
717 2937 750 3001 in
768 2937 899 3002 nomine
915 2937 1029 3002 Christi
1041 2937 1195 3027 baptizari
1209 2962 1318 3028 posse,
1335 2938 1410 3028 quia
1422 2937 1468 3003 ibi
1483 2938 1622 3003 Trinitas
1638 2935 1836 3028 intelligitur.

238 3033 280 3095 ln
297 3033 427 3099 nomine
444 3034 564 3111 Patris,
581 3051 613 3100 et
628 3034 712 3116 Filii,
731 3051 764 3100 et
780 3034 915 3124 Spiritus
931 3035 1048 3115 sancti,
1065 3033 1100 3100 id
1114 3050 1174 3117 est,
1194 3035 1396 3102 invocatione
1412 3034 1507 3116 illius,
1528 3035 1581 3100 cui
1598 3033 1676 3099 nihil
1692 3035 1838 3103 resistere

240 3145 358 3218 potest,
376 3131 431 3219 qui
448 3132 557 3196 omnia
573 3132 731 3221 sapienter
747 3133 824 3222 agit,
842 3132 896 3221 qui
913 3130 954 3198 de
972 3131 1122 3199 omnibus
1137 3130 1255 3197 eodem
1273 3132 1372 3199 modo
1392 3133 1560 3222 provenire
1582 3132 1669 3212 facit,
1686 3156 1751 3221 quo
1768 3157 1838 3199 me·

241 3226 302 3289 lius
318 3225 515 3317 indepotest
528 3229 665 3294 evenire.

287 3322 363 3387 Post
378 3324 442 3388 boc
453 3342 685 3390 sacramentum
700 3327 842 3415 sequitur
853 3326 960 3411 aliud;
977 3328 1066 3417 quod
1077 3329 1209 3417 quidem
1219 3330 1321 3414 majus
1337 3344 1384 3393 est
1395 3342 1551 3416 quantum
1564 3324 1606 3391 ad
1619 3325 1837 3392 ministrorum

244 3421 451 3509 dignitatem3
473 3424 537 3488 hoc
556 3425 644 3488 enim
660 3448 679 3489 a
697 3425 829 3490 summis
845 3425 1050 3515 pontificibus
1067 3426 1216 3507 traditur,
1240 3426 1320 3491 sicut
1337 3449 1355 3489 a
1375 3424 1449 3491 solis
1460 3423 1621 3514 Apostolis
1637 3420 1834 3489 tradebatur.

244 3518 334 3582 Prius
355 3535 403 3584 est
422 3522 544 3601 unctio,
562 3537 673 3610 postea
695 3522 837 3611 sequitur
852 3520 1072 3589 Confirmatio.
1098 3524 1150 3587 lbi
1165 3538 1332 3613 peccatum
1355 3522 1536 3604 dimittitur,
1553 3520 1606 3585 hic
1623 3519 1733 3610 gratiae
1750 3518 1837 3590 dona

243 3613 372 3682 dantur.
385 3616 470 3682 Nam
482 3617 535 3683 hic
550 3617 605 3682 illa
617 3620 717 3709 gratia
734 3619 846 3709 procul
861 3619 963 3685 dubio
980 3620 1086 3700 datur,
1105 3644 1168 3709 qua
1179 3635 1292 3708 contra
1308 3617 1433 3710 singula
1442 3618 1533 3698 vitia,
1545 3618 1604 3683 etsi
1615 3639 1682 3682 non
1698 3638 1834 3706 semper,

243 3712 436 3804 quandoque
461 3729 568 3780 tamen
591 3732 762 3805 pugnatur.
784 3717 839 3782 Est
855 3731 963 3782 autem
979 3718 1079 3807 gratia
1095 3716 1151 3783 illa
1173 3717 1263 3805 quasi
1278 3732 1438 3783 armatura
1458 3714 1619 3804 quaedam,
1641 3736 1704 3802 qua
1724 3715 1758 3777 in
1774 3714 1838 3779 hoc

243 3809 370 3875 deserto
383 3828 455 3901 post
471 3812 639 3877 transitum
651 3813 801 3904 baptismi
818 3829 930 3878 contra
944 3814 1021 3880 vitia
1032 3836 1258 3906 repugnamus.
1277 3814 1365 3879 Sicut
1381 3813 1468 3879 euim
1479 3811 1650 3877 submersis
1665 3809 1835 3901 AEgyptiis,

244 3930 262 3968 a
280 3922 370 3997 tergo
395 3909 602 3997 sequentibus
625 3909 705 3976 lilios
725 3910 836 3994 Israel,
861 3910 914 3975 alii
932 3912 1038 3977 hostes
1060 3935 1119 4001 per
1136 3911 1297 3978 desertum
1314 3933 1369 3976 eos
1392 3924 1676 3999 oppugnaverunt,
1699 3908 1838 3977 siesub-

242 4026 347 4070 merso
364 4004 495 4071 diabolo
511 4006 545 4070 in
561 4005 764 4097 baptismate,
789 4009 843 4098 qui
859 4009 999 4098 primum
1019 4033 1078 4074 nos
1094 4008 1334 4096 insequebatur,
1352 4007 1454 4072 multa
1469 4006 1563 4071 nobis
1575 4029 1634 4095 per
1654 4005 1748 4090 hujus
1764 4005 1837 4069 vitae

243 4099 404 4168 desertum
423 4105 499 4168 vitia
519 4104 683 4186 resistunt,
705 4121 818 4170 contra
843 4129 915 4193 quae
941 4106 1042 4195 gratia
1062 4106 1096 4169 in
1111 4106 1175 4170 hoc
1196 4119 1397 4170 sacramento
1419 4103 1495 4169 data
1511 4103 1600 4192 quasi
1624 4117 1785 4170 armatura
1805 4119 1837 4167 et

242 4200 421 4266 munitione
437 4200 577 4290 quadam
593 4204 767 4267 munimur.
780 4203 938 4285 Quocirca
953 4201 1065 4292 procul
1083 4201 1184 4268 dubio
1198 4200 1366 4266 sciendum
1381 4217 1429 4267 est
1443 4201 1533 4290 quod
1546 4215 1767 4289 quantumque
1783 4200 1835 4262 in·

243 4294 357 4386 dignus
378 4300 417 4363 sit
433 4300 618 4390 episcopus,
635 4301 668 4364 in
685 4300 924 4366 consecratione
946 4316 1054 4365 tamen
1073 4300 1103 4364 ei
1117 4301 1188 4365 haec
1208 4298 1342 4364 facultas
1357 4296 1539 4380 exhibetur,
1558 4312 1595 4360 ut
1613 4320 1673 4387 per
1694 4297 1838 4361 ministe-

242 4394 327 4458 rium
339 4395 409 4460 haec
425 4398 526 4487 gratia
539 4396 644 4462 detur.
663 4398 751 4463 Sicut
766 4396 807 4463 de
822 4398 943 4487 Caipha
953 4398 1103 4477 habetur,
1121 4398 1197 4485 quia
1213 4419 1288 4461 cum
1305 4411 1386 4461 esset
1401 4394 1546 4484 pontifex
1563 4392 1750 4473 anniillius,
1769 4415 1836 4456 non

241 4513 387 4578 personat
403 4491 460 4557 sed
478 4492 625 4585 dignitati
642 4497 742 4585 gratia
758 4495 972 4585 prophetandi
992 4493 1067 4559 data
1088 4509 1148 4559 est.
1169 4496 1250 4559 Cum
1267 4493 1354 4558 enim
1369 4493 1404 4557 in
1420 4514 1453 4557 se
1471 4490 1585 4582 dignus
1601 4514 1668 4556 non
1684 4506 1777 4569 esset,
1795 4511 1834 4554 ex

242 4585 350 4653 officio
365 4604 473 4674 tamen
489 4592 705 4682 prophetarit,
724 4606 756 4656 et
771 4591 888 4682 Spiritu
903 4608 1013 4658 sancto
1025 4590 1106 4658 dixit
1120 4588 1279 4679 :Expedit
1293 4588 1397 4669 vobis,
1417 4604 1453 4654 ut
1468 4610 1563 4668 unus,
1581 4603 1614 4653 et
1627 4602 1744 4660 cetera.
