4559 6100
465 442 537 514 tta
1072 429 1199 503 PETRI
1224 429 1456 507 ABAELARDI

465 600 613 659 astutus.
638 583 712 656 Nec
733 578 853 655 solum
873 579 920 654 ad
936 603 993 653 res
1013 582 1128 680 ipsas,
1154 604 1280 654 verum
1307 583 1415 657 etiam
1440 581 1486 657 ad
1510 606 1553 656 ea
1579 607 1658 682 quae
1679 581 1726 655 de
1747 582 1854 656 rebus
1875 584 2070 677 dicuntur,

465 704 537 778 hoc
558 719 612 778 est
633 702 679 775 ad
700 703 777 802 ipsa
796 701 1088 801 propositionum
1108 698 1223 794 dicta,
1242 701 1294 774 sic
1309 725 1573 802 nonnunquam
1596 702 1685 776 boni
1700 702 1917 780 vocabulum
1937 705 2070 804 appli-

336 878 338 882 -
465 849 604 915 camus,
628 838 668 895 ut
684 824 792 896 etiam
809 821 985 910 dicamus,
1008 821 1093 917 quia
1112 819 1253 893 bonum
1274 837 1327 894 θεῖ
1348 821 1484 896 malum
1508 847 1597 915 esse,
1622 822 1785 920 quernus
1802 824 1952 897 minime
1965 829 2068 895 oon·

465 943 635 1018 cedamus
660 941 800 1015 bonum
820 943 956 1013 malum
972 963 1059 1012 esse.
1087 939 1191 1012 aliud
1208 941 1343 1040 quippe
1358 957 1413 1015 θεῖ
1428 941 1548 1026 dicere
1564 940 1701 1014 malum
1719 956 1773 1014 est
1786 940 1941 1033 bonum,
1959 943 2066 1041 quod

466 1063 618 1136 omnino
642 1061 770 1135 falsum
788 1072 857 1151 est,
878 1058 976 1132 aliud
991 1058 1111 1133 dicere
1131 1059 1268 1132 malum
1288 1085 1366 1133 esse
1390 1060 1529 1134 bonum
1546 1074 1612 1153 est,
1632 1060 1733 1158 quod
1754 1061 1902 1133 minime
1924 1085 2064 1158 negan-

465 1183 553 1255 dum
571 1195 636 1255 θεῖ.
653 1182 749 1271 Quid
766 1182 886 1279 itaque
901 1180 1078 1252 mirumsi
1095 1194 1131 1251 at
1147 1204 1216 1252 nos
1232 1181 1325 1253 sicut
1340 1195 1376 1253 et
1391 1180 1441 1255 illi
1457 1181 1591 1254 borum
1606 1177 1902 1277 significationem
1917 1205 1997 1278 quae
2010 1182 2064 1254 ita

466 1306 671 1376 inconstans
696 1317 765 1394 est,
789 1299 939 1373 definire
959 1323 1034 1371 non
1051 1298 1297 1373 sufficiamus?
1318 1305 1504 1389 Quantum
1520 1316 1642 1374 tamen
1662 1298 1751 1371 mibi
1766 1323 1866 1373 nunc
1889 1302 2061 1391 occurrit,

465 1421 840 1520 bonumsimplieiter,
853 1419 892 1494 id
906 1433 961 1492 est
976 1419 1112 1492 bonam
1129 1444 1206 1492 rem
1223 1418 1293 1493 dici
1310 1420 1478 1515 arbitror,
1493 1445 1573 1520 quae
1583 1441 1666 1493 cum
1683 1418 1791 1491 alicui
1807 1420 1887 1491 mai
1903 1421 1949 1491 sit
1960 1435 2060 1519 apta,

465 1541 596 1613 nullius
622 1540 859 1613 commodum
883 1539 940 1611 rel
968 1537 1177 1637 dignitatem
1201 1563 1269 1637 per
1293 1563 1373 1612 earn
1398 1540 1565 1639 impediri
1586 1563 1732 1612 necesse
1758 1552 1830 1629 est,
1850 1536 2063 1613 indillerens

463 1685 564 1750 vero,
577 1659 614 1732 id
630 1675 683 1732 est
699 1684 776 1732 rem
790 1683 869 1756 quae
883 1682 1003 1754 neque
1018 1657 1118 1730 bona
1136 1672 1202 1748 est,
1219 1681 1338 1755 neque
1353 1661 1460 1754 mala,
1472 1659 1570 1733 illam
1586 1658 1756 1748 arbitror,
1774 1683 1840 1756 per
1853 1658 1954 1755 cujus
1969 1661 2061 1731 exis—

465 1778 614 1852 tentiam
630 1802 698 1850 nec
715 1777 788 1851 ulla
803 1777 903 1851 bona
916 1778 1061 1870 deferri,
1080 1802 1149 1850 nec
1164 1777 1332 1876 impediri
1353 1800 1498 1851 necesse
1514 1793 1584 1871 est,
1608 1779 1700 1851 sicut
1715 1792 1769 1850 est
1783 1777 1929 1850 fortuita
1947 1780 2062 1850 motio

466 1898 578 1994 digiti,
594 1899 650 1970 vel
662 1922 884 1995 quaeeunque
895 1900 1054 1971 actiones
1066 1896 1286 1994 hujusmodi.
1300 1901 1380 1970 Non
1395 1900 1491 1972 enim
1507 1899 1679 1991 actiones,
1689 1897 1747 1970 vel
1758 1896 1865 1970 bonae
1873 1897 1931 1971 rel
1944 1897 2059 1990 malae,

467 2018 534 2089 nisi
548 2016 747 2089 seeundum
756 2017 965 2090 intentionis
978 2016 1136 2089 radicem
1147 2016 1369 2113 judicantur,
1386 2018 1450 2090 sed
1464 2042 1591 2090 omnes
1602 2042 1645 2090 ex
1658 2040 1696 2089 se
1710 2013 1950 2088 indifferentes
1961 2031 2059 2107 sunt,

466 2149 501 2207 et
512 2136 542 2207 si
553 2134 740 2231 diligenter
752 2136 996 2234 inspiciamus,
1008 2136 1103 2208 nibil
1110 2135 1342 2208 ademeriturn
1356 2137 1557 2229 conferunt,
1570 2149 1649 2234 quae
1661 2153 1889 2234 nequaquam
1900 2160 1941 2208 ex
1955 2134 2064 2208 sebo-

467 2280 520 2326 nae
534 2270 617 2326 sunt
626 2270 689 2328 aut
700 2254 814 2349 malae,
826 2280 910 2327 curn
919 2259 1004 2354 ipsae
1012 2253 1179 2327 videlicet
1192 2269 1265 2326 tam
1277 2255 1442 2355 reprobis
1454 2281 1564 2354 quam
1576 2257 1696 2329 electis
1710 2279 1813 2353 arque
1827 2255 2059 2327 conveniant.

517 2377 654 2446 Pumos.
675 2373 740 2446 llic
762 2372 949 2472 paululum
974 2371 1081 2445 nobis
1105 2371 1276 2446 standum
1296 2374 1451 2448 arbitror
1471 2390 1580 2474 atque
1603 2374 1894 2465 immorandum,
1919 2376 1947 2446 si
1971 2374 2062 2448 forte

466 2516 544 2587 quae
562 2492 679 2564 dixisti
697 2515 764 2590 pro
780 2490 1053 2564 delinitionibus
1070 2506 1164 2564 stare
1181 2494 1335 2592 possint.

516 2610 1028 2684 Cnmsruuus.l)isticillimum
1037 2613 1206 2708 equidem
1213 2628 1267 2685 est
1276 2615 1559 2715 omniapropriis
1570 2613 1841 2687 delinitionibus
1852 2613 1902 2685 sic
1911 2613 2064 2684 circum·

466 2727 636 2820 scribere,
651 2743 691 2801 ut
701 2729 748 2801 ab
764 2731 934 2805 omnibus
949 2733 1026 2805 aliis
1037 2755 1080 2805 ea
1090 2734 1248 2831 separari
1264 2749 1410 2831 queant,
1424 2734 1579 2807 maxime
1591 2757 1702 2825 nunc,
1716 2758 1802 2805 mou
1817 2732 1922 2805 nobis
1936 2731 1984 2805 ad
1995 2731 2063 2805 de·

468 2848 648 2920 finitiones
667 2848 920 2945 excogitandas
934 2876 1036 2925 mora
1052 2854 1224 2951 temporis
1241 2877 1316 2925 non
1333 2853 1566 2926 concedatur.
1586 2854 1759 2952 Pleraque
1775 2852 1959 2925 nominum
1975 2854 2062 2947 qui·

467 2967 535 3041 bus
556 2967 664 3040 rebus
681 2969 919 3063 conveniant,
944 2996 988 3051 ex
1003 2972 1153 3044 rationis
1169 2996 1236 3043 usu
1253 2970 1455 3045 didicimus.
1475 2977 1563 3062 Quae
1579 2997 1666 3045 vero
1682 2973 1728 3045 sit
1743 2971 1916 3045 sententia
1933 2992 2063 3042 eorum
2121 2993 2125 2998 ·

468 3087 523 3160 vel
550 3087 783 3186 intelligentia
807 3090 955 3163 minime
980 3092 1159 3188 assignare
1183 3090 1392 3164 sufficimus.
1419 3092 1531 3166 Multa
1554 3094 1661 3166 etiam
1677 3093 1888 3191 reperimus,
1906 3112 2062 3187 quorum

467 3231 534 3280 neo
557 3207 862 3300 nominationem,
885 3210 978 3282 sicut
1000 3212 1194 3284 sententias
1214 3209 1425 3285 definitione
1442 3235 1633 3311 possumus
1649 3213 1854 3285 terminare.
1874 3208 1949 3282 Etsi
1967 3210 2063 3281 enim

466 3350 587 3398 rerum
604 3341 750 3400 naturas
766 3351 843 3399 non
859 3328 1080 3424 ignoremus,
1098 3346 1361 3405 cerumtamen
1376 3330 1554 3404 vocabula
1571 3331 1608 3404 in
1625 3356 1692 3405 usu
1711 3355 1786 3403 non
1800 3344 1898 3420 sunt,
1920 3344 1957 3402 et
1971 3352 2063 3426 saepe

467 3446 644 3542 promtior
661 3460 713 3517 est
730 3469 831 3518 mens
843 3445 890 3518 ad
904 3446 1189 3544 intelligendum,
1208 3473 1319 3546 quam
1332 3449 1451 3547 lingua
1469 3451 1515 3522 sit
1529 3450 1575 3522 ad
1594 3449 1862 3547 proferendum,
1883 3447 1940 3520 vel
1957 3447 2005 3519 ad
2021 3470 2064 3519 ea

467 3588 545 3659 quse
569 3565 742 3636 sentimus
763 3563 1025 3638 disserendum.
1051 3571 1143 3639 Eece
1160 3590 1287 3639 omnes
1307 3591 1351 3640 ex
1377 3593 1444 3641 usu
1458 3569 1658 3666 quotidiani
1673 3569 1849 3641 sermonis
1874 3565 2064 3663 cognosci-

467 3706 563 3772 mus,
585 3707 740 3778 quaeres
765 3684 992 3782 appellentur
1005 3685 1154 3784 lapides.
1175 3689 1263 3774 Quae
1282 3701 1401 3760 tamen
1424 3688 1496 3761 siut
1512 3687 1640 3786 lapidis
1655 3689 1810 3788 propriae
1833 3686 2061 3773 differentia,

467 3813 528 3869 aut
542 3823 621 3894 quae
637 3802 682 3872 sit
704 3801 810 3897 hujus
826 3803 958 3902 speciei
973 3806 1172 3904 proprietas
1194 3804 1297 3879 nullo
1314 3805 1446 3897 adhuc,
1465 3806 1590 3900 oredo,
1606 3807 1787 3880 valemus¹
1803 3807 1983 3902 assignate
1999 3828 2063 3875 vo·

467 3916 617 4007 cabulo,
643 3916 717 4013 quo
744 3918 873 4019 lapidis
898 3923 1018 4021 aliqua
1040 3925 1221 3999 distinctio
1243 3951 1307 4000 seu
1327 3925 1519 4025 descriptio
1540 3927 1663 4025 perfici
1686 3929 1812 4026 possit.
1841 3929 1914 3998 Nec
1938 3924 1976 3996 id
1999 3922 2064 3994 tibi

470 4035 631 4108 mirabile
653 4034 766 4108 rideri
787 4037 915 4126 debet,
940 4042 969 4112 si
987 4065 1045 4115 me
1061 4043 1098 4114 in
1116 4045 1173 4117 his
1187 4044 1341 4119 delicere
1356 4046 1498 4138 videas,
1515 4045 1560 4119 ad
1578 4070 1656 4144 quae
1671 4067 1900 4144 nequaquam
1917 4067 2064 4140 magnos

468 4155 546 4228 illos
569 4156 666 4229 viros
683 4155 862 4250 doctores,
883 4182 975 4255 quos
988 4161 1126 4258 jactatis
1140 4165 1392 4264 philosophos,
1419 4164 1598 4238 suffecisse
1608 4167 1879 4263 cognoscimus.
1906 4168 1994 4252 Quae
2009 4177 2063 4235 ta·

467 4301 549 4349 men
566 4291 693 4375 potero
709 4276 755 4351 ad
767 4276 1008 4376 objectionem
1023 4298 1166 4357 marum
1182 4285 1454 4381 inquisitionum
1470 4284 1516 4358 de
1531 4285 1599 4373 his,
1615 4310 1694 4383 quae
1706 4286 1872 4385 praemisi,
1886 4282 2060 4357 conabor.

517 4401 655 4470 Prunos.
686 4402 730 4471 Et
753 4400 894 4474 ratione
916 4402 1001 4474 satis
1024 4417 1061 4476 et
1080 4401 1310 4503 probatione,
1334 4428 1415 4502 quae
1436 4430 1535 4477 nunc
1555 4405 1658 4498 dieis,
1676 4404 1843 4477 videntur
1863 4400 2061 4477 abundare.

471 4513 541 4585 Sed
558 4538 694 4608 revera,
713 4542 793 4614 quse
807 4518 978 4592 dicuntur
992 4522 1062 4595 nisi
1075 4521 1317 4620 intelligantur
1333 4522 1462 4597 frustra
1478 4525 1724 4623 proferuntur,
1740 4548 1810 4597 nec
1826 4520 1959 4597 dooere
1975 4520 2064 4594 alios

468 4648 635 4728 possunt,
662 4633 730 4706 nisi
755 4634 880 4708 disseri
896 4654 1042 4735 queant.
1061 4645 1165 4714 Nunc
1181 4642 1212 4714 si
1233 4639 1362 4741 placet,
1383 4643 1497 4719 immo
1512 4645 1598 4742 quia
1613 4658 1650 4716 et
1671 4646 1722 4717 sic
1740 4643 1969 4735 consensisti,
1988 4642 2063 4739 ipsa

468 4774 547 4845 quae
572 4753 691 4827 dixisti
726 4753 989 4853 aliquantulum
1016 4759 1185 4858 expedire
1209 4776 1245 4835 te
1271 4760 1369 4837 volo.
1413 4765 1535 4851 Quare
1560 4787 1661 4861 ergo,
1683 4750 1850 4861 inquam,
1874 4786 1957 4836 cum
1984 4782 2063 4832 rem

502 5039 506 5066 ¹
524 5036 675 5103 Rhelnwatd,
691 5042 764 5094 netto
772 5044 856 5097 adhue
867 5046 941 5098 erede
953 5043 1087 5098 muamus
1098 5047 1178 5112 asna.
1189 5046 1323 5100 somma.
