4559 6100
440 513 511 583 310
1042 504 1171 577 Pfftttt
1197 506 1432 579 sumntum

439 664 538 735 dono
557 662 622 734 Dei
634 660 737 760 quasi
758 659 803 731 de
815 669 933 730 vestro
948 651 1096 755 proprio
1116 655 1330 752 gloriemini,
1351 639 1451 753 quod
1469 655 1769 753 essetsapientem
1783 675 1859 725 esse
1878 651 1948 725 sibi
1965 678 2024 751 po·

438 784 508 854 tius
525 806 632 880 quarn
650 785 741 870 Deo,
753 776 791 850 id
808 789 862 850 est
878 776 925 848 ad
938 774 1087 872 gloriam
1098 775 1167 864 sui,
1181 798 1255 846 non
1269 773 1387 846 dantis
1400 775 1610 872 sapientiam
1621 787 1725 846 suam
1737 770 2026 845 accommodare.

440 901 569 972 Haimo
588 928 595 970 :
621 930 638 965 c
650 897 857 996 Mysterium'
872 909 906 965 et
924 917 980 965 res
995 891 1154 984 occulta,
1173 906 1209 964 et
1227 906 1403 964 secretum
1424 892 1572 990 aliquod
1587 893 1624 963 in
1642 916 1680 963 se
1695 891 1899 982 continens,
1918 914 2028 986 quare

437 1019 579 1091 Judaeos
606 1016 791 1115 quondam
825 1012 1040 1113 peculiarem
1069 1009 1246 1109 populum
1270 1011 1458 1108 abjecerit,
1487 1026 1523 1083 et
1543 1010 1702 1084 Gentiles
1730 1023 1935 1110 martores
1963 1034 2027 1109 per

438 1136 548 1211 fidem
573 1136 640 1210 sibi
664 1135 930 1232 copulaverit.»
1013 1155 1018 1162 ·
1573 1145 1578 1152 ·
2092 1173 2097 1183 -

490 1286 507 1326 a
530 1257 627 1328 Sicut
644 1255 816 1352 scriptum
830 1265 894 1325 est.
918 1278 935 1317 n
955 1251 1172 1346 Origenes¹t
1197 1277 1214 1316 α
1236 1254 1274 1321 ln
1291 1248 1394 1336 lsaia,
1413 1246 1510 1321 unde
1526 1250 1772 1323 testimonium
1791 1245 1884 1319 istud
1898 1247 2027 1320 Paulus

438 1376 642 1476 assumpsit,
658 1374 831 1472 scriptum
844 1384 897 1443 est
907 1373 939 1441 ἐ
958 1400 976 1436 r
989 1371 1115 1441 Veniet
1127 1383 1277 1467 propter
1293 1369 1393 1457 Sion,
1411 1368 1595 1466 »etquod
1612 1370 1660 1441 ait
1676 1368 1737 1440 hic
1752 1394 1760 1437 :
1777 1396 1795 1436 rr
1807 1369 1897 1438 Cum
1908 1364 2026 1436 abstu-

441 1526 457 1560 «
475 1495 551 1568 lero
569 1507 715 1593 peccata
731 1515 870 1578 eorum,
885 1520 902 1556 n
918 1488 967 1560 ibi
980 1489 1132 1561 omnino
1150 1488 1324 1586 scriptum
1337 1512 1411 1559 non
1426 1501 1490 1559 est.
1507 1488 1666 1588 Apostoli
1683 1502 1802 1560 tamen
1819 1486 2025 1557 auctoritate

438 1627 694 1711 presumptum
707 1625 771 1683 est.
787 1640 804 1676 r
821 1610 921 1699 Sion,
937 1607 972 1679 id
991 1622 1045 1680 est
1061 1607 1256 1678 Jerusalem
1271 1630 1338 1703 pro
1355 1605 1477 1680 Judaea
1489 1608 1604 1706 ponit,
1617 1620 1757 1706 partem
1773 1602 1936 1676 videlicet
1948 1629 2025 1700 quae

435 1746 544 1829 caput
556 1732 657 1827 regni
672 1745 737 1822 est,
758 1752 826 1826 pro
847 1741 924 1798 toto
944 1727 1038 1824 ipso.
1062 1728 1107 1796 Et
1123 1723 1196 1796 tale
1211 1739 1265 1796 est
1280 1724 1381 1821 quod
1396 1724 1497 1817 dicit,
1518 1754 1536 1794 r<
1548 1726 1666 1798 veniet
1686 1724 1733 1798 de
1751 1721 1887 1812 ludaea,
1907 1753 1925 1788 s
1945 1747 2026 1796 nas-

435 1848 552 1921 cendo
574 1849 707 1921 scilicet
727 1849 764 1918 in
787 1870 841 1931 ea,
870 1846 933 1942 qui
955 1843 1098 1916 ludaeos
1121 1842 1251 1933 salvet,
1276 1842 1331 1915 vel
1354 1844 1553 1916 secundum
1578 1843 1738 1941 Origenis
1763 1840 1889 1933 verba,
1907 1843 2023 1914 veniet

434 1983 583 2066 propter
597 1969 699 2055 Sion,
717 1965 754 2037 id
779 1978 831 2037 est
849 1963 1074 2053 salvandum,
1096 1963 1188 2034 sicut
1203 1961 1417 2036 determinat
1432 1961 1557 2036 dicens
1575 1990 1584 2035 ε
1606 1992 1623 2028 ι
1645 1962 1717 2050 Qui
1732 1961 1858 2058 eripiat
1879 1989 1897 2028 u
1920 1986 2020 2049 eam,

434 2099 470 2156 ct
486 2084 612 2157 liberet
629 2111 649 2156 a
665 2084 871 2183 captivitate
886 2080 1019 2153 diaboli
1038 2082 1112 2152 sive
1129 2080 1218 2177 jugo
1234 2082 1393 2179 peccati,
1413 2080 1513 2177 quod
1537 2082 1694 2156 animam
1716 2080 1871 2177 captivat
1889 2103 1911 2152 a
1930 2084 2019 2152 Deo.

435 2205 478 2275 Et
493 2203 565 2276 hoc
579 2204 696 2275 statim
713 2202 876 2300 aperiens
893 2200 1003 2272 dicit:
1026 2227 1044 2263 α
1065 2203 1109 2270 Et
1123 2212 1259 2270 avertat
1275 2200 1495 2297 impietatem
1511 2224 1533 2272 a
1549 2199 1672 2291 Jacob,
1697 2228 1714 2265 r
1730 2198 1768 2270 id
1784 2213 1872 2271 esta
1889 2200 2022 2298 populo

430 2322 648 2395 ludaeorum.
671 2315 863 2393 Possumus
881 2319 988 2391 etiam
1014 2318 1065 2390 sic
1087 2316 1320 2413 distinguere,
1341 2319 1468 2417 eripiat
1491 2319 1660 2392 sciliceta
1677 2331 1828 2416 peccato
1852 2343 1935 2390 cum
1951 2344 2023 2416 quo

431 2443 610 2515 nascimur
635 2438 811 2537 originali,
837 2439 893 2510 rel
918 2461 962 2509 eo
984 2435 1084 2532 quod
1106 2437 1184 2534 ipse
1209 2437 1248 2507 in
1265 2437 1316 2508 eis
1336 2436 1495 2528 invenit,
1520 2450 1557 2509 et
1579 2450 1715 2510 avertat
1738 2461 1760 2509 a
1781 2435 1928 2534 reliquis
1946 2462 2023 2535 quar

429 2561 655 2634 commissuri
674 2572 808 2647 essent,
828 2558 894 2628 nisi
918 2557 993 2654 ipse
1017 2554 1074 2626 illa
1096 2568 1284 2626 averteret.
1312 2554 1464 2628 attende
1486 2578 1570 2627 oum
1596 2554 1683 2628 dicit
1704 2578 1788 2628 euru
1806 2557 2022 2630 nasciturum

431 2680 465 2750 in
479 2679 614 2768 Judaea,
632 2678 686 2747 vel
704 2687 852 2774 propter
863 2675 947 2744 Sion
965 2686 1170 2761 venturum,
1187 2671 1382 2768 quamdam
1395 2674 1432 2744 in
1444 2671 1574 2746 ludaeis
1591 2672 1740 2770 gloriam
1755 2672 1943 2766 ascribere,
1951 2700 2022 2772 qua

429 2793 621 2893 superbam
639 2793 797 2890 gentium
812 2790 1081 2863 insultationem
1096 2792 1280 2886 reprimat.
1294 2818 1313 2858 u
1329 2794 1372 2861 Et
1385 2789 1457 2862 boc
1470 2814 1491 2863 a
1504 2817 1562 2864 me
1575 2790 1655 2863 illis.
1669 2820 1687 2860 rr
1707 2790 1775 2863 Ubi
1791 2814 1857 2862 nos
1871 2791 2022 2866 dicimus

430 2927 694 3004 testamentum,
719 2912 756 2982 in
779 2910 929 2983 Hebraeo
950 2907 1080 2981 dicitur
1100 2922 1260 3007 pactum,
1279 2907 1316 2980 id
1331 2922 1385 2981 est
1399 2907 1503 2982 firma
1527 2911 1727 3009 promissio.
1747 2940 1765 2976 a
1778 2909 1871 2981 Dicit
1892 2912 2022 2983 Domi-

428 3056 543 3104 nus.»
569 3035 658 3104 Nam
674 3045 805 3129 etqua
829 3042 1041 3102 testamento
1061 3025 1322 3101 confirmantur
1344 3029 1497 3101 maxime
1523 3028 1662 3104 stabilia
1685 3043 1796 3102 sunt:
1816 3030 2019 3129 promissio,

429 3153 596 3249 inquam,
620 3165 707 3222 tnnc
727 3148 922 3248 implenda.
947 3179 965 3215 a
979 3151 1070 3221 Cum
1092 3145 1288 3236 abstulero,
1305 3177 1323 3215 s
1342 3148 1381 3220 id
1402 3161 1456 3221 est
1483 3150 1654 3222 remisero
1673 3179 1691 3217 r
1707 3164 1853 3247 peecata
1880 3174 2018 3223 eorum.

431 3300 447 3337 «
462 3269 669 3343 Secundum
682 3267 925 3366 Evangelium.
934 3293 951 3335 n
964 3267 1023 3339 lsti
1035 3264 1110 3338 duo
1126 3266 1338 3338 nominativi
1353 3266 1507 3366 plurales
1516 3295 1534 3336 r
1543 3268 1691 3358 inimici,
1702 3298 1720 3335 s
1734 3281 1771 3341 et
1785 3297 1803 3334 r
1815 3269 1985 3341 carissimi
2000 3300 2016 3334 »

429 3389 526 3462 unde
552 3387 733 3489 pendeant
754 3386 954 3460 secundum
976 3386 1103 3457 seriem
1122 3384 1399 3457 constructionis
1425 3409 1500 3457 non
1525 3386 1609 3458 satis
1636 3401 1801 3486 apparet,
1826 3388 1893 3458 nisi
1915 3389 2019 3484 longe

428 3510 591 3607 superius
609 3507 657 3580 ad
676 3507 857 3605 pramissa
879 3505 1088 3589 reserantur,
1108 3500 1173 3573 ubi
1199 3502 1364 3579 videlicet
1390 3504 1528 3576 dictum
1552 3519 1604 3577 est
1620 3528 1663 3579 :c
1679 3509 1824 3594 Quanto
1848 3508 1960 3602 magis
1983 3506 2018 3577 bi
2133 3582 2139 3585 ,

428 3626 627 3699 secundum
644 3638 809 3696 naturam
826 3624 1028 3694 inserentur
1040 3644 1113 3692 suae
1128 3619 1244 3706 olirae,
1260 3650 1278 3687 r
1297 3622 1365 3719 ipsi
1381 3620 1545 3717 quidem,
1564 3624 1726 3720 inquam,
1745 3623 1898 3697 subaudi
1913 3626 2018 3699 etiarn

431 3773 449 3811 a
466 3744 612 3829 inimici,
634 3773 650 3807 s
668 3740 779 3812 modo
796 3738 994 3811 secuudum
1011 3739 1243 3833 Evangelium
1257 3753 1404 3837 propter
1419 3764 1497 3834 vos,
1516 3755 1586 3815 etc.
1606 3746 1650 3815 Et
1665 3741 1822 3815 toronis
1833 3742 1935 3839 juxta
1951 3747 2018 3815 He·

429 3864 557 3935 braicae
575 3860 702 3957 linguae
714 3857 1026 3950 consuetudinem,
1044 3856 1275 3929 nominativis
1294 3858 1372 3929 sine
1392 3859 1505 3932 verbo
1524 3859 1687 3935 absolute
1702 3884 1788 3933 usus
1800 3874 1853 3933 est
1869 3866 2017 3960 Aposto·

429 3981 507 4073 lus,¹
518 3981 610 4052 sicut
630 3978 681 4050 ibi
697 3977 867 4050 dicitur⁸t
890 3980 962 4047 «ln
979 3974 1224 4048 convertendo
1243 3975 1434 4065 Dominus,
1451 4006 1468 4044 s
1485 3991 1558 4061 etr
1570 3978 1744 4051 Dominus
1761 3979 1797 4051 in
1809 3981 1902 4051 ooelo
1916 3981 2017 4053 sedas

429 4101 517 4197 ejus.
544 4128 562 4165 s
592 4100 631 4169 ln
658 4094 814 4194 Epistola
838 4092 889 4164 ad
912 4092 1062 4165 Galatas
1080 4094 1158 4190 ipse
1179 4094 1308 4165 Paulus
1334 4093 1381 4166 de
1402 4095 1602 4194 perniciosa
1625 4094 1851 4173 simulatione
1873 4101 2015 4171 Petrum

429 4220 601 4316 arguens‘
622 4242 630 4286 ε
654 4246 670 4281 r
694 4215 730 4285 Si
747 4228 799 4303 tu,
820 4211 949 4309 inquit,
971 4235 1055 4282 cum
1071 4210 1214 4284 ludaeus
1229 4212 1277 4283 sis
1290 4210 1466 4308 gentiliter
1481 4214 1583 4302 viris,
1600 4228 1638 4287 et
1654 4238 1730 4289 non
1745 4213 1906 4304 iudaice,
1924 4240 2016 4313 quo·

428 4337 540 4411 modo
556 4341 688 4409 Gentes
703 4334 801 4431 cogis
814 4330 1051 4429 judaimrelr
1072 4333 1175 4402 ltem⁸
1194 4357 1203 4400 z
1228 4334 1336 4428 «Ego
1350 4346 1483 4423 autern,
1502 4332 1639 4422 fratres,
1659 4334 1690 4406 si
1705 4333 2015 4409 circumcisionem

428 4455 546 4530 adhuc
566 4455 735 4556 predico,
761 4448 850 4549 quid
868 4448 987 4521 adhuc
1004 4449 1290 4546 persecutionem
1304 4449 1443 4547 patior?
1455 4481 1474 4519 s
1488 4455 1539 4523 Ex
1555 4451 1687 4549 quibus
1703 4467 1853 4552 stiparet
1866 4453 2013 4527 Paulum

429 4578 581 4648 maxime
597 4589 632 4647 et
649 4588 798 4647 caeteros
813 4568 986 4641 libertatis
1000 4567 1216 4664 Evangelicae
1232 4569 1484 4666 predicatores
1498 4572 1671 4647 maximas
1688 4596 1711 4645 a
1729 4572 1858 4645 Judaeis
1874 4588 1910 4645 et
1929 4597 2014 4644 oon·

429 4694 539 4766 vorsis
556 4693 758 4764 inimicitius
771 4689 944 4760 sustinere
955 4692 1102 4785 propter
1113 4710 1225 4759 onera
1237 4685 1337 4782 legis,
1351 4711 1432 4785 quae
1443 4688 1621 4765 Gentibus
1631 4689 1806 4773 nolebant
1816 4692 2011 4790 imponere,

452 5005 464 5033 ⁴·
483 4998 645 5058 comm-‚tta
657 4994 729 5056 Vlltr
747 4991 1347 5060 ⁰rr·‚t·1lsr·6⁴⁰s·²1nt‚err.m,r.
1364 4997 1404 5048 ao.
1423 5021 1451 5035 -
1469 4993 1585 5047 meatu
1596 5009 1669 5065 cxxv,
1681 5011 1704 5049 r.
1725 4997 1861 5067 aarum
1873 5013 1900 5062 ι,
1912 5002 1971 5057 ιι
1984 5025 2013 5037 -

429 5087 543 5146 tortus,
555 5098 609 5149 cap.
625 5080 687 5146 tl,·r.
703 5086 739 5135 tt.
760 5083 809 5119 *ὓ
825 5072 921 5139 Galat,
935 5092 988 5142 cap.
1004 5091 1026 5137 r,
1040 5083 1116 5129 nit.
