<?xml version="1.0" encoding="UTF-8"?>
<!DOCTYPE html PUBLIC "-//W3C//DTD XHTML 1.0 Transitional//EN"
    "http://www.w3.org/TR/xhtml1/DTD/xhtml1-transitional.dtd">
<html xmlns="http://www.w3.org/1999/xhtml" xml:lang="en" lang="en">
 <head>
  <title>
</title>
<meta http-equiv="Content-Type" content="text/html;charset=utf-8" />
  <meta name='ocr-system' content='tesseract 3.04.00' />
  <meta name='ocr-capabilities' content='ocr_page ocr_carea ocr_par ocr_line ocrx_word'/>
</head>
<body>
  <div class='ocr_page' id='page_1' title='image "./petriablardiope00despgoog_0523.png"; bbox 0 0 4559 6100; ppageno 0'>
   <div class='ocr_carea' id='block_1_1' title="bbox 731 498 1797 576">
    <p class='ocr_par' dir='ltr' id='par_1_1' title="bbox 731 498 1797 576">
     <span class='ocr_line' id='line_1_1' title="bbox 731 498 1797 576; baseline 0 -5"><span class='ocrx_word' id='word_1_1' title='bbox 731 498 988 575; x_wconf 73' lang='lat' dir='ltr'><strong>ranuncula</strong></span> <span class='ocrx_word' id='word_1_2' title='bbox 1023 499 1300 576; x_wconf 79' lang='lat' dir='ltr'><strong>CHlllSTlANA.</strong></span> <span class='ocrx_word' id='word_1_3' title='bbox 1732 501 1797 573; x_wconf 78' lang='lat' dir='ltr'><strong>tat</strong></span> 
     </span>
    </p>
   </div>
   <div class='ocr_carea' id='block_1_2' title="bbox 202 648 1885 4966">
    <p class='ocr_par' dir='ltr' id='par_1_2' title="bbox 202 648 1885 4966">
     <span class='ocr_line' id='line_1_2' title="bbox 208 648 1806 748; baseline 0.002 -25"><span class='ocrx_word' id='word_1_4' title='bbox 208 651 426 748; x_wconf 83' lang='lat' dir='ltr'><strong>majestatem</strong></span> <span class='ocrx_word' id='word_1_5' title='bbox 444 651 594 723; x_wconf 90' lang='lat' dir='ltr'><strong>omuino</strong></span> <span class='ocrx_word' id='word_1_6' title='bbox 610 674 687 723; x_wconf 89' lang='lat' dir='ltr'><strong>esse</strong></span> <span class='ocrx_word' id='word_1_7' title='bbox 703 651 898 741; x_wconf 83' lang='lat' dir='ltr'><strong>exclusam,</strong></span> <span class='ocrx_word' id='word_1_8' title='bbox 916 676 983 724; x_wconf 93' lang='lat' dir='ltr'><strong>nec</strong></span> <span class='ocrx_word' id='word_1_9' title='bbox 1000 651 1074 724; x_wconf 93' lang='lat' dir='ltr'><strong>ullo</strong></span> <span class='ocrx_word' id='word_1_10' title='bbox 1092 652 1205 725; x_wconf 93' lang='lat' dir='ltr'><strong>modu</strong></span> <span class='ocrx_word' id='word_1_11' title='bbox 1222 650 1362 748; x_wconf 87' lang='lat' dir='ltr'><strong>regulas</strong></span> <span class='ocrx_word' id='word_1_12' title='bbox 1378 664 1439 724; x_wconf 89' lang='lat' dir='ltr'><strong>aut</strong></span> <span class='ocrx_word' id='word_1_13' title='bbox 1455 648 1664 726; x_wconf 83' lang='lat' dir='ltr'><strong>traditiones</strong></span> <span class='ocrx_word' id='word_1_14' title='bbox 1679 675 1806 726; x_wconf 89' lang='lat' dir='ltr'><strong>eornm</strong></span> 
     </span>
     <span class='ocr_line' id='line_1_3' title="bbox 209 769 1806 861; baseline 0.001 -18"><span class='ocrx_word' id='word_1_15' title='bbox 209 771 256 843; x_wconf 84' lang='lat' dir='ltr'><strong>ad</strong></span> <span class='ocrx_word' id='word_1_16' title='bbox 283 771 379 845; x_wconf 89' lang='lat' dir='ltr'><strong>illam</strong></span> <span class='ocrx_word' id='word_1_17' title='bbox 410 793 587 844; x_wconf 89' lang='lat' dir='ltr'><strong>summam</strong></span> <span class='ocrx_word' id='word_1_18' title='bbox 616 787 652 844; x_wconf 93' lang='lat' dir='ltr'><strong>et</strong></span> <span class='ocrx_word' id='word_1_19' title='bbox 674 771 892 845; x_wconf 88' lang='lat' dir='ltr'><strong>ineffabilem</strong></span> <span class='ocrx_word' id='word_1_20' title='bbox 907 806 909 811; x_wconf 53' lang='lat'>&gt;</span> <span class='ocrx_word' id='word_1_21' title='bbox 924 771 1150 845; x_wconf 80' lang='lat' dir='ltr'><strong>altitudinem</strong></span> <span class='ocrx_word' id='word_1_22' title='bbox 1177 770 1437 861; x_wconf 81' lang='lat' dir='ltr'><strong>conscendere3</strong></span> <span class='ocrx_word' id='word_1_23' title='bbox 1468 769 1531 842; x_wconf 89' lang='lat' dir='ltr'><strong>sed</strong></span> <span class='ocrx_word' id='word_1_24' title='bbox 1562 786 1806 847; x_wconf 89' lang='lat' dir='ltr'><strong>creaturarum</strong></span> 
     </span>
     <span class='ocr_line' id='line_1_4' title="bbox 211 891 1885 991; baseline 0.002 -29"><span class='ocrx_word' id='word_1_25' title='bbox 211 893 347 965; x_wconf 90' lang='lat' dir='ltr'><strong>naturis</strong></span> <span class='ocrx_word' id='word_1_26' title='bbox 366 892 413 965; x_wconf 89' lang='lat' dir='ltr'><strong>ad</strong></span> <span class='ocrx_word' id='word_1_27' title='bbox 430 891 685 991; x_wconf 89' lang='lat' dir='ltr'><strong>inquirendum</strong></span> <span class='ocrx_word' id='word_1_28' title='bbox 705 917 767 966; x_wconf 90' lang='lat' dir='ltr'><strong>eos</strong></span> <span class='ocrx_word' id='word_1_29' title='bbox 786 918 862 965; x_wconf 89' lang='lat' dir='ltr'><strong>esse</strong></span> <span class='ocrx_word' id='word_1_30' title='bbox 879 907 1070 967; x_wconf 90' lang='lat' dir='ltr'><strong>contentos</strong></span> <span class='ocrx_word' id='word_1_31' title='bbox 1086 893 1285 966; x_wconf 91' lang='lat' dir='ltr'><strong>secundum</strong></span> <span class='ocrx_word' id='word_1_32' title='bbox 1303 891 1402 989; x_wconf 92' lang='lat' dir='ltr'><strong>quod</strong></span> <span class='ocrx_word' id='word_1_33' title='bbox 1417 892 1590 991; x_wconf 90' lang='lat' dir='ltr'><strong>scriptum</strong></span> <span class='ocrx_word' id='word_1_34' title='bbox 1604 895 1670 964; x_wconf 86' lang='lat' dir='ltr'><strong>est¹</strong></span> <span class='ocrx_word' id='word_1_35' title='bbox 1690 921 1699 966; x_wconf 76' lang='lat' dir='ltr'><strong><em>z</em></strong></span> <span class='ocrx_word' id='word_1_36' title='bbox 1715 895 1808 982; x_wconf 85' lang='lat' dir='ltr'><strong>«Qui</strong></span> <span class='ocrx_word' id='word_1_37' title='bbox 1879 964 1885 970; x_wconf 85' lang='grc'><em>,</em></span> 
     </span>
     <span class='ocr_line' id='line_1_5' title="bbox 211 1009 1810 1111; baseline 0.003 -31"><span class='ocrx_word' id='word_1_38' title='bbox 211 1009 257 1082; x_wconf 90' lang='lat' dir='ltr'><strong>de</strong></span> <span class='ocrx_word' id='word_1_39' title='bbox 283 1025 374 1084; x_wconf 89' lang='lat' dir='ltr'><strong>terra</strong></span> <span class='ocrx_word' id='word_1_40' title='bbox 401 1027 475 1104; x_wconf 87' lang='lat' dir='ltr'><strong>est,</strong></span> <span class='ocrx_word' id='word_1_41' title='bbox 500 1013 546 1084; x_wconf 90' lang='lat' dir='ltr'><strong>de</strong></span> <span class='ocrx_word' id='word_1_42' title='bbox 571 1028 666 1086; x_wconf 91' lang='lat' dir='ltr'><strong>terra</strong></span> <span class='ocrx_word' id='word_1_43' title='bbox 685 1013 864 1111; x_wconf 81' lang='lat' dir='ltr'><strong>loquitur3</strong></span> <span class='ocrx_word' id='word_1_44' title='bbox 884 1042 902 1082; x_wconf 83' lang='lat' dir='ltr'><strong>u</strong></span> <span class='ocrx_word' id='word_1_45' title='bbox 921 1038 1012 1111; x_wconf 89' lang='lat' dir='ltr'><strong>quas</strong></span> <span class='ocrx_word' id='word_1_46' title='bbox 1039 1038 1105 1085; x_wconf 92' lang='lat' dir='ltr'><strong>nec</strong></span> <span class='ocrx_word' id='word_1_47' title='bbox 1128 1011 1247 1085; x_wconf 90' lang='lat' dir='ltr'><strong>adhuc</strong></span> <span class='ocrx_word' id='word_1_48' title='bbox 1271 1009 1580 1110; x_wconf 86' lang='lat' dir='ltr'><strong>comprehendere</strong></span> <span class='ocrx_word' id='word_1_49' title='bbox 1606 1034 1647 1084; x_wconf 84' lang='lat' dir='ltr'><strong>ac</strong></span> <span class='ocrx_word' id='word_1_50' title='bbox 1671 1015 1810 1085; x_wconf 91' lang='lat' dir='ltr'><strong>ratione</strong></span> 
     </span>
     <span class='ocr_line' id='line_1_6' title="bbox 211 1131 1812 1231; baseline 0.002 -29"><span class='ocrx_word' id='word_1_51' title='bbox 211 1131 389 1204; x_wconf 88' lang='lat' dir='ltr'><strong>discutere</strong></span> <span class='ocrx_word' id='word_1_52' title='bbox 406 1131 453 1205; x_wconf 87' lang='lat' dir='ltr'><strong>ad</strong></span> <span class='ocrx_word' id='word_1_53' title='bbox 469 1132 647 1231; x_wconf 89' lang='lat' dir='ltr'><strong>liquidum</strong></span> <span class='ocrx_word' id='word_1_54' title='bbox 664 1132 858 1206; x_wconf 77' lang='lat' dir='ltr'><strong>sufficiunt.</strong></span> <span class='ocrx_word' id='word_1_55' title='bbox 876 1133 985 1223; x_wconf 92' lang='lat' dir='ltr'><strong>Quod</strong></span> <span class='ocrx_word' id='word_1_56' title='bbox 1008 1158 1094 1206; x_wconf 91' lang='lat' dir='ltr'><strong>vero</strong></span> <span class='ocrx_word' id='word_1_57' title='bbox 1112 1134 1232 1206; x_wconf 93' lang='lat' dir='ltr'><strong>omnis</strong></span> <span class='ocrx_word' id='word_1_58' title='bbox 1248 1131 1440 1204; x_wconf 92' lang='lat' dir='ltr'><strong>hominum</strong></span> <span class='ocrx_word' id='word_1_59' title='bbox 1456 1131 1592 1204; x_wconf 91' lang='lat' dir='ltr'><strong>locutio</strong></span> <span class='ocrx_word' id='word_1_60' title='bbox 1609 1131 1656 1204; x_wconf 88' lang='lat' dir='ltr'><strong>ad</strong></span> <span class='ocrx_word' id='word_1_61' title='bbox 1672 1148 1812 1206; x_wconf 89' lang='lat' dir='ltr'><strong>creatu·</strong></span> 
     </span>
     <span class='ocr_line' id='line_1_7' title="bbox 212 1252 1808 1353; baseline 0.002 -31"><span class='ocrx_word' id='word_1_62' title='bbox 212 1275 332 1325; x_wconf 87' lang='lat' dir='ltr'><strong>rarum</strong></span> <span class='ocrx_word' id='word_1_63' title='bbox 352 1266 463 1324; x_wconf 89' lang='lat' dir='ltr'><strong>status</strong></span> <span class='ocrx_word' id='word_1_64' title='bbox 479 1253 634 1325; x_wconf 86' lang='lat' dir='ltr'><strong>maxime</strong></span> <span class='ocrx_word' id='word_1_65' title='bbox 654 1253 929 1337; x_wconf 84' lang='lat' dir='ltr'><strong>accommodata</strong></span> <span class='ocrx_word' id='word_1_66' title='bbox 945 1254 1007 1345; x_wconf 88' lang='lat' dir='ltr'><strong>sit;</strong></span> <span class='ocrx_word' id='word_1_67' title='bbox 1024 1278 1126 1326; x_wconf 85' lang='lat' dir='ltr'><strong>exea</strong></span> <span class='ocrx_word' id='word_1_68' title='bbox 1147 1254 1327 1353; x_wconf 70' lang='lat' dir='ltr'><strong>praecipua</strong></span> <span class='ocrx_word' id='word_1_69' title='bbox 1342 1266 1443 1351; x_wconf 92' lang='lat' dir='ltr'><strong>parte</strong></span> <span class='ocrx_word' id='word_1_70' title='bbox 1461 1252 1634 1325; x_wconf 90' lang='lat' dir='ltr'><strong>orationis</strong></span> <span class='ocrx_word' id='word_1_71' title='bbox 1648 1269 1808 1352; x_wconf 87' lang='lat' dir='ltr'><strong>apparet,</strong></span> 
     </span>
     <span class='ocr_line' id='line_1_8' title="bbox 213 1372 1812 1473; baseline 0.001 -29"><span class='ocrx_word' id='word_1_72' title='bbox 213 1373 289 1444; x_wconf 87' lang='lat' dir='ltr'><strong>sine</strong></span> <span class='ocrx_word' id='word_1_73' title='bbox 307 1396 392 1470; x_wconf 91' lang='lat' dir='ltr'><strong>qua,</strong></span> <span class='ocrx_word' id='word_1_74' title='bbox 415 1385 502 1445; x_wconf 89' lang='lat' dir='ltr'><strong>teste</strong></span> <span class='ocrx_word' id='word_1_75' title='bbox 520 1374 716 1464; x_wconf 87' lang='lat' dir='ltr'><strong>Prisciauo,</strong></span> <span class='ocrx_word' id='word_1_76' title='bbox 744 1372 843 1445; x_wconf 90' lang='lat' dir='ltr'><strong>nulla</strong></span> <span class='ocrx_word' id='word_1_77' title='bbox 869 1388 1009 1446; x_wconf 89' lang='lat' dir='ltr'><strong>constat</strong></span> <span class='ocrx_word' id='word_1_78' title='bbox 1036 1375 1209 1445; x_wconf 90' lang='lat' dir='ltr'><strong>orationis</strong></span> <span class='ocrx_word' id='word_1_79' title='bbox 1229 1372 1417 1473; x_wconf 89' lang='lat' dir='ltr'><strong>perfectio,</strong></span> <span class='ocrx_word' id='word_1_80' title='bbox 1443 1396 1487 1444; x_wconf 88' lang='lat' dir='ltr'><strong>ex</strong></span> <span class='ocrx_word' id='word_1_81' title='bbox 1509 1396 1550 1445; x_wconf 86' lang='lat' dir='ltr'><strong>ea</strong></span> <span class='ocrx_word' id='word_1_82' title='bbox 1577 1373 1710 1446; x_wconf 86' lang='lat' dir='ltr'><strong>scilicet</strong></span> <span class='ocrx_word' id='word_1_83' title='bbox 1732 1396 1812 1473; x_wconf 82' lang='lat' dir='ltr'><strong>quae</strong></span> 
     </span>
     <span class='ocr_line' id='line_1_9' title="bbox 213 1491 1813 1594; baseline 0.003 -31"><span class='ocrx_word' id='word_1_84' title='bbox 213 1491 344 1564; x_wconf 90' lang='lat' dir='ltr'><strong>dicitur</strong></span> <span class='ocrx_word' id='word_1_85' title='bbox 371 1492 533 1565; x_wconf 83' lang='lat' dir='ltr'><strong>verbum.</strong></span> <span class='ocrx_word' id='word_1_86' title='bbox 564 1496 646 1567; x_wconf 89' lang='lat' dir='ltr'><strong>Haec</strong></span> <span class='ocrx_word' id='word_1_87' title='bbox 677 1494 812 1593; x_wconf 85' lang='lat' dir='ltr'><strong>quippe</strong></span> <span class='ocrx_word' id='word_1_88' title='bbox 834 1494 945 1566; x_wconf 89' lang='lat' dir='ltr'><strong>dictio</strong></span> <span class='ocrx_word' id='word_1_89' title='bbox 969 1494 1143 1593; x_wconf 86' lang='lat' dir='ltr'><strong>temporis</strong></span> <span class='ocrx_word' id='word_1_90' title='bbox 1173 1493 1393 1591; x_wconf 83' lang='lat' dir='ltr'><strong>designativa</strong></span> <span class='ocrx_word' id='word_1_91' title='bbox 1415 1507 1469 1565; x_wconf 87' lang='lat' dir='ltr'><strong>est</strong></span> <span class='ocrx_word' id='word_1_92' title='bbox 1494 1492 1595 1591; x_wconf 92' lang='lat' dir='ltr'><strong>quod</strong></span> <span class='ocrx_word' id='word_1_93' title='bbox 1620 1493 1813 1594; x_wconf 85' lang='lat' dir='ltr'><strong>incoepita</strong></span> 
     </span>
     <span class='ocr_line' id='line_1_10' title="bbox 214 1612 1813 1713; baseline 0.002 -27"><span class='ocrx_word' id='word_1_94' title='bbox 214 1613 368 1686; x_wconf 86' lang='lat' dir='ltr'><strong>mundo.</strong></span> <span class='ocrx_word' id='word_1_95' title='bbox 399 1613 504 1686; x_wconf 89' lang='lat' dir='ltr'><strong>Unde</strong></span> <span class='ocrx_word' id='word_1_96' title='bbox 531 1613 560 1685; x_wconf 90' lang='lat' dir='ltr'><strong>si</strong></span> <span class='ocrx_word' id='word_1_97' title='bbox 589 1612 697 1710; x_wconf 86' lang='lat' dir='ltr'><strong>hujus</strong></span> <span class='ocrx_word' id='word_1_98' title='bbox 724 1614 833 1713; x_wconf 88' lang='lat' dir='ltr'><strong>partis</strong></span> <span class='ocrx_word' id='word_1_99' title='bbox 861 1614 1159 1710; x_wconf 85' lang='lat' dir='ltr'><strong>significationem</strong></span> <span class='ocrx_word' id='word_1_100' title='bbox 1187 1614 1434 1701; x_wconf 87' lang='lat' dir='ltr'><strong>attendamus,</strong></span> <span class='ocrx_word' id='word_1_101' title='bbox 1471 1627 1614 1713; x_wconf 83' lang='lat' dir='ltr'><strong>oportet</strong></span> <span class='ocrx_word' id='word_1_102' title='bbox 1642 1639 1813 1713; x_wconf 90' lang='lat' dir='ltr'><strong>peream</strong></span> 
     </span>
     <span class='ocr_line' id='line_1_11' title="bbox 214 1733 1814 1833; baseline 0.001 -26"><span class='ocrx_word' id='word_1_103' title='bbox 214 1737 388 1833; x_wconf 90' lang='lat' dir='ltr'><strong>cujusque</strong></span> <span class='ocrx_word' id='word_1_104' title='bbox 410 1734 687 1806; x_wconf 88' lang='lat' dir='ltr'><strong>constructionis</strong></span> <span class='ocrx_word' id='word_1_105' title='bbox 709 1759 853 1807; x_wconf 88' lang='lat' dir='ltr'><strong>sensum</strong></span> <span class='ocrx_word' id='word_1_106' title='bbox 876 1734 969 1807; x_wconf 89' lang='lat' dir='ltr'><strong>infra</strong></span> <span class='ocrx_word' id='word_1_107' title='bbox 993 1734 1170 1806; x_wconf 90' lang='lat' dir='ltr'><strong>ambitum</strong></span> <span class='ocrx_word' id='word_1_108' title='bbox 1193 1734 1366 1833; x_wconf 89' lang='lat' dir='ltr'><strong>temporis</strong></span> <span class='ocrx_word' id='word_1_109' title='bbox 1391 1735 1562 1828; x_wconf 85' lang='lat' dir='ltr'><strong>coerceri,</strong></span> <span class='ocrx_word' id='word_1_110' title='bbox 1589 1733 1661 1806; x_wconf 93' lang='lat' dir='ltr'><strong>hoc</strong></span> <span class='ocrx_word' id='word_1_111' title='bbox 1688 1749 1742 1807; x_wconf 90' lang='lat' dir='ltr'><strong>est</strong></span> <span class='ocrx_word' id='word_1_112' title='bbox 1767 1735 1814 1808; x_wconf 90' lang='lat' dir='ltr'><strong>ad</strong></span> 
     </span>
     <span class='ocr_line' id='line_1_12' title="bbox 215 1853 1816 1955; baseline -0.001 -26"><span class='ocrx_word' id='word_1_113' title='bbox 215 1880 275 1929; x_wconf 90' lang='lat' dir='ltr'><strong>eas</strong></span> <span class='ocrx_word' id='word_1_114' title='bbox 296 1879 352 1928; x_wconf 92' lang='lat' dir='ltr'><strong>res</strong></span> <span class='ocrx_word' id='word_1_115' title='bbox 378 1869 517 1928; x_wconf 86' lang='lat' dir='ltr'><strong>tantum</strong></span> <span class='ocrx_word' id='word_1_116' title='bbox 541 1855 718 1946; x_wconf 90' lang='lat' dir='ltr'><strong>inclinari,</strong></span> <span class='ocrx_word' id='word_1_117' title='bbox 743 1881 833 1955; x_wconf 88' lang='lat' dir='ltr'><strong>quas</strong></span> <span class='ocrx_word' id='word_1_118' title='bbox 858 1856 1102 1954; x_wconf 84' lang='lat' dir='ltr'><strong>temporaliter</strong></span> <span class='ocrx_word' id='word_1_119' title='bbox 1124 1855 1347 1952; x_wconf 87' lang='lat' dir='ltr'><strong>contingere,</strong></span> <span class='ocrx_word' id='word_1_120' title='bbox 1375 1880 1448 1927; x_wconf 91' lang='lat' dir='ltr'><strong>non</strong></span> <span class='ocrx_word' id='word_1_121' title='bbox 1466 1853 1679 1929; x_wconf 83' lang='lat' dir='ltr'><strong>aetemaliter</strong></span> <span class='ocrx_word' id='word_1_122' title='bbox 1702 1853 1816 1928; x_wconf 89' lang='lat' dir='ltr'><strong>subsi-</strong></span> 
     </span>
     <span class='ocr_line' id='line_1_13' title="bbox 215 1974 1813 2075; baseline 0 -27"><span class='ocrx_word' id='word_1_123' title='bbox 215 1992 308 2049; x_wconf 87' lang='lat' dir='ltr'><strong>stere</strong></span> <span class='ocrx_word' id='word_1_124' title='bbox 331 1975 499 2048; x_wconf 85' lang='lat' dir='ltr'><strong>volumus</strong></span> <span class='ocrx_word' id='word_1_125' title='bbox 523 1975 782 2048; x_wconf 87' lang='lat' dir='ltr'><strong>demonstrare.</strong></span> <span class='ocrx_word' id='word_1_126' title='bbox 808 1974 911 2047; x_wconf 85' lang='lat' dir='ltr'><strong>Unde</strong></span> <span class='ocrx_word' id='word_1_127' title='bbox 932 2000 1017 2048; x_wconf 87' lang='lat' dir='ltr'><strong>cum</strong></span> <span class='ocrx_word' id='word_1_128' title='bbox 1044 1975 1198 2048; x_wconf 86' lang='lat' dir='ltr'><strong>dicimus</strong></span> <span class='ocrx_word' id='word_1_129' title='bbox 1221 1979 1339 2048; x_wconf 86' lang='lat' dir='ltr'><strong>Deum</strong></span> <span class='ocrx_word' id='word_1_130' title='bbox 1366 1976 1526 2075; x_wconf 89' lang='lat' dir='ltr'><strong>priorem</strong></span> <span class='ocrx_word' id='word_1_131' title='bbox 1553 2000 1630 2050; x_wconf 90' lang='lat' dir='ltr'><strong>esse</strong></span> <span class='ocrx_word' id='word_1_132' title='bbox 1657 1977 1813 2065; x_wconf 92' lang='lat' dir='ltr'><strong>mund0,</strong></span> 
     </span>
     <span class='ocr_line' id='line_1_14' title="bbox 215 2095 1817 2196; baseline 0.001 -29"><span class='ocrx_word' id='word_1_133' title='bbox 215 2097 290 2168; x_wconf 88' lang='lat' dir='ltr'><strong>sive</strong></span> <span class='ocrx_word' id='word_1_134' title='bbox 308 2096 463 2169; x_wconf 84' lang='lat' dir='ltr'><strong>extitisse</strong></span> <span class='ocrx_word' id='word_1_135' title='bbox 488 2109 571 2167; x_wconf 89' lang='lat' dir='ltr'><strong>ante</strong></span> <span class='ocrx_word' id='word_1_136' title='bbox 589 2111 766 2195; x_wconf 89' lang='lat' dir='ltr'><strong>tempora,</strong></span> <span class='ocrx_word' id='word_1_137' title='bbox 786 2095 867 2194; x_wconf 92' lang='lat' dir='ltr'><strong>quis</strong></span> <span class='ocrx_word' id='word_1_138' title='bbox 884 2120 1010 2167; x_wconf 90' lang='lat' dir='ltr'><strong>sensus</strong></span> <span class='ocrx_word' id='word_1_139' title='bbox 1025 2096 1063 2167; x_wconf 92' lang='lat' dir='ltr'><strong>in</strong></span> <span class='ocrx_word' id='word_1_140' title='bbox 1088 2095 1144 2168; x_wconf 91' lang='lat' dir='ltr'><strong>his</strong></span> <span class='ocrx_word' id='word_1_141' title='bbox 1161 2095 1279 2168; x_wconf 86' lang='lat' dir='ltr'><strong>verbis</strong></span> <span class='ocrx_word' id='word_1_142' title='bbox 1297 2120 1402 2167; x_wconf 90' lang='lat' dir='ltr'><strong>verus</strong></span> <span class='ocrx_word' id='word_1_143' title='bbox 1418 2120 1495 2168; x_wconf 91' lang='lat' dir='ltr'><strong>esse</strong></span> <span class='ocrx_word' id='word_1_144' title='bbox 1512 2109 1631 2196; x_wconf 89' lang='lat' dir='ltr'><strong>potest</strong></span> <span class='ocrx_word' id='word_1_145' title='bbox 1655 2097 1702 2168; x_wconf 93' lang='lat' dir='ltr'><strong>de</strong></span> <span class='ocrx_word' id='word_1_146' title='bbox 1727 2123 1817 2196; x_wconf 80' lang='lat' dir='ltr'><strong>prae·</strong></span> 
     </span>
     <span class='ocr_line' id='line_1_15' title="bbox 216 2214 1818 2307; baseline 0 -19"><span class='ocrx_word' id='word_1_147' title='bbox 216 2218 378 2288; x_wconf 86' lang='lat' dir='ltr'><strong>cessione</strong></span> <span class='ocrx_word' id='word_1_148' title='bbox 399 2215 466 2287; x_wconf 91' lang='lat' dir='ltr'><strong>Dei</strong></span> <span class='ocrx_word' id='word_1_149' title='bbox 487 2229 523 2287; x_wconf 90' lang='lat' dir='ltr'><strong>et</strong></span> <span class='ocrx_word' id='word_1_150' title='bbox 544 2216 767 2288; x_wconf 87' lang='lat' dir='ltr'><strong>successione</strong></span> <span class='ocrx_word' id='word_1_151' title='bbox 791 2216 962 2307; x_wconf 89' lang='lat' dir='ltr'><strong>istorum,</strong></span> <span class='ocrx_word' id='word_1_152' title='bbox 988 2216 1018 2288; x_wconf 90' lang='lat' dir='ltr'><strong>si</strong></span> <span class='ocrx_word' id='word_1_153' title='bbox 1040 2214 1116 2288; x_wconf 88' lang='lat' dir='ltr'><strong>haec</strong></span> <span class='ocrx_word' id='word_1_154' title='bbox 1140 2216 1251 2289; x_wconf 87' lang='lat' dir='ltr'><strong>verba</strong></span> <span class='ocrx_word' id='word_1_155' title='bbox 1274 2216 1321 2289; x_wconf 89' lang='lat' dir='ltr'><strong>ad</strong></span> <span class='ocrx_word' id='word_1_156' title='bbox 1344 2216 1536 2288; x_wconf 90' lang='lat' dir='ltr'><strong>hominum</strong></span> <span class='ocrx_word' id='word_1_157' title='bbox 1557 2216 1818 2289; x_wconf 87' lang='lat' dir='ltr'><strong>institutionem</strong></span> 
     </span>
     <span class='ocr_line' id='line_1_16' title="bbox 217 2335 1819 2436; baseline -0.001 -27"><span class='ocrx_word' id='word_1_158' title='bbox 217 2337 434 2435; x_wconf 87' lang='lat' dir='ltr'><strong>accipiamus</strong></span> <span class='ocrx_word' id='word_1_159' title='bbox 467 2335 665 2408; x_wconf 89' lang='lat' dir='ltr'><strong>secundum</strong></span> <span class='ocrx_word' id='word_1_160' title='bbox 700 2337 816 2436; x_wconf 91' lang='lat' dir='ltr'><strong>ipsam</strong></span> <span class='ocrx_word' id='word_1_161' title='bbox 841 2337 1014 2436; x_wconf 91' lang='lat' dir='ltr'><strong>temporis</strong></span> <span class='ocrx_word' id='word_1_162' title='bbox 1042 2335 1364 2433; x_wconf 85' lang='lat' dir='ltr'><strong>significationem,</strong></span> <span class='ocrx_word' id='word_1_163' title='bbox 1393 2352 1433 2409; x_wconf 94' lang='lat' dir='ltr'><strong>ut</strong></span> <span class='ocrx_word' id='word_1_164' title='bbox 1459 2336 1625 2409; x_wconf 87' lang='lat' dir='ltr'><strong>videlicet</strong></span> <span class='ocrx_word' id='word_1_165' title='bbox 1658 2335 1819 2409; x_wconf 89' lang='lat' dir='ltr'><strong>dicamus</strong></span> 
     </span>
     <span class='ocr_line' id='line_1_17' title="bbox 216 2454 1818 2556; baseline 0 -27"><span class='ocrx_word' id='word_1_166' title='bbox 216 2461 336 2529; x_wconf 88' lang='lat' dir='ltr'><strong>Deum</strong></span> <span class='ocrx_word' id='word_1_167' title='bbox 356 2454 555 2528; x_wconf 90' lang='lat' dir='ltr'><strong>secundum</strong></span> <span class='ocrx_word' id='word_1_168' title='bbox 573 2470 713 2556; x_wconf 85' lang='lat' dir='ltr'><strong>tempus</strong></span> <span class='ocrx_word' id='word_1_169' title='bbox 729 2457 888 2556; x_wconf 89' lang='lat' dir='ltr'><strong>priorem</strong></span> <span class='ocrx_word' id='word_1_170' title='bbox 901 2481 977 2529; x_wconf 89' lang='lat' dir='ltr'><strong>esse</strong></span> <span class='ocrx_word' id='word_1_171' title='bbox 994 2455 1147 2548; x_wconf 90' lang='lat' dir='ltr'><strong>mundo,</strong></span> <span class='ocrx_word' id='word_1_172' title='bbox 1165 2457 1222 2529; x_wconf 86' lang='lat' dir='ltr'><strong>vel</strong></span> <span class='ocrx_word' id='word_1_173' title='bbox 1238 2457 1407 2551; x_wconf 84' lang='lat' dir='ltr'><strong>extitisse,</strong></span> <span class='ocrx_word' id='word_1_174' title='bbox 1422 2457 1496 2529; x_wconf 92' lang='lat' dir='ltr'><strong>hoc</strong></span> <span class='ocrx_word' id='word_1_175' title='bbox 1513 2473 1565 2529; x_wconf 91' lang='lat' dir='ltr'><strong>est</strong></span> <span class='ocrx_word' id='word_1_176' title='bbox 1584 2458 1620 2530; x_wconf 89' lang='lat' dir='ltr'><strong>in</strong></span> <span class='ocrx_word' id='word_1_177' title='bbox 1638 2457 1818 2556; x_wconf 87' lang='lat' dir='ltr'><strong>praeterito</strong></span> 
     </span>
     <span class='ocr_line' id='line_1_18' title="bbox 215 2574 1819 2676; baseline -0.001 -27"><span class='ocrx_word' id='word_1_178' title='bbox 215 2592 384 2675; x_wconf 90' lang='lat' dir='ltr'><strong>tempore</strong></span> <span class='ocrx_word' id='word_1_179' title='bbox 406 2574 511 2647; x_wconf 85' lang='lat' dir='ltr'><strong>fuisse</strong></span> <span class='ocrx_word' id='word_1_180' title='bbox 532 2591 724 2673; x_wconf 88' lang='lat' dir='ltr'><strong>antequam</strong></span> <span class='ocrx_word' id='word_1_181' title='bbox 740 2591 883 2676; x_wconf 92' lang='lat' dir='ltr'><strong>tempus</strong></span> <span class='ocrx_word' id='word_1_182' title='bbox 904 2574 1054 2675; x_wconf 91' lang='lat' dir='ltr'><strong>aliquod</strong></span> <span class='ocrx_word' id='word_1_183' title='bbox 1076 2578 1192 2649; x_wconf 82' lang='lat' dir='ltr'><strong>esset?</strong></span> <span class='ocrx_word' id='word_1_184' title='bbox 1212 2579 1365 2676; x_wconf 85' lang='lat' dir='ltr'><strong>Oportet</strong></span> <span class='ocrx_word' id='word_1_185' title='bbox 1387 2578 1509 2676; x_wconf 86' lang='lat' dir='ltr'><strong>itaque</strong></span> <span class='ocrx_word' id='word_1_186' title='bbox 1529 2601 1613 2649; x_wconf 92' lang='lat' dir='ltr'><strong>cum</strong></span> <span class='ocrx_word' id='word_1_187' title='bbox 1631 2575 1677 2648; x_wconf 88' lang='lat' dir='ltr'><strong>ad</strong></span> <span class='ocrx_word' id='word_1_188' title='bbox 1699 2576 1819 2674; x_wconf 88' lang='lat' dir='ltr'><strong>singu·</strong></span> 
     </span>
     <span class='ocr_line' id='line_1_19' title="bbox 216 2693 1822 2795; baseline -0.001 -25"><span class='ocrx_word' id='word_1_189' title='bbox 216 2698 331 2770; x_wconf 90' lang='lat' dir='ltr'><strong>larem</strong></span> <span class='ocrx_word' id='word_1_190' title='bbox 353 2693 548 2768; x_wconf 85' lang='lat' dir='ltr'><strong>divinitatis</strong></span> <span class='ocrx_word' id='word_1_191' title='bbox 564 2709 727 2768; x_wconf 88' lang='lat' dir='ltr'><strong>naturam</strong></span> <span class='ocrx_word' id='word_1_192' title='bbox 752 2720 999 2793; x_wconf 89' lang='lat' dir='ltr'><strong>quascumque</strong></span> <span class='ocrx_word' id='word_1_193' title='bbox 1017 2696 1192 2769; x_wconf 89' lang='lat' dir='ltr'><strong>dictiones</strong></span> <span class='ocrx_word' id='word_1_194' title='bbox 1211 2695 1470 2789; x_wconf 90' lang='lat' dir='ltr'><strong>transferimus,</strong></span> <span class='ocrx_word' id='word_1_195' title='bbox 1494 2721 1554 2769; x_wconf 89' lang='lat' dir='ltr'><strong>eas</strong></span> <span class='ocrx_word' id='word_1_196' title='bbox 1571 2697 1608 2767; x_wconf 92' lang='lat' dir='ltr'><strong>in</strong></span> <span class='ocrx_word' id='word_1_197' title='bbox 1625 2694 1822 2795; x_wconf 87' lang='lat' dir='ltr'><strong>quamdam</strong></span> 
     </span>
     <span class='ocr_line' id='line_1_20' title="bbox 217 2812 1824 2916; baseline 0 -28"><span class='ocrx_word' id='word_1_198' title='bbox 217 2814 437 2911; x_wconf 84' lang='lat' dir='ltr'><strong>singularem</strong></span> <span class='ocrx_word' id='word_1_199' title='bbox 471 2812 767 2912; x_wconf 83' lang='lat' dir='ltr'><strong>significationem</strong></span> <span class='ocrx_word' id='word_1_200' title='bbox 799 2841 862 2889; x_wconf 87' lang='lat' dir='ltr'><strong>seu</strong></span> <span class='ocrx_word' id='word_1_201' title='bbox 892 2818 999 2889; x_wconf 87' lang='lat' dir='ltr'><strong>etiarn</strong></span> <span class='ocrx_word' id='word_1_202' title='bbox 1030 2816 1337 2889; x_wconf 87' lang='lat' dir='ltr'><strong>constructionem</strong></span> <span class='ocrx_word' id='word_1_203' title='bbox 1362 2814 1598 2909; x_wconf 88' lang='lat' dir='ltr'><strong>contrahere,</strong></span> <span class='ocrx_word' id='word_1_204' title='bbox 1627 2829 1734 2916; x_wconf 92' lang='lat' dir='ltr'><strong>atque</strong></span> <span class='ocrx_word' id='word_1_205' title='bbox 1760 2842 1824 2916; x_wconf 89' lang='lat' dir='ltr'><strong>per</strong></span> 
     </span>
     <span class='ocr_line' id='line_1_21' title="bbox 217 2935 1824 3036; baseline 0 -27"><span class='ocrx_word' id='word_1_206' title='bbox 217 2937 292 3009; x_wconf 91' lang='lat' dir='ltr'><strong>hoc</strong></span> <span class='ocrx_word' id='word_1_207' title='bbox 314 2935 415 3035; x_wconf 91' lang='lat' dir='ltr'><strong>quod</strong></span> <span class='ocrx_word' id='word_1_208' title='bbox 440 2937 563 3008; x_wconf 88' lang='lat' dir='ltr'><strong>omnia</strong></span> <span class='ocrx_word' id='word_1_209' title='bbox 587 2935 744 3030; x_wconf 81' lang='lat' dir='ltr'><strong>excedit,</strong></span> <span class='ocrx_word' id='word_1_210' title='bbox 765 2938 965 3010; x_wconf 87' lang='lat' dir='ltr'><strong>necessario</strong></span> <span class='ocrx_word' id='word_1_211' title='bbox 983 2938 1169 3036; x_wconf 88' lang='lat' dir='ltr'><strong>propriam</strong></span> <span class='ocrx_word' id='word_1_212' title='bbox 1192 2937 1454 3009; x_wconf 87' lang='lat' dir='ltr'><strong>institutionem</strong></span> <span class='ocrx_word' id='word_1_213' title='bbox 1470 2935 1656 3009; x_wconf 88' lang='lat' dir='ltr'><strong>excedere.</strong></span> <span class='ocrx_word' id='word_1_214' title='bbox 1676 2939 1824 3009; x_wconf 87' lang='lat' dir='ltr'><strong>Constat</strong></span> 
     </span>
     <span class='ocr_line' id='line_1_22' title="bbox 217 3056 1824 3158; baseline 0.001 -29"><span class='ocrx_word' id='word_1_215' title='bbox 217 3058 357 3157; x_wconf 91' lang='lat' dir='ltr'><strong>quippe</strong></span> <span class='ocrx_word' id='word_1_216' title='bbox 366 3058 467 3154; x_wconf 85' lang='lat' dir='ltr'><strong>juxta</strong></span> <span class='ocrx_word' id='word_1_217' title='bbox 482 3059 644 3130; x_wconf 87' lang='lat' dir='ltr'><strong>Boetium</strong></span> <span class='ocrx_word' id='word_1_218' title='bbox 657 3083 700 3130; x_wconf 89' lang='lat' dir='ltr'><strong>ac</strong></span> <span class='ocrx_word' id='word_1_219' title='bbox 714 3058 914 3148; x_wconf 90' lang='lat' dir='ltr'><strong>Platonem,</strong></span> <span class='ocrx_word' id='word_1_220' title='bbox 928 3073 1101 3155; x_wconf 88' lang='lat' dir='ltr'><strong>cognatos</strong></span> <span class='ocrx_word' id='word_1_221' title='bbox 1115 3057 1306 3158; x_wconf 90' lang='lat' dir='ltr'><strong>dequibus</strong></span> <span class='ocrx_word' id='word_1_222' title='bbox 1324 3057 1522 3155; x_wconf 90' lang='lat' dir='ltr'><strong>loquuntur</strong></span> <span class='ocrx_word' id='word_1_223' title='bbox 1533 3056 1642 3129; x_wconf 89' lang='lat' dir='ltr'><strong>rebus</strong></span> <span class='ocrx_word' id='word_1_224' title='bbox 1655 3073 1824 3158; x_wconf 86' lang='lat' dir='ltr'><strong>oportere</strong></span> 
     </span>
     <span class='ocr_line' id='line_1_23' title="bbox 218 3176 1825 3275; baseline 0 -26"><span class='ocrx_word' id='word_1_225' title='bbox 218 3202 300 3250; x_wconf 85' lang='lat' dir='ltr'><strong>esse</strong></span> <span class='ocrx_word' id='word_1_226' title='bbox 327 3201 525 3248; x_wconf 90' lang='lat' dir='ltr'><strong>sermones.</strong></span> <span class='ocrx_word' id='word_1_227' title='bbox 545 3176 655 3264; x_wconf 89' lang='lat' dir='ltr'><strong>Quod</strong></span> <span class='ocrx_word' id='word_1_228' title='bbox 682 3192 777 3250; x_wconf 89' lang='lat' dir='ltr'><strong>recte</strong></span> <span class='ocrx_word' id='word_1_229' title='bbox 797 3178 993 3275; x_wconf 83' lang='lat' dir='ltr'><strong>Gregorius</strong></span> <span class='ocrx_word' id='word_1_230' title='bbox 1015 3178 1051 3248; x_wconf 93' lang='lat' dir='ltr'><strong>in</strong></span> <span class='ocrx_word' id='word_1_231' title='bbox 1078 3178 1235 3275; x_wconf 91' lang='lat' dir='ltr'><strong>Prologo</strong></span> <span class='ocrx_word' id='word_1_232' title='bbox 1254 3177 1450 3249; x_wconf 83' lang='lat' dir='ltr'><strong>Moralium</strong></span> <span class='ocrx_word' id='word_1_233' title='bbox 1477 3178 1574 3250; x_wconf 83' lang='lat' dir='ltr'><strong>ait&#39;:</strong></span> <span class='ocrx_word' id='word_1_234' title='bbox 1600 3176 1825 3274; x_wconf 75' lang='lat' dir='ltr'><strong>«Indignum</strong></span> 
     </span>
     <span class='ocr_line' id='line_1_24' title="bbox 217 3276 1822 3393; baseline -0.002 -24"><span class='ocrx_word' id='word_1_235' title='bbox 217 3297 456 3371; x_wconf 88' lang='lat' dir='ltr'><strong>vehementer</strong></span> <span class='ocrx_word' id='word_1_236' title='bbox 472 3276 651 3388; x_wconf 78' lang='lat' dir='ltr'><strong>existimo,</strong></span> <span class='ocrx_word' id='word_1_237' title='bbox 671 3311 710 3369; x_wconf 89' lang='lat' dir='ltr'><strong>ut</strong></span> <span class='ocrx_word' id='word_1_238' title='bbox 730 3296 839 3371; x_wconf 90' lang='lat' dir='ltr'><strong>verba</strong></span> <span class='ocrx_word' id='word_1_239' title='bbox 856 3297 1008 3369; x_wconf 89' lang='lat' dir='ltr'><strong>coelestis</strong></span> <span class='ocrx_word' id='word_1_240' title='bbox 1025 3297 1161 3370; x_wconf 87' lang='lat' dir='ltr'><strong>oraculi</strong></span> <span class='ocrx_word' id='word_1_241' title='bbox 1178 3298 1390 3393; x_wconf 88' lang='lat' dir='ltr'><strong>restringam</strong></span> <span class='ocrx_word' id='word_1_242' title='bbox 1410 3296 1477 3369; x_wconf 92' lang='lat' dir='ltr'><strong>sub</strong></span> <span class='ocrx_word' id='word_1_243' title='bbox 1494 3295 1624 3392; x_wconf 88' lang='lat' dir='ltr'><strong>regulis</strong></span> <span class='ocrx_word' id='word_1_244' title='bbox 1641 3297 1785 3368; x_wconf 88' lang='lat' dir='ltr'><strong>Donati.</strong></span> <span class='ocrx_word' id='word_1_245' title='bbox 1805 3326 1822 3365; x_wconf 80' lang='lat' dir='ltr'><strong>u</strong></span> 
     </span>
     <span class='ocr_line' id='line_1_25' title="bbox 202 3415 1826 3517; baseline 0.001 -28"><span class='ocrx_word' id='word_1_246' title='bbox 202 3415 294 3490; x_wconf 89' lang='lat' dir='ltr'><strong>‘Sed</strong></span> <span class='ocrx_word' id='word_1_247' title='bbox 321 3442 388 3489; x_wconf 87' lang='lat' dir='ltr'><strong>nec</strong></span> <span class='ocrx_word' id='word_1_248' title='bbox 409 3419 597 3517; x_wconf 88' lang='lat' dir='ltr'><strong>proprium</strong></span> <span class='ocrx_word' id='word_1_249' title='bbox 626 3434 661 3491; x_wconf 91' lang='lat' dir='ltr'><strong>et</strong></span> <span class='ocrx_word' id='word_1_250' title='bbox 687 3419 858 3491; x_wconf 89' lang='lat' dir='ltr'><strong>usitatum</strong></span> <span class='ocrx_word' id='word_1_251' title='bbox 880 3443 1015 3490; x_wconf 88' lang='lat' dir='ltr'><strong>nomen</strong></span> <span class='ocrx_word' id='word_1_252' title='bbox 1040 3420 1105 3490; x_wconf 88' lang='lat' dir='ltr'><strong>Dei</strong></span> <span class='ocrx_word' id='word_1_253' title='bbox 1127 3417 1174 3491; x_wconf 92' lang='lat' dir='ltr'><strong>ad</strong></span> <span class='ocrx_word' id='word_1_254' title='bbox 1202 3419 1299 3491; x_wconf 91' lang='lat' dir='ltr'><strong>illam</strong></span> <span class='ocrx_word' id='word_1_255' title='bbox 1326 3419 1470 3491; x_wconf 90' lang='lat' dir='ltr'><strong>unicam</strong></span> <span class='ocrx_word' id='word_1_256' title='bbox 1496 3415 1690 3490; x_wconf 84' lang='lat' dir='ltr'><strong>divinitatis</strong></span> <span class='ocrx_word' id='word_1_257' title='bbox 1717 3418 1826 3513; x_wconf 85' lang='lat' dir='ltr'><strong>maje-</strong></span> 
     </span>
     <span class='ocr_line' id='line_1_26' title="bbox 215 3534 1827 3639; baseline -0.001 -27"><span class='ocrx_word' id='word_1_258' title='bbox 215 3550 366 3628; x_wconf 89' lang='lat' dir='ltr'><strong>statem,</strong></span> <span class='ocrx_word' id='word_1_259' title='bbox 387 3562 466 3634; x_wconf 84' lang='lat' dir='ltr'><strong>quae</strong></span> <span class='ocrx_word' id='word_1_260' title='bbox 483 3537 674 3635; x_wconf 88' lang='lat' dir='ltr'><strong>excogitari</strong></span> <span class='ocrx_word' id='word_1_261' title='bbox 699 3563 773 3610; x_wconf 91' lang='lat' dir='ltr'><strong>non</strong></span> <span class='ocrx_word' id='word_1_262' title='bbox 794 3538 898 3628; x_wconf 88' lang='lat' dir='ltr'><strong>valet,</strong></span> <span class='ocrx_word' id='word_1_263' title='bbox 919 3537 1075 3610; x_wconf 87' lang='lat' dir='ltr'><strong>necdum</strong></span> <span class='ocrx_word' id='word_1_264' title='bbox 1100 3537 1237 3631; x_wconf 89' lang='lat' dir='ltr'><strong>disseri,</strong></span> <span class='ocrx_word' id='word_1_265' title='bbox 1259 3539 1328 3639; x_wconf 86' lang='lat' dir='ltr'><strong>ipsi</strong></span> <span class='ocrx_word' id='word_1_266' title='bbox 1345 3538 1465 3635; x_wconf 88' lang='lat' dir='ltr'><strong>magni</strong></span> <span class='ocrx_word' id='word_1_267' title='bbox 1484 3534 1693 3637; x_wconf 89' lang='lat' dir='ltr'><strong>philosophi</strong></span> <span class='ocrx_word' id='word_1_268' title='bbox 1719 3562 1827 3610; x_wconf 88' lang='lat' dir='ltr'><strong>nove·</strong></span> 
     </span>
     <span class='ocr_line' id='line_1_27' title="bbox 215 3655 1826 3755; baseline -0.001 -24"><span class='ocrx_word' id='word_1_269' title='bbox 215 3672 311 3731; x_wconf 91' lang='lat' dir='ltr'><strong>runt</strong></span> <span class='ocrx_word' id='word_1_270' title='bbox 332 3657 620 3746; x_wconf 87' lang='lat' dir='ltr'><strong>accommodare,</strong></span> <span class='ocrx_word' id='word_1_271' title='bbox 645 3659 706 3755; x_wconf 95' lang='lat' dir='ltr'><strong>qui</strong></span> <span class='ocrx_word' id='word_1_272' title='bbox 728 3683 811 3730; x_wconf 91' lang='lat' dir='ltr'><strong>cnm</strong></span> <span class='ocrx_word' id='word_1_273' title='bbox 833 3662 951 3732; x_wconf 89' lang='lat' dir='ltr'><strong>Deum</strong></span> <span class='ocrx_word' id='word_1_274' title='bbox 973 3659 1011 3730; x_wconf 91' lang='lat' dir='ltr'><strong>in</strong></span> <span class='ocrx_word' id='word_1_275' title='bbox 1031 3683 1114 3731; x_wconf 88' lang='lat' dir='ltr'><strong>arce</strong></span> <span class='ocrx_word' id='word_1_276' title='bbox 1135 3660 1338 3752; x_wconf 86' lang='lat' dir='ltr'><strong>nominant,</strong></span> <span class='ocrx_word' id='word_1_277' title='bbox 1366 3682 1475 3755; x_wconf 89' lang='lat' dir='ltr'><strong>quam</strong></span> <span class='ocrx_word' id='word_1_278' title='bbox 1499 3655 1644 3729; x_wconf 87' lang='lat' dir='ltr'><strong>animali</strong></span> <span class='ocrx_word' id='word_1_279' title='bbox 1662 3657 1826 3730; x_wconf 83' lang='lat' dir='ltr'><strong>rationali</strong></span> 
     </span>
     <span class='ocr_line' id='line_1_28' title="bbox 215 3763 1824 3880; baseline -0.003 -27"><span class='ocrx_word' id='word_1_280' title='bbox 215 3791 457 3879; x_wconf 91' lang='lat' dir='ltr'><strong>supponunt,</strong></span> <span class='ocrx_word' id='word_1_281' title='bbox 484 3776 530 3850; x_wconf 89' lang='lat' dir='ltr'><strong>de</strong></span> <span class='ocrx_word' id='word_1_282' title='bbox 555 3763 693 3850; x_wconf 91' lang='lat' dir='ltr'><strong>mundo</strong></span> <span class='ocrx_word' id='word_1_283' title='bbox 717 3792 761 3868; x_wconf 42' lang='lat' dir='ltr'><strong>et,</strong></span> <span class='ocrx_word' id='word_1_284' title='bbox 777 3778 982 3852; x_wconf 88' lang='lat' dir='ltr'><strong>coelestibus</strong></span> <span class='ocrx_word' id='word_1_285' title='bbox 1008 3777 1222 3880; x_wconf 89' lang='lat' dir='ltr'><strong>corporibus</strong></span> <span class='ocrx_word' id='word_1_286' title='bbox 1250 3778 1351 3866; x_wconf 90' lang='lat' dir='ltr'><strong>illud,</strong></span> <span class='ocrx_word' id='word_1_287' title='bbox 1382 3792 1421 3849; x_wconf 90' lang='lat' dir='ltr'><strong>ut</strong></span> <span class='ocrx_word' id='word_1_288' title='bbox 1445 3799 1553 3875; x_wconf 87' lang='lat' dir='ltr'><strong>supra</strong></span> <span class='ocrx_word' id='word_1_289' title='bbox 1575 3776 1824 3864; x_wconf 89' lang='lat' dir='ltr'><strong>meminimus,</strong></span> 
     </span>
     <span class='ocr_line' id='line_1_29' title="bbox 214 3897 1826 3999; baseline -0.002 -25"><span class='ocrx_word' id='word_1_290' title='bbox 214 3900 419 3999; x_wconf 87' lang='lat' dir='ltr'><strong>accipiunt.</strong></span> <span class='ocrx_word' id='word_1_291' title='bbox 443 3898 539 3988; x_wconf 90' lang='lat' dir='ltr'><strong>Quid</strong></span> <span class='ocrx_word' id='word_1_292' title='bbox 566 3900 686 3996; x_wconf 90' lang='lat' dir='ltr'><strong>itaque</strong></span> <span class='ocrx_word' id='word_1_293' title='bbox 712 3901 859 3991; x_wconf 89' lang='lat' dir='ltr'><strong>mirum,</strong></span> <span class='ocrx_word' id='word_1_294' title='bbox 889 3901 1023 3972; x_wconf 88' lang='lat' dir='ltr'><strong>sicum</strong></span> <span class='ocrx_word' id='word_1_295' title='bbox 1051 3900 1175 3974; x_wconf 90' lang='lat' dir='ltr'><strong>omnia</strong></span> <span class='ocrx_word' id='word_1_296' title='bbox 1201 3898 1428 3972; x_wconf 86' lang='lat' dir='ltr'><strong>ineffabiliter</strong></span> <span class='ocrx_word' id='word_1_297' title='bbox 1453 3897 1683 3970; x_wconf 88' lang='lat' dir='ltr'><strong>transcendat</strong></span> <span class='ocrx_word' id='word_1_298' title='bbox 1708 3901 1826 3989; x_wconf 87' lang='lat' dir='ltr'><strong>Deus,</strong></span> 
     </span>
     <span class='ocr_line' id='line_1_30' title="bbox 215 4017 1828 4118; baseline -0.002 -24"><span class='ocrx_word' id='word_1_299' title='bbox 215 4045 376 4094; x_wconf 88' lang='lat' dir='ltr'><strong>omnem</strong></span> <span class='ocrx_word' id='word_1_300' title='bbox 392 4045 538 4118; x_wconf 89' lang='lat' dir='ltr'><strong>quoque</strong></span> <span class='ocrx_word' id='word_1_301' title='bbox 564 4019 796 4092; x_wconf 88' lang='lat' dir='ltr'><strong>institutionis</strong></span> <span class='ocrx_word' id='word_1_302' title='bbox 823 4020 990 4093; x_wconf 75' lang='lat' dir='ltr'><strong>humanae</strong></span> <span class='ocrx_word' id='word_1_303' title='bbox 1011 4046 1217 4093; x_wconf 86' lang='lat' dir='ltr'><strong>sermonem</strong></span> <span class='ocrx_word' id='word_1_304' title='bbox 1241 4019 1414 4093; x_wconf 80' lang='lat' dir='ltr'><strong>excedat?</strong></span> <span class='ocrx_word' id='word_1_305' title='bbox 1441 4023 1485 4089; x_wconf 89' lang='lat' dir='ltr'><strong>Et</strong></span> <span class='ocrx_word' id='word_1_306' title='bbox 1510 4042 1594 4089; x_wconf 91' lang='lat' dir='ltr'><strong>cum</strong></span> <span class='ocrx_word' id='word_1_307' title='bbox 1611 4017 1690 4114; x_wconf 80' lang='lat' dir='ltr'><strong>ejus</strong></span> <span class='ocrx_word' id='word_1_308' title='bbox 1712 4018 1828 4091; x_wconf 85' lang='lat' dir='ltr'><strong>excel·</strong></span> 
     </span>
     <span class='ocr_line' id='line_1_31' title="bbox 213 4138 1831 4240; baseline -0.002 -26"><span class='ocrx_word' id='word_1_309' title='bbox 213 4141 335 4214; x_wconf 87' lang='lat' dir='ltr'><strong>lentia</strong></span> <span class='ocrx_word' id='word_1_310' title='bbox 354 4165 500 4212; x_wconf 91' lang='lat' dir='ltr'><strong>omnem</strong></span> <span class='ocrx_word' id='word_1_311' title='bbox 517 4138 625 4236; x_wconf 90' lang='lat' dir='ltr'><strong>longe</strong></span> <span class='ocrx_word' id='word_1_312' title='bbox 642 4154 830 4240; x_wconf 87' lang='lat' dir='ltr'><strong>exsuperet</strong></span> <span class='ocrx_word' id='word_1_313' title='bbox 844 4140 1077 4234; x_wconf 89' lang='lat' dir='ltr'><strong>intellectum,</strong></span> <span class='ocrx_word' id='word_1_314' title='bbox 1092 4156 1241 4240; x_wconf 90' lang='lat' dir='ltr'><strong>propter</strong></span> <span class='ocrx_word' id='word_1_315' title='bbox 1259 4138 1458 4213; x_wconf 89' lang='lat' dir='ltr'><strong>intellectus</strong></span> <span class='ocrx_word' id='word_1_316' title='bbox 1474 4153 1596 4212; x_wconf 88' lang='lat' dir='ltr'><strong>autem</strong></span> <span class='ocrx_word' id='word_1_317' title='bbox 1612 4163 1719 4210; x_wconf 88' lang='lat' dir='ltr'><strong>voces</strong></span> <span class='ocrx_word' id='word_1_318' title='bbox 1734 4140 1831 4211; x_wconf 88' lang='lat' dir='ltr'><strong>insti·</strong></span> 
     </span>
     <span class='ocr_line' id='line_1_32' title="bbox 214 4258 1830 4360; baseline -0.002 -25"><span class='ocrx_word' id='word_1_319' title='bbox 214 4277 312 4335; x_wconf 83' lang='lat' dir='ltr'><strong>tutae</strong></span> <span class='ocrx_word' id='word_1_320' title='bbox 328 4262 418 4352; x_wconf 90' lang='lat' dir='ltr'><strong>sint,</strong></span> <span class='ocrx_word' id='word_1_321' title='bbox 444 4259 532 4359; x_wconf 91' lang='lat' dir='ltr'><strong>quid</strong></span> <span class='ocrx_word' id='word_1_322' title='bbox 560 4262 690 4332; x_wconf 91' lang='lat' dir='ltr'><strong>mirum</strong></span> <span class='ocrx_word' id='word_1_323' title='bbox 709 4260 738 4333; x_wconf 94' lang='lat' dir='ltr'><strong>si</strong></span> <span class='ocrx_word' id='word_1_324' title='bbox 759 4261 906 4334; x_wconf 89' lang='lat' dir='ltr'><strong>effectus</strong></span> <span class='ocrx_word' id='word_1_325' title='bbox 930 4261 1172 4354; x_wconf 89' lang='lat' dir='ltr'><strong>transcendit,</strong></span> <span class='ocrx_word' id='word_1_326' title='bbox 1201 4259 1264 4360; x_wconf 91' lang='lat' dir='ltr'><strong>qui</strong></span> <span class='ocrx_word' id='word_1_327' title='bbox 1290 4258 1511 4334; x_wconf 86' lang='lat' dir='ltr'><strong>transcendit</strong></span> <span class='ocrx_word' id='word_1_328' title='bbox 1538 4260 1688 4331; x_wconf 82' lang='lat' dir='ltr'><strong>causas?</strong></span> <span class='ocrx_word' id='word_1_329' title='bbox 1716 4258 1830 4331; x_wconf 85' lang='lat' dir='ltr'><strong>Multo</strong></span> 
     </span>
     <span class='ocr_line' id='line_1_33' title="bbox 212 4378 1832 4482; baseline -0.001 -28"><span class='ocrx_word' id='word_1_330' title='bbox 212 4383 365 4482; x_wconf 87' lang='lat' dir='ltr'><strong>quippe</strong></span> <span class='ocrx_word' id='word_1_331' title='bbox 391 4380 528 4452; x_wconf 78' lang='lat' dir='ltr'><strong>facilius</strong></span> <span class='ocrx_word' id='word_1_332' title='bbox 554 4405 609 4453; x_wconf 90' lang='lat' dir='ltr'><strong>res</strong></span> <span class='ocrx_word' id='word_1_333' title='bbox 630 4381 823 4479; x_wconf 89' lang='lat' dir='ltr'><strong>excogitari</strong></span> <span class='ocrx_word' id='word_1_334' title='bbox 842 4407 951 4481; x_wconf 92' lang='lat' dir='ltr'><strong>quam</strong></span> <span class='ocrx_word' id='word_1_335' title='bbox 972 4382 1115 4456; x_wconf 90' lang='lat' dir='ltr'><strong>edisseri</strong></span> <span class='ocrx_word' id='word_1_336' title='bbox 1141 4383 1248 4454; x_wconf 77' lang='lat' dir='ltr'><strong>valet.</strong></span> <span class='ocrx_word' id='word_1_337' title='bbox 1269 4382 1368 4469; x_wconf 90' lang='lat' dir='ltr'><strong>Quid</strong></span> <span class='ocrx_word' id='word_1_338' title='bbox 1389 4380 1496 4452; x_wconf 91' lang='lat' dir='ltr'><strong>etiam</strong></span> <span class='ocrx_word' id='word_1_339' title='bbox 1523 4379 1669 4469; x_wconf 90' lang='lat' dir='ltr'><strong>mirum,</strong></span> <span class='ocrx_word' id='word_1_340' title='bbox 1693 4378 1722 4449; x_wconf 91' lang='lat' dir='ltr'><strong>si</strong></span> <span class='ocrx_word' id='word_1_341' title='bbox 1739 4379 1777 4449; x_wconf 93' lang='lat' dir='ltr'><strong>in</strong></span> <span class='ocrx_word' id='word_1_342' title='bbox 1794 4404 1832 4452; x_wconf 89' lang='lat' dir='ltr'><strong>se</strong></span> 
     </span>
     <span class='ocr_line' id='line_1_34' title="bbox 209 4500 1832 4606; baseline -0.004 -27"><span class='ocrx_word' id='word_1_343' title='bbox 209 4507 222 4579; x_wconf 87' lang='lat' dir='ltr'><strong>i</strong></span> <span class='ocrx_word' id='word_1_344' title='bbox 226 4526 311 4606; x_wconf 87' lang='lat' dir='ltr'><strong>pso</strong></span> <span class='ocrx_word' id='word_1_345' title='bbox 326 4505 420 4572; x_wconf 87' lang='lat' dir='ltr'><strong>Deus</strong></span> <span class='ocrx_word' id='word_1_346' title='bbox 436 4501 741 4602; x_wconf 89' lang='lat' dir='ltr'><strong>philosophorum</strong></span> <span class='ocrx_word' id='word_1_347' title='bbox 755 4503 922 4602; x_wconf 73' lang='lat' dir='ltr'><strong>infringat</strong></span> <span class='ocrx_word' id='word_1_348' title='bbox 940 4505 1170 4602; x_wconf 88' lang='lat' dir='ltr'><strong>regulas,-aut</strong></span> <span class='ocrx_word' id='word_1_349' title='bbox 1184 4502 1347 4601; x_wconf 86' lang='lat' dir='ltr'><strong>exempla</strong></span> <span class='ocrx_word' id='word_1_350' title='bbox 1362 4527 1442 4600; x_wconf 89' lang='lat' dir='ltr'><strong>quae</strong></span> <span class='ocrx_word' id='word_1_351' title='bbox 1459 4502 1496 4572; x_wconf 89' lang='lat' dir='ltr'><strong>in</strong></span> <span class='ocrx_word' id='word_1_352' title='bbox 1515 4500 1615 4574; x_wconf 81' lang='lat' dir='ltr'><strong>factis</strong></span> <span class='ocrx_word' id='word_1_353' title='bbox 1631 4502 1738 4574; x_wconf 89' lang='lat' dir='ltr'><strong>etiam</strong></span> <span class='ocrx_word' id='word_1_354' title='bbox 1759 4500 1832 4572; x_wconf 89' lang='lat' dir='ltr'><strong>suis</strong></span> 
     </span>
     <span class='ocr_line' id='line_1_35' title="bbox 211 4621 1833 4722; baseline -0.003 -26"><span class='ocrx_word' id='word_1_355' title='bbox 211 4627 438 4721; x_wconf 89' lang='lat' dir='ltr'><strong>frequenter</strong></span> <span class='ocrx_word' id='word_1_356' title='bbox 454 4624 630 4695; x_wconf 81' lang='lat' dir='ltr'><strong>cassata⁸l</strong></span> <span class='ocrx_word' id='word_1_357' title='bbox 651 4628 742 4696; x_wconf 88' lang='lat' dir='ltr'><strong>Cum</strong></span> <span class='ocrx_word' id='word_1_358' title='bbox 760 4624 927 4698; x_wconf 87' lang='lat' dir='ltr'><strong>videlicet</strong></span> <span class='ocrx_word' id='word_1_359' title='bbox 945 4626 1064 4722; x_wconf 90' lang='lat' dir='ltr'><strong>aliqua</strong></span> <span class='ocrx_word' id='word_1_360' title='bbox 1081 4651 1175 4698; x_wconf 86' lang='lat' dir='ltr'><strong>nova</strong></span> <span class='ocrx_word' id='word_1_361' title='bbox 1192 4638 1320 4698; x_wconf 85' lang='lat' dir='ltr'><strong>contra</strong></span> <span class='ocrx_word' id='word_1_362' title='bbox 1336 4637 1503 4697; x_wconf 90' lang='lat' dir='ltr'><strong>naturam</strong></span> <span class='ocrx_word' id='word_1_363' title='bbox 1519 4621 1614 4716; x_wconf 91' lang='lat' dir='ltr'><strong>facit,</strong></span> <span class='ocrx_word' id='word_1_364' title='bbox 1634 4623 1709 4695; x_wconf 84' lang='lat' dir='ltr'><strong>sive</strong></span> <span class='ocrx_word' id='word_1_365' title='bbox 1724 4643 1833 4719; x_wconf 87' lang='lat' dir='ltr'><strong>snpra</strong></span> 
     </span>
     <span class='ocr_line' id='line_1_36' title="bbox 211 4730 1832 4844; baseline -0.006 -25"><span class='ocrx_word' id='word_1_366' title='bbox 211 4758 413 4831; x_wconf 83' lang='lat' dir='ltr'><strong>naturam,</strong></span> <span class='ocrx_word' id='word_1_367' title='bbox 433 4739 504 4814; x_wconf 90' lang='lat' dir='ltr'><strong>hoc</strong></span> <span class='ocrx_word' id='word_1_368' title='bbox 520 4758 573 4815; x_wconf 88' lang='lat' dir='ltr'><strong>est</strong></span> <span class='ocrx_word' id='word_1_369' title='bbox 589 4766 698 4842; x_wconf 88' lang='lat' dir='ltr'><strong>supra</strong></span> <span class='ocrx_word' id='word_1_370' title='bbox 714 4743 785 4816; x_wconf 91' lang='lat' dir='ltr'><strong>hoc</strong></span> <span class='ocrx_word' id='word_1_371' title='bbox 800 4730 898 4841; x_wconf 90' lang='lat' dir='ltr'><strong>quod</strong></span> <span class='ocrx_word' id='word_1_372' title='bbox 917 4746 1033 4844; x_wconf 90' lang='lat' dir='ltr'><strong>prima</strong></span> <span class='ocrx_word' id='word_1_373' title='bbox 1052 4770 1174 4818; x_wconf 91' lang='lat' dir='ltr'><strong>rerum</strong></span> <span class='ocrx_word' id='word_1_374' title='bbox 1190 4745 1365 4818; x_wconf 87' lang='lat' dir='ltr'><strong>institutio</strong></span> <span class='ocrx_word' id='word_1_375' title='bbox 1384 4757 1515 4843; x_wconf 86' lang='lat' dir='ltr'><strong>potest.</strong></span> <span class='ocrx_word' id='word_1_376' title='bbox 1535 4741 1719 4839; x_wconf 88' lang='lat' dir='ltr'><strong>Numquid</strong></span> <span class='ocrx_word' id='word_1_377' title='bbox 1735 4740 1832 4812; x_wconf 88' lang='lat' dir='ltr'><strong>eninr</strong></span> 
     </span>
     <span class='ocr_line' id='line_1_37' title="bbox 209 4857 1835 4966; baseline -0.004 -28"><span class='ocrx_word' id='word_1_378' title='bbox 209 4861 498 4938; x_wconf 87' lang='lat' dir='ltr'><strong>illuminatione</strong></span> <span class='ocrx_word' id='word_1_379' title='bbox 511 4862 594 4934; x_wconf 82' lang='lat' dir='ltr'><strong>caeci</strong></span> <span class='ocrx_word' id='word_1_380' title='bbox 612 4877 698 4935; x_wconf 90' lang='lat' dir='ltr'><strong>nota</strong></span> <span class='ocrx_word' id='word_1_381' title='bbox 722 4862 781 4936; x_wconf 84' lang='lat' dir='ltr'><strong>illa</strong></span> <span class='ocrx_word' id='word_1_382' title='bbox 793 4865 1099 4965; x_wconf 89' lang='lat' dir='ltr'><strong>philosophorum</strong></span> <span class='ocrx_word' id='word_1_383' title='bbox 1114 4866 1235 4966; x_wconf 88' lang='lat' dir='ltr'><strong>regula</strong></span> <span class='ocrx_word' id='word_1_384' title='bbox 1259 4863 1475 4961; x_wconf 78' lang='lat' dir='ltr'><strong>infringitur,</strong></span> <span class='ocrx_word' id='word_1_385' title='bbox 1494 4887 1567 4961; x_wconf 88' lang='lat' dir='ltr'><strong>qua</strong></span> <span class='ocrx_word' id='word_1_386' title='bbox 1583 4859 1630 4934; x_wconf 87' lang='lat' dir='ltr'><strong>ab</strong></span> <span class='ocrx_word' id='word_1_387' title='bbox 1647 4857 1835 4933; x_wconf 84' lang='lat' dir='ltr'><strong>Aristotele</strong></span> 
     </span>
    </p>
   </div>
   <div class='ocr_carea' id='block_1_3' title="bbox 249 5137 957 5287">
    <p class='ocr_par' dir='ltr' id='par_1_3' title="bbox 249 5137 957 5287">
     <span class='ocr_line' id='line_1_38' title="bbox 249 5137 957 5204; baseline 0.004 -15"><span class='ocrx_word' id='word_1_388' title='bbox 249 5143 258 5174; x_wconf 92' lang='lat'><strong>¹</strong></span> <span class='ocrx_word' id='word_1_389' title='bbox 273 5137 367 5200; x_wconf 65' lang='lat' dir='ltr'><strong>toan,</strong></span> <span class='ocrx_word' id='word_1_390' title='bbox 379 5152 433 5202; x_wconf 83' lang='lat' dir='ltr'><strong>cap.</strong></span> <span class='ocrx_word' id='word_1_391' title='bbox 445 5152 484 5204; x_wconf 90' lang='lat' dir='ltr'><strong>ru,</strong></span> <span class='ocrx_word' id='word_1_392' title='bbox 497 5151 520 5190; x_wconf 81' lang='lat' dir='ltr'><strong>r.</strong></span> <span class='ocrx_word' id='word_1_393' title='bbox 530 5141 570 5192; x_wconf 79' lang='grc'><strong>31.</strong></span> <span class='ocrx_word' id='word_1_394' title='bbox 584 5140 631 5177; x_wconf 71' lang='lat'><strong>-2</strong></span> <span class='ocrx_word' id='word_1_395' title='bbox 643 5138 701 5203; x_wconf 81' lang='lat' dir='ltr'><strong>Cap.</strong></span> <span class='ocrx_word' id='word_1_396' title='bbox 710 5154 733 5191; x_wconf 82' lang='lat' dir='ltr'><strong>r.</strong></span> <span class='ocrx_word' id='word_1_397' title='bbox 750 5168 776 5177; x_wconf 88' lang='lat'>-</span> <span class='ocrx_word' id='word_1_398' title='bbox 787 5142 797 5173; x_wconf 78' lang='lat'><strong>³</strong></span> <span class='ocrx_word' id='word_1_399' title='bbox 810 5142 879 5192; x_wconf 86' lang='lat' dir='ltr'><strong>ltdde</strong></span> <span class='ocrx_word' id='word_1_400' title='bbox 891 5145 957 5192; x_wconf 81' lang='lat' dir='ltr'><strong>runt.</strong></span> 
     </span>
     <span class='ocr_line' id='line_1_39' title="bbox 360 5248 383 5287; baseline 0.087 -2"><span class='ocrx_word' id='word_1_401' title='bbox 360 5248 383 5287; x_wconf 88' lang='lat' dir='ltr'><strong>u</strong></span> 
     </span>
    </p>
   </div>
   <div class='ocr_carea' id='block_1_4' title="bbox 0 0 2302 6100">
    <p class='ocr_par' dir='ltr' id='par_1_4' title="bbox 0 0 2302 6100">
     <span class='ocr_line' id='line_1_40' title="bbox 0 0 2302 6100; baseline 0 0"><span class='ocrx_word' id='word_1_402' title='bbox 0 0 2302 6100; x_wconf 95' lang='lat' dir='ltr'><strong> </strong></span> 
     </span>
    </p>
   </div>
  </div>
 </body>
</html>
