4559 6100
469 491 541 563 262
1068 484 1192 558 PETRI
1216 483 1448 560 summunt

467 641 558 714 mini
574 640 642 731 sui,
656 634 839 737 vapulabit
854 634 986 708 multis.
1002 663 1021 705 u
1039 639 1131 708 item
1146 640 1156 675 ¹
1176 663 1185 708 :
1204 666 1223 704 α
1243 637 1369 710 Melius
1386 652 1439 710 est
1460 659 1536 710 non
1551 660 1768 735 cognoscere
1784 638 1878 710 sium
1895 640 2064 736 veritam,

466 785 577 860 quam
594 772 676 858 post
689 757 845 854 agnitam
863 771 958 828 retro
974 754 1086 829 abire.
1102 786 1121 823 r>
1140 759 1236 829 Bene
1251 756 1373 854 itaque
1389 757 1527 830 dictum
1544 771 1610 846 ert,
1632 788 1650 824 «
1667 756 1777 847 susit,
1796 773 1844 831 ·ut
1867 757 1922 831 lex
1940 786 2067 858 pecca-

468 896 546 954 tum
557 881 615 969 sit,
629 908 648 945 s
667 877 781 970 idest,
800 876 935 949 inutilis
949 891 985 948 et
997 877 1092 949 male
1106 901 1151 949 ox
1163 901 1215 966 se,
1234 878 1298 950 sed
1315 892 1435 951 temen
1449 878 1698 950 occasionem’
1712 879 1850 975 peccati
1865 881 1968 976 quod
1983 899 2067 959 ente

466 1025 543 1073 non
559 1013 636 1072 emt
651 1022 696 1070 er
713 998 790 1096 ipsa
805 997 1022 1093 accepimus,
1043 996 1135 1068 sicut
1153 1020 1196 1068 ex
1214 996 1400 1069 nonnullis
1416 995 1524 1068 bonis
1548 1019 1628 1091 quae
1652 1000 1749 1068 Deus
1765 996 1840 1088 dat,
1865 1022 1958 1097 sepe
1981 1025 2068 1075 eou-

467 1119 724 1219 cupiscentiam
737 1118 964 1208 incurrimus,
982 1116 1013 1188 si
1028 1115 1086 1188 his
1097 1140 1282 1189 cmeamus
1296 1116 1376 1189 :vel
1386 1116 1608 1214 superbiam,
1622 1117 1652 1187 si
1668 1118 1743 1215 ipsa
1760 1115 1972 1190 habeamus.
1985 1124 2066 1194 Non

466 1255 587 1314 tamen
604 1240 687 1312 ideo
703 1238 798 1310 maie
823 1250 907 1309 suut
923 1237 1001 1334 ipso
1026 1234 1195 1329 dicende,
1220 1237 1251 1309 si
1270 1235 1363 1309 male
1388 1237 1466 1334 ipsa
1489 1235 1746 1328 desideremus,
1774 1235 1833 1308 vel
1860 1237 1954 1309 maie
1980 1239 2066 1337 ipsis

466 1376 624 1434 utamur.
645 1358 703 1430 Sic
715 1358 807 1454 lege,
829 1370 1094 1453 «peccatum»
1112 1355 1235 1449 idest,
1254 1359 1362 1454 poena
1382 1370 1419 1428 et
1439 1356 1589 1428 afflictio
1610 1353 1719 1451 hujus
1738 1355 1818 1427 vitre
1844 1357 2064 1455 temporetis,

466 1505 577 1580 quum
604 1504 647 1551 ex
672 1476 779 1575 culpa
803 1476 968 1576 priorum
993 1489 1185 1575 parentum
1208 1476 1440 1569 sustinemus,
1470 1490 1621 1574 operum
1632 1488 1694 1547 est
1717 1475 1757 1546 in
1783 1473 1890 1548 nobis
1919 1500 2067 1554 omnem

468 1597 841 1699 «concupiscentiam,
868 1627 886 1664 r
903 1595 1150 1693 quorumlibet
1169 1593 1305 1668 scilicet
1328 1609 1559 1668 terrenorum
1579 1593 1778 1684 bonorum,
1800 1608 1842 1666 ut
1856 1619 1922 1693 per
1939 1619 2066 1672 eorum

464 1720 629 1793 videlicet
643 1716 902 1791 abundantiam
919 1741 1066 1789 omnem
1082 1715 1311 1813 presentium
1327 1738 1569 1788 aerumnarum
1580 1714 1755 1785 evitemus
1773 1714 2002 1788 anxietatem.
2021 1720 2067 1790 Et

464 1839 653 1939 quomodo
671 1838 709 1911 id
733 1851 883 1936 operata
901 1838 948 1909 sit
966 1836 1190 1909 demonstrat
1213 1833 1339 1908 dicens
1365 1863 1373 1906 ε
1401 1862 1420 1904 u
1442 1836 1598 1934 Accepta
1623 1834 1813 1906 occmione
1826 1858 1897 1931 per
1913 1835 2067 1911 munde·

464 1974 555 2057 tum,
577 1991 596 2028 s
614 1959 734 2052 idest,
751 1982 818 2058 per
833 1957 920 2055 legis
936 1955 1272 2030 obedientiamhaec
1288 1971 1428 2029 terrena
1437 1954 1542 2029 ‘bona
1564 1954 1819 2054 promittentis.
1841 1953 1950 2041 Quod
1965 1957 2065 2030 enim

463 2079 521 2154 lex
541 2095 691 2180 propter
714 2077 956 2152 obedientiam
973 2078 1029 2150 sui
1047 2076 1120 2150 hoc
1138 2074 1389 2177 promittebat,
1412 2101 1488 2149 non
1517 2074 1732 2148 videbamur
1750 2097 1918 2173 peccare,
1940 2099 2066 2173 quan·

460 2214 696 2296 tumcumque
723 2199 782 2270 itta
809 2198 1168 2297 consummarem,
1192 2197 1222 2269 si
1247 2196 1455 2294 requisitam
1486 2193 1731 2269 obedientiam
1754 2192 2060 2293 impenderemus.

460 2322 539 2391 Hoc
555 2333 676 2393 autem
695 2319 796 2417 quod
816 2317 888 2391 hoc
911 2318 994 2391 loeo
1012 2332 1200 2415 peccatum
1221 2316 1407 2407 nominet,
1423 2316 1546 2414 ipsum
1560 2316 1725 2388 iomitem
1741 2329 1776 2387 st
1792 2317 2064 2400 nutrimentum

457 2441 596 2537 peccati
621 2463 697 2512 esse
722 2440 900 2532 insinuat,
925 2438 1066 2536 dequo
1086 2435 1195 2508 nobis
1219 2436 1257 2507 io
1282 2435 1513 2534 precedenti
1534 2434 1656 2508 libello
1671 2436 1696 2527 ⁸,
1723 2459 1807 2507 cttm
1828 2433 1875 2505 de
1899 2432 2063 2531 origimii
2140 2420 2146 2428 ’

458 2572 609 2657 peccato
624 2582 825 2657 ageremus,
847 2583 923 2631 non
943 2571 997 2630 est
1012 2556 1304 2656 pretermissum.
1323 2584 1343 2625 e
1357 2554 1447 2627 sine
1463 2554 1544 2652 lege
1558 2556 1670 2645 enim,
1694 2582 1713 2622 »
1730 2553 1849 2646 idest,
1862 2567 2064 2650 antequam

458 2676 518 2751 lex
534 2692 712 2777 praeceptu
728 2678 1036 2776 etpromissiones
1048 2676 1218 2748 auferret.
1238 2679 1510 2747 «Peccatum»
1527 2673 1635 2766 iliud,
1654 2673 1693 2747 id
1715 2688 1769 2746 est
1782 2672 1903 2746 fomes
1922 2673 2000 2764 itte,
2021 2689 2064 2746 ut

459 2795 600 2870 dictum
617 2811 682 2889 est,
705 2798 856 2897 peccati,
876 2808 1083 2869 «mortuum
1099 2808 1189 2887 erat,
1207 2821 1227 2862 u
1244 2795 1424 2867 etsitunc
1441 2795 1550 2867 etiam
1566 2808 1654 2887 eret,
1673 2795 1759 2890 quio
1775 2789 2065 2866 mitioreshabe·

459 2914 524 2990 hat
545 2918 640 2991 vires
658 2915 706 2990 ad
728 2913 1012 2989 exsuscitandam
1035 2913 1379 3013 concupiscentium,
1403 2936 1513 3010 quem
1539 2927 1678 3013 poster.
1702 2916 1787 3001 Quo
1809 2911 1908 2988 enim
1933 2914 2065 2988 cerum

458 3035 497 3110 id
512 3035 614 3135 quod
626 3035 871 3114 desidamus
881 3048 1140 3136 exspectamus,
1159 3033 1312 3134 amplius
1322 3034 1360 3106 io
1368 3032 1451 3130 ejus
1464 3032 1797 3132 concupiscentium
1811 3029 2061 3128 accendimur,

460 3157 551 3232 sicut
561 3183 674 3258 supra
684 3158 927 3231 meminimus.
947 3161 1058 3253 «Ego
1070 3171 1195 3229 autem
1205 3153 1596 3253 vivebamotiquando.
1611 3185 1632 3221 s
1652 3154 1694 3227 ld
1716 3168 1772 3227 est
1791 3153 1916 3250 aliquo
1933 3152 2061 3247 modo,

460 3274 579 3351 sinon
594 3302 641 3351 ex
657 3292 749 3369 toto,
768 3291 885 3350 morte
900 3275 996 3349 iilius
1012 3276 1147 3350 fomitis
1168 3275 1348 3369 carebam,
1365 3288 1402 3346 et
1418 3275 1520 3370 quasi
1545 3274 1622 3349 sine
1646 3272 1941 3373 concupiscentie
1962 3296 2064 3347 eram

459 3397 506 3472 ad
530 3396 1053 3499 comparationemsubsecutte
1074 3411 1169 3497 post*
1183 3396 1299 3494 legem
1320 3395 1631 3495 concupiscentie.
1664 3424 1683 3462 e
1704 3392 1777 3467 sed
1800 3418 1886 3466 cum
1910 3393 2065 3466 smeret

331 3560 339 3569 -
459 3520 721 3610 mandatum»
742 3521 821 3616 lege
845 3519 942 3613 data,
962 3519 1124 3592 ‹r-rsrinit
1139 3532 1346 3618 peccatum,
1368 3546 1386 3587 »
1412 3513 1451 3587 id
1476 3528 1533 3587 est
1555 3528 1638 3613 post
1663 3527 1881 3613 preceptum
1912 3511 2066 3586 invehit

459 3638 762 3739 concupiscentia,
780 3637 838 3711 vei
855 3638 982 3713 revixit
998 3639 1038 3710 in
1056 3638 1161 3737 prole
1178 3637 1278 3735 quod
1302 3637 1488 3734 precessit
1502 3636 1540 3706 in
1554 3647 1720 3734 perunte,
1742 3631 1781 3706 id
1801 3647 1861 3704 ost
1885 3632 2065 3730 concupi·

459 3759 594 3832 scentia
616 3760 666 3831 ite
683 3773 738 3831 est
762 3756 868 3831 nobis
890 3771 973 3857 post
991 3769 1212 3857 preceptum
1236 3756 1402 3847 eroitsta,
1426 3755 1519 3828 sicut
1544 3755 1583 3827 in
1608 3754 1734 3854 primis
1745 3750 1960 3852 pareutum
1976 3767 2064 3850 pom

458 3891 678 3977 preceptum
705 3877 897 3968 inchoem
918 3875 1113 3975 prmerttm
1140 3899 1226 3951 cum
1250 3898 1345 3974 πρε
1368 3872 1689 3973 etismardentius
1714 3870 1936 3945 desideretur
1956 3869 2063 3968 quod

458 3997 685 4098 prohibetur,
696 3997 800 4096 juxta
815 3997 905 4070 iilud
922 3997 1106 4097 poeticum
1124 4000 1150 4090 ⁸,

726 4179 867 4247 Nitimur
880 4180 915 4245 in
930 4178 1065 4244 vetitum
1080 4198 1218 4268 semper,
1233 4176 1441 4269 cupimusque
1457 4191 1588 4269 negata.

463 4386 482 4429 o
494 4361 569 4457 Ego
585 4372 707 4431 cutem
722 4371 885 4431 mortuus
901 4380 1027 4431 sum.»
1046 4357 1116 4446 Qui
1132 4357 1232 4456 prius
1254 4356 1357 4456 quasi
1384 4354 1560 4447 infirmus,
1587 4378 1663 4427 noo
1689 4367 1856 4433 mmmm
1875 4370 1994 4438 enm,
2021 4362 2064 4420 et

460 4480 562 4578 quasi
577 4477 822 4577 corrigendus,
834 4503 913 4551 non
930 4475 1179 4571 tenuando-3
1194 4475 1439 4575 flagellmdus,
1452 4500 1535 4553 nce
1548 4473 1792 4566 neomutus,
1814 4470 1958 4544 minore
1985 4488 2064 4540 me·

459 4601 544 4691 rito,
560 4601 676 4698 siqua
690 4613 779 4692 emt,
797 4598 1088 4698 concupiscentie
1102 4599 1316 4671 stimulatus.
1338 4626 1357 4665 e
1375 4602 1419 4669 Et
1434 4598 1624 4669 inuentum
1638 4609 1692 4669 est
1702 4593 1811 4667 mihi.
1827 4624 1847 4660 o
1865 4589 1909 4664 td
1927 4602 1984 4662 est
1998 4611 2063 4660 oe-

460 4721 604 4796 msione
620 4720 720 4819 legis,
736 4734 778 4793 ut
792 4720 929 4793 dictum
943 4734 1009 4809 est,
1028 4744 1072 4793 eu
1087 4741 1161 4817 qua
1174 4717 1394 4797 melioresce
1404 4717 1533 4812 debui,
1550 4707 2059 4811 frumeumtengedetoioe,

492 5029 575 5083 tren.
594 5031 627 5094 u,
639 5045 693 5095 cap.
714 5046 741 5095 u,
756 5045 780 5083 r.
798 5034 836 5084 st.
851 5058 880 5068 -
894 5030 976 5082 ’itate
994 5028 1065 5081 Δηὼ.
1079 5027 1216 5080 remoue.
1229 5053 1258 5064 -
1269 5029 1278 5062 ³
1288 5026 1350 5080 Vide
1367 5040 1443 5091 supra
1458 5028 1502 5078 ltb.
1519 5025 1541 5077 11
1558 5027 1659 5090 hulusee
1679 5024 1856 5083 commentarit,
1869 5034 1895 5086 p.
1906 5022 1953 5072 ²88
1964 5027 1991 5070 et
2001 5030 2061 5084 sqq.

463 5136 492 5148 -
505 5112 514 5144 t
526 5110 597 5163 (tritt
608 5113 713 5178 Aaron,
724 5111 767 5176 ltl,
780 5124 818 5175 tt,
832 5124 855 5162 r.
872 5112 910 5163 u.
