4559 6100
458 438 506 569 oo
788 578 793 603 ,
1061 493 1190 566 rerer
1217 493 1452 567 resumet

460 676 476 711 α
491 644 633 717 adeost
646 643 718 729 Qui
728 655 794 730 est,
804 641 968 713 misitme
978 640 1025 713 ad
1035 664 1115 713 vos.
1129 640 1232 713 »Sed
1244 655 1362 714 temen
1376 642 1451 715 sire
1464 641 1617 713 essentia
1626 639 1781 730 dicatur,
1793 637 1894 735 quod
1906 644 2053 739 proprie

457 770 600 857 dicitur,
619 769 692 839 sive
705 765 916 852 substantia,
932 765 1034 863 quod
1048 765 1212 858 abusive,
1226 781 1419 864 utrumque
1433 765 1481 837 ad
1491 790 1529 838 se
1542 789 1618 837 non
1628 763 1774 836 relative
1790 761 1933 837 dicitur.
1948 765 2053 839 Unde

455 885 527 957 hoc
548 898 600 955 est
624 886 703 953 Deo
726 906 803 955 esse
827 876 928 979 quod
949 879 1159 969 subsistere,
1178 894 1215 952 et
1230 880 1314 953 iden
1336 881 1367 952 si
1390 903 1462 953 ons
1483 880 1637 955 essentia
1655 878 1819 971 Trinitas,
1848 903 1920 951 ona
1944 881 2054 953 edam

458 1003 668 1077 substantia.
690 1029 707 1071 r
725 1005 779 1077 De
796 1025 870 1099 quo
887 1001 996 1073 etiarn
1009 998 1078 1072 lob
1095 999 1275 1097 loquitur¹
1293 1027 1301 1071 :
1322 1028 1341 1067 r
1355 1003 1435 1097 lpse
1450 999 1549 1073 enim
1562 997 1662 1072 solus
1680 1011 1734 1071 est
1746 1011 1782 1071 et
1799 1022 1908 1071 nemo
1925 998 2054 1073 adver·

457 1138 531 1196 tere
557 1136 673 1221 potest
697 1121 934 1216 cogitationes
959 1120 1049 1218 ιῂιιι.
1067 1147 1087 1188 rr
1104 1123 1159 1191 Ex
1179 1119 1237 1192 bis
1257 1120 1380 1216 itaque
1399 1118 1534 1214 liquet,
1560 1130 1629 1191 nec
1654 1118 1763 1191 etiarn
1784 1117 1885 1213 jura
1909 1134 2052 1193 sanctos

457 1242 624 1342 proprie,
645 1264 713 1315 neo
724 1241 826 1337 juxta
843 1237 1081 1340 philosophos
1096 1237 1174 1311 tdlo
1190 1237 1304 1311 modo
1320 1243 1438 1311 Deum
1457 1235 1694 1311 substantiam
1711 1236 1795 1311 dici.
1815 1237 2053 1335 Patet-itaque

457 1389 478 1437 a
505 1379 657 1437 uectem
681 1363 1007 1463 philosophorum,
1038 1386 1160 1437 terrrrn
1186 1364 1352 1437 omnium
1382 1370 1528 1435 naturas
1547 1362 1595 1434 in
1622 1360 1749 1435 decem
1777 1360 2052 1460 praedicamenta

457 1485 762 1567 distribuentium,
793 1484 892 1557 illurn
918 1507 1099 1557 summam
1125 1483 1350 1580 majestatem
1373 1507 1451 1557 esse
1479 1482 1661 1559 exclusam
1682 1483 1849 1573 omnino,
1879 1506 1948 1555 nec
1977 1478 2051 1556 ullo

457 1606 570 1678 rnodo
585 1604 722 1701 regulas
739 1620 801 1677 aut
817 1604 1029 1679 traditiones
1041 1629 1171 1679 eorum
1185 1604 1232 1677 ad
1247 1603 1346 1678 illum
1362 1627 1542 1676 summam
1554 1618 1663 1702 etque
1679 1599 1898 1675 ineffabilem
1913 1602 2053 1676 celsitu·

456 1725 579 1797 dinem
595 1724 852 1815 conscendere,
869 1722 932 1798 sed
948 1739 1193 1798 creaturarum
1208 1724 1346 1797 neutris
1364 1722 1588 1822 inquirendis
1605 1746 1668 1795 eos
1683 1735 1978 1812 esseteontentos,
1996 1747 2051 1796 se·

456 1839 618 1911 cundum
633 1839 735 1937 quod
749 1841 922 1940 scripturn
939 1844 1044 1913 sst¹r
1068 1840 1174 1929 :Qui
1194 1838 1350 1914 deterre
1367 1853 1436 1930 est,
1455 1837 1502 1910 de
1527 1851 1622 1911 terra
1640 1836 1819 1932 loquitur,
1835 1866 1853 1902 ιι
1872 1861 1961 1934 quas
1985 1862 2052 1911 nec

456 1956 575 2030 adhuc
595 1959 903 2057 comprehendere
922 1984 969 2032 ac
987 1960 1130 2035 ratione
1154 1959 1332 2032 ffltcutmt
1350 1957 1398 2031 ad
1422 1957 1512 2031 illud
1538 1954 1733 2031 sufficiunt.
1761 1954 1870 2045 Quod
1892 1980 2054 2031 summus

457 2081 516 2154 ille
532 2083 736 2182 sapientam
752 2082 925 2156 Salomon
942 2082 1178 2156 considerans
1194 2083 1258 2155 ait⁸
1280 2110 1289 2154 ε
1308 2085 1484 2156 rCunctae
1502 2105 1559 2154 res
1574 2080 1751 2171 mttere,
1769 2105 1845 2153 non
1860 2094 1979 2178 potest
1992 2105 2052 2154 ess

458 2199 570 2272 homo
587 2200 763 2299 explicere
777 2224 958 2291 sermone,
975 2215 1011 2274 et
1027 2201 1098 2275 alta
1113 2200 1354 2300 profunditas,
1373 2201 1630 2298 quis'inveniet
1645 2198 1782 2273 euml»
1803 2203 1846 2271 Et
1862 2223 1925 2298 per
1941 2192 2068 2273 semet'

457 2320 572 2418 ipsam
579 2321 800 2417 Sapierrtw:
819 2351 837 2388 u
846 2321 1102 2417 Cogitationes,
1109 2322 1239 2418 inquit,
1251 2320 1658 2414 mortaliumtimidmt
1669 2322 1812 2393 incerte
1820 2318 2053 2417 providentie

458 2446 600 2511 nostre
620 2436 760 2538 Corpus
779 2441 878 2515 enim
899 2440 1000 2538 qood
1014 2443 1262 2541 corrumpitur
1279 2457 1447 2540 aggravat
1468 2442 1640 2534 animam,
1663 2455 1700 2515 et
1730 2439 1899 2538 deprimit
1914 2455 2054 2515 terrena

458 2552 1165 2657 habitatio'sonsumtmuiteoogitantem.
1184 2566 1229 2634 tt
1241 2560 1389 2635 difficile
1400 2560 1617 2634 aestimamus
1630 2559 1765 2658 quein
1782 2573 1876 2631 terra
1894 2573 1997 2650 sunt;
2019 2577 2054 2633 et

457 2699 536 2773 qu
559 2679 597 2751 in
615 2694 809 2779 prospectu
824 2695 925 2771 som,
942 2681 1147 2754 invenimus
1162 2705 1246 2754 curn
1270 2680 1407 2753 labore.
1435 2685 1525 2769 Quae
1545 2694 1668 2754 autem
1685 2680 1723 2752 in
1745 2677 1843 2753 coelis
1863 2692 1948 2751 sunt
1972 2681 2053 2778 quis

457 2793 731 2892 investigabiti»
746 2795 857 2883 Quod
866 2796 976 2871 etiam
990 2798 1110 2870 omnis
1124 2795 1202 2869 haec
1215 2796 1352 2870 locutio
1366 2796 1412 2870 ad
1427 2810 1676 2871 creaturarum
1691 2809 1802 2869 status
1821 2795 1974 2869 menime
1993 2820 2054 2870 ao-

457 2915 688 2988 commodstt
708 2916 767 3006 sit,
790 2940 835 2988 err
860 2941 902 2989 ea
918 2918 1097 3017 praecipuo
1119 2930 1222 3016 parte
1237 2917 1410 2990 orationis
1433 2932 1597 3016 apparet,
1622 2917 1699 2991 sine
1717 2938 1791 3014 qua
1806 2913 1905 2991 nulla
1922 2913 2054 2989 dicitur

457 3050 620 3108 constare
641 3035 815 3134 petreum
830 3036 1022 3138 orationis,
1040 3063 1085 3111 err
1101 3061 1146 3112 ea
1161 3035 1296 3112 scilicet
1315 3062 1396 3135 quae
1419 3035 1574 3111 verbum
1590 3035 1804 3136 appellatur.
1822 3038 1905 3108 lleec
1920 3035 2055 3136 quippe

457 3153 568 3226 dictio
585 3157 757 3255 temporis
776 3154 1021 3256 designativa,
1040 3179 1123 3254 quae
1137 3158 1270 3256 incepit
1287 3181 1311 3230 a
1328 3156 1480 3230 mundo.
1501 3157 1607 3232 Unde
1625 3156 1654 3228 si
1671 3155 1779 3252 hujus
1793 3156 1905 3255 pertis
1920 3154 2054 3252 signifi·

455 3275 635 3347 ostionem
655 3274 895 3366 attendamur,
919 3279 1085 3375 oportet'
1107 3300 1172 3375 per
1187 3299 1269 3349 eam
1290 3278 1467 3377 cujusque
1492 3276 1771 3352 constructionis
1793 3300 1938 3349 sensum
1963 3275 2052 3349 inira

456 3391 632 3466 ambitum
645 3396 824 3468 canunt
839 3395 896 3467 vel
912 3396 1071 3469 coerceri
1087 3398 1273 3496 temporis,
1292 3397 1365 3471 hoc
1381 3413 1435 3471 est
1448 3396 1496 3472 ad
1514 3422 1574 3470 eas
1586 3420 1643 3469 res
1656 3409 1798 3470 tantum
1813 3395 2054 3494 temporaliter

456 3513 748 3611 inclinamenta
767 3513 1015 3589 demonstrare
1036 3514 1227 3608 ιοίιιιιιιιι,
1253 3517 1499 3617 temporaliter
1522 3517 1734 3613 contingere
1754 3541 1822 3590 nec
1846 3515 2057 3592 eternaliter

456 3631 658 3705 subsistere.
685 3631 789 3704 Unde
810 3657 895 3706 curn
922 3633 1077 3708 dicimus
1098 3639 1217 3708 Deum
1234 3638 1394 3735 priorem
1415 3661 1493 3712 esse
1519 3636 1674 3728 mund0,
1699 3637 1775 3710 sive
1795 3636 1945 3710 existere
1972 3647 2056 3706 ente

458 3762 641 3847 tempore,
667 3752 748 3847 quis
768 3775 895 3825 sensus
924 3753 962 3826 in
990 3751 1046 3826 bis
1068 3753 1193 3828 verbis·
1211 3777 1316 3830 veros
1339 3781 1416 3831 esse
1443 3771 1562 3856 potest
1588 3755 1634 3830 de
1657 3754 1912 3855 precessione·
1931 3752 1999 3824 Dei
2018 3765 2055 3824 et

455 3869 882 3963 immansuetum,
912 3872 945 3946 si
975 3869 1052 3944 hec
1087 3872 1197 3948 rerba
1223 3872 1272 3947 ad
1304 3874 1496 3952 hominum
1522 3876 1784 3954 institutionem
1811 3874 2055 3973 accipiamus,

455 3986 656 4064 seeundum
679 3988 796 4086 ipsam
819 3991 990 4088 temporis
1012 3989 1331 4087 significationem,
1350 4010 1390 4070 ut
1406 3995 1571 4072 videlicet
1595 3995 1758 4072 dicamus
1772 3996 1909 4067 Deum'
1925 4016 2055 4066 secun·

456 4105 547 4179 dum
569 4121 710 4206 ternpus
731 4108 890 4206 prionern
917 4111 1154 4198 essemundo
1178 4113 1235 4188 vel
1257 4115 1443 4208 exstitisse,
1461 4115 1535 4190 hoc
1557 4130 1610 4189 est
1630 4116 1668 4188 in
1689 4129 1853 4213 tempore
1873 4111 2055 4211 preterito

456 4222 562 4300 fuitne
590 4240 785 4324 antequem
819 4241 962 4326 ternpus
992 4244 1087 4306 osset
1106 4231 1276 4331 aliquid?
1304 4238 1458 4333 Oportet
1489 4236 1610 4332 itaque
1639 4258 1725 4308 cum
1751 4231 1800 4306 ad
1832 4230 2052 4327 singularem

456 4343 650 4422 divinitatis
670 4360 838 4422 naturam
853 4372 1087 4447 quascrmque
1110 4349 1289 4428 dictiones
1304 4354 1570 4445 ruussertmos,
1599 4377 1662 4428 eas
1675 4353 1713 4425 in
1730 4351 1915 4449 quendem
1941 4350 2060 4443 singu-

455 4461 567 4540 loram
583 4463 879 4562 sigrtiiieetioncm
895 4490 958 4542 seu
979 4468 1086 4542 etism
1103 4470 1367 4548 institutionem
1387 4472 1615 4563 contrahere,
1636 4485 1744 4570 atque
1766 4495 1831 4570 per
1850 4470 1938 4561 hoc,
1955 4466 2056 4565 quod

457 4584 582 4658 omia
609 4585 718 4660 ctiam
743 4584 906 4678 excedit,
940 4589 1141 4662 necessario
1173 4592 1359 4690 propriam
1387 4594 1652 4670 institutionem
1692 4589 1877 4666 excedere.
1910 4590 2059 4660 Constat

456 4703 602 4803 tmere
618 4705 721 4801 lma
733 4706 922 4782 Boethium
937 4731 979 4782 ac
995 4709 1195 4801 Platonem,
1207 4728 1381 4809 cognatos
1396 4712 1590 4811 dequibus
1606 4712 1808 4824 loquuntur
1821 4706 1930 4783 rebus
1946 4729 2057 4806 opor·

487 4937 495 4965 ¹
507 4932 563 4995 leb,
579 4948 634 4998 etp.
650 4948 719 4998 rrtrr,
733 4950 757 4987 ι.
771 4940 808 4988 tt.
821 4917 852 4974 '-
862 4939 871 4968 ³
882 4935 963 5000 loen,
980 4951 1034 5001 cap.
1053 4951 1089 5000 ιιι,
1106 4952 1130 4989 ι.
1147 4941 1186 4992 at.
1198 4966 1227 4977 -
1281 4944 1388 4993 eadere
1399 4942 1470 4993 Amb.
1484 4968 1516 4979 -
1526 4946 1534 4975 ⁷
1544 4939 1586 4991 Stc
1597 4940 1684 4992 Theoi.
1704 4940 1794 4991 Ctrrtst.
1816 4939 1846 4990 ta
1861 4935 1978 4987 videlieet
1990 4934 2059 4986 dice·

450 5014 632 5081 ’Bretemrp
643 5014 664 5080 1,
676 5029 702 5068 s.
714 5020 772 5070 t.-
782 5018 869 5083 ‘datm
878 5032 933 5083 esp.
943 5033 979 5082 rr,
987 5033 1009 5070 ι.
1021 5022 1060 5084 rt,
1072 5022 1229 5084 stre-‘stc
1281 5035 1340 5074 ιιιιιι
1349 5024 1446 5087 mun,
1458 5024 1526 5075 deest
1542 5022 1613 5074 teu

457 5093 516 5144 cod.
531 5093 593 5148 Vter.
608 5098 718 5164 Oportet,
730 5099 800 5149 deest
816 5100 888 5150 Amb.
901 5125 932 5139 -
942 5101 952 5134 ⁸
962 5101 1001 5151 stc
1014 5101 1075 5153 cod.
1089 5101 1150 5152 vict.
1166 5102 1230 5152 Pro·
