4559 6100
479 513 553 585 628
1087 516 1215 589 PETRI
1246 517 1480 590 AssAEttttnt

479 677 533 736 est
565 684 639 734 non
657 661 870 753 adtendens,
885 694 903 730 r
918 664 1092 763 quoniam
1104 679 1204 740 tanta
1219 667 1296 763 ejus
1311 666 1514 762 benignitas
1526 665 1571 740 ad
1588 665 1850 766 poenitentiam,
1866 691 1885 730 n
1898 678 2075 760 quantum

480 784 518 853 in
546 805 585 853 se
613 796 683 872 est,
714 781 958 877 «readducit,
975 812 993 851 n
1021 783 1094 857 hoc
1120 801 1186 876 est,
1207 786 1289 859 facit
1316 812 1381 859 cur
1396 810 1476 860 eam
1499 785 1732 859 adtendendo
1759 784 1806 857 ad
1827 781 2074 882 paenitentiam

421 888 423 893 ⁸
478 898 628 973 deberes
652 902 830 991 converti,
857 901 958 999 quod
983 916 1057 974 tam
1082 902 1281 1000 benignum
1313 906 1583 1005 contempsisti?
1607 911 1650 979 Et
1679 906 1756 979 hec
1782 903 1928 1002 quidem
1951 923 2076 973 revera

478 1019 661 1094 fructuosa
682 1037 736 1095 est
752 1022 959 1120 poenitentia
974 1025 1126 1123 peccati,
1145 1049 1228 1097 cum
1249 1025 1310 1099 hic
1326 1025 1432 1099 dolor
1448 1039 1555 1124 atque
1576 1026 1744 1098 contritio
1764 1022 1876 1096 animi
1891 1046 1934 1093 er
1950 1045 2075 1094 amore

479 1140 559 1228 Dei,
573 1164 681 1237 quem
691 1155 765 1215 tam
781 1142 978 1237 benignum
989 1142 1230 1236 adtendimus,
1243 1146 1364 1244 potius
1377 1170 1486 1243 quarn
1496 1170 1541 1218 ex
1554 1146 1882 1243 timorepoenarum
1892 1139 2071 1239 procedit.

528 1261 619 1331 Cum
653 1258 725 1332 hoc
756 1275 876 1332 autem
902 1262 1034 1356 gemitu
1064 1276 1099 1334 et
1125 1264 1343 1337 contritione
1370 1264 1508 1356 cordis,
1538 1289 1649 1363 quam
1674 1287 1796 1335 veram
1826 1259 2073 1360 poenitentiam

479 1377 645 1468 dicimus,
665 1393 852 1477 peccatum
878 1404 954 1452 non
977 1397 1177 1480 permanet,
1196 1383 1268 1456 hoc
1289 1400 1356 1476 est,
1375 1398 1603 1482 contemptus
1621 1384 1701 1471 Dei,
1727 1382 1802 1454 sire
1822 1401 2018 1452 consensus
2032 1379 2073 1449 in

481 1496 615 1570 malum
635 1525 643 1568 :
665 1499 750 1596 quia
770 1498 926 1572 charitas
941 1502 1007 1574 Dei
1024 1502 1123 1575 hunc
1142 1503 1314 1599 gemitum
1331 1504 1510 1604 inspirans
1525 1529 1600 1576 non
1618 1503 1750 1603 patitur
1766 1498 1925 1598 culpam;
1944 1502 1984 1569 ln
2000 1496 2073 1569 hoe

478 1617 597 1689 statim
622 1619 753 1714 gemitu
781 1621 858 1690 Deo
885 1619 1172 1715 reconciliamur,
1193 1637 1229 1694 et
1256 1622 1487 1722 praeoedentis
1511 1623 1649 1722 peccati
1667 1622 1807 1693 veniam
1834 1617 2069 1714 assequimur,

474 1735 576 1831 juxta
586 1735 675 1809 illud
690 1738 889 1836 Prophetae¹
908 1767 917 1809 :
939 1769 956 1807 n
967 1742 1203 1839 Quacumque
1216 1741 1308 1815 hora
1318 1759 1487 1840 peccator
1497 1742 1723 1838 ingemuerit,
1741 1738 1859 1812 salvus
1869 1738 1955 1830 erit;
1973 1735 2070 1807 »hoc

478 1869 531 1926 est
550 1855 662 1929 salute
677 1857 805 1929 animae
827 1882 900 1930 suae
914 1857 1044 1955 dignus
1059 1859 1246 1933 efficietur.
1268 1865 1347 1934 Non
1364 1864 1413 1935 ait
1432 1890 1441 1935 ε
1460 1887 1535 1960 quc
1553 1885 1663 1950 anno,
1683 1858 1739 1931 vel
1755 1882 1829 1956 quo
1846 1879 1982 1944 mense,
1997 1854 2069 1926 sive

478 1998 552 2072 qua
569 1974 813 2068 hebdomada,
833 1976 888 2049 vel
900 1977 1055 2076 quodie,
1068 1979 1332 2077 sedquahora3
1346 1997 1385 2055 ut
1401 1982 1478 2055 sine
1489 1981 1659 2054 dilatione
1671 1979 1776 2051 venia
1789 1975 1939 2071 dignum
1952 1988 2070 2045 osten-

478 2094 556 2168 dat:
566 2119 634 2168 nec
643 2097 676 2167 ei
686 2121 832 2196 poenam
840 2111 1010 2169 aeternam
1019 2096 1156 2192 deberi,
1165 2101 1201 2170 in
1212 2123 1284 2196 qua
1292 2101 1451 2173 consistit
1462 2099 1716 2173 condemnatio
1728 2082 1876 2195 peccati.
1890 2093 1963 2165 Etsi
1973 2093 2069 2165 enim

477 2214 629 2287 articulo
654 2217 872 2289 necessitatis
896 2233 1114 2317 preventus,
1139 2243 1216 2291 non
1241 2218 1372 2293 habeat
1395 2220 1517 2292 locum
1538 2216 1709 2291 veniendi
1733 2215 1780 2288 ad
1805 2213 2068 2287 confessionem

477 2334 533 2407 vel
556 2335 752 2434 peragendi
775 2336 1068 2425 satisfactionem,
1087 2362 1318 2437 nequaquam
1333 2340 1371 2413 in
1394 2339 1466 2412 hoc
1485 2339 1618 2435 gemitu
1646 2336 1786 2409 dehac
1805 2334 1878 2407 vita
1901 2331 2068 2405 recedens

476 2452 676 2547 gehennam
693 2456 861 2543 incurrit;
881 2455 981 2554 quod
1002 2471 1056 2529 est
1076 2457 1277 2531 condonari
1299 2463 1414 2533 aDeo
1432 2473 1633 2558 peccatum,
1660 2455 1732 2528 hoc
1757 2469 1830 2543 est,
1858 2476 1941 2524 eum
1963 2451 2068 2525 talem

475 2570 552 2644 fieri
568 2598 676 2670 quem
688 2575 765 2670 jam
780 2600 855 2647 non
872 2578 917 2649 sit
938 2577 1089 2674 dignum
1105 2579 1197 2651 sicut
1211 2584 1335 2652 antea’
1348 2594 1498 2678 propter
1513 2576 1600 2650 illud
1628 2574 1727 2674 quod
1746 2574 1924 2674 praecessit
1939 2596 2068 2671 pecca·

476 2705 574 2784 tum,
592 2694 805 2767 aeternaliter
829 2719 850 2767 a
883 2701 961 2769 Deo
986 2698 1118 2795 puniri.
1148 2704 1228 2771 Non
1253 2701 1349 2771 enirn
1371 2704 1469 2772 Deus
1492 2722 1576 2770 cnm
1599 2709 1789 2796 peccatum
1816 2690 2069 2793 poenitentibus

475 2810 679 2905 condonat,
723 2837 870 2887 omnem
912 2840 1058 2913 poenam
1092 2817 1144 2888 eis
1178 2817 1351 2912 ignoscit,
1390 2817 1453 2890 sed
1491 2815 1722 2889 solummodo
1757 2830 1940 2887 aeternam.
1970 2811 2068 2883 lllulti

474 2953 633 3028 namque
652 2932 884 3031 poenitentes,
909 2935 973 3033 qui
990 2936 1161 3034 preventi
1188 2951 1317 3028 morte,
1335 2935 1613 3008 satisfactionem
1629 2936 1845 3034 poenitentire
1856 2935 1892 3005 in
1913 2932 1981 3004 liae
1997 2932 2068 3002 vita

477 3075 552 3124 non
570 3067 733 3149 egerunt,
758 3055 872 3151 poeuis
898 3056 1126 3154 purgatoriis,
1145 3081 1220 3128 non
1239 3055 1472 3128 damnatoriis
1497 3057 1534 3127 in
1559 3054 1678 3128 futura
1704 3069 1943 3128 reservantur.
1966 3050 2067 3123 Unde

473 3195 642 3269 suprema
661 3170 786 3268 judicii
800 3173 889 3267 dies,
914 3199 985 3273 qua
1005 3175 1108 3250 multi
1130 3173 1291 3247 fidelium
1307 3175 1482 3273 puniendi
1494 3190 1595 3268 sunt,
1614 3189 1750 3273 quanto
1767 3176 1882 3273 spatio
1899 3171 2067 3269 temporis

472 3291 696 3382 extendatur,
715 3293 892 3365 incertum
907 3307 960 3367 est
972 3321 980 3365 :
994 3296 1158 3392 quamvis
1166 3297 1378 3367 resurrectio
1391 3324 1408 3365 n
1423 3298 1459 3367 in
1471 3308 1669 3386 momento,
1687 3295 1726 3365 in
1738 3294 1811 3366 ictu
1823 3292 1934 3365 oculi³
1951 3320 1968 3358 n
1985 3288 2064 3381 frat,

471 3425 512 3483 ut
534 3409 699 3484 videlicet
735 3411 786 3483 ibi
819 3411 865 3485 de
891 3412 1006 3512 culpis
1034 3414 1270 3506 satisfaciant,
1297 3429 1473 3512 quantum
1501 3419 1596 3488 Deus
1622 3413 1839 3503 decreverit,
1863 3411 1910 3486 de
1937 3408 2066 3509 quibus

474 3529 674 3604 satisfacere
698 3530 916 3626 distulerint,
948 3549 1008 3607 aut
1024 3534 1187 3633 permissi
1204 3558 1279 3606 non
1298 3550 1396 3608 sunt.

1116 3817 1299 3907 CAPUT
1341 3820 1428 3908 ΚΧ.

779 4032 887 4089 Utrum
914 4029 1041 4107 quiade
1069 4049 1129 4089 uno
1152 4044 1270 4109 peccato
1296 4031 1359 4091 sine
1382 4032 1475 4091 altero
1496 4032 1636 4111 poenitere
1662 4032 1771 4112 possit?

519 4228 611 4297 Sunt
629 4226 692 4324 qui
711 4242 874 4324 quaerunt
887 4241 1008 4300 utrum
1024 4228 1104 4325 quis
1122 4228 1170 4302 de
1196 4254 1270 4302 uno
1289 4243 1438 4326 peccato
1453 4232 1627 4330 poenitere
1640 4232 1753 4330 possit
1773 4245 1810 4303 et
1824 4254 1899 4302 non
1914 4230 1961 4303 de
1978 4229 2063 4321 alio,

473 4359 515 4420 ut
540 4360 627 4446 pote
656 4345 703 4419 de
728 4344 939 4439 homicidio,
968 4360 1004 4419 et
1033 4371 1108 4419 non
1138 4348 1186 4419 de
1209 4347 1449 4419 fornicatione
1480 4373 1589 4444 quam
1613 4350 1733 4424 adhuc
1758 4363 1964 4450 perpetrare
1989 4372 2064 4421 non

470 4462 635 4538 desistit?
660 4463 732 4538 Sed
758 4468 787 4536 si
813 4463 1034 4539 fructuosam
1061 4465 1160 4539 illam
1187 4466 1434 4564 poenitentiam
1459 4467 1715 4565 intelligamus,
1738 4493 1847 4567 quam
1870 4470 1936 4540 Dei
1961 4491 2066 4541 amor

469 4584 646 4674 immittit,
669 4599 704 4656 et
716 4607 827 4682 quam
840 4586 1033 4682 Gregorius
1056 4583 1263 4658 describens
1284 4586 1361 4659 ait:
1385 4614 1404 4653 u
1425 4588 1637 4660 Poenitentia
1653 4603 1707 4660 est
1728 4588 1919 4660 commissa
1934 4586 2065 4659 deflere

469 4719 506 4778 et
520 4703 642 4780 flenda
662 4728 737 4776 non
754 4705 997 4794 committere;
1019 4735 1037 4772 n
1057 4727 1285 4803 nequaquam
1304 4706 1515 4803 poenitentia
1534 4705 1605 4779 dici
1628 4721 1765 4805 potest,
1792 4707 1839 4780 ad
1867 4730 1976 4804 quam
2001 4728 2068 4778 nos

471 4847 575 4899 amor
590 4824 657 4897 Dei
669 4824 870 4927 compellit,
884 4826 1025 4924 quoties
1040 4849 1135 4899 unus
1147 4839 1375 4924 contemptus
1386 4826 1572 4898 retinetur.
1590 4827 1627 4898 si
1648 4827 1744 4900 enim
1758 4850 1863 4902 amor
1877 4827 1958 4919 Dei,
1976 4826 2067 4897 sicut

499 5106 602 5158 'Exacta
613 5142 620 5168 ,
632 5118 687 5168 cap.
699 5118 789 5166 unu,
802 5118 825 5155 r.
840 5106 902 5156 tter
911 5104 950 5156 tt.
962 5105 1008 5142 -²
1018 5105 1057 5155 Str
1071 5105 1201 5167 tegendum
1212 5106 1371 5169 mnumur.
1390 5104 1474 5156 Pectus
1485 5104 1612 5157 animem.
1623 5131 1652 5142 —
1665 5102 1793 5156 ³Gorirrtlt.
1804 5101 1825 5166 l,
1835 5114 1889 5164 cap.
1903 5114 1945 5164 xv,
1953 5114 1976 5152 r.
1986 5105 2028 5154 52.
