4559 6100
510 464 582 539 716
1120 461 1241 533 ΡΕΤΒΙ
1266 458 1496 532 ABAELARDl

509 637 619 686 manu
636 613 782 713 propria
797 612 914 712 spicas
932 626 1088 685 maturas
1101 612 1302 710 exindeque
1318 635 1428 710 grana
1444 610 1562 684 elicita
1578 632 1644 710 per
1659 633 1697 682 se
1710 608 1932 681 manducant
1946 624 1984 683 et
2000 634 2120 708 expe·

509 731 636 805 riendo
657 731 834 830 probant,
855 731 892 803 in
910 730 1106 803 scolaribus
1122 731 1190 803 illis
1206 731 1380 804 exercitiis
1403 729 1672 826 diligentissime
1692 729 1826 801 laetatos
1847 753 1923 800 non
1941 730 2118 802 invenire

472 877 476 888 ’
508 876 673 950 saporem
692 852 885 950 sapientiae,
903 852 970 922 nisi
986 865 1070 949 post
1086 865 1228 949 tempus
1243 850 1490 923 ablactationis
1508 874 1591 922 suae.
1612 848 1705 919 Hinc
1719 862 1786 938 est,
1804 847 1904 944 quod
1923 846 2116 921 Abraham

509 971 710 1069 patriarcha
728 970 863 1068 grande
883 971 1011 1068 legitur
1028 970 1152 1042 fecisse
1168 970 1376 1042 convivium
1396 970 1434 1040 in
1452 967 1511 1040 die
1534 967 1780 1040 ablactationis
1799 973 1907 1057 lsaac,
1930 968 2113 1039 nimirum

508 1091 741 1188 congaudens
760 1106 911 1190 patemo
935 1090 1076 1179 affectu,
1102 1087 1322 1188 profectibus
1338 1089 1428 1161 tanti
1446 1086 1521 1161 filii.
1541 1093 1623 1176 Quo
1641 1104 1768 1160 eontra
1784 1087 1944 1185 ploratus
1965 1103 2003 1159 et
2021 1088 2111 1159 ulu-

508 1209 599 1283 latus
616 1211 748 1282 multus
770 1224 824 1281 est
850 1208 970 1281 Raheli
988 1208 1143 1307 ploranti
1160 1208 1253 1281 lilios
1269 1234 1354 1282 suos
1369 1222 1453 1281 ante
1469 1207 1717 1280 ablactationis
1733 1221 1874 1305 tempus
1896 1205 1941 1278 ab
1957 1207 2110 1279 Herode

509 1330 658 1402 occisos.
689 1333 737 1399 Ac
755 1342 831 1399 tum
848 1327 983 1426 plangit
1000 1328 1146 1400 ecclesia
1170 1344 1205 1401 et
1228 1353 1303 1400 non
1321 1328 1400 1399 vult
1415 1328 1616 1417 consolari,
1636 1327 1722 1425 quia
1740 1352 1814 1398 non
1838 1340 1920 1397 sunt
1936 1326 2109 1400 ablactati

508 1450 585 1545 ejus
597 1448 646 1520 illi
658 1448 773 1545 pueri,
786 1472 878 1545 quos
893 1449 1045 1521 trucidat
1059 1446 1197 1546 gladius
1212 1448 1414 1520 antichristi
1429 1471 1498 1546 pro
1512 1471 1571 1537 eo,
1587 1447 1686 1545 quod
1704 1461 1788 1519 sunt
1802 1446 1894 1518 iufra
1907 1446 2105 1538 bimatum,

507 1592 582 1639 non
609 1567 821 1665 attingentes
843 1566 890 1639 ad
908 1567 1058 1665 geminae
1075 1567 1313 1663 intelligentiae
1334 1581 1370 1638 et
1387 1567 1604 1666 operationis
1628 1567 1797 1638 fructum.
1824 1569 1882 1637 Me
1906 1567 2102 1639 miserum!

508 1695 577 1762 Pro
596 1707 684 1788 quot
700 1691 858 1790 parvulis
878 1691 926 1762 ita
948 1690 1039 1762 mihi
1056 1689 1212 1789 abreptis
1236 1715 1303 1786 ego
1329 1690 1470 1789 plorare
1488 1689 1623 1780 heluo,
1644 1692 1729 1788 quia
1753 1715 1816 1762 eos
1832 1704 1914 1787 post
1934 1692 2104 1763 exercitia

505 1811 682 1883 scholaria
697 1811 803 1883 video
820 1810 878 1882 vel
899 1811 1053 1909 tepuisse
1072 1811 1109 1881 in
1126 1835 1272 1882 sensum
1292 1811 1467 1909 puerilem
1484 1824 1518 1882 et
1534 1811 1739 1902 animalem,
1760 1810 1823 1907 qui
1840 1833 1913 1881 non
1931 1812 2100 1908 percipit,

506 1945 683 2027 quaesunt
701 1931 845 2029 spiritus
866 1931 952 2021 Dei,
967 1931 1024 2002 vel
1041 1930 1192 2001 omnino
1211 1930 1370 2028 friguisse
1386 1933 1422 2002 in
1439 1929 1635 2028 reprobum
1660 1954 1817 2015 sensum,
1838 1944 1964 2001 utnon
1981 1931 2103 2001 solum

505 2050 659 2141 faciant,
686 2074 765 2146 quae
786 2076 859 2123 non
884 2051 1104 2122 conveniunt
1126 2074 1253 2121 eorum
1272 2051 1506 2148 professioni,
1533 2049 1596 2122 sed
1623 2050 1730 2122 etiam
1754 2064 2014 2148 persequantur
2039 2075 2098 2142 ea,

505 2194 583 2268 quae
600 2184 683 2242 sunt
701 2172 844 2269 spiritus
860 2172 939 2242 Dei.
960 2175 1011 2241 Tu
1028 2183 1163 2261 autem,
1180 2169 1229 2242 fili
1248 2170 1493 2261 dilectissime,
1512 2184 1554 2242 ut
1568 2194 1673 2268 spero
1690 2170 1726 2241 in
1746 2169 1811 2241 Dei
1827 2170 2097 2260 misericordia,

504 2288 671 2387 proficies
691 2289 800 2362 etiam
826 2289 919 2362 ultra
942 2289 1119 2360 bimatum
1145 2289 1374 2387 usqueadeo
1399 2305 1439 2362 ut
1464 2289 1658 2363 formidare
1682 2314 1758 2360 non
1782 2288 1916 2360 habeas
1939 2289 2097 2386 gladium

505 2408 722 2501 Antichristi,
741 2411 803 2508 qui
822 2425 875 2482 est
889 2408 1139 2498 haereticorum
1156 2435 1219 2482 seu
1236 2410 1406 2483 falsorum
1425 2411 1573 2483 fratrum
1593 2434 1713 2482 sermo
1729 2407 1888 2481 dolosus.
1910 2411 1980 2486 Nisi
1996 2414 2095 2484 euim

501 2530 551 2601 sic
564 2528 771 2628 proficeres,
789 2530 856 2601 nisi
872 2528 1069 2601 ablactatus
1078 2529 1154 2625 jam
1167 2530 1322 2603 solidum
1338 2531 1458 2603 cibum
1476 2530 1707 2603 vehementer
1722 2530 1874 2601 esurires
1891 2530 2096 2604 desummo

501 2647 616 2737 bono,
637 2649 729 2720 sicut
746 2649 908 2746 inquiris,
929 2672 1003 2719 non
1025 2648 1237 2744 inquireres.
1259 2650 1407 2722 Occasio
1426 2674 1512 2721 vero
1528 2648 1676 2746 hujusce
1692 2649 1932 2746 inquisitionis
1949 2651 2094 2740 exinde,

501 2780 541 2839 ut
566 2767 668 2859 dicis,
690 2766 817 2838 oborta
844 2780 897 2837 est
920 2766 1002 2856 tihi,
1023 2766 1123 2864 quod
1144 2766 1266 2864 legens
1281 2767 1465 2866 dialogum
1488 2767 1554 2839 sub
1578 2768 1838 2866 disceptatione
1858 2767 2037 2841 christiani
2057 2788 2097 2843 et

497 2887 606 2983 judaei
631 2901 739 2984 atque
758 2885 1003 2984 philosophia
1020 2886 1187 2982 magistro
1209 2892 1313 2959 Petro
1330 2886 1507 2984 digestum
1525 2888 1729 2960 desummo
1747 2887 1847 2958 bono
1864 2885 1932 2958 illic
1948 2888 2096 2963 invenis

499 3007 634 3106 aliquid
660 3008 927 3103 investigatum,
946 3005 1102 3078 sednon
1122 3007 1205 3078 satis
1221 3005 1460 3100 elucidatum,
1480 3006 1565 3105 quid
1584 3008 1629 3079 sit
1644 3007 1701 3079 vel
1719 3006 1782 3079 ubi
1799 3009 1844 3079 sit
1859 3008 1972 3107 ipsum
1988 3033 2096 3082 sum·

500 3146 600 3198 mum
615 3126 768 3220 bonum,
786 3152 901 3225 quave
924 3126 971 3201 ad
994 3126 1080 3197 illud
1097 3127 1154 3198 via
1178 3129 1223 3198 sit
1243 3129 1435 3199 rectissime
1453 3126 1701 3223 gradiendum.
1723 3127 1878 3200 Proinde
1900 3129 1949 3200 sic
1971 3132 2094 3230 accipe

499 3246 594 3319 istud
620 3246 835 3346 opusculum
861 3247 907 3318 de
929 3246 1159 3343 inquisitione
1180 3247 1312 3319 summi
1331 3246 1419 3317 boni
1441 3246 1684 3338 intitulatum,
1708 3261 1748 3316 ut
1771 3247 1909 3343 siquid
1934 3248 2022 3320 boni
2047 3251 2093 3323 de

498 3363 569 3435 hoc
592 3364 692 3438 bono
716 3366 893 3437 inveneris
916 3365 1072 3451 dictum,
1099 3364 1233 3437 dehoc
1252 3367 1330 3463 ipso
1356 3367 1457 3437 bono
1479 3366 1577 3438 unde
1602 3367 1739 3462 agimus
1766 3389 1840 3436 nou
1867 3366 2010 3442 dubites
2031 3388 2091 3444 aut

497 3485 644 3558 stillasse
665 3487 694 3558 si
719 3510 845 3583 parum
867 3498 942 3576 est,
968 3499 1030 3555 aut
1050 3509 1254 3575 emanasse,
1278 3487 1307 3557 si
1331 3486 1414 3557 satis
1433 3502 1497 3558 est.
1522 3488 1612 3558 Satis
1638 3486 1735 3578 dien,
1759 3512 1833 3558 non
1852 3505 2028 3585 quantum
2045 3493 2090 3565 ad

498 3606 562 3697 rei,
581 3631 660 3703 quae
678 3619 850 3691 versatur,
870 3604 1155 3696 aestimationem,
1175 3605 1238 3676 sed
1255 3620 1430 3702 quantum
1449 3605 1495 3678 ad
1505 3607 1653 3702 legentis
1668 3622 1703 3677 et
1719 3609 1932 3706 inquirentis
1949 3612 2085 3683 esuriri.

499 3727 589 3795 Nam
605 3749 661 3795 res
679 3725 752 3821 ipsa
770 3738 822 3795 est
839 3721 1028 3796 ineffabilis
1053 3724 1193 3821 deque
1217 3723 1281 3796 fari
1305 3739 1488 3823 utcunque
1507 3727 1688 3824 gestimus,
1713 3741 1820 3824 prout
1845 3727 1922 3826 ipsa
1942 3729 2088 3825 jurante

498 3841 709 3938 poterimus.

550 3993 567 4025 u
587 3963 691 4031 [ecta
706 3974 760 4031 sat
776 3961 904 4033 eximia
917 3987 1071 4059 praesens
1084 3963 1162 4036 haec
1178 3964 1407 4063 philosophia

545 4082 725 4151 Doctrinae
743 4079 917 4178 triplicem
929 4083 1042 4153 cuivis
1057 4083 1239 4178 praestabit
1255 4083 1463 4156 honorem¹.
1484 4115 1501 4149 »
1613 4137 1616 4145 ,
1691 4110 1694 4117 ’

544 4220 593 4259 1-4
607 4203 722 4270 Puto²
744 4215 882 4291 autom,
908 4199 1167 4297 siopusculum
1195 4204 1379 4296 Augustini
1400 4202 1445 4275 de
1462 4203 1729 4277 summobono
1752 4207 1969 4280 intitulatum
1991 4211 2087 4286 bene

495 4321 728 4420 perspexeris,
748 4319 819 4393 illic
834 4314 1060 4391 abundanter
1076 4321 1270 4412 instrueris,
1289 4345 1365 4394 esse
1381 4322 1469 4394 illud
1492 4346 1673 4396 summum
1688 4324 1829 4398 bonum
1845 4352 1888 4400 ex
1911 4355 1996 4428 quo,
2018 4350 2088 4430 per

496 4440 613 4538 quod,
633 4443 670 4511 in
690 4464 765 4537 quo
782 4455 865 4512 sunt
879 4441 1000 4513 omnia
1017 4439 1115 4512 bona
1132 4465 1273 4538 magna,
1294 4442 1412 4516 media
1429 4456 1466 4515 et
1482 4445 1645 4538 minima,
1665 4460 1701 4517 et
1717 4447 1835 4545 ipsum
1854 4445 1925 4522 tale
1952 4466 2021 4541 est,
2046 4469 2085 4525 ut

495 4559 584 4632 nihil
609 4558 736 4630 melius
759 4560 906 4655 cogitari
928 4561 1060 4658 possit,
1086 4562 1199 4633 immo
1226 4561 1352 4633 melius
1375 4577 1428 4635 est
1452 4587 1560 4661 quam
1581 4564 1629 4636 ab
1657 4566 1728 4638 ulla
1752 4582 1914 4642 creatura
1935 4575 2083 4668 eogitari

458 4690 463 4701 '
495 4681 618 4777 possit.
652 4678 724 4750 Nisi
754 4674 851 4750 enim
873 4680 1140 4761 transcenderet
1169 4706 1316 4769 omnem
1343 4697 1415 4754 tam
1443 4683 1652 4779 angelorum
1687 4710 1795 4785 quam
1823 4702 1859 4760 et
1891 4686 2079 4763 hominnm

524 4896 607 4946 ¹beno
626 4905 710 4946 mouet
728 4896 839 4946 Dentatus
859 4898 876 4946 1.
896 4899 913 4946 t.
930 4874 1111 4949 hoc'dtstlctron
1128 4902 1217 4949 rectius
1229 4903 1260 4950 ad
1313 4902 1392 4949 detur.
1412 4926 1441 4937 -
1457 4901 1585 4953 ²Exoratto
1604 4906 1736 4967 insequens
1752 4908 1777 4955 tn
1793 4905 1853 4956 Cod.
1874 4907 1930 4956 ltss.
1953 4912 1985 4959 ab
2002 4912 2077 4960 altem

492 4978 581 5026 calcem
607 4977 699 5038 utatogt
721 4977 850 5027 locandum
872 4976 946 5026 luisse
968 4992 974 5026 :
995 4977 1049 5027 for
1073 4998 1087 5023 α
1106 4981 1225 5041 trtpllcem
1245 5000 1259 5025 a
1312 4993 1384 5030 manu
1397 4983 1516 5043 ejusdem,
1530 4990 1557 5030 ut
1571 4985 1679 5047 ridetur,
1692 4988 1781 5049 araus,
1795 4991 1931 5051 conscripta
1945 5000 1991 5041 est.

491 5057 556 5104 enlm
571 5057 602 5106 ad
624 5058 758 5108 doctrinam
776 5060 849 5107 trlum
864 5059 1078 5123 interloquentium
1097 5060 1205 5111 alludere
1223 5062 1259 5113 11-
1373 5096 1375 5105 ‹
