4559 6100
483 492 554 568 188
1093 486 1215 560 PETRI
1239 484 1469 560 auertunt

482 653 535 712 est
556 639 681 713 abillo
706 638 798 711 iuda
814 635 1031 712 vocabulum
1052 635 1178 727 trahit,
1197 635 1243 708 de
1260 659 1334 735 quo
1348 637 1520 734 scriptum
1538 640 1606 707 est¹
1625 662 1633 705 ε
1656 665 1673 701 e
1692 635 1798 726 luda,
1820 649 1854 708 te
1873 634 2074 712 laudabunt

482 758 606 832 fratres
615 761 680 851 tui,
690 759 935 856 etc.,›quaein
946 755 1352 854 Salvatoreprophetata
1363 769 1460 827 sunt.
1474 755 1690 851 Augustinus
1700 754 1736 827 in
1746 755 1933 827 Psalmum
1942 764 2070 829 cxxv’:
2112 823 2114 832 .

484 906 501 942 α
518 877 629 950 Judaei
647 878 801 950 maxime
815 901 836 950 a
848 875 940 949 Juda
955 874 1160 948 Patriarcha
1174 873 1342 974 appellati
1358 888 1454 946 sunt.
1470 878 1562 946 Nam
1573 874 1691 970 primo
1709 873 1755 946 de
1771 874 1839 949 alia
1858 875 1952 948 tribu
1969 876 2076 950 datus

483 1010 535 1068 est
551 1021 613 1068 rex
629 996 713 1069 Saul
730 1010 767 1068 et
781 993 1014 1095 reprobatus,‘
1026 1009 1200 1092 tanquam
1217 993 1343 1068 mulus.
1365 997 1438 1064 Rex
1456 994 1594 1091 primns
1611 992 1657 1064 de
1674 993 1769 1065 tribu
1786 993 1879 1066 luda
1892 995 2020 1086 David,
2039 1012 2075 1069 et

482 1141 523 1186 ex
541 1114 602 1187 illo
620 1115 666 1189 de
685 1115 781 1188 tribu
796 1115 890 1188 luda
908 1138 1050 1211 semper
1066 1123 1170 1210 'reges
1185 1112 1403 1186 habuerunt.
1423 1111 1529 1185 Unde
1548 1111 1660 1184 tudaei
1676 1112 1763 1186 dicti
1784 1128 1888 1203 sunt,
1902 1128 1938 1186 et
1952 1140 2077 1215 coepe·

482 1250 566 1306 runt
583 1260 685 1332 reges
700 1234 906 1332 alienigene
922 1232 969 1306 ab
984 1230 1140 1306 Herode.
1161 1236 1286 1332 ltaque
1300 1231 1466 1304 veniente
1485 1232 1658 1325 Domino,
1674 1257 1838 1305 eversum
1855 1248 1908 1306 est
1924 1249 2075 1331 regnum

481 1353 700 1441 ludaeorum,
715 1370 750 1426 et
766 1352 949 1425 subletum
964 1365 1017 1423 est
1032 1375 1077 1424 ex
1089 1350 1234 1443 ludaeis,
1246 1353 1331 1450 quin
1350 1351 1543 1424 noluerunt
1558 1376 1776 1448 cognoscere
1788 1378 1915 1426 verum
1927 1357 2072 1450 Regem.

480 1475 559 1544 lam
575 1450 694 1545 ridete
714 1474 743 1546 si
763 1472 875 1546 ludaei
898 1472 970 1545 sint
992 1470 1211 1570 appellandi.
1239 1471 1308 1570 lpsi
1326 1495 1414 1543 voce
1436 1494 1500 1542 sna
1517 1470 1774 1545 abdicaverunt
1791 1497 1829 1544 se
1845 1471 1891 1545 ab
1907 1474 1976 1546 isto
2000 1497 2075 1544 no-

481 1592 592 1684 mine,
604 1608 643 1665 ut
653 1593 765 1666 iudai
775 1618 851 1665 non
864 1593 935 1665 sint
945 1590 1044 1688 digni
1055 1590 1242 1690 appellari,
1256 1591 1324 1663 nisi
1335 1603 1476 1663 tantum
1488 1615 1609 1664 carne.
1622 1591 1821 1665 Saeviebant
1833 1593 2073 1686 inChristum‚

480 1710 589 1783 idest
611 1736 724 1810 genus
740 1712 858 1785 iuda:
878 1704 1070 1785 sae'viebant
1092 1712 1130 1782 in
1148 1735 1270 1784 semen
1289 1710 1418 1782 David.
1440 1709 1660 1783 Dicebant':
1684 1742 1702 1777 «ι
1719 1716 1799 1785 Non
1816 1712 1991 1784 habemus
2006 1716 2074 1784 Re·

481 1854 561 1927 gem
578 1832 643 1904 nisi
662 1836 850 1906 Caesarem.
867 1862 885 1899 1>
904 1834 937 1902 Ο
958 1831 1090 1920 Judaei,
1110 1831 1232 1903 sinon
1254 1829 1395 1903 habetis
1414 1833 1545 1925 Regem
1561 1830 1630 1902 nisi
1645 1834 1832 1923 Caesarem,
1853 1832 1983 1906 defecit
2000 1833 2076 1930 jam

483 1950 648 2050 princeps
662 1976 707 2022 ex
722 1951 832 2043 luda3
852 1951 951 2023 venit
965 1951 1024 2022 cui
1040 1950 1299 2049 repromissum
1313 1963 1378 2021 est.
1398 1948 1448 2020 llli
1466 1972 1551 2044 ergo
1566 1951 1686 2022 verius
1700 1950 1869 2024 dicuntur
1884 1952 1996 2025 Judaei
2013 1955 2075 2053 qui

481 2067 672 2142 Christiani
699 2069 781 2143 sacti
807 2085 891 2143 sunt
914 2096 957 2142 ex
981 2068 1123 2142 ludaeis.
1151 2068 1273 2141 Jndaea
1291 2092 1396 2158 vera,
1418 2061 1548 2139 Christi
1568 2068 1725 2142 Ecclesia
1741 2085 1805 2142 est.
1825 2070 2014 2144 Credimus
2036 2071 2075 2144 in

481 2187 583 2260 illum
608 2190 673 2286 qui
698 2190 797 2262 venit
820 2214 862 2261 ex
887 2189 982 2261 tribu
1007 2188 1100 2261 luda
1123 2212 1189 2287 per
1212 2188 1373 2259 Mariam.
1396 2216 1413 2255 »
1436 2191 1604 2283 Haymo:
1631 2218 1648 2253 α
1673 2190 1709 2260 Si
1726 2205 1846 2262 eutem
1873 2204 1914 2263 tu
1932 2191 2076 2264 Jndreus

480 2308 760 2403 cognominaris,
778 2306 949 2382 subaudis
966 2306 1095 2379 aluda
1112 2305 1328 2398 Petriarclra,
1349 2320 1418 2378 etc.
1435 2334 1454 2373 >r
1477 2304 1685 2379 Ambrosius
1705 2334 1713 2377 ε
1740 2336 1758 2376 κ
1776 2310 1899 2382 ludaeo
1918 2312 2075 2410 primum

480 2439 516 2497 et
531 2428 670 2499 Graeco.
686 2425 799 2499 tudaet
821 2451 864 2499 ex
883 2439 1047 2523 tempore
1063 2423 1165 2497 indae
1180 2422 1373 2495 Machabaei
1394 2422 1465 2497 dici
1481 2442 1686 2522 coeperunt,
1705 2428 1768 2524 qni
1785 2428 1822 2499 in
1840 2453 1948 2502 cansa
1964 2428 2076 2505 cladis

479 2545 605 2628 restitit
630 2545 821 2644 sacrilegis,
847 2560 883 2617 et
906 2543 1037 2617 fiducia
1060 2545 1126 2617 Dei
1152 2543 1295 2641 collegit
1317 2542 1516 2642 populum,
1537 2535 1573 2617 e't
1596 2544 1757 2618 defendit
1781 2572 1892 2644 genus
1916 2574 2071 2622 suum.»

480 2664 688 2737 Notandum
705 2690 792 2738 vero
815 2659 903 2762 quia
918 2663 1087 2736 hocloco
1108 2662 1318 2735 Ambrosius
1333 2686 1408 2734 non
1427 2662 1514 2735 dicit
1534 2662 1676 2737 Judaeos
1697 2665 1770 2738 dici
1786 2690 1807 2738 a
1823 2667 1915 2741 luda
1930 2669 2075 2744 Macha-

479 2781 573 2875 baeo,
590 2783 654 2855 sed
676 2807 698 2857 a
718 2799 882 2882 tempore
905 2784 982 2879 ejus
1006 2783 1056 2854 sic
1076 2781 1162 2873 dici,
1183 2783 1378 2881 presertim
1394 2806 1477 2854 cum
1496 2806 1518 2855 a
1537 2785 1671 2857 creteris
1695 2784 1795 2862 libris
1812 2788 1937 2861 veteris
1951 2794 2075 2863 Teste-

348 2969 357 2978 .
481 2902 593 2972 menti
608 2927 683 2974 non
701 2903 931 2976 inveniantur
949 2903 1000 2973 sic
1016 2900 1197 3000 appellati,
1217 2901 1307 2973 sicut
1324 2902 1362 2973 in
1380 2901 1480 2974 libris
1495 2902 1796 2977 Machabaeorurn.
1816 2908 1887 2993 Qui
1898 2909 2036 2980 etiamsi
2053 2935 2075 2982 a

479 3019 571 3097 luda
586 3021 791 3096 Machabaeo
810 3022 860 3095 sie
877 3036 996 3096 essent
1009 3020 1192 3121 appellati,
1213 3020 1381 3094 ridentur
1401 3036 1437 3095 et
1452 3047 1473 3096 a
1489 3021 1582 3096 luda
1594 3024 1797 3099 Patriareha
1812 3026 1861 3098 sic
1875 3027 2071 3122 nominari,

480 3142 654 3239 cumipse
670 3167 817 3241 quoque
828 3142 938 3216 ludas
954 3140 1180 3215 Machabaeus
1195 3139 1242 3213 ab
1255 3141 1317 3214 illo
1329 3141 1421 3216 luda
1433 3144 1484 3216 sic
1499 3159 1592 3216 esset
1608 3145 1818 3245 appellatus.

531 3289 550 3329 u
563 3266 608 3334 Et
625 3263 819 3360 requiescis
835 3263 873 3334 in
888 3263 980 3358 lege,
1000 3290 1018 3330 n
1039 3275 1170 3338 utnon
1195 3260 1350 3356 fatigeris
1370 3262 1553 3336 erroribus
1569 3264 1788 3361 inquirendo
1811 3290 1891 3363 quae
1912 3265 2074 3342 facienda

478 3381 549 3453 sint
571 3380 655 3472 tibi,
675 3395 711 3454 et
726 3395 843 3455 totum
862 3381 900 3452 in
917 3405 961 3453 ea
978 3380 1140 3453 studium
1155 3379 1269 3454 habes
1286 3397 1516 3481 occupatum,
1533 3396 1661 3457 utnon
1679 3386 1800 3481 ipsum
1815 3385 1860 3457 ad
1885 3386 1972 3459 alins
1987 3413 2073 3486 pro·

480 3500 606 3581 tendas
613 3503 636 3594 ⁸,
654 3500 848 3601 adscripta
861 3500 995 3573 scilicet
1011 3515 1203 3598 poetarum
1223 3514 1259 3572 et
1275 3498 1595 3599 philosophorum,
1613 3533 1631 3569 a
1649 3516 1685 3575 et
1701 3504 1861 3601 gloriaris
1881 3505 1918 3577 in
1945 3511 2036 3596 Deo,
2053 3538 2070 3575 κ

474 3618 646 3715 jactando
662 3620 795 3693 scilicet
817 3634 852 3692 te
866 3619 1063 3716 gloriosum
1077 3618 1123 3691 de
1137 3619 1344 3716 cognitione
1361 3620 1427 3692 Dei
1443 3634 1479 3693 et
1495 3620 1571 3719 lege
1587 3620 1652 3693 tibi
1667 3622 1714 3695 ab
1727 3624 1806 3723 ipso
1821 3623 1925 3716 data,
1944 3650 1987 3697 ex
2003 3650 2074 3724 qua

480 3738 645 3812 videlicet
656 3739 734 3834 lege
746 3739 842 3810 nosti
858 3738 1081 3811 voluntatem
1096 3738 1185 3834 ejus,
1198 3737 1299 3836 quod
1315 3737 1480 3812 videlicet
1496 3741 1528 3813 ei
1544 3739 1620 3814 fieri
1636 3742 1787 3839 placeat.
1802 3773 1821 3812 n
1832 3747 1875 3816 Et
1891 3744 2037 3843 probas,
2053 3774 2070 3813 n

479 3856 517 3937 id
534 3871 587 3929 est
603 3855 776 3928 discernis
791 3879 867 3928 non
883 3856 1001 3928 solum
1015 3855 1115 3928 utilia
1127 3855 1175 3928 ab
1192 3857 1390 3946 inutilibus,
1409 3858 1534 3931 verum
1560 3859 1666 3931 etiam
1683 3861 1826 3935 utiliora
1842 3862 1890 3937 ab
1912 3863 2069 3936 utilibus.

481 4005 498 4045 a
510 3974 682 4066 Confidis,
698 4006 716 4043 1>
730 3990 769 4047 ut
782 3972 947 4047 videlicet
957 3974 1073 4074 possis
1087 3974 1276 4048 ostendere
1290 3974 1468 4050 eliisviam
1475 3977 1619 4073 justitiae
1629 3979 1665 4051 in
1677 3979 1942 4055 mandatisDei.
1955 3987 2074 4055 Caecos

478 4097 605 4168 sivein
626 4094 780 4169 tenebris
797 4094 1016 4186 exsistentes,
1035 4094 1108 4165 sive
1123 4094 1330 4193 insipientes
1347 4110 1383 4168 et
1398 4095 1551 4168 infantes
1566 4095 1649 4169 ideo
1667 4099 1844 4195 intelligit,
1862 4114 1899 4172 et
1915 4103 2075 4175 similiter

478 4212 621 4306 ducem,
642 4228 678 4287 et
696 4213 831 4306 lumen,
850 4227 887 4286 et
903 4210 1136 4299 eruditorem,
1155 4227 1192 4284 et
1208 4213 1415 4310 magistrum
1433 4238 1501 4313 pro
1524 4215 1654 4288 eodem
1672 4219 1801 4319 accipit
1820 4245 1829 4289 ε
1850 4234 1889 4291 nt
1912 4221 1956 4293 sit
1977 4244 2075 4316 quae-

478 4333 563 4406 dam
578 4333 773 4407 verborum
790 4332 971 4407 insultatio
988 4329 1035 4403 ad
1053 4331 1305 4404 contusionem
1322 4357 1464 4425 eorum,
1477 4357 1552 4406 non
1568 4334 1709 4409 diversa
1725 4338 1948 4436 significatio.
1967 4339 2073 4412 Unde

476 4466 598 4527 antem
615 4477 652 4525 se
670 4453 801 4526 ducem
817 4477 893 4525 esse
909 4475 1088 4525 eaecornm
1104 4450 1278 4545 confidat,
1309 4451 1347 4524 id
1373 4467 1426 4525 est
1450 4452 1685 4527 sufficientem
1702 4456 1748 4529 ad
1765 4457 1854 4530 alios
1870 4457 2071 4551 docendos,

477 4570 669 4668 supponit:
684 4573 732 4640 Te
748 4567 830 4641 dico
851 4568 1069 4642 «habentem
1083 4595 1101 4635 n
1120 4592 1164 4639 er
1179 4567 1256 4667 lege
1270 4596 1288 4636 n
1304 4567 1456 4640 sormam
1483 4570 1638 4643 scientiae
1662 4587 1698 4645 et
1726 4575 1897 4663 veritatis,
1916 4603 1935 4644 n
1959 4574 1997 4647 id
2021 4590 2076 4649 est

477 4712 598 4767 veram
614 4687 799 4760 scientium
812 4712 892 4784 quae
904 4688 1079 4760 instruere
1094 4685 1185 4760 alios
1204 4701 1239 4760 et
1255 4687 1450 4762 informare
1471 4705 1590 4789 potest
1615 4690 1662 4763 ad
1686 4691 1780 4765 bene
1802 4693 1996 4790 agendum.
2020 4700 2078 4767 Tu

475 4832 560 4906 ergo
578 4808 656 4881 talis
673 4830 715 4881 ac
732 4820 852 4879 tantus
866 4805 1066 4879 secundum
1078 4805 1255 4903 judicium
1268 4823 1383 4902 tuum,
1395 4809 1458 4906 qui
1470 4810 1559 4882 alios
1575 4810 1696 4901 doces,
1714 4811 1751 4885 id
1762 4826 1815 4885 est
1825 4815 1987 4913 corrigis,
2003 4829 2077 4889 etc.

515 5014 695 5077 'Gensr.,eap.
712 5025 785 5074 mx,
796 5025 819 5062 r.
832 5014 855 5062 u.
871 5036 900 5047 -
912 5011 922 5040 ²
934 5009 1011 5074 0pp..
1022 5017 1040 5060 t.
1051 5008 1094 5073 lv,
1113 5009 1162 5061 cot.
1183 5014 1242 5075 192,
1297 5023 1369 5075 poue
1380 5013 1561 5077 rtdsturqnem
1573 5014 1721 5068 ennean
1729 5017 1793 5070 mate
1804 5019 2027 5087 omntnotegent:
2044 5023 2086 5074 tle
2270 5018 2279 5051 ⁴

476 5094 529 5143 rte
545 5118 574 5129 -
590 5090 691 5152 Hono„
709 5105 763 5154 cap.
783 5104 839 5154 ιιι,
854 5104 877 5140 r.
890 5094 927 5143 tt.
944 5116 971 5127 -
984 5087 1044 5141 ⁴Stc
1062 5091 1131 5142 loeus
1149 5093 1243 5144 restitut
1298 5107 1349 5146 roa
1360 5095 1432 5160 ipsus
1443 5095 1653 5162 altaspetendos.
