4559 6100
498 469 569 543 696
1101 471 1228 543 1³ssth
1254 473 1490 546 anAEttRol

498 635 613 692 tamus
626 621 662 691 in
687 619 878 693 meritum?
893 623 961 692 Aut
977 620 1073 718 quid
1088 619 1245 719 denique
1263 621 1414 694 concedi
1433 618 1622 720 prohibeat
1641 619 1737 693 illam
1755 618 1883 691 divinae
1900 620 2101 714 majestatis

496 729 644 824 gloriam
670 746 807 803 tantam
830 755 923 820 esse,
944 745 983 803 ut
1009 756 1152 828 semper
1174 733 1210 803 iu
1233 732 1311 828 ejus
1327 733 1462 805 visione
1488 731 1669 830 profectus
1689 745 1811 804 noster
1831 729 1956 827 aliquis
1980 729 2102 827 possit

497 874 593 941 esse,
622 865 660 921 ut
685 875 759 948 quo
785 851 918 922 diutins
940 875 1020 922 eam
1042 852 1304 949 conspiciemus
1327 867 1423 923 etse
1446 852 1560 950 ipsam
1583 849 1688 921 nobis
1709 849 1863 947 amplius
1880 849 2096 936 innotuerit,

500 971 675 1042 beatiores
695 996 763 1042 nos
785 970 941 1042 efficiat?
965 971 1047 1043 Plus
1068 972 1203 1069 quippe
1227 971 1321 1043 istud
1338 971 1430 1068 jugae
1448 969 1680 1043 beatitudinis
1701 970 1960 1041 incrementum
1984 968 2095 1055 valet,

500 1115 609 1194 quam
631 1090 747 1187 major
762 1088 961 1182 beatitud0,
982 1114 1094 1162 unum
1114 1104 1252 1163 tarrtum
1271 1089 1421 1164 modum
1437 1088 1645 1162 custodiens
1663 1104 1699 1161 et
1715 1089 1753 1159 in
1773 1088 1873 1160 nullo
1891 1092 2099 1159 cremento¹

501 1208 704 1306 proficiens.
1431 1275 1436 1286 ,

550 1334 689 1401 Panos.
713 1329 922 1417 Quomod0,
943 1354 1081 1427 quaeso,
1101 1331 1136 1401 in
1155 1329 1214 1402 illa
1230 1330 1367 1402 visione
1386 1332 1453 1402 Dei
1475 1328 1655 1429 proiectus
1673 1329 1863 1425 quisquam
1887 1352 1963 1400 esse
1981 1329 2097 1425 possit

502 1449 556 1520 vel
575 1448 693 1546 aliqua
711 1449 804 1521 inter
820 1451 916 1547 ipsos
932 1449 1091 1522 videntes
1109 1448 1328 1540 dillerentia,
1346 1474 1430 1521 cum
1441 1448 1613 1524 ¹videlicet
1635 1446 1722 1520 illud
1742 1448 1892 1519 omnino
1910 1472 2096 1520 summum

501 1569 639 1641 bonum
657 1569 701 1640 sit
718 1570 868 1666 simplex
884 1594 953 1642 nec
970 1593 1128 1667 unquam
1143 1570 1317 1668 conspici,
1336 1569 1405 1640 nisi
1423 1582 1538 1641 totum
1553 1568 1683 1668 possit,
1697 1593 1764 1640 nec
1780 1566 1916 1666 aliquid
1933 1568 2096 1667 conspici

501 1690 547 1761 ab
566 1713 640 1759 uno
658 1688 757 1785 quod
775 1712 851 1759 non
869 1690 1109 1786 conspiciatur
1125 1688 1172 1762 ab
1188 1690 1284 1762 alio?

517 1867 519 1871 .
550 1814 752 1881 Canrsrmn.
783 1812 861 1879 Non
886 1809 1009 1907 utique
1032 1811 1069 1881 in
1094 1834 1133 1882 re
1157 1824 1363 1907 conspecta,
1382 1809 1497 1882 sedin
1516 1808 1627 1880 modo
1644 1807 1889 1908 conspiciendi
1907 1822 1958 1879 est
1976 1806 2097 1878 diver-

501 1931 599 2017 sitas,
619 1942 659 1999 ut
674 1952 747 2024 quo
768 1926 894 2000 melius
910 1928 1117 2024 intelligitur
1134 1933 1243 2022 Deus,
1264 1927 1450 2001 beatitudo
1467 1942 1588 1999 nostra
1605 1927 1642 1998 in
1660 1926 1736 2024 ejus
1750 1928 1889 1999 visione
1908 1940 2093 2022 augeatur.

502 2053 591 2122 Nam
605 2062 640 2121 et
654 2048 810 2121 animam
825 2047 880 2119 vel
897 2049 1075 2148 spiritum,
1092 2049 1258 2147 quaelibet
1272 2046 1518 2145 intelligendo,
1532 2072 1607 2118 non
1623 2047 1805 2144 aequaliter
1822 2071 1950 2118 omnes
1967 2046 2098 2119 intelli·

500 2170 636 2263 gimus,
662 2168 826 2266 quamvis
851 2182 970 2241 tamen
1001 2169 1223 2269 incorporeae
1245 2181 1380 2241 naturae
1408 2183 1526 2268 partes
1551 2167 1588 2238 in
1615 2190 1686 2238 suae
1708 2167 1868 2239 essentiae
1897 2166 2095 2262 quantitate

500 2319 574 2367 non
600 2292 735 2365 babere
751 2293 903 2365 dicatur.
924 2300 967 2365 Et
986 2320 1068 2367 cum
1093 2319 1225 2393 corpus
1241 2292 1430 2391 quodlibet
1447 2293 1502 2364 vel
1518 2293 1637 2390 aliqua
1658 2316 1749 2391 pars
1760 2292 1837 2388 ejus
1853 2291 1899 2363 ab
1916 2289 2095 2389 aliquibus

499 2412 605 2484 simul
631 2410 839 2510 adspicitur,
865 2412 992 2485 melius
1014 2412 1061 2484 ab
1085 2414 1167 2504 isto,
1190 2437 1299 2510 quam
1323 2411 1369 2484 ab
1396 2412 1467 2484 alio
1492 2411 1641 2483 bomine
1667 2414 1787 2510 ipsum
1809 2411 2038 2508 cognoscitur
2061 2426 2096 2483 et

501 2530 692 2626 perfectius
708 2530 928 2626 intelligitur,
947 2546 1079 2604 etcum
1095 2531 1222 2605 eadem
1242 2556 1297 2604 res
1318 2534 1362 2604 sit
1380 2530 1571 2620 intellecta,
1591 2556 1665 2603 non
1684 2544 1803 2603 tamen
1821 2530 2003 2625 aequaliter
2020 2531 2096 2626 ejus

504 2664 669 2721 naturam
693 2650 909 2747 percipiunt.
935 2651 993 2722 Sic
1008 2656 1105 2723 Deus
1124 2652 1210 2723 hoie
1226 2650 1416 2750 perfectius
1437 2675 1480 2722 ac
1505 2650 1631 2723 melius
1648 2674 1757 2747 quam
1779 2649 1838 2720 illi.
1852 2650 1907 2720 sui
1933 2650 2096 2722 notitiam

501 2793 569 2865 pro
593 2768 727 2840 meritis
750 2769 926 2866 impertit,
946 2792 988 2842 ac
1011 2771 1227 2869 se-amplius
1250 2771 1464 2843 manifestat.
1489 2776 1609 2842 Potest
1629 2770 1762 2868 quippe
1785 2769 2011 2864 contingere,
2040 2785 2094 2862 ut,

501 2911 584 2959 cum
612 2886 734 2959 omnia
757 2887 844 2958 sciat
866 2888 933 2959 iste
953 2913 1032 2985 quae
1054 2888 1126 2980 ille,
1153 2869 1281 2961 melius
1301 2904 1422 2962 tamen
1446 2913 1487 2961 ac
1516 2889 1708 2987 perfectius
1733 2887 1871 2985 singula
1894 2887 1981 2958 sciat
2001 2888 2094 2978 iste,

500 3031 609 3103 cluam
638 3007 713 3098 ille,
740 3021 882 3080 etcum
908 3021 959 3080 tot
983 3032 1040 3081 res
1071 3006 1118 3081 ab
1143 3008 1211 3081 isto
1244 3023 1334 3106 quot
1356 3010 1403 3083 ab
1426 3008 1487 3082 illo
1513 3009 1683 3092 sciantur,
1710 3031 1785 3079 nou
1817 3023 1934 3079 tamen
1967 3020 2020 3078 tot
2046 3006 2096 3081 de

500 3126 636 3198 eisdem
662 3125 770 3199 rebus
793 3129 956 3200 scientias
981 3128 1092 3201 habet
1115 3154 1208 3201 unus
1232 3144 1323 3226 quot
1342 3130 1443 3222 alter,
1472 3142 1629 3202 autnon
1651 3127 1838 3219 tambene
1861 3128 1928 3199 scit
1952 3126 2078 3198 eadem

550 3251 690 3320 Panos.
712 3249 896 3345 Numquid
914 3249 1012 3321 illam
1028 3249 1205 3322 visionem
1222 3251 1309 3344 Dei,
1334 3251 1370 3322 in
1387 3275 1460 3348 qua
1477 3249 1664 3323 beatitudo
1681 3273 1764 3322 vera
1780 3250 1954 3335 consistit,
1978 3247 2092 3345 angeli

499 3391 592 3463 quos
616 3368 735 3465 lapsos
758 3367 891 3458 dicitis,
915 3392 1102 3465 nunquam
1127 3368 1352 3459 habuerunt,
1373 3369 1429 3442 vel
1451 3370 1576 3442 saltem
1597 3369 1655 3441 ille
1676 3370 1769 3439 inter
1793 3393 1855 3439 eos
1879 3368 2091 3465 praecipuus,

501 3486 562 3582 qui
582 3500 782 3557 ceterorum
799 3489 1068 3584 comparatione
1085 3488 1247 3559 Lucifero
1266 3503 1318 3560 est
1333 3488 1590 3587 comparatus?

552 3607 754 3676 Caarsrran.
781 3608 1012 3703 Nequaquam
1037 3607 1160 3703 ntique
1183 3605 1349 3680 babuisse
1377 3608 1598 3681 credendum
1620 3621 1692 3698 est,
1719 3631 1787 3678 nec
1814 3606 1942 3703 aliquis
1966 3630 2092 3677 eorum

503 3723 565 3817 qui
587 3725 745 3809 corruit,
773 3749 841 3796 nec
866 3725 915 3797 illi
940 3727 1047 3797 etiam
1071 3727 1133 3822 qui
1159 3751 1234 3797 non
1261 3743 1492 3820 corruerunt,
1520 3728 1638 3800 donec
1664 3740 1746 3825 post
1769 3726 1921 3798 aliorum
1954 3725 2093 3823 lapsum

502 3841 597 3912 banc
613 3842 799 3934 visionem,
820 3869 885 3943 per
901 3869 1011 3941 quam
1025 3844 1130 3915 simul
1148 3860 1184 3917 et
1199 3845 1296 3918 beati
1311 3845 1438 3920 fierent
1453 3862 1488 3920 et
1502 3847 1718 3929 confirmati,
1736 3870 1781 3917 ne
1798 3842 1951 3942 amplius
1966 3843 2095 3914 cadere

501 3977 660 4059 possent,
682 3963 719 4035 in
736 3967 1061 4039 remunerationem
1087 3991 1158 4038 suae
1183 3966 1392 4040 humilitatis
1415 3970 1632 4068 acceperint.
1653 3972 1789 4038 Omnes
1815 3966 1950 4063 qnippe
1978 3965 2094 4061 angeli

501 4080 592 4150 sicut
615 4095 652 4151 et
668 4079 834 4153 homines
850 4082 938 4155 tales
954 4085 1062 4156 creati
1080 4100 1164 4157 sunt
1184 4099 1223 4157 ut
1246 4084 1340 4158 bene
1356 4112 1460 4183 agere
1480 4100 1626 4185 possent
1642 4100 1678 4157 et
1693 4083 1798 4157 male.
1818 4084 2002 4180 Alioquin,
2030 4088 2094 4181 qni

503 4223 577 4270 non
619 4216 879 4299 peccaverunt,
909 4201 954 4273 de
986 4202 1058 4274 hoc
1090 4203 1168 4302 ipso
1205 4205 1305 4299 quod
1333 4208 1459 4278 ceteris
1493 4206 1677 4306 peccando
1705 4229 1780 4277 non
1810 4219 2090 4292 consenserunt,

502 4320 667 4391 meritum
699 4343 774 4392 non
805 4318 993 4395 haberent.
1021 4322 1130 4409 Quod
1158 4335 1277 4393 autem
1304 4323 1466 4397 Lucilero
1497 4325 1684 4424 cujusdam
1716 4322 1931 4396 excellentiae
1959 4346 2092 4419 praero·

501 4438 616 4534 gativa
637 4453 865 4536 comparatus
885 4455 950 4528 est,
978 4465 1053 4512 non
1077 4455 1150 4513 tam
1173 4466 1216 4513 ex
1239 4440 1475 4531 heatitudine,
1502 4467 1611 4543 quam
1636 4469 1680 4516 ex
1705 4442 1860 4516 scientiae
1885 4441 2093 4540 perspicaci·

501 4572 573 4629 tate
590 4555 720 4629 sactum
738 4572 805 4650 est,
824 4584 868 4630 eo
886 4558 1052 4632 videlicet
1067 4559 1167 4657 qnod
1183 4563 1336 4636 seientiae
1352 4564 1433 4636 luce
1450 4565 1673 4663 prestantior
1692 4561 1817 4635 ceteris
1845 4560 1891 4633 ad
1917 4559 2092 4658 quaslibet

501 4701 621 4748 rerum
644 4691 789 4748 naturas
813 4676 1060 4772 intelligendas
1075 4677 1242 4751 subtilior
1264 4682 1431 4755 conditus
1453 4697 1556 4756 esset.
1574 4682 1681 4770 Quod
1698 4681 1845 4779 quidem
1862 4679 1899 4750 in
1916 4702 1955 4749 se
1971 4680 2092 4751 consi·

502 4794 643 4887 derans,
657 4819 700 4867 ex
719 4795 796 4893 ipsa
810 4797 964 4869 scientiae
978 4822 1049 4868 snae
1064 4798 1322 4895 magnitudine,
1339 4827 1464 4898 quase
1480 4802 1606 4876 ceteris
1622 4800 1806 4901 prelatum
1825 4797 1926 4890 vidit,
1946 4797 2091 4870 inflatus

532 5075 537 5099 ¹
551 5069 604 5119 tto.
615 5069 652 5121 Du
664 5070 744 5132 cange
760 5072 868 5124 θὶοεεατ.
883 5074 943 5125 lted.
957 5080 980 5125 et
992 5075 1041 5139 los.
1055 5078 1108 5132 lot.
1120 5083 1145 5133 lo
1159 5081 1238 5132 verbo
1251 5078 1412 5133 cuneatus.

2248 765 2250 849 l
