4559 6100
452 520 524 591 588
1067 519 1189 590 PETRI
1214 518 1444 590 nuntiant

447 668 521 753 quia
545 665 624 729 nihil
642 678 754 731 tonna
771 668 937 732 scientiam
954 682 1069 756 agunt,
1088 665 1194 755 aliqua
1209 665 1303 755 culpa
1319 688 1386 731 esse
1401 665 1664 755 deprehenditur.
1683 665 1868 732 Notandum
1890 689 1969 732 vero
1987 686 2048 751 est,

447 762 535 851 quod
551 764 734 829 translative
750 767 818 855 ipsa
834 788 929 855 poena
945 780 1112 855 peccatum
1128 763 1256 846 dicitur,
1270 779 1306 827 ut
1318 787 1392 829 cum
1409 762 1526 829 dicitur
1544 787 1552 829 ε
1570 764 1657 829 Deus
1673 763 1803 829 dimittit
1819 766 1849 830 ei
1865 782 2047 854 peccatum,

446 860 480 924 id
496 877 555 941 est,
571 885 700 950 poenam
718 880 870 928 aeteruam
886 862 1020 927 relaxat.

490 964 614 1027 Horum
636 980 842 1053 peccatorum
860 962 921 1027 alia
943 980 1016 1028 suot
1030 965 1188 1045 venialia,
1207 962 1269 1027 alia
1286 960 1444 1026 mortalia.
1458 961 1593 1027 Veniale
1614 963 1741 1045 dicitur,
1765 964 1854 1052 quod
1872 986 1931 1053 per
1953 987 1989 1029 se
2006 965 2049 1029 ad

445 1059 685 1125 damnationem
702 1085 768 1126 non
791 1061 923 1138 sufficit,
947 1061 1041 1150 quale
1062 1077 1109 1126 est
1130 1081 1228 1125 omne
1253 1058 1333 1124 illud
1353 1058 1443 1147 quod
1460 1060 1539 1124 dum
1555 1058 1602 1141 fit,
1621 1063 1785 1128 memoria)
1804 1084 1872 1126 non
1895 1063 2045 1139 occurrit,

445 1158 534 1245 quod
549 1159 619 1222 Deo
635 1159 811 1248 displiceat.
830 1160 899 1223 Nec
917 1176 1023 1224 tamen
1040 1175 1146 1248 potest
1162 1158 1241 1239 dici,
1256 1156 1344 1246 quod
1360 1173 1473 1222 contra
1489 1160 1716 1224 conscientiam
1731 1182 1796 1224 uon
1811 1160 1869 1241 sit3
1886 1159 1944 1224 etsi
1960 1160 2047 1224 euim

446 1272 521 1319 tunc
535 1279 554 1319 a
570 1258 724 1320 memoria
740 1259 918 1341 sejunctum
935 1259 991 1336 sit,
1010 1274 1118 1321 tamen
1135 1256 1213 1320 dum
1229 1253 1272 1320 ad
1287 1256 1476 1319 memoriam
1491 1256 1685 1339 reducimus,
1704 1279 1745 1321 ex
1760 1258 1956 1321 conscientia
1977 1281 2045 1322 non

444 1352 630 1439 probamus.
654 1353 790 1418 Mortale
811 1376 889 1418 vero
910 1353 990 1419 illud
1014 1370 1195 1444 peccatum,
1213 1352 1303 1441 quod
1325 1352 1429 1417 solum
1450 1352 1492 1417 ad
1513 1370 1651 1419 mortem
1668 1353 1826 1419 sufficiens
1852 1370 1915 1431 est,
1943 1370 1979 1419 nt
1998 1371 2045 1419 est

441 1472 538 1514 omne
562 1449 654 1532 illud,
682 1449 770 1539 quod
791 1467 904 1515 contra
924 1451 1154 1516 conscientiam
1180 1473 1220 1514 ex
1245 1450 1343 1514 animi
1367 1450 1598 1516 deliberatione
1623 1466 1836 1541 perpetratur.
1862 1451 2044 1532 Quantum-

440 1570 565 1635 cunque
582 1549 690 1638 igitur,
709 1565 744 1613 ut
759 1549 805 1612 ait
819 1550 1027 1638 Augustinus,
1043 1550 1077 1611 in
1092 1571 1125 1612 se
1137 1547 1206 1612 leve
1214 1548 1253 1611 sit
1263 1563 1440 1636 peccatum,
1458 1546 1537 1612 dum
1551 1548 1676 1638 placeat
1690 1564 1726 1612 ut
1738 1569 1781 1613 ex
1794 1548 1950 1613 industria
1966 1572 2043 1638 per·

441 1661 594 1732 petretur,
613 1646 748 1710 mortale
763 1662 821 1711 est.
836 1646 1139 1733 Quantumcumque
1156 1661 1264 1710 autem
1280 1645 1320 1709 sit
1335 1667 1444 1735 grave,
1464 1645 1542 1711 dum
1558 1644 1724 1735 displiceat
1739 1661 1771 1709 et
1786 1668 1828 1710 ex
1841 1646 1941 1709 animi
1959 1644 2043 1711 deli·

441 1742 606 1808 beratione
623 1767 689 1807 non
709 1742 776 1821 liat,
795 1743 918 1808 veniale
935 1759 994 1808 est.
1013 1744 1139 1807 Horum
1156 1743 1342 1807 mortalium
1358 1759 1405 1808 est
1422 1741 1510 1807 aliud
1529 1742 1706 1821 criminale,
1724 1741 1811 1807 aliud
1827 1766 1906 1808 uon.
1925 1744 2042 1808 Crimi-

442 1839 514 1905 nale
537 1856 585 1904 est
606 1839 705 1917 illud,
729 1840 818 1929 quod
840 1841 1017 1905 notabilem
1037 1858 1070 1906 ct
1090 1840 1244 1905 infamem
1266 1839 1373 1905 reddit
1393 1863 1576 1931 personam.
1601 1839 1773 1905 Criminale
1801 1856 1859 1922 est,
1886 1839 1975 1928 quod
1997 1859 2043 1906 est

442 1938 643 2001 accusatione
665 1937 897 2027 dignissimum,
914 1955 947 2002 et
962 1954 1036 2002 suut
1056 1939 1196 2002 maxime
1220 1938 1396 2003 criminalia
1419 1939 1453 2002 in
1474 1955 1584 2027 aperta
1605 1936 1837 2003 cousuetudine
1859 1954 1892 2002 et
1910 1937 2042 2003 fratrum

441 2035 657 2123 corruptione.
683 2033 796 2115 Unde,
818 2035 874 2123 qui
895 2035 974 2100 tales
996 2052 1086 2114 sunt,
1110 2034 1199 2123 quod
1217 2036 1349 2100 crimine
1365 2036 1472 2124 aliquo
1491 2034 1648 2100 notabiles
1663 2051 1756 2112 sunt,
1778 2058 1794 2099 a
1813 2036 2041 2101 communione

440 2129 607 2211 Ecclesiae,
625 2133 685 2196 nisi
701 2131 884 2220 resipiscere
899 2131 1014 2214 velint,
1033 2149 1227 2198 resecantur.
1245 2134 1302 2198 Est
1319 2149 1428 2198 autem
1443 2133 1507 2198 tale
1523 2131 1709 2222 quodlibet,
1727 2148 1763 2197 nt
1778 2132 1927 2209 ebrietas,
1944 2154 2040 2221 rapa·

441 2228 518 2293 citas
534 2246 567 2293 et
583 2245 701 2308 cetera,
720 2228 798 2294 dum
814 2230 849 2293 in
865 2247 996 2320 promtu
1011 2246 1044 2295 et
1055 2229 1287 2295 consuetudine
1299 2231 1471 2296 habentur.
1489 2229 1677 2295 Notandum
1692 2230 1788 2319 igitur
1797 2228 1936 2310 videtur,
1954 2228 2040 2316 quod

440 2342 606 2413 peccatum
622 2326 715 2406 Adae,
734 2328 793 2392 etsi
804 2327 940 2392 mortale
956 2327 1062 2409 fuerit,
1078 2344 1269 2393 nontamen
1286 2327 1448 2393 criminale
1464 2326 1536 2392 fuit.
1555 2329 1636 2392 Cum
1652 2328 1739 2391 enim
1750 2342 1862 2392 contra
1878 2328 2041 2392 conscien-

439 2424 517 2487 tiam
533 2425 667 2489 vetitum
691 2441 866 2514 appeteret,
884 2425 1004 2490 sciebat
1020 2426 1107 2490 enim
1128 2427 1192 2490 boc
1207 2448 1274 2490 esse
1291 2426 1442 2507 vetitum,
1460 2424 1595 2490 mortale
1621 2423 1692 2501 fuit.
1717 2425 1799 2488 Cum
1819 2446 1896 2488 vero
1917 2423 1980 2488 hoc
1999 2445 2038 2487 ex

439 2520 670 2586 consuetudine
687 2545 754 2586 non
765 2522 912 2603 haberet,
925 2523 1025 2588 immo
1041 2539 1206 2612 tamquam
1217 2522 1332 2586 invitus
1347 2522 1411 2588 boc
1424 2539 1542 2612 ageret,
1558 2538 1675 2612 putans
1696 2544 1730 2587 se
1750 2545 1808 2609 per
1819 2520 2037 2610 poenitentiam

439 2617 617 2683 satisfacere
633 2642 739 2707 posse,
757 2636 790 2684 et
805 2619 880 2683 ideo
897 2620 990 2685 uxori
1010 2643 1135 2686 morem
1156 2642 1266 2710 gerere
1281 2620 1401 2701 voluit,
1420 2618 1583 2685 criminale
1601 2642 1668 2684 non
1688 2619 1760 2684 fuit.
1783 2620 1916 2683 Constat
1930 2618 2034 2707 igitur,

441 2714 613 2780 nonnullos
637 2716 740 2780 multo
760 2718 885 2806 gravius
907 2741 1039 2807 peccare
1066 2741 1164 2806 quam
1187 2717 1293 2782 Adam
1315 2719 1505 2807 peccaverit,
1531 2717 1588 2783 sed
1610 2715 1684 2781 ideo
1704 2714 1784 2780 illud
1804 2716 1941 2805 primum
1960 2737 2035 2803 pec-

439 2827 547 2874 catum
564 2827 631 2875 tam
646 2814 784 2902 graviter
800 2815 886 2879 Deus
901 2816 1015 2903 punire
1027 2814 1140 2894 voluit,
1158 2830 1194 2878 ut
1210 2814 1270 2878 sibi
1286 2830 1452 2903 peccatum
1469 2814 1635 2906 displicere
1652 2812 1847 2895 ostenderet,
1865 2829 1897 2879 et
1912 2827 1947 2876 ut
1956 2813 2035 2876 bor·

440 2931 546 2972 rorem
561 2908 715 2997 peccandi
731 2911 879 2974 omnibus
895 2913 1031 3001 posteris
1047 2911 1216 2978 incuteret.

1041 3240 1226 3328 CAPUT
1260 3241 1441 3331 XXXlV.

1019 3457 1063 3511 De
1077 3454 1203 3529 meritis,
1219 3454 1270 3512 ubi
1283 3454 1453 3517 consistant.

480 3633 557 3698 Viso
584 3634 625 3699 de
646 3634 815 3699 rimutibus
836 3652 869 3701 et
890 3637 988 3717 vitiis,
1011 3636 1085 3702 data
1106 3641 1204 3703 etiam
1224 3637 1406 3705 differentia
1430 3641 1513 3706 inter
1533 3656 1663 3730 peccata
1688 3657 1720 3706 et
1740 3642 1833 3721 vitia,
1861 3644 1944 3708 inter
1966 3645 2031 3732 ipsa

436 3752 564 3817 quoque
575 3747 704 3821 peccata
717 3731 899 3797 diversitate
911 3750 1050 3814 ostensa,
1065 3733 1106 3799 de
1117 3736 1239 3800 meritis
1246 3735 1303 3800 nbi
1314 3738 1499 3820 consistant,
1515 3738 1633 3804 amodo
1642 3738 1831 3829 relinquitur
1840 3740 2028 3806 videndum.

435 3827 717 3906 Quemadmodum
739 3829 835 3919 igitur
850 3853 948 3895 omne
962 3847 1130 3920 peccatum
1146 3833 1180 3895 in
1201 3832 1266 3896 sola
1283 3831 1448 3900 voluntate
1465 3837 1623 3918 consistit,
1642 3838 1686 3902 sic
1702 3855 1734 3903 et
1749 3839 1910 3903 meritum.
1929 3837 2030 3903 Meri·

433 3939 502 3987 tum
519 3941 626 3990 autem
642 3926 719 3990 nihil
736 3926 823 3993 aliud
837 3944 900 4008 est,
918 3951 1016 4017 quam
1032 3927 1068 3993 id
1090 3929 1180 4018 quod
1195 3930 1281 3995 bona
1296 3930 1461 3997 voluntate
1479 3956 1657 4015 meremur,
1675 3934 1789 4013 idest,
1807 3937 1872 4001 rita
1892 3952 2027 4014 aeterna,

433 4048 530 4112 quam
545 4027 619 4114 quia
637 4025 766 4093 diversis
781 4028 999 4094 voluntatibus
1013 4030 1092 4095 boui
1108 4055 1280 4114 meremur,
1301 4033 1477 4099 secuudum
1494 4058 1572 4123 quas
1586 4035 1676 4101 stella
1694 4036 1814 4103 astella
1824 4037 1932 4103 differt
1940 4036 1985 4100 ibi
1994 4036 2028 4099 in

432 4120 586 4203 claritate,
599 4122 674 4188 ideo
684 4123 807 4189 diversa
819 4141 852 4190 et
860 4125 952 4215 plura
964 4129 1078 4193 merita
1086 4131 1274 4197 vocitamus.
1289 4132 1412 4196 Dicitur
1424 4133 1521 4197 etiam
1532 4134 1681 4198 meritum
1690 4135 1757 4224 ipsa
1765 4135 1853 4200 bona
1866 4134 2026 4221 voluutas,

432 4241 495 4305 qua
511 4240 682 4285 meremur.
697 4221 795 4302 Quod
810 4239 918 4288 autem
933 4225 1084 4289 meritum
1100 4228 1134 4291 in
1152 4228 1221 4293 sola
1233 4227 1397 4293 voluntate
1411 4231 1573 4310 consistat,
1591 4232 1784 4322 Augustinus
1800 4232 1907 4297 multis
1923 4235 2028 4301 modis

432 4331 464 4377 et
479 4316 631 4406 exemplis
644 4317 783 4383 inductis
799 4320 928 4408 probat,
945 4337 981 4386 nt
998 4320 1039 4387 de
1057 4323 1218 4416 discipulis
1235 4327 1366 4391 Joannis
1381 4328 1436 4414 qui
1451 4328 1653 4413 jejunabant,
1671 4345 1703 4393 et
1719 4327 1881 4418 discipulis
1897 4331 2027 4396 Domini

430 4413 485 4498 qui
501 4413 727 4494 comedebant,
742 4439 760 4479 a
776 4418 892 4505 quibus
907 4435 1016 4485 tamen
1029 4421 1198 4506 justificata
1215 4440 1263 4489 est
1277 4425 1445 4512 sapientia.
1460 4426 1557 4491 Unde
1573 4426 1730 4491 Dominus
1748 4450 1756 4491 :
1775 4426 1885 4509 Venit,
1902 4430 2024 4517 iuquit,

429 4509 568 4575 loannes
582 4513 742 4596 jejunans,
766 4530 799 4578 et
821 4514 956 4597 dixistis,
974 4516 1171 4584 doemouium
1190 4521 1302 4587 habet.
1315 4521 1412 4587 Venit
1435 4540 1542 4589 autem
1563 4523 1645 4590 filius
1665 4524 1805 4589 hominis
1825 4527 2027 4591 manducans

430 4624 462 4672 et
477 4607 605 4691 bibens,
629 4626 662 4675 et
677 4611 791 4694 dicitis,
810 4613 898 4700 quod
914 4637 1014 4680 vorax
1035 4633 1082 4681 est
1098 4632 1131 4682 et
1150 4635 1279 4707 potator
1293 4620 1360 4683 vini
1382 4636 1415 4684 et
1436 4622 1555 4687 amicus
1574 4621 1832 4713 publicanorum.
1854 4623 2026 4689 iustificata

429 4723 476 4770 est
499 4723 606 4771 autem
627 4709 781 4798 sapientia
800 4732 818 4772 a
837 4709 908 4776 filiis
925 4714 1001 4778 suis.
1022 4716 1070 4780 De
1085 4714 1183 4781 vidua
1199 4739 1340 4807 quoque,
1359 4739 1431 4808 quae
1448 4719 1514 4786 duo
1530 4721 1652 4785 minuta
1669 4722 1701 4785 in
1719 4721 1947 4811 gazophylacio
1967 4746 2027 4812 po·

428 4805 503 4885 suit,
528 4806 572 4869 ait
597 4806 770 4886 Dominus,
799 4807 888 4896 quod
913 4809 1101 4900 plusquam
1125 4812 1238 4879 divites
1260 4816 1424 4883 obtulerit.
1447 4817 1543 4884 Unde
1557 4818 1772 4909 Hieronymus
1789 4841 1797 4883 t
1816 4819 1891 4883 Nou
1913 4837 2026 4910 pensat

428 4900 513 4966 Deus
535 4925 679 4986 censum,
697 4904 753 4970 sed
770 4905 933 4972 affectum.
956 4907 1048 4973 Idem
1069 4934 1197 4999 quoque
1213 4912 1254 4977 de
1275 4913 1361 4978 Josia
1377 4937 1452 5004 rege
1471 4913 1560 4997 dicit,
1577 4915 1666 5004 quod
1686 4939 1759 4981 cum
1776 4916 1880 4982 exiret
1899 4916 1941 4982 ad
1961 4941 2025 5007 pu·

425 4999 590 5086 gnandum
612 5025 672 5090 pro
694 5002 816 5092 populo
839 5004 900 5068 Dei
924 5028 998 5070 cum
1021 5007 1168 5081 inimicis,
1185 5031 1252 5073 non
1268 5009 1401 5100 propter
1420 5013 1484 5078 hoc
1504 5013 1576 5103 plus
1591 5015 1720 5096 meruit,
1745 5016 2022 5105 quamprimum,

426 5118 499 5158 cnm
521 5098 555 5159 in
570 5097 735 5166 voluntate
755 5103 819 5167 hoc
833 5102 986 5183 haberet,
1011 5104 1068 5168 sed
1084 5103 1159 5168 ideo
1175 5106 1239 5170 hoc
1259 5106 1351 5186 fecit,
1369 5126 1406 5173 ut
1427 5108 1494 5175 aliis
1510 5112 1607 5175 etiam
1626 5113 1755 5202 regibus
1772 5129 1805 5178 et
1824 5112 2023 5202 principibus
