4559 6100
523 136 664 211 semper
691 109 762 181 hoe
789 106 895 181 vellet
920 132 996 182 esse
1021 105 1155 206 quibus
1179 132 1321 207 semper
1346 108 1451 181 vellet
1476 108 1649 209 prodesse
1664 110 1727 208 qni
1747 135 1888 183 summe
1910 109 2036 185 bonus
2063 129 2133 207 est,

522 259 591 309 nec
608 232 654 305 de
678 231 750 304 hoc
771 231 928 327 fortassis
943 228 1105 303 humana
1125 229 1217 302 ratio
1234 228 1399 302 desuerit.
1419 231 1621 329 Oportebat
1640 232 1737 303 enim
1761 246 1799 303 ut
1822 257 1898 304 nou
1923 232 2047 305 solum
2066 261 2136 334 per

524 369 704 444 naturam,
725 375 850 422 verum
874 363 910 421 et
936 375 1002 448 per
1031 350 1254 422 existentiam
1284 349 1502 449 precederet
1529 376 1676 424 omnem
1707 368 1929 446 creaturam,
1958 368 2000 426 ut
2028 369 2135 429 tanto

524 473 668 571 dignior
681 484 883 570 appareret,
903 493 1013 566 quam
1028 470 1183 568 amplius
1200 469 1433 543 omnibus...

573 592 688 666 Facile
706 607 826 664 tamen
848 603 969 689 posset
989 590 1182 663 existimari
1199 606 1238 663 ut
1259 592 1322 689 qui
1342 616 1417 664 non
1433 589 1650 690 praecederet
1665 617 1777 690 opera
1798 616 1945 691 suaper
1968 593 2132 666 existen·

524 716 630 804 tiam,
652 737 727 784 non
746 709 962 810 precederet
977 734 1042 809 per
1059 724 1244 803 naturam3
1264 735 1349 783 cum
1365 710 1466 784 nulla
1486 725 1610 783 nostra
1626 712 1812 785 videamus
1828 736 1960 812 opera,
1979 715 2133 811 quinos
2234 715 2237 804 ξ

524 849 688 932 tempore
709 856 784 930 quo
807 855 873 902 nos
898 829 1162 928 praecedamus,
1187 832 1305 928 etqui
1330 855 1415 903 cum
1439 830 1558 902 eosic
1583 847 1757 936 perpetua
1782 848 2062 932 permanerent,
2091 850 2132 907 ut

524 955 728 1027 nullatenus
746 951 918 1050 inciperet
936 948 982 1021 ab
999 974 1043 1021 eo
1064 975 1136 1022 suae
1150 974 1295 1023 cansam
1318 951 1511 1023 existentiae
1524 976 1600 1022 nou
1614 950 1776 1023 haberet.
1796 951 1866 1023 Sed
1884 951 1973 1024 dicis
1995 980 2006 1022 z
2027 956 2131 1040 Qun·
2234 931 2237 1006 ἶ

522 1074 637 1146 modo
660 1074 844 1144 immensae
873 1071 950 1167 ejus
978 1069 1133 1143 bonitati
1162 1069 1368 1168 honorique
1397 1085 1629 1169 congrueret,
1665 1085 1706 1142 ut
1733 1070 1936 1145 nullatenus
1965 1098 2131 1172 unquam

523 1194 621 1268 solus
647 1218 722 1266 esse
745 1192 869 1283 vellet,
903 1207 964 1265 aut
987 1217 1059 1264 suae
1083 1189 1316 1264 beatitudinis
1335 1192 1485 1290 gratiam
1511 1216 1586 1264 non
1609 1191 1806 1291 impertiri,
1836 1218 1916 1290 quae
1936 1208 2043 1266 tanto
2063 1195 2130 1292 ju·

523 1314 680 1388 cuudior
705 1328 741 1385 et
771 1327 869 1410 grata
898 1313 1011 1408 magis
1031 1313 1107 1385 sive
1136 1313 1260 1385 utilior
1282 1327 1395 1407 esset,
1419 1328 1558 1411 quanto
1583 1313 1738 1412 amplius
1766 1313 2042 1412 participaretur
2067 1316 2130 1411 qui

524 1436 639 1506 minui
657 1436 781 1506 nescit.
803 1432 909 1505 Unde
924 1446 962 1504 et
976 1431 1147 1503 Salomon
1165 1458 1173 1502 ε
1195 1432 1410 1532 «Sapientia
1427 1431 1602 1505 absconsa
1618 1446 1655 1502 et
1670 1431 1859 1503 thesaurus
1876 1432 2126 1522 absconditus,

524 1580 605 1654 quae
631 1554 762 1626 utilitas
786 1554 824 1626 in
849 1553 1057 1651 utrisque.»
1082 1557 1126 1624 Et
1149 1553 1291 1624 Boetius
1317 1579 1326 1622 z
1356 1556 1528 1642 «Omne,
1550 1552 1680 1650 inquit,
1703 1552 1843 1624 honum
1864 1578 1948 1625 cnm
1966 1556 2003 1625 in
2024 1580 2128 1626 com-

524 1700 635 1747 mune
658 1673 861 1763 deducitur,
881 1671 1068 1770 pulchrius
1084 1672 1273 1766 elucescit,
1293 1686 1362 1745 etc.
1377 1704 1395 1740 n
1415 1672 1486 1745 Sed
1503 1670 1585 1744 dico
1604 1673 1778 1768 quoniam
1795 1686 1831 1743 et
1846 1672 1919 1744 hoc
1934 1672 1983 1745 ad
2000 1673 2128 1747 honn-

524 1820 602 1868 rem
629 1795 705 1892 ejus
731 1792 891 1892 proficit,
920 1807 961 1864 ut
985 1792 1162 1883 diximus,
1193 1792 1293 1890 quod
1317 1792 1415 1864 solus
1439 1807 1523 1865 ante
1548 1792 1671 1863 omnia
1697 1792 1862 1878 extiterit,
1881 1817 1964 1863 cum
1989 1818 2036 1865 ex
2059 1794 2129 1866 boc

523 1916 704 2014 praecipue
721 1913 980 2012 comprobetur
997 1927 1098 1985 tanto
1116 1898 1261 2010 dignior'
1275 1914 1432 2007 cunctis,
1452 1926 1588 2011 quanto
1607 1927 1735 1984 natura
1753 1924 1789 1983 et
1807 1913 1992 1985 existentia
2010 1915 2125 2013 prior,

524 2050 560 2108 et
577 2035 698 2107 minus
714 2034 784 2107 illis'
800 2059 918 2131 egere,
931 2035 1007 2106 sine
1020 2032 1155 2132 quibus
1168 2035 1319 2106 omnino
1338 2034 1375 2105 in
1392 2060 1443 2126 se,
1464 2034 1501 2104 in
1518 2056 1582 2105 sua
1599 2031 1778 2131 perlectus
1793 2032 1991 2129 majestate,
2011 2034 2128 2107 voluit

524 2156 693 2247 existere3
713 2169 749 2226 et
765 2153 812 2225 ab
833 2178 877 2225 eo
900 2168 1001 2225 tanto
1022 2153 1268 2252 probabilius¹
1288 2168 1417 2225 cuncta
1443 2152 1537 2225 ellici
1553 2152 1666 2243 credi,
1684 2165 1821 2250 quanto
1844 2152 1997 2250 amplius
2025 2178 2128 2227 more

525 2286 740 2355 cunctorum
758 2272 937 2345 artificum
958 2296 1022 2345 sua
1038 2271 1209 2371 praecedit
1225 2298 1349 2372 opera.
1369 2272 1440 2345 Sed
1462 2287 1666 2349 nec.tamen
1685 2276 1831 2372 proprie
1847 2271 1917 2343 dici
1931 2297 2130 2369 possumus

525 2393 677 2465 domum
687 2417 909 2491 componere
918 2392 976 2465 vel
985 2393 1119 2489 aliquid
1129 2391 1257 2483 lacere,
1270 2391 1443 2491 quamdiu
1454 2393 1554 2490 quod
1564 2407 1753 2491 operatum
1764 2408 1830 2465 est.
1844 2392 1943 2464 Unde
1950 2392 2129 2466 Aristote·

524 2513 595 2587 les:
612 2545 629 2580 α
640 2514 711 2585 Etsi
730 2512 771 2584 lit
786 2511 936 2611 aliquid,
948 2536 1024 2585 non
1041 2527 1094 2585 est
1111 2512 1220 2585 veluti
1237 2514 1267 2584 si
1276 2537 1376 2585 nunc
1389 2511 1463 2601 frat,
1481 2512 1612 2585 domus
1627 2515 1750 2612 utique
1766 2512 2126 2613 nondumestipsa.u

574 2638 670 2706 Tunc
694 2635 830 2733 qnippe
856 2633 895 2706 ht
918 2632 1075 2731 aliquid,
1095 2631 1243 2732 quando
1261 2633 1311 2706 ad
1329 2659 1406 2706 esse
1423 2631 1648 2732 perducitur,
1667 2649 1703 2708 et
1722 2633 1770 2707 ad
1793 2633 1866 2705 hoo
1887 2646 1926 2705 ut
1953 2633 2018 2723 sit,
2039 2658 2128 2732 prae·

525 2769 685 2852 paratur.
707 2753 815 2842 Quod
832 2777 919 2825 vero
937 2752 1057 2826 adhuc
1073 2768 1307 2853 praeparatur,
1327 2752 1491 2852 prolecto
1508 2753 1672 2825 nondum
1688 2767 1754 2844 est,
1771 2754 1856 2852 quia
1878 2750 2128 2850 imperfectum

470 2858 475 2863 ¹
526 2888 592 2945 est.
614 2877 737 2971 Neque
754 2873 852 2944 enim
868 2872 957 2945 dom
974 2871 1013 2944 fit
1032 2872 1178 2962 domus,
1194 2872 1315 2945 adhuc
1332 2876 1409 2975 ipsa
1422 2888 1488 2963 est,
1507 2874 1601 2947 sicut
1617 2875 1742 2972 utique
1757 2888 1811 2945 est
1826 2866 2021 2972 postquam
2039 2873 2128 2945 lacta

525 3007 601 3084 est;
630 3018 699 3067 nec
722 2992 811 3065 dum
835 2992 1039 3093 imperfecta
1061 3008 1115 3066 est
1135 2992 1280 3087 domus,
1307 2992 1427 3066 adhuc
1442 2993 1574 3067 domus
1590 3009 1666 3089 est;
1692 2995 1777 3095 quia
1793 3018 1837 3067 ex
1859 2991 2127 3093 imperfectione

525 3093 792 3187 constitutionis
816 3113 947 3186 domus
967 3139 1042 3186 non
1066 3114 1213 3186 dicitur.
1240 3114 1311 3187 Sed
1336 3139 1404 3187 nec
1426 3114 1581 3188 bonitati
1605 3115 1682 3213 ejus
1705 3128 1919 3212 congrueret
1945 3114 2050 3212 qnod
2072 3116 2129 3185 in-

525 3260 727 3331 congruum
754 3249 866 3329 essct,
895 3234 990 3331 ejus,
1017 3248 1059 3306 ut
1088 3232 1324 3330 dictumest,
1353 3234 1505 3334 gloriam
1529 3234 1757 3307 minuendo:
1785 3234 1848 3307 sed
1874 3233 2043 3306 videlicet
2067 3258 2128 3333 per

527 3357 750 3428 existentiam
780 3380 927 3453 quoque
954 3355 1066 3454 ipsius
1092 3371 1222 3429 cuncta
1252 3357 1282 3428 is
1308 3356 1544 3457 praecederet,
1573 3382 1683 3454 quem
1709 3371 1829 3428 tamen
1858 3354 2017 3455 amplius
2051 3354 2126 3454 plin

527 3473 707 3547 bonorem
728 3499 833 3546 suum
855 3498 965 3573 quam
982 3490 1147 3548 nostrum
1168 3491 1313 3575 oportet
1336 3476 1522 3549 attendere
1542 3477 1747 3576 proiectum
1765 3506 1773 3548 ε
1793 3475 1954 3574 alioquin
1980 3477 2127 3572 injustus

525 3609 636 3684 esset,
662 3595 691 3666 si
709 3593 809 3691 quod
826 3595 961 3692 aequius
984 3610 1053 3686 est,
1072 3596 1148 3667 imo
1166 3598 1429 3696 aequissimum,
1450 3600 1569 3670 minus
1589 3612 1745 3690 curaret,
1764 3595 1944 3668 honorem
1966 3595 2128 3668 videlicet

527 3741 653 3805 suum,
671 3738 782 3811 quam
803 3712 1005 3812 proiectum
1026 3727 1203 3788 nostrtun.
1224 3716 1296 3789 Sed
1313 3717 1471 3790 fortassis
1488 3718 1628 3817 inquies
1643 3717 1715 3789 hoe
1730 3716 1777 3790 ad
1793 3715 2004 3815 superbiam
2020 3716 2128 3813 magis

527 3860 638 3933 quam
661 3834 708 3908 ad
730 3833 930 3907 bonitatem
954 3836 1153 3932 pertinere,
1178 3850 1219 3907 ut
1240 3837 1423 3935 quisnam
1443 3851 1579 3936 quaerat
1601 3836 1769 3934 gloriam3
1795 3851 1830 3909 et
1846 3839 1949 3933 juxta
1973 3841 2128 3936 Aposto-
2238 3855 2239 3860 ’

526 3955 618 4046 lum,
643 3955 855 4029 charitatem
881 3955 995 4054 ipsam
1018 3955 1169 4030 minime
1192 3980 1352 4053 quaerere
1370 3981 1450 4054 quae
1473 3981 1537 4029 sua
1560 3971 1657 4029 sunt.
1689 3964 1798 4029 Amor
1819 3958 1954 4056 quippe
1975 3954 2129 4056 proprie

528 4074 650 4173 gloriae
671 4074 839 4174 superbia
861 4075 1014 4167 dicitur,
1049 4076 1148 4148 uride
1165 4078 1379 4172 Augustinus
1397 4081 1515 4176 Super
1538 4081 1704 4149 Genesim
1734 4075 1787 4148 ud
1815 4075 2005 4148 litteram.-
2025 4105 2045 4142 ι
2064 4078 2130 4147 Su·

527 4194 670 4295 perhia,
697 4195 832 4292 inquit,
859 4208 913 4267 est
934 4219 1037 4269 amor
1061 4181 1279 4269 excellentiae
1302 4198 1468 4296 propriae.
1486 4227 1504 4264 s
1533 4201 1609 4285 Est,
1633 4180 1800 4295 inquam,
1821 4196 1942 4268 omnis
1961 4195 2131 4295 snperh’n

528 4338 632 4388 amor
656 4314 810 4414 propriae
835 4313 976 4411 gloriae,
1001 4314 1065 4388 sed
1091 4341 1167 4388 non
1188 4318 1443 4391 communiter.
1471 4320 1562 4390 llam
1584 4332 1620 4390 et
1645 4318 1709 4417 qui
1731 4315 1883 4415 gloriam
1905 4315 2032 4417 adepti
2047 4329 2130 4389 sunt

529 4565 533 4572 ‘
560 4582 567 4612 ¹
586 4578 628 4631 sle
637 4576 706 4628 Tostl
718 4585 761 4638 eet
773 4577 842 4629 locus
856 4585 923 4628 certe
933 4579 1088 4641 depravatus.
1099 4581 1151 4617 —¹
1167 4580 1234 4630 Tostt
1243 4580 1399 4646 palchito.
