4559 6100
504 568 665 640 Erfltca
690 570 772 642 SEU
797 570 925 640 LIBER
951 568 1103 642 uterus
1129 599 1138 640 ε
1167 570 1290 643 SClTO
1315 572 1515 644 TElPSUM.
1777 568 1849 643 uta

252 717 329 787 sine
345 716 452 816 culpa
469 733 621 817 possunt
633 718 809 792 accidere.
827 721 863 791 Si
880 720 960 816 quis
976 721 1073 791 enim
1087 720 1281 818 Evangelio
1298 722 1355 793 vel
1370 722 1512 794 Christo
1527 747 1602 794 non
1621 720 1748 809 credit,
1767 721 1852 818 quia

254 834 460 934 pradicatio
470 838 517 910 ad
533 840 652 937 ipsum
662 862 743 913 non
758 841 974 938 pervenerit,
984 839 1181 936 jortaillud
1196 843 1371 940 Apostoli¹
1391 869 1432 912 z«
1444 841 1640 930 Quomodo
1655 840 1803 912 credent
1819 842 1851 912 ei

255 980 366 1052 quem
383 981 458 1029 nou
476 956 691 1033 audierunt?
708 959 905 1047 Quomodo
923 974 1042 1032 autem
1058 960 1206 1032 audient
1220 962 1297 1032 sine
1314 961 1542 1060 predicante?
1560 991 1580 1032 u
1596 964 1685 1049 Quae
1710 960 1797 1031 binc
1820 962 1852 1032 ei

255 1075 361 1174 culpa
384 1091 502 1176 potest
522 1078 691 1174 assignari
708 1079 810 1176 qood
830 1104 904 1152 non
928 1074 1069 1151 crediti
1089 1083 1169 1151 Non
1195 1079 1365 1153 credebat
1378 1079 1570 1153 Cornelius
1591 1081 1628 1153 in
1644 1079 1852 1168 Christum,

256 1193 374 1268 donec
390 1202 514 1269 Petrus
537 1198 584 1271 ad
601 1223 686 1271 eum
707 1201 834 1272 missus
855 1199 902 1272 de
925 1200 997 1272 boc
1017 1200 1136 1299 ipsum
1159 1201 1346 1291 instruxit,
1375 1203 1437 1299 qui
1461 1200 1625 1298 quamvis
1648 1212 1752 1271 antea
1776 1197 1854 1294 loge

256 1317 407 1388 naturali
431 1320 547 1389 Deum
572 1335 843 1417 recognosceret
869 1334 977 1417 atque
1001 1318 1181 1416 diligeret,
1208 1346 1254 1392 ex
1277 1345 1352 1419 quo
1377 1321 1506 1394 meruit
1531 1318 1578 1391 de
1603 1319 1769 1392 oratione
1789 1341 1855 1389 sua

255 1436 428 1525 exaudiri,
448 1452 484 1509 et
499 1442 577 1510 Deo
594 1455 758 1538 acceptas
775 1441 1019 1537 eleemosynas
1036 1439 1185 1529 babere,
1204 1456 1324 1513 tamen
1345 1442 1374 1512 si
1397 1464 1482 1512 eum
1498 1453 1581 1512 ante
1598 1437 1708 1511 fldem
1724 1436 1855 1509 Christi

256 1558 303 1630 de
320 1559 390 1632 bac
406 1560 487 1633 luce
509 1564 678 1658 migrasse
694 1566 931 1660 contingeret,
951 1586 1182 1662 nequaquam
1205 1566 1238 1636 ei
1258 1550 1593 1663 vitam'promittere
1615 1561 1852 1650 auderemus,

256 1694 577 1780 quantumcunque
595 1682 693 1755 bona
710 1708 821 1781 opera
837 1685 914 1780 ejus
929 1684 1156 1773 viderentur,
1177 1708 1244 1756 nec
1260 1708 1344 1756 cum
1360 1683 1542 1773 fidelihus,
1561 1682 1625 1754 sed
1641 1682 1755 1779 magis
1772 1679 1855 1752 infi-

257 1798 398 1872 delibus
410 1825 769 1894 connumeraremus,
794 1818 1076 1901 quantocunque
1092 1802 1214 1875 studio
1230 1803 1351 1877 salutis
1365 1818 1455 1875 esset
1470 1816 1679 1900 occupatus.
1701 1800 1854 1897 abyssus

256 1921 392 2018 quippe
419 1921 529 1993 multa
557 1923 623 1995 Dei
638 1922 772 2019 judicia
800 1938 906 2012 sunt,
936 1925 999 2020 qui
1026 1947 1100 1994 non
1128 1945 1316 2020 nunquam
1344 1920 1558 1994 reluctantes
1585 1921 1642 1993 vel
1668 1921 1786 1991 minus
1808 1918 1854 1992 do

256 2038 369 2111 salute
389 2064 455 2112 sna
471 2041 642 2114 sollicitos
664 2041 790 2131 trahit,
817 2056 907 2114 etse
924 2042 1127 2130 olierentes,
1148 2042 1205 2114 vel
1229 2042 1274 2114 ad
1294 2041 1517 2114 credendum
1536 2040 1744 2138 paratiores,
1770 2064 1854 2138 pro·

256 2158 470 2231 fundissimo
486 2161 761 2258 dispensationis
783 2186 854 2233 suae
876 2158 1028 2234 consilio
1049 2158 1197 2260 respuit.
1216 2164 1274 2234 Sic
1293 2154 1390 2235 enim
1409 2161 1510 2233 illum
1530 2185 1568 2232 se
1592 2159 1850 2231 ollcrentem¹z
1983 2184 1991 2199 ·

260 2300 277 2336 s
287 2271 465 2366 Magister,
476 2296 606 2368 sequar
619 2286 653 2342 te
662 2295 894 2370 quocumque
911 2273 1006 2364 ieris,
1025 2302 1042 2340 >a
1053 2272 1270 2373 reprobavit.
1285 2278 1327 2343 Et
1336 2273 1489 2347 alterum
1501 2285 1732 2343 excusantem
1745 2295 1783 2342 se
1790 2295 1855 2368 per
1976 2255 1981 2271 ⁸

256 2388 532 2465 sollicitudinem
557 2416 666 2489 qnam
689 2391 819 2464 habuit
832 2392 879 2465 de
894 2374 1101 2493 patre,'ne'c
1115 2394 1163 2465 ad
1178 2393 1307 2466 boram
1327 2395 1366 2465 in
1384 2394 1452 2464 hac
1469 2393 1609 2491 pietatis
1624 2392 1855 2463 excusatione

258 2511 433 2585 toleravit.
468 2514 633 2610 Denique
654 2529 690 2585 et
719 2514 961 2611 quarumdam
989 2514 1172 2613 civitatum
1198 2513 1477 2589 obstinationem
1507 2514 1717 2611 increpans,
1746 2513 1814 2583 ait⁸
1843 2539 1851 2581 ε

260 2663 277 2697 α
311 2636 368 2705 Vae
381 2631 462 2722 tibi,
482 2635 671 2725 Corozain,
687 2657 739 2705 are
752 2632 829 2722 tibi,
849 2633 1053 2713 bethsaida,
1073 2635 1158 2731 quia
1174 2635 1205 2706 si
1220 2635 1257 2707 in
1273 2639 1367 2731 Tyro
1388 2649 1424 2706 et
1443 2632 1579 2707 Sidone
1594 2631 1742 2705 virtutes
1757 2630 1856 2733 lacte

258 2751 419 2843 fuissent,
442 2777 523 2849 quae
540 2750 638 2824 iacta
655 2754 791 2824 suntin
810 2752 926 2841 vobis,
939 2753 1015 2848 jam
1033 2752 1122 2825 olim
1136 2753 1173 2826 in
1186 2752 1304 2826 cilicio
1320 2756 1489 2826 etcinere
1500 2750 1752 2850 paroemiam
1767 2751 1856 2847 egia-

258 2886 349 2944 sent.
367 2902 385 2939 u
404 2876 496 2945 Ecce
516 2872 585 2945 illis
600 2872 731 2945 obtulit
745 2897 823 2945 non
839 2872 956 2945 solum
974 2871 1266 2970 predicationem
1293 2896 1415 2964 suam,
1436 2894 1562 2947 rcfflffl
1579 2869 1688 2947 etiam
1704 2869 1856 2945 miracu·

257 2992 377 3065 lorum
394 2991 670 3082 exhibitionem,
691 3015 784 3089 wquas
806 3006 926 3066 umen
953 2993 1054 3091 prim
1075 2998 1321 3068 noverat'coeo
1340 3015 1416 3068 aon
1442 2988 1652 3064 credituras.
1675 2992 1746 3064 llas
1769 3013 1856 3068 vcro

258 3112 557 3184 Gentiliomalias
569 3112 742 3198 civitates,
756 3135 847 3209 quas
860 3112 905 3184 ad
926 3110 1036 3184 fidam
1052 3110 1318 3209 suscipiendam
1332 3110 1452 3187 faciles
1466 3134 1544 3184 asse
1561 3134 1636 3182 non
1653 3108 1854 3203 ignorabat,

258 3231 630 3304 suatuncvisitatinne
647 3231 871 3302 noncensuit
884 3230 1026 3325 digms,
1042 3232 1080 3302 in
1093 3229 1229 3326 quibus
1241 3228 1405 3326 quidem,
1422 3253 1506 3304 cum
1525 3227 1651 3322 aliqui,
1670 3226 1856 3302 subtracto

259 3350 327 3423 sibi
344 3350 606 3448 predicationis
625 3348 753 3437 verbo,
770 3364 890 3422 mmen
910 3348 958 3423 ad
980 3348 1250 3446 suscipiendum
1273 3349 1394 3446 ipsum
1408 3347 1535 3445 parati,
1554 3346 1756 3444 perierunt,
1774 3347 1857 3442 quis

258 3472 331 3543 hoc
350 3494 477 3542 eorum
497 3470 650 3566 imputet
667 3467 792 3566 culpa,
810 3468 912 3566 quod
929 3468 1028 3542 nulla
1049 3467 1262 3565 negligentia
1285 3466 1449 3542 ridemus
1468 3465 1632 3542 accidere
1645 3463 1661 3534 i
1673 3468 1717 3540 Et
1735 3479 1855 3541 tamen

260 3591 354 3663 hanc
381 3609 507 3662 eorum
533 3587 782 3662 infidelitatem
817 3589 853 3660 in
886 3613 960 3686 qua
994 3588 1153 3663 defuncti
1181 3603 1287 3679 sont,
1318 3587 1365 3662 ad
1385 3585 1657 3664 damnationem
1692 3583 1857 3660 sufficere

258 3710 425 3802 dicimus,
452 3710 616 3807 quamvis
634 3709 741 3805 hujus
758 3710 937 3801 cecitatis,
965 3710 1099 3807 inqua
1120 3710 1298 3784 Dominus
1321 3732 1384 3782 nos
1406 3705 1595 3796 dimiserit,
1615 3705 1856 3784 mammons

260 3831 367 3903 nohis
392 3846 576 3929 appareat.
601 3834 720 3918 Quam
747 3829 1067 3927 profectusum
1091 3845 1242 3928 peccato
1264 3852 1394 3904 eorum
1417 3828 1496 3902 sins
1524 3824 1631 3922 culpa
1648 3822 1854 3914 adsorbet,

261 3952 416 4024 fortassis
433 3948 573 4041 licebit,
600 3973 690 4021 cum
707 3948 962 4022 absurdumbi
980 3950 1149 4023 ,rideatur
1170 3948 1257 4022 tales
1280 3948 1356 4026 sine
1376 3961 1524 4046 peccato
1543 3944 1733 4026 &mutui

309 4076 382 4144 Nos
406 4086 526 4143 mmen
555 4071 702 4167 proprie
728 4084 937 4168 peccabam,
966 4084 1008 4142 nt
1035 4094 1127 4168 seps
1149 4069 1224 4164 iam
1250 4068 1499 4158 meminimus,
1527 4064 1616 4145 illud
1641 4063 1759 4144 solnm
1785 4063 1855 4142 dici

260 4192 489 4280 arbitramur,
512 4191 614 4289 quod
635 4192 672 4262 in
693 4189 1248 4290 culpa'negligent‘rc-cmsistit,
1275 4189 1397 4264 necin
1421 4186 1601 4285 aliquibus
1618 4210 1705 4264 sato
1723 4198 1853 4284 potest,

259 4315 517 4409 majuscumque
542 4315 614 4384 sint
635 4312 759 4403 aetatis,
781 4314 871 4408 qttin
895 4337 939 4383 ex
965 4311 1034 4383 boc
1060 4310 1225 4384 damnari
1246 4324 1464 4384 momentus.
1495 4313 1578 4384 Nou
1600 4305 1748 4382 credere
1767 4330 1855 4384 ’tatto

259 4431 458 4522 Cliristum,
486 4432 586 4528 quod
611 4430 832 4530 infidelitatis
861 4435 933 4522 est,
959 4429 1152 4528 quomodo
1178 4429 1356 4529 parvulis,
1387 4427 1442 4500 vel
1468 4426 1526 4502 bis
1552 4425 1683 4523 quibus
1711 4449 1785 4500 non
1799 4440 1856 4500 sat

259 4552 528 4636 annuntiatum,
549 4550 664 4649 culpae
681 4551 811 4624 debeat
832 4551 999 4644 adscribi,
1021 4575 1097 4623 non
1120 4549 1241 4640 rideo,
1263 4547 1322 4622 val
1340 4546 1517 4645 quidquid
1537 4571 1602 4644 por
1616 4545 1854 4643 ignorantiam

260 4669 503 4743 invincibilem
518 4671 584 4757 tu,
610 4674 668 4743 cui
690 4671 955 4770 velpraevidere
978 4669 1272 4768 pon-rabrimus3
1290 4668 1399 4741 relnti
1416 4666 1544 4768 siquis
1562 4665 1653 4740 lorte
1668 4666 1855 4740 bominem

260 4814 369 4885 quem
397 4815 471 4861 non
497 4789 593 4862 videt
618 4792 658 4862 in
686 4791 784 4888 sylva
806 4792 933 4889 sagitta
952 4789 1162 4888 interficiat,
1191 4788 1280 4860 dum
1306 4787 1390 4861 faris
1415 4787 1473 4860 rel
1500 4785 1626 4861 avibus
1651 4782 1856 4881 sagittandis

260 4909 425 4982 intendit.
442 4913 559 4998 Quem
575 4927 697 4982 umen
715 4909 804 4983 dum
816 4935 967 5010 peceare
981 4935 1047 5010 per
1061 4909 1302 5008 ignorantiam
1315 4907 1482 4996 dicimos,
1501 4907 1592 4980 sicut
1606 4928 1674 4976 nos
1688 4903 1854 5001 quintio-

293 5189 297 5213 ·
317 5185 391 5233 Rom.
404 5221 410 5247 ,
422 5199 475 5247 cap.
493 5198 518 5243 x,
534 5200 556 5232 r.
572 5189 607 5236 tt.
621 5213 650 5220 -
663 5189 672 5215 ²
685 5184 782 5244 llatttr,
795 5199 849 5246 cap.
862 5197 898 5246 rr,
910 5197 934 5234 v.
951 5187 988 5234 19,
1003 5209 1031 5219 -
1042 5186 1051 5214 ³
1062 5182 1128 5231 ibid.
1138 5218 1145 5242 ,
1157 5191 1210 5243 cap.
1225 5195 1264 5242 xc,
1281 5194 1303 5229 r.
1316 5184 1354 5230 rt.
