4559 6100
463 496 535 569 ut
992 437 1001 448 ¹
1067 489 1194 560 unm
1221 488 1455 562 romaum

463 640 1041 746 tamquamtadrersarioscivitatis
1052 653 1178 738 poetas
1186 640 1325 713 censuit
1341 638 1430 712 urbe
1446 637 1658 737 pellendos?
1674 668 1691 706 n
1712 642 1797 713 ltem
1811 653 1891 738 post
1908 639 2027 738 aliqua
2046 668 2055 709 ε

467 797 483 830 e
492 765 563 851 Qui
576 762 960 862 seilicetPlatopoetns
972 760 1070 859 ipsos
1079 759 1137 831 vel
1146 784 1215 859 pro
1230 758 1379 832 arbitrio
1390 761 1616 853 mentientes,
1630 761 1685 833 vel
1696 758 1908 833 hominibus
1920 761 2057 832 miseris

464 885 565 983 quasi
589 883 742 956 deorum
769 883 863 956 lacta
889 882 1045 980 pessima
1069 878 1243 952 imitanda
1269 894 1534 978 proponentes,
1563 880 1715 953 omnino
1741 880 1779 952 in
1802 880 1945 952 civitate
1968 879 2059 952 bene

464 1004 624 1076 instituta
647 1006 767 1077 vivere
793 1003 960 1075 noluit.»
984 1003 1030 1071 Ac
1048 1001 1078 1072 si
1095 1013 1217 1098 aperte
1245 997 1344 1071 lactis
1368 1000 1474 1073 etiam
1497 1000 1581 1099 ipsis
1608 999 1698 1072 illud
1718 1000 1793 1096 jam
1818 1000 2056 1100 praedicaret¹,

467 1127 552 1196 «Os
576 1123 677 1220 quod
695 1123 863 1194 mentitur
887 1118 1019 1192 occidit
1039 1119 1211 1191 animam.
1234 1146 1253 1186 n
1285 1124 1329 1190 Αῑ
1355 1117 1505 1191 sortasse
1526 1119 1666 1216 inquies
1688 1143 1763 1192 non
1790 1118 1911 1191 solnm
1938 1134 2058 1216 poeta·

465 1267 558 1333 rum,
584 1267 710 1313 verum
736 1241 845 1313 etiarn
870 1237 1072 1311 liberalium
1096 1238 1229 1310 artium
1245 1237 1421 1310 lectiones
1446 1238 1648 1311 christianis
1673 1237 1950 1327 interdicendas,
1972 1264 2055 1311 cunr

464 1367 501 1434 Β.
521 1363 762 1458 Hieronymus
787 1361 823 1431 in
847 1357 997 1458 epistola
1029 1356 1086 1434 ad,
1104 1357 1350 1450 Eustochium,
1370 1383 1409 1430 se
1430 1359 1582 1455 graviter
1603 1374 1830 1448 correctum,
1859 1373 1895 1430 et
1922 1357 2055 1430 uerbe-

462 1496 578 1553 ratum
605 1505 626 1552 a
652 1480 832 1565 Domino,
861 1503 930 1576 pro
956 1477 1109 1550 lectione
1136 1476 1473 1576 philosophicorum
1499 1479 1715 1577 scriptorum
1741 1493 1885 1550 asserat.
1918 1484 1965 1549 llc
1981 1479 2053 1574 jam

459 1595 621 1694 prolecto
640 1619 707 1667 uec
728 1594 998 1690 grammaticam
1021 1617 1043 1666 a
1064 1592 1261 1664 christiano
1285 1593 1353 1690 legi
1378 1594 1583 1685 corrreniet,
1608 1594 1686 1666 sine
1710 1592 1936 1664 documentis
1954 1592 2055 1687 cujus

460 1740 526 1787 uec
548 1715 670 1787 divina
697 1712 845 1810 intelligi
868 1713 997 1812 pagina
1023 1726 1161 1812 potest,
1192 1736 1259 1784 nec
1282 1713 1458 1812 scriptura
1481 1714 1617 1812 aliqua,
1646 1713 1697 1785 sic
1719 1737 1786 1784 nec
1814 1711 2051 1798 rhetoricam,

459 1859 538 1929 quae
562 1834 681 1905 omnis
708 1832 919 1928 eloquentiae
943 1830 1053 1903 tradit
1075 1845 1309 1920 ornamenta,
1330 1831 1462 1929 quibus
1488 1835 1643 1905 maxime
1667 1856 1768 1904 sacra
1792 1832 1975 1929 Scriptura
2000 1857 2054 1902 re·

459 1958 548 2029 serta
572 1972 638 2048 est,
667 1980 734 2028 nec
755 1955 832 2052 ejus
848 1954 958 2026 decor
984 1955 1052 2026 nisi
1077 1952 1135 2026 his
1162 1953 1350 2050 diligenter
1373 1956 1572 2052 assignatis,
1598 1955 1738 2028 elucere
1765 1954 1911 2053 poterit.
1935 1958 2053 2041 Quare

458 2101 558 2173 ergo,
577 2076 730 2173 inquies,
758 2089 906 2172 propter
920 2075 1103 2146 Ciceronis
1127 2073 1238 2145 libros
1259 2074 1450 2172 pradictus
1466 2075 1595 2148 doctor
1612 2089 1685 2147 tam
1703 2074 1857 2171 graviter
1872 2089 2053 2144 correctus

457 2210 493 2267 et
510 2196 706 2293 flagellatus
725 2209 792 2284 est,
817 2207 856 2264 ut
872 2193 939 2266 sub
958 2192 1197 2266 obtestatione
1217 2196 1427 2266 sacramenti
1451 2209 1641 2293 cogeretur
1662 2194 1814 2266 omuino
1830 2193 2051 2265 secularium

458 2315 631 2387 librorum
661 2314 808 2386 lectioni
833 2313 1108 2388 abrenuntiare?
1139 2313 1306 2385 Profecto
1333 2316 1418 2411 quia
1445 2339 1520 2387 non
1544 2340 1613 2415 pro
1640 2313 1791 2386 utilitate
1818 2314 1958 2410 aliqua,
1989 2315 2050 2384 sed

457 2460 523 2535 pro
546 2433 786 2506 oblectatione
814 2431 1027 2531 eloquentia
1050 2434 1117 2506 illis
1142 2433 1365 2523 intendebat,
1390 2434 1552 2531 neglecto
1571 2458 1679 2507 sacrae
1700 2434 1890 2532 scripturae
1916 2431 2048 2519 studio,

455 2556 579 2650 cujus,
610 2570 648 2625 ut
680 2554 828 2651 ipsemet
858 2553 928 2641 ait,
957 2554 1112 2626 incultus
1136 2554 1170 2625 ei
1194 2577 1314 2625 sermo
1340 2553 1524 2628 horrebat.
1552 2559 1628 2650 Ego
1653 2569 1774 2626 autem
1807 2551 1939 2625 nullius
1966 2554 2051 2623 artis

456 2672 645 2745 lectionem
663 2673 881 2768 cuicumque
897 2673 1064 2770 religioso
1080 2671 1365 2746 interdicendam
1386 2674 1554 2763 arbitror,
1573 2675 1641 2747 nisi
1658 2674 1749 2746 forte
1765 2699 1832 2773 per
1848 2673 1916 2745 hoc
1933 2673 2048 2767 major

455 2792 575 2891 aliqua
598 2793 675 2889 ejus
693 2791 827 2863 utilitas
847 2792 1098 2890 praepediatur,
1122 2794 1215 2865 sicut
1234 2804 1271 2863 et
1291 2794 1328 2863 in
1349 2795 1475 2866 ceteris
1501 2793 1607 2865 bonis
1623 2793 1826 2868 laciendum
1849 2794 1991 2878 scimus,
2011 2806 2048 2863 nt

456 2911 622 2983 uidelicet
649 2911 791 2981 minora
818 2936 886 3009 pro
916 2912 1114 3008 majoribus
1141 2908 1361 3012 quandoque
1383 2914 1677 3005 intermittantur,
1703 2913 1761 2985 vel
1775 2914 1918 3013 penitus
1936 2913 2049 2984 omit-

463 3043 597 3103 tantur.
626 3032 771 3131 Quippe
793 3056 875 3104 curn
901 3030 998 3105 nulla
1021 3047 1076 3107 est
1097 3033 1133 3107 in
1151 3033 1316 3110 doctrina
1337 3034 1480 3123 salsitas,
1512 3033 1612 3106 nulla
1638 3034 1675 3106 in
1704 3031 1823 3107 verbis
1850 3030 2047 3132 turpitudo,

454 3151 629 3223 nonnulla
645 3151 854 3225 descientia
870 3152 1018 3246 utilitas,
1041 3155 1122 3251 quis
1144 3155 1220 3229 haec
1235 3155 1411 3230 discendo
1432 3169 1495 3228 aut
1511 3153 1678 3229 docendo
1697 3155 1835 3254 culpari
1856 3167 2046 3241 mereatur,

456 3270 523 3342 uisi
553 3295 661 3344 causa
690 3273 921 3345 intervenerit
947 3277 1191 3374 supraposita,
1219 3277 1352 3377 potiori
1378 3273 1553 3351 videlicet.
1575 3273 1674 3346 bono
1702 3273 1866 3371 neglecto
1901 3287 1964 3345 aut
1994 3272 2048 3344 di·

456 3389 590 3461 miss0?
607 3393 871 3473 Nemo-etenim
887 3394 1073 3466 scientiam
1090 3396 1248 3495 aliquam
1263 3412 1360 3470 recte
1380 3395 1508 3468 malam
1526 3419 1603 3467 esse
1619 3394 1760 3467 dixerit.
1779 3393 1886 3480 Quod
1899 3393 2044 3491 quidem

454 3508 489 3579 in
512 3523 684 3606 quantam
712 3512 825 3583 nostri
848 3512 1191 3589 condemnationem
1212 3532 1249 3590 et
1269 3518 1520 3590 confusionem
1541 3514 1673 3587 factum
1693 3513 1751 3606 sit,
1776 3514 1857 3610 quis
1875 3511 2048 3585 discretus

454 3652 528 3700 uon
551 3629 828 3723 animadvertat,
851 3631 983 3728 quibus
1006 3660 1080 3706 non
1106 3637 1224 3709 solum
1248 3638 1336 3710 illud
1362 3636 1505 3726 dicitur,
1529 3634 1628 3733 quod
1653 3663 1671 3702 u
1691 3659 1733 3707 os
1754 3633 1852 3732 quod
1874 3635 2047 3706 mentitur

453 3747 582 3818 occidit
604 3749 778 3840 animam,
793 3780 811 3814 ν
833 3774 958 3827 verum
974 3751 1020 3824 de
1037 3756 1137 3825 omni
1150 3754 1263 3828 verbo
1282 3756 1400 3827 otioso
1416 3754 1575 3827 districta
1592 3755 1744 3851 exigitur
1762 3754 1866 3826 ratio.
1891 3753 1928 3824 si
1947 3752 2046 3846 juvat

451 3862 685 3938 christianum
704 3868 821 3964 legere
836 3867 883 3942 ad
904 3870 1143 3945 eruditionem
1166 3874 1390 3946 locutionum
1416 3873 1473 3946 vel
1489 3874 1759 3963 sententiarum,
1782 3871 1961 3970 numquid
1977 3871 2047 3942 hoc

450 3981 558 4080 plene
575 3982 717 4057 efficere
733 4010 807 4058 non
827 4002 958 4086 potest,
982 3990 1049 4061 nisi
1069 3993 1219 4089 poeticis
1241 3993 1423 4066 studendo
1444 3993 1623 4090 figmentis
1645 4006 1681 4065 et
1703 3991 1872 4066 inanibus
1895 3990 2045 4062 sabulis?

451 4104 538 4189 Quae
563 4117 646 4175 sunt
667 4128 798 4199 genera
824 4104 1064 4193 locutionum,
1091 4113 1154 4208 qui
1178 4128 1326 4185 umatus
1353 4112 1561 4202 verborum,
1587 4137 1668 4208 quae
1690 4136 1791 4186 sacra
1815 4112 1945 4212 pagiua
1973 4137 2043 4182 nou

449 4218 592 4313 lrabeat,
618 4224 770 4296 maxime
795 4225 1047 4322 parabolarum
1075 4243 1111 4302 et
1136 4231 1388 4330 allegoriarum
1410 4231 1659 4329 aenigmatibus
1684 4232 1824 4321 relerta,
1850 4246 1886 4303 et
1912 4229 2045 4328 ubique

450 4338 523 4411 lere
551 4342 710 4438 mysticis
740 4342 947 4418 redundans
974 4347 1300 4439 involucrisiQuae
1331 4365 1414 4423 sunt
1442 4350 1661 4424 urbanitates
1688 4351 1935 4437 locutionum,
1966 4375 2042 4445 qua

449 4473 563 4547 mater
578 4460 781 4558 linguarum
796 4465 971 4539 Hebraica
987 4493 1063 4540 non
1085 4469 1262 4562 docuerit,
1282 4476 1476 4572 prasertim
1492 4497 1577 4545 cnm
1599 4471 1786 4544 Palestinae
1811 4485 1912 4542 terrae
1936 4471 2041 4542 etiam

449 4578 591 4675 plebem
624 4581 803 4679 parabolis
833 4602 1009 4659 assuetam
1034 4614 1110 4661 uon
1131 4589 1250 4676 lateat,
1271 4591 1387 4664 uthis
1408 4593 1779 4691 quoqueDominum
1802 4595 1914 4662 Jasun
1944 4589 2042 4687 loqui

446 4697 497 4769 eis
523 4713 720 4798 oporteret,
751 4727 834 4775 cunr
864 4707 1090 4805 evangelium
1120 4709 1353 4807 praedicaret?
1379 4716 1467 4801 Quae
1495 4712 1618 4785 deesse
1647 4711 1777 4787 lercula
1801 4725 1954 4809 possunt
1970 4711 2043 4807 spi-

447 4817 563 4890 rituali
591 4822 736 4893 Domini
766 4848 909 4913 mensa»,
945 4826 980 4895 id
1007 4843 1059 4899 est
1086 4852 1196 4901 sacrae
1218 4832 1428 4930 Scriptura,
1462 4834 1498 4905 iu
1528 4858 1598 4931 qua
1617 4833 1718 4930 juxta
1746 4831 1980 4927 Gregorium,
2008 4846 2039 4900 et

479 5084 568 5159 'Sup.,
582 5113 636 5163 cap.
651 5114 669 5163 r,
681 5115 703 5152 r.
719 5105 757 5155 tt.
