4559 6100
670 555 713 629 IN
738 547 983 628 EPlS'lOLAM
1009 557 1070 629 ΑΙ)
1095 555 1321 631 Romanos,
1728 559 1798 632 197

199 706 394 782 reddentes
410 729 489 801 qum
515 728 581 778 sua
600 721 696 778 sunt.
724 705 823 778 absit
856 707 967 795 enim,
997 719 1038 777 ut
1056 706 1247 779 credamus
1271 705 1465 779 Ecclesiam
1490 730 1512 779 a
1539 706 1659 805 primo
1682 707 1796 782 electo

199 848 313 925 usque
329 823 378 898 ad
394 824 632 897 novissimum
647 826 685 897 in
700 824 880 923 aliquibus
891 825 1016 898 saltem
1033 824 1201 899 fidelibus
1225 849 1300 898 non
1325 839 1642 925 perseveraturam,
1663 852 1743 925 quae
1760 843 1795 903 et

199 962 282 1020 ante
298 947 414 1043 legem
432 943 566 1017 multos
581 959 617 1018 et
632 959 715 1045 post
730 944 845 1044 legem
856 945 990 1045 plures,
1009 946 1100 1020 sicut
1117 960 1153 1020 et
1171 948 1289 1045 ipsum
1307 946 1369 1045 qui
1385 944 1484 1018 huuc
1498 946 1680 1023 Psalmum
1698 971 1797 1022 com·

198 1066 333 1163 posuit,
354 1080 390 1137 et
406 1062 474 1137 sub
494 1065 605 1161 gratia
627 1065 762 1163 colligit
781 1066 927 1138 multos.
955 1063 1058 1138 Unde
1084 1079 1120 1138 et
1144 1066 1285 1164 inipso
1311 1063 1469 1138 adventu
1487 1066 1635 1138 Domini
1655 1065 1731 1162 jam
1754 1092 1797 1139 ex

198 1185 355 1258 maxima
376 1199 479 1284 parte
500 1185 538 1256 iu
565 1184 671 1257 lsrael
694 1184 785 1258 facta
806 1187 978 1278 caecitate,
1008 1185 1206 1257 nonnullos
1229 1184 1380 1281 legimus
1401 1208 1603 1284 superesse,
1623 1184 1722 1259 velut
1738 1186 1798 1258 Si·

199 1328 381 1396 meonem,
401 1310 560 1396 Annam,
580 1318 686 1403 atque
701 1305 815 1405 ipsam
832 1305 979 1378 Domini
1003 1320 1154 1379 matrem
1171 1329 1255 1377 cum
1269 1327 1404 1403 sponso
1423 1329 1489 1376 suo
1512 1304 1659 1404 loseph,
1681 1320 1717 1377 et
1734 1330 1796 1405 pa·

197 1438 290 1497 trem
301 1439 339 1497 et
357 1439 511 1498 matrem
527 1426 675 1498 loannis
693 1427 857 1525 Baptista
871 1450 955 1498 cum
972 1426 1064 1529 ipso.
1084 1428 1183 1525 Saepe
1199 1439 1321 1499 autem
1335 1448 1418 1496 curn
1435 1422 1568 1498 dicitur
1591 1425 1758 1519 «omisis,
1775 1458 1793 1493 n

198 1544 253 1617 vel
272 1576 289 1611 α
302 1543 444 1638 nullus,
464 1573 482 1613 a
503 1569 577 1617 non
594 1546 818 1641 generaliter,
837 1543 902 1618 sed
915 1544 962 1619 ad
978 1546 1173 1618 maximam
1187 1560 1326 1643 partem
1350 1543 1494 1616 dicitnr.
1513 1543 1631 1617 Veluti
1649 1546 1678 1617 si
1697 1544 1793 1621 dica·

200 1678 256 1736 tur
270 1664 317 1737 de
333 1665 489 1755 civitate,
507 1664 544 1736 iu
559 1687 632 1762 qua
645 1664 750 1764 pauci
761 1679 845 1737 sunt
858 1665 960 1756 boni,
980 1689 1108 1737 omnes
1123 1664 1209 1736 mali
1225 1677 1308 1736 sunt
1319 1664 1383 1762 qui
1398 1664 1436 1735 in
1453 1687 1496 1738 ea
1509 1663 1673 1737 habitant
1691 1689 1701 1737 t
1722 1666 1792 1755 vel,

198 1783 285 1855 nulli
298 1783 388 1857 boni
404 1785 538 1857 suntin
554 1809 609 1857 ea.
626 1784 718 1856 Hinc
734 1799 787 1857 est
798 1783 888 1857 illud
905 1785 1114 1882 Hieronymi
1127 1783 1179 1855 acl
1191 1791 1392 1857 Damasum
1404 1810 1538 1883 papam
1553 1782 1600 1857 de
1617 1783 1693 1857 filio
1709 1811 1795 1884 pro·

198 1901 280 2000 digo
301 1931 309 1973 :
333 1933 350 1972 a
366 1904 445 1994 Fili,
464 1918 503 1976 tu
519 1928 660 2003 semper
686 1928 827 1976 mecum
844 1928 895 1994 es,
923 1920 959 1976 et
982 1904 1105 1976 omnia
1130 1929 1212 1977 mea
1233 1920 1294 1978 tua
1316 1917 1412 1976 sunt.
1434 1931 1452 1972 u
1477 1904 1647 2001 Nunquid
1675 1904 1796 2002 Angeli

197 2020 351 2095 Tlrroni?
381 2022 513 2095 Omnia
538 2047 625 2120 ergo
643 2022 807 2119 intelligit
829 2023 1007 2123 Propheta
1028 2024 1173 2123 eloquia
1200 2025 1340 2115 divina,
1360 2023 1560 2099 secundum
1580 2021 1670 2096 illud
1695 2025 1795 2121 quod

196 2165 287 2240 saepe
303 2142 548 2241 exposuimus,
565 2144 690 2215 omnia
707 2167 781 2215 oon
799 2141 846 2216 ad
861 2158 978 2217 totum
1005 2169 1081 2218 esse
1106 2144 1350 2235 referendum,
1371 2141 1434 2215 sed
1456 2142 1504 2217 ad
1521 2157 1659 2242 partem
1678 2145 1791 2222 maxi·-

198 2281 317 2332 mam:
335 2268 406 2353 ut¹,
428 2291 445 2329 a
461 2265 598 2333 Omnes
612 2261 901 2354 declinaverunt3
918 2293 935 2329 2>
952 2279 986 2336 et
999 2268 1023 2356 ¹,
1043 2269 1206 2337 «Omnes
1221 2265 1284 2362 qui
1297 2278 1448 2337 anteme
1460 2275 1637 2335 venerunt
1651 2262 1794 2335 luerunt

197 2380 294 2453 lares
307 2395 343 2452 et
358 2378 525 2454 latrones.
542 2411 560 2448 »
576 2384 621 2453 Et
633 2383 658 2470 ⁸,
679 2381 890 2455 «Omnibus
906 2383 1029 2456 omnia
1049 2383 1165 2456 factus
1180 2407 1274 2471 sum,
1295 2397 1335 2455 ut
1351 2406 1478 2454 omnes
1495 2380 1753 2455 lucrifacerem.
1772 2414 1791 2450 »

197 2502 276 2590 Et‘,
301 2528 319 2568 u
337 2503 470 2572 Omnes
486 2526 566 2598 quae
584 2525 648 2573 sua
665 2517 843 2599 quaerunt,
864 2527 939 2574 non
962 2527 1040 2601 quae
1056 2507 1139 2574 lesu
1157 2502 1303 2574 Christi.
1319 2529 1338 2570 a
1358 2506 1479 2589 Quare
1499 2515 1620 2573 autem
1647 2525 1723 2574 non
1749 2504 1794 2574 sit

191 2634 308 2716 justus
321 2619 525 2716 quisquam,
542 2622 728 2720 supponit.
756 2650 773 2689 a
795 2621 889 2709 Quia
904 2646 980 2693 non
996 2637 1049 2693 est
1070 2621 1271 2718 intelligens
1298 2622 1496 2694 Dominum
1521 2635 1583 2693 aut
1609 2622 1794 2717 requirens

196 2739 329 2837 ipsum.
340 2767 359 2805 a
383 2743 463 2811 Non
476 2755 530 2812 est
544 2740 744 2838 intelligens
756 2743 968 2832 Dominum,
988 2739 1107 2832 idest,
1126 2764 1204 2812 non
1222 2755 1323 2812 curat
1332 2741 1408 2837 ejus
1422 2740 1608 2840 promissis
1620 2737 1678 2811 vel
1689 2729 1796 2813 minis

197 2857 394 2948 attendere,
414 2860 501 2956 quia
520 2859 683 2933 animalis
698 2860 812 2932 homo
836 2886 912 2932 non
939 2862 1089 2960 percipit
1114 2885 1254 2959 eaquae
1273 2874 1358 2933 sunt
1381 2860 1533 2960 Spiritus
1553 2860 1633 2953 Dei,
1657 2858 1720 2932 sed
1743 2876 1796 2932 est

196 2977 285 3052 sicut
305 3004 421 3079 equus
438 2994 474 3053 et
492 2980 624 3071 mulus,
639 2980 771 3080 quibus
785 3006 862 3054 non
879 2995 933 3055 est
949 2981 1161 3055 intellectus.
1180 2985 1223 3054 Et
1236 2981 1320 3078 quia
1339 3005 1416 3053 non
1433 2994 1488 3054 est
1505 2960 1704 3077 intelligens
1721 2985 1795 3053 Do·

195 3098 347 3191 minum,
368 3101 482 3173 nescit
498 3102 680 3199 requirere
695 3127 781 3176 eum
798 3128 864 3201 per
879 3103 1144 3202 poenitentiam,
1169 3126 1280 3199 quem
1300 3101 1419 3173 amisit
1439 3125 1505 3199 per
1527 3099 1791 3197 negligentiam.

194 3221 311 3305 Quam
327 3220 476 3318 quidem
495 3222 746 3320 negligentiam
763 3224 935 3313 annectit,
952 3223 1088 3314 dicens,
1113 3252 1130 3287 α
1143 3224 1280 3292 Omnes
1293 3220 1575 3293 declinaverunt.
1599 3250 1618 3287 u
1643 3224 1723 3292 Hoc
1740 3238 1793 3293 est

194 3338 354 3411 studium
370 3366 490 3432 suum,
507 3342 631 3414 relicto
648 3346 741 3434 Deo,
755 3356 1012 3415 converterunt
1030 3340 1077 3411 ad
1094 3339 1278 3431 saeculum,
1298 3354 1336 3411 ut
1348 3364 1415 3438 pro
1431 3338 1689 3437 temporalibus
1700 3364 1788 3411 con·

192 3471 396 3532 temnerent
405 3476 551 3552 aeterna,
565 3477 673 3560 atque
686 3465 733 3533 ita
750 3486 878 3535 omnes
891 3462 1037 3560 pariter,
1056 3473 1130 3532 tam
1144 3458 1257 3531 Judaei
1275 3458 1408 3533 scilicet
1421 3478 1531 3555 quam
1540 3460 1687 3548 Gentes,
1704 3488 1721 3526 a
1735 3460 1789 3530 in·
1845 3434 1854 3455 ⁵

193 3575 299 3649 utiles
315 3577 382 3650 sibi
401 3579 483 3652 lacti
500 3596 597 3653 sunt.
610 3612 627 3647 a
638 3586 751 3654 Nemo
766 3582 902 3680 quippe
916 3596 990 3654 tarn
1006 3582 1153 3678 iniquus
1164 3593 1230 3668 est,
1244 3593 1283 3650 ut
1299 3580 1451 3651 omnino
1467 3577 1602 3649 inutilis
1611 3575 1673 3649 fiat
1685 3606 1692 3650 :
1706 3604 1789 3650 cum

193 3696 277 3793 ipsis
293 3699 401 3771 etiam
420 3699 521 3773 malis
537 3705 645 3790 DenS,
671 3717 710 3773 ut
732 3700 871 3773 dictum
895 3715 963 3792 est,
988 3700 1123 3801 optime
1148 3713 1282 3790 utatur,
1305 3699 1396 3770 sicut
1416 3698 1576 3796 nequitia
1596 3697 1697 3770 Judae
1719 3699 1792 3770 sive

193 3813 341 3890 diaboli.
362 3823 402 3891 ln
420 3845 495 3892 uno
513 3822 649 3920 quippe
667 3835 703 3893 et
714 3821 845 3894 eodem
864 3820 970 3909 lacto,
992 3835 1028 3893 et
1041 3825 1137 3893 Deus
1150 3824 1264 3913 Pater,
1284 3835 1320 3891 et
1335 3817 1456 3907 Filius,
1478 3831 1513 3889 et
1533 3817 1643 3889 ludas
1657 3842 1792 3917 coope-

193 3932 260 4003 rati
275 3947 372 4006 sunt.
388 3937 481 4023 Quia
497 3940 600 4008 Pater
613 3937 754 4027 Filium,
773 3951 810 4008 et
822 3936 930 4010 Filius
946 3939 1118 4035 seipsum,
1135 3951 1172 4008 et
1188 3935 1298 4008 ludas
1314 3933 1461 4007 tradidit
1478 3933 1689 4007 Dominum.
1708 3938 1791 4007 Tra·

193 4049 280 4122 ditio
306 4052 379 4146 illa,
407 4079 517 4152 quam
538 4069 574 4127 et
597 4053 708 4128 ludas
729 4070 896 4154 operatus
918 4071 983 4150 est,
1003 4080 1237 4128 communem
1251 4054 1415 4127 omnium
1436 4051 1723 4151 redemptionem
1740 4070 1792 4126 est

194 4188 352 4270 operata.
373 4178 437 4246 Per
452 4174 745 4274 praedicationem
761 4174 909 4273 quidem
924 4176 1017 4249 Petri
1028 4175 1185 4275 apostoli
1197 4174 1309 4271 aliqui
1322 4174 1488 4245 conversi
1505 4187 1590 4244 sunt
1606 4186 1641 4244 et
1651 4173 1788 4246 salvati.

192 4291 290 4366 tudae
303 4318 389 4366 vero
406 4296 605 4394 nequitiam
622 4297 660 4367 in
676 4295 828 4368 salutem
842 4298 1009 4369 omnium
1025 4296 1204 4368 Dominus
1219 4292 1409 4365 convertit.
1439 4292 1493 4363 Ad
1506 4291 1681 4389 majorem
1697 4293 1793 4365 utili·

193 4424 301 4484 tatem
319 4413 425 4486 nobis
442 4414 538 4488 malo
552 4415 653 4487 istius
676 4438 787 4512 quam
805 4415 899 4488 illius
923 4415 1023 4487 bono
1042 4415 1165 4487 divina
1184 4438 1247 4486 usa
1269 4428 1322 4486 est
1339 4413 1462 4508 gratia.
1486 4409 1628 4484 Diaboli
1644 4437 1791 4511 quoque

193 4533 388 4629 nequitiam
410 4535 490 4631 quis
506 4534 644 4607 dubitet
672 4557 694 4606 a
717 4540 795 4607 Deo
813 4560 956 4635 semper
973 4534 1068 4608 bene
1081 4534 1257 4623 ordinari,
1280 4557 1363 4604 cum
1380 4546 1415 4603 et
1433 4532 1507 4631 ipse
1524 4530 1612 4604 nihil
1629 4532 1694 4603 nisi
1712 4534 1790 4604 Deo

192 4654 421 4748 permittente
436 4653 554 4741 faciat,
571 4654 630 4727 vel
646 4654 834 4753 puniendo
851 4680 946 4747 reos,
962 4654 1018 4727 vel
1029 4653 1219 4754 probando
1226 4653 1356 4750 justos,
1372 4650 1429 4722 vel
1439 4649 1615 4747 quidlibet
1625 4650 1789 4748 agendo?

194 4771 295 4844 Unde
311 4787 350 4845 et
366 4786 523 4872 potestas
541 4773 636 4847 illius
650 4799 726 4847 non
741 4774 810 4847 nisi
831 4773 927 4871 justa
951 4798 1027 4847 esse
1052 4785 1184 4871 potest,
1211 4772 1302 4845 sicut
1326 4769 1493 4843 voluntas
1509 4770 1603 4845 illius
1622 4796 1698 4843 non
1720 4771 1790 4842 nisi

187 4888 349 4986 injusta:
372 4893 435 4990 qui
460 4894 657 4967 aDomino
676 4908 903 4993 potestatem,
930 4919 952 4967 a
977 4917 1014 4965 se
1040 4916 1125 4965 vero
1142 4890 1252 4964 habet
1263 4891 1497 4963 voluntatem.
1525 4894 1605 4962 Non
1620 4902 1673 4960 est
1690 4887 1787 4959 enim

225 5170 231 5197 ¹
245 5167 344 5218 Psalm.
357 5181 414 5231 xm,
431 5183 454 5220 r.
468 5171 492 5220 3.
504 5194 536 5208 -
546 5171 555 5200 ²
565 5166 648 5230 lom..
666 5181 719 5232 cap.
737 5181 767 5228 s,
783 5180 806 5217 r.
818 5172 842 5220 t.
852 5192 885 5207 -
897 5167 925 5217 ³1
938 5166 1065 5230 Corinth„
1081 5180 1135 5229 cap.
1148 5180 1186 5230 rx,
1199 5181 1222 5216 r.
1235 5169 1315 5217 2².-
1330 5164 1476 5227 tPttttpp,
1488 5176 1541 5225 cap.
1555 5175 1587 5226 u,
1602 5177 1623 5213 r.
1637 5166 1678 5215 tt.
