4559 6100
453 483 525 556 444
981 424 991 436 ’
1056 477 1183 548 aterni
1209 476 1444 551 ruminor

453 631 875 733 tamquamadrersarios
881 628 1031 729 civitatis
1041 641 1167 726 poetas
1176 628 1314 701 censuit
1331 626 1419 699 urbe
1435 626 1646 725 pellendos?
1663 657 1679 695 u
1700 631 1786 701 ltem
1800 642 1879 727 post
1897 628 2016 726 aliqua
2035 656 2044 697 ε

457 752 552 839 «Qui
567 750 702 825 scilicet
710 750 950 848 Platopoetas
962 748 1060 847 ipsos
1067 747 1126 819 ¹nel
1134 772 1204 846 pro
1220 746 1368 819 arbitrio
1378 748 1604 840 mentientes,
1619 749 1675 821 vel
1685 746 1897 821 hominibus
1909 749 2046 823 miseris

454 873 556 970 qnasi
578 870 732 944 deorum
760 870 853 944 lacta
880 869 1034 968 pessima
1059 866 1232 939 imitanda
1259 882 1523 966 proponentes,
1553 868 1703 940 omniuo
1731 869 1768 939 in
1791 868 1933 943 civitate
1956 868 2048 941 bene

453 992 614 1063 instituta
637 993 756 1064 rivere
782 990 950 1062 noluit.»
974 992 1020 1059 Ac
1038 988 1067 1059 si
1086 1001 1207 1087 aperte
1234 986 1333 1059 lactis
1357 987 1464 1060 etiam
1486 987 1570 1086 ipsis
1597 987 1686 1060 illud
1707 987 1781 1084 jam
1807 988 2045 1086 praedicaret¹‚

456 1114 541 1182 404
566 1110 666 1207 quod
685 1109 852 1182 mentitur
877 1105 1009 1180 occidit
1029 1106 1200 1178 animam.
1224 1133 1242 1173 n
1274 1110 1319 1176 At
1345 1105 1494 1179 sortasse
1515 1106 1655 1204 inquies
1676 1131 1752 1178 non
1779 1105 1899 1178 solum
1927 1122 2047 1204 poeta·

454 1255 547 1321 rum,
574 1253 698 1301 verum
726 1228 834 1301 etiam
860 1225 1062 1298 liberalium
1086 1225 1219 1301 artium
1236 1224 1410 1298 lectiones
1435 1226 1637 1298 christianis
1661 1225 1938 1315 interdicendas,
1959 1252 2044 1301 cnm

453 1354 491 1421 B.
511 1350 751 1445 Hieronymus
776 1348 812 1418 in
837 1344 987 1445 epistola
1019 1343 1076 1423 ad,
1094 1344 1339 1437 Eustochium,
1360 1371 1398 1418 se
1419 1347 1571 1443 graviter
1592 1360 1818 1435 correctum,
1847 1360 1884 1418 44
1911 1346 2043 1418 verbe-

451 1482 615 1545 ratuma
642 1466 822 1552 Domino,
852 1491 920 1563 pro
945 1465 1098 1536 lectione
1126 1463 1462 1563 philosophicorum
1488 1465 1704 1564 scriptorum
1731 1479 1874 1537 asserat.
1907 1470 1953 1537 Ac
1968 1466 2042 1561 jam

449 1583 610 1682 prolecto
629 1605 697 1654 nec
718 1581 987 1677 grammaticam
1010 1604 1032 1652 a
1053 1578 1250 1651 christiano
1274 1580 1343 1678 legi
1367 1581 1571 1670 conveniet,
1597 1581 1675 1652 sine
1699 1579 1924 1652 documentis
1943 1578 2043 1674 cujus

449 1728 515 1776 nec
538 1703 672 1785 divina.
687 1699 833 1796 intelligi
857 1700 986 1799 pagina
1013 1712 1151 1798 potest,
1181 1723 1248 1771 nec
1272 1699 1448 1800 scriptura
1470 1701 1606 1798 aliqua,
1635 1701 1685 1772 sic
1708 1724 1775 1771 nec
1802 1699 2039 1785 rhetoricam,

448 1845 527 1916 qnae
551 1822 670 1891 omnis
698 1819 914 1915 eloquentiae,
932 1816 1042 1901 tradit
1065 1831 1299 1907 ornamenta,
1319 1817 1449 1915 quibus
1477 1822 1632 1893 maxime
1656 1843 1756 1892 sacra
1781 1819 1963 1916 Scriptura
1987 1843 2042 1889 re·

449 1945 537 2016 serta
562 1958 627 2035 est,
657 1967 723 2014 nec
744 1941 821 2038 ejus
837 1940 948 2013 decor
973 1939 1123 2012 nisibis
1151 1940 1339 2036 diligenter
1363 1944 1561 2038 assignatis,
1587 1941 1727 2014 elucere
1754 1941 1899 2040 poterit.
1924 1945 2042 2028 Quare

447 2088 547 2160 ergo,
567 2063 719 2159 inquies,
748 2075 895 2158 propter
910 2060 1092 2133 Ciceronis
1117 2058 1227 2131 libros
1248 2060 1440 2158 praedictus
1455 2062 1584 2134 doctor
1601 2075 1674 2133 tam
1692 2061 1845 2158 graviter
1860 2075 2041 2131 correctns

447 2196 483 2254 et
500 2182 695 2278 flagellatus
715 2196 781 2269 est,
807 2194 846 2251 nt
861 2179 929 2252 snb
948 2179 1187 2252 obtestatione
1206 2181 1416 2255 sacramenti
1441 2196 1630 2279 cogeretur
1651 2181 1802 2253 omnino
1818 2180 2039 2251 saecularium

447 2301 620 2373 librorum
652 2301 796 2373 lectioni
823 2299 1097 2374 abrenuntiare?
1129 2298 1294 2371 Proiecto
1323 2302 1407 2399 quia
1434 2322 1509 2374 non
1533 2326 1602 2401 pro
1629 2300 1779 2373 utilitate
1806 2300 1945 2397 aliqua,
1977 2301 2038 2371 sed

447 2446 512 2521 pro
535 2420 775 2493 oblectatione
804 2419 1016 2518 eloquentiae
1039 2419 1106 2492 illis
1131 2419 1354 2511 intendebat,
1379 2420 1541 2517 neglecto
1560 2444 1668 2494 44444
1689 2421 1878 2519 Scriptura
1904 2418 2036 2507 studio,

445 2542 568 2637 cnjus,
599 2556 638 2611 ut
670 2541 818 2638 ipsemet
848 2540 917 2627 ait,
946 2540 1101 2613 incultus
1126 2540 1159 2612 ei
1184 2564 1304 2612 sermo
1329 2540 1513 2613 horrebat.
1541 2545 1617 2636 Ego
1642 2554 1762 2613 autem
1796 2537 1927 2611 nullius
1955 2540 2039 2610 artis

446 2659 635 2731 lectionem
646 2659 870 2753 cuicumque
887 2658 1053 2757 religioso
1070 2657 1355 2731 interdicendam
1375 2660 1543 2750 arbitror,
1562 2661 1630 2733 nisi
1648 2661 1738 2740 forte
1754 2685 1819 2759 per
1836 2659 1905 2730 hoc
1922 2659 2037 2754 major

445 2778 565 2876 aliqua
588 2778 664 2874 ejus
683 2777 816 2848 utilitas
837 2779 1087 2877 praepediatur,
1112 2781 1204 2851 sicut
1224 2792 1260 2850 et
1279 2780 1317 2850 in
1339 2781 1465 2852 ceteris
1490 2779 1596 2852 bonis
1612 2778 1814 2853 laciendum
1837 2779 1979 2864 scimus,
2000 2793 2038 2850 nt

446 2897 611 2969 videlicet
639 2898 780 2968 minora
808 2921 875 2994 pro
906 2897 1103 2994 majoribus
1130 2895 1350 2997 quandoque
1373 2900 1665 2990 intermittantur,
1692 2899 1749 2971 vel
1763 2899 1906 2998 penitus
1925 2899 2038 2969 omit-

452 3030 586 3090 tantur.
615 3017 760 3116 Quippe
783 3041 865 3089 cnm
890 3016 988 3091 nulla
1010 3033 1066 3096 444
1086 3020 1122 3092 iu
1140 3020 1306 3096 doctrina
1327 3020 1469 3108 salsitas,
1502 3019 1601 3093 nulla
1628 3021 1664 3092 in
1693 3017 1811 3092 verbis
1838 3017 2035 3118 turpitudo,

444 3136 619 3210 nonnulla
635 3136 844 3210 descientia
860 3137 1008 3232 utilitas,
1031 3140 1111 3237 quis
1132 3142 1208 3215 haec
1225 3141 1399 3216 discendo
1421 3156 1484 3213 aut
1500 3140 1667 3216 docendo
1685 3140 1823 3237 culpari
1845 3152 2034 3228 mereatur,

445 3256 513 3328 nisi
542 3281 650 3330 cansa
679 3258 911 3331 intervenerit
937 3263 1180 3360 supraposita,
1207 3263 1341 3363 potiori
1367 3260 1542 3336 videlicet.
1563 3259 1663 3331 bono
1691 3258 1853 3356 neglecto
1890 3273 1952 3331 ant
1983 3258 2036 3330 di·
2116 3239 2121 3246 ¹

446 3374 580 3448 misso?
596 3380 719 3458 Nemo¹
727 3378 860 3449 etenim
877 3380 1063 3452 scientiam
1080 3382 1238 3480 aliquam
1252 3398 1349 3456 recte
1368 3382 1504 3454 malam¹
1515 3404 1591 3454 esse
1607 3380 1748 3451 dixerit.
1767 3379 1876 3466 Quod
1887 3379 2033 3476 quidem

443 3494 479 3565 in
501 3510 673 3593 quantam
702 3497 816 3568 nostri
838 3497 1181 3575 condemnationem
1202 3517 1238 3576 et
1259 3504 1509 3576 contusionem
1531 3499 1663 3572 lactum
1682 3499 1739 3592 sit,
1765 3499 1844 3596 qnis
1863 3498 2036 3571 discretus

443 3639 518 3686 non
541 3615 818 3708 animadvertat,
841 3616 972 3712 quibus
995 3645 1070 3691 non
1096 3624 1213 3694 solum
1237 3622 1324 3695 illnd
1351 3622 1494 3711 dicitur,
1517 3601 1617 3718 quod
1642 3648 1660 3687 4
1679 3644 1720 3692 44
1742 3618 1840 3716 qnod
1863 3621 2035 3691 mentitur

442 3733 570 3805 occidit
594 3735 767 3825 animam,
783 3765 800 3799 a
823 3759 947 3810 verum
964 3737 1009 3809 de
1026 3742 1126 3811 omni
1141 3740 1252 3813 verbo
1271 3742 1389 3813 otioso
1406 3740 1564 3813 districta
1580 3740 1733 3836 erigitur
1751 3739 1855 3811 ratio.
1880 3739 1916 3809 Si
1935 3738 2035 3831 juvat

440 3850 674 3923 christianum
689 3853 810 3950 ⁴legere
826 3852 872 3926 ad
893 3856 1133 3929 eruditionem
1156 3861 1380 3933 locutionum
1406 3859 1462 3932 vel
1478 3859 1747 3949 sententiarum,
1771 3857 1950 3956 numquid
1965 3856 2035 3927 hoc

440 3968 547 4068 plene
565 3969 706 4044 ellicere
721 3996 797 4044 non
817 3988 947 4072 potest,
971 3975 1038 4046 nisi
1059 3979 1207 4075 poeticis
1230 3979 1411 4052 studendo
1433 3980 1612 4076 figmentis
1633 3991 1669 4052 et
1692 3976 1860 4049 inanibus
1883 3975 2034 4048 sabulis?

440 4092 527 4176 Quae
552 4104 635 4162 sunt
656 4115 788 4186 genera
814 4090 1053 4180 locutionum,
1080 4099 1314 4195 quintanas
1342 4099 1549 4188 verborum,
1577 4122 1657 4194 quae
1678 4121 1779 4171 sacra
1803 4096 1933 4196 pagina
1960 4122 2032 4167 non

439 4206 580 4300 lrabeat,
607 4210 759 4283 maxime
784 4211 1037 4309 parabolarum
1066 4230 1100 4288 et
1125 4218 1376 4316 allegoriarum
1399 4217 1648 4316 aenigmatibus
1672 4216 1812 4305 referta,
1838 4231 1874 4287 et
1901 4214 2035 4312 ubique

439 4326 511 4399 lere
541 4329 936 4426 mysticisredundans
964 4334 1288 4425 involucr·isi’.Quae
1320 4352 1403 4409 sunt
1431 4336 1649 4409 urbanitates
1676 4336 1923 4422 locutionum,
1954 4360 2032 4430 quae

439 4461 551 4536 mater
566 4449 770 4546 linguarum
785 4451 960 4526 Hebraica
977 4479 1052 4527 non
1074 4454 1251 4548 docuerit,
1270 4461 1465 4558 praesertim
1482 4482 1565 4530 cum
1588 4455 1775 4528 Palaestinae
1799 4470 1900 4527 terrac
1925 4456 2031 4526 etiam

438 4565 581 4662 plebem
612 4569 792 4666 parabolis
823 4587 998 4644 assuetam
1024 4598 1099 4647 non
1120 4575 1239 4662 lateat,
1260 4577 1376 4649 uthis
1397 4576 1768 4676 quoqueDorninum
1791 4578 1902 4647 lason
1932 4574 2031 4672 loqui

435 4685 485 4756 eis
513 4701 708 4785 oporteret,
741 4714 823 4761 cum
854 4693 1079 4792 evangelium
1110 4694 1341 4794 praedicaret?
1368 4702 1456 4786 Quae
1483 4697 1610 4770 deesse,
1634 4696 1765 4774 fercula
1790 4708 1943 4794 possunt
1959 4695 2035 4792 spi·¹

436 4804 552 4877 rituali
579 4808 726 4880 Domini
756 4834 897 4900 mensae,
934 4812 968 4882 id
996 4829 1048 4885 est
1075 4839 1184 4888 sacrae
1207 4818 1417 4916 Scripturae,
1450 4820 1487 4890 in
1517 4843 1586 4918 qna
1606 4817 1707 4914 justa
1735 4815 1968 4911 Gregorium,
1996 4831 2030 4885 et

468 5069 557 5147 ¹Sop.,
572 5100 626 5150 cap.
641 5101 658 5150 r,
670 5101 692 5139 r.
708 5091 746 5142 tt.
