4559 6100
892 537 1121 610 antonus.
1732 539 1803 608 717

212 684 476 781 cogitationem,
502 708 577 758 non
593 697 821 784 exsuperaret
843 709 990 760 omnem
1009 712 1167 779 sensum,
1191 711 1259 761 nec
1272 685 1488 759 inhabitaret
1504 687 1623 759 lucem
1644 686 1803 760 inacces-

211 802 373 890 sibilem,
391 826 510 901 neque
528 803 706 879 diceretur
719 829 803 878 vere
828 806 1205 904 incomprehensibile,
1225 805 1325 904 quod
1349 806 1429 904 quis
1450 820 1570 903 posset
1586 805 1803 901 cogitatione

211 921 269 994 vel
283 921 467 996 intellectu
489 923 660 1021 attingere
675 924 733 997 vel
757 924 1077 1023 comprehendere.
1101 927 1217 998 Sensit
1233 925 1306 997 hoc
1328 925 1386 998 ille
1409 925 1472 1023 qni
1489 924 1594 997 dixit¹
1614 950 1623 994 :
1646 928 1707 996 «Ο
1724 925 1803 998 alti·

211 1041 302 1114 tudo
324 1042 528 1116 divitiarum
544 1044 724 1142 sapientie
748 1059 784 1117 et
806 1045 961 1118 scientiae
986 1042 1068 1117 Deil
1099 1049 1218 1132 Quam
1244 1042 1620 1142 incomprehensibilia
1640 1058 1725 1115 sunt
1749 1044 1805 1140 ju·

212 1161 304 1236 dicia
321 1162 398 1259 ejus
418 1178 454 1236 et
473 1162 733 1260 iuvestigabiles
750 1166 815 1238 viae
830 1162 922 1262 ejus!
947 1165 1036 1254 Quis
1053 1165 1151 1236 enim
1171 1164 1341 1261 cognovit
1363 1188 1506 1236 sensum
1526 1163 1694 1235 Domini?
1716 1195 1733 1232 a
1762 1169 1806 1236 tt

211 1295 331 1354 tamen
361 1307 405 1354 ex
427 1297 528 1382 parte
553 1283 643 1356 illud
676 1310 858 1358 summum
884 1284 1024 1357 bonum
1050 1299 1300 1380 cognoverunt
1324 1298 1425 1356 etex
1453 1297 1554 1381 parte
1585 1285 1692 1354 etiam
1717 1308 1803 1382 pro·

209 1400 447 1499 phetaverunt
470 1403 523 1495 hi,
550 1428 615 1502 per
639 1429 731 1501 quos
753 1407 927 1480 canonica
955 1405 1129 1504 scriptura
1146 1405 1282 1476 Veteris
1298 1427 1340 1476 ac
1355 1404 1447 1474 Novi
1461 1405 1676 1475 Testamenti
1693 1402 1806 1476 admi·

211 1521 358 1594 nistrata
382 1537 455 1613 est,
485 1523 620 1621 inqua
652 1525 707 1597 vel
740 1550 806 1623 per
832 1524 1019 1622 speculum
1050 1538 1085 1596 et
1116 1525 1153 1595 in
1187 1523 1373 1619 aenigmate
1400 1536 1549 1620 apparet
1572 1522 1804 1621 pulchritudo

210 1641 342 1712 summi
358 1640 464 1733 boni,
483 1667 632 1715 summae
646 1644 808 1740 justitiae,
826 1669 974 1717 summae
990 1643 1088 1737 vitae,
1106 1667 1255 1715 snmmae
1271 1642 1454 1741 potentiae,
1481 1665 1630 1715 summae
1652 1641 1802 1735 laetitiae,

210 1783 358 1833 summae
374 1761 528 1833 caritatis
544 1777 579 1834 et
601 1761 780 1835 claritatis.
798 1768 886 1851 Quae
903 1763 1026 1835 omnia
1047 1762 1168 1860 eisque
1185 1762 1312 1834 similia
1327 1762 1373 1834 de
1391 1785 1535 1835 summo
1559 1761 1658 1833 bono
1675 1763 1804 1860 praedi·

209 1893 289 1952 cata
311 1904 385 1952 non
409 1895 495 1954 sunt
510 1881 641 1972 multa,
664 1882 860 1955 sedunum
884 1882 1023 1956 causale
1041 1906 1083 1955 ac
1108 1881 1339 1981 primordiale
1356 1882 1573 1981 principium
1595 1906 1657 1952 seu
1676 1881 1805 1954 funda·

210 2014 373 2072 mentum
399 2004 563 2073 omniurn
591 2025 672 2098 quae
694 2026 760 2100 per
785 2004 904 2100 ipsum
928 2017 963 2074 et
991 2017 1073 2101 post
1093 2002 1212 2100 ipsum
1231 2001 1330 2074 bona
1351 2017 1434 2074 sunt
1456 2003 1492 2073 in
1517 1999 1644 2073 ordine
1668 2026 1801 2073 rernm.

210 2121 299 2206 Quae
316 2144 400 2190 cum
415 2121 452 2191 in
470 2121 524 2192 sui
543 2133 671 2193 natura
687 2120 759 2192 sint
775 2144 902 2194 omnes
918 2120 1038 2212 bonae,
1058 2134 1186 2219 utpote
1201 2145 1222 2193 a
1238 2146 1379 2194 summo
1404 2120 1506 2192 bono
1523 2118 1696 2192 habentes
1711 2146 1801 2212 esse,

211 2251 331 2310 tamen
353 2239 404 2311 eis
429 2254 465 2311 et
488 2237 581 2311 bene
608 2240 659 2310 uti
677 2238 817 2311 bonum
840 2253 893 2311 est
915 2254 951 2311 et
973 2239 1065 2312 male
1089 2241 1141 2312 uti
1160 2239 1293 2312 malurn
1317 2255 1382 2312 est.
1402 2244 1517 2311 Docet
1534 2253 1654 2312 autem
1675 2242 1804 2313 Sancta

209 2358 408 2456 Scriptura,
429 2358 583 2430 maxime
598 2372 720 2432 autem
736 2359 828 2431 Novi
847 2359 1074 2452 Testamenti,
1093 2359 1281 2456 quomodo
1298 2357 1526 2431 inferioribus
1541 2358 1647 2430 honis
1663 2358 1805 2430 bomini

210 2477 255 2548 sit
273 2477 462 2567 utendum,
480 2493 521 2550 ut
541 2479 727 2577 perveniat
743 2476 788 2551 ad
810 2502 992 2550 summum
1014 2478 1168 2570 bonurn,
1187 2478 1288 2575 cujus
1309 2478 1443 2549 fructus
1459 2490 1611 2550 aeternus
1632 2491 1804 2575 tanquam

210 2595 362 2670 diurnus
384 2597 552 2672 denarius
577 2597 646 2672 illis
673 2599 740 2672 erit
769 2596 1047 2697 persolvendus,
1077 2599 1140 2695 qui
1164 2598 1272 2670 bonis
1298 2597 1526 2670 inferioribus
1548 2597 1642 2670 bene
1670 2598 1804 2670 utendo

209 2715 428 2792 laborantia
446 2719 565 2809 vinea,
585 2744 665 2816 quae
686 2732 738 2792 est
759 2743 912 2818 praesens
933 2732 970 2789 et
986 2718 1217 2816 peregrinans
1241 2718 1402 2807 ecclesia,
1424 2733 1522 2791 extra
1544 2743 1653 2816 quam
1673 2733 1805 2790 stantes

209 2837 247 2907 in
269 2837 348 2908 loro
365 2837 473 2934 hujus
491 2837 620 2909 mundi
642 2838 746 2911 otiosi
764 2838 894 2938 pagani
916 2839 990 2909 sive
1009 2839 1231 2934 negotiantes
1244 2838 1375 2933 judaei,
1395 2838 1469 2908 sive
1484 2837 1553 2908 illis
1569 2838 1710 2936 pejores
1728 2837 1805 2910 salsi

210 2955 392 3030 christiani
404 2957 538 3031 babere
554 2957 741 3031 denarium
752 2983 827 3030 non
840 2971 1024 3058 poterunt,
1036 2958 1254 3055 quem¹solis
1267 2956 1361 3029 bene
1375 2958 1412 3027 in
1424 2959 1527 3029 vinea
1540 2956 1802 3052 laborantibus,

210 3090 318 3174 prout
339 3077 369 3149 si
385 3091 527 3176 tempus
541 3076 730 3152 laborandi
750 3104 826 3151 non
842 3077 997 3166 habent,
1019 3092 1057 3149 ut
1073 3078 1247 3167 infantes,
1274 3075 1403 3148 Christi
1421 3092 1641 3149 sacramenta
1664 3093 1803 3172 gestan·

210 3192 322 3283 tibus,
346 3194 509 3269 dandum
528 3212 729 3289 noverunt,
751 3198 813 3295 qui
830 3223 904 3270 non
922 3222 943 3269 a
958 3196 1185 3296 philosophis
1209 3210 1270 3269 aut
1285 3195 1411 3292 judaeis
1436 3196 1616 3268 Christum
1633 3198 1804 3293 ignoran-

209 3313 307 3387 tibus
331 3330 392 3388 aut
417 3314 712 3413 reprobantibus,
738 3316 802 3388 sed
827 3339 870 3388 ex
893 3318 972 3415 ipso
998 3316 1140 3389 Christo
1164 3316 1320 3387 veritatis
1344 3314 1544 3386 doctrinam
1571 3332 1799 3413 acceperunt.

210 3440 330 3533 Ipsum
347 3435 483 3524 audite,
505 3437 555 3509 ait
576 3450 677 3534 pater
694 3435 859 3508 eoelestis.
879 3440 1001 3534 lpsum
1019 3432 1152 3522 audite,
1173 3435 1230 3507 aio
1255 3449 1291 3506 et
1312 3459 1379 3530 ego
1402 3433 1502 3506 vobis
1519 3436 1727 3532 quicunque
1747 3461 1804 3507 me

210 3555 351 3645 auditis,
373 3554 539 3655 discipuli
559 3579 620 3628 seu
645 3554 721 3629 filii.
739 3560 860 3656 Ipsum
875 3553 998 3628 audite
1015 3555 1134 3653 potins
1151 3578 1262 3651 quam
1284 3578 1463 3653 paganum
1487 3552 1803 3652 philosophantem

209 3674 266 3746 vel
291 3673 475 3748 hebraeum
499 3674 753 3770 judaizantem.
782 3675 900 3774 lpsum
928 3674 1049 3747 audite
1080 3674 1198 3746 solum
1224 3697 1299 3745 non
1322 3673 1416 3771 justa
1440 3674 1654 3765 docentem,
1679 3672 1742 3744 sed
1769 3688 1804 3744 ct

209 3795 340 3893 impios
356 3793 630 3892 justificantem,
657 3819 731 3866 non
751 3819 817 3894 per
839 3796 1050 3894 sapientiam
1073 3793 1181 3892 hujus
1204 3792 1329 3865 mundi
1353 3809 1414 3865 aut
1434 3818 1476 3865 ex
1499 3792 1669 3891 operibus
1695 3792 1801 3889 legis,

210 3914 275 3986 sed
290 3939 355 4013 per
372 3913 482 3986 fidem
498 3939 570 4012 qua
586 3913 750 3987 doctrina
769 3915 845 4011 ejus
862 3914 1021 3986 creditur
1036 3927 1071 3985 et
1087 3913 1300 3985 custoditur.
1327 3915 1426 3985 Sicut
1443 3916 1519 4011 ipse
1538 3914 1605 3984 ιιίι3
1624 3940 1631 3982 :
1656 3944 1672 3976 (ι
1694 3915 1802 4004 Beati,

210 4035 271 4132 qui
295 4033 448 4107 audiunt
470 4033 621 4105 verbum
647 4034 714 4105 Dei
740 4049 775 4106 et
800 4032 1010 4106 custodiunt
1033 4032 1173 4105 illud.»
1199 4036 1239 4104 ln
1263 4030 1502 4103 custodiendo
1526 4030 1587 4103 illo
1615 4031 1804 4102 retributio

210 4153 335 4226 multa.
362 4157 495 4227 Revera
510 4152 586 4226 haec
603 4152 793 4225 retributio
811 4151 923 4225 multa
939 4165 1005 4244 est,
1026 4177 1105 4250 quae
1121 4153 1197 4225 noti
1215 4151 1323 4224 habet
1340 4152 1464 4243 finem,
1483 4150 1543 4223 sed
1562 4152 1638 4249 ipsa
1654 4165 1706 4221 est
1725 4150 1805 4221 finis

210 4287 245 4344 et
261 4274 522 4346 consummatio
539 4273 831 4372 participantium
846 4297 989 4344 summo
1006 4272 1118 4363 bonu,
1132 4272 1326 4345 fruentium
1343 4294 1486 4343 summo
1504 4270 1647 4365 gaudio,
1665 4271 1806 4366 sapien·

210 4392 300 4463 tium
325 4416 464 4464 summa
480 4392 665 4490 sapientia,
687 4417 767 4489 quae
787 4406 842 4464 est
856 4392 1029 4464 Christus.
1048 4397 1170 4489 lpsum
1192 4390 1330 4480 audite;
1350 4388 1571 4462 consiliarius
1587 4401 1652 4458 est.
1683 4391 1803 4483 lpsum

209 4510 352 4601 audite;
371 4525 569 4609 praeceptor
581 4525 633 4582 est
653 4538 661 4581 :
688 4512 808 4609 ipsum
828 4511 961 4583 audite.
980 4511 1017 4581 Si
1037 4535 1111 4583 non
1130 4510 1278 4608 potestis
1292 4510 1450 4605 recipere
1470 4508 1579 4606 ipsius
1597 4506 1800 4599 consilinm,

211 4645 251 4703 ut
279 4629 497 4726 abnegantes
529 4652 596 4701 vos
621 4629 726 4703 vobis
756 4631 874 4728 ipsum
900 4630 1123 4725 sequamini,
1151 4627 1276 4702 saltem
1302 4641 1439 4699 servate
1457 4641 1675 4725 praeceptum
1705 4640 1741 4698 et
1766 4627 1814 4696 in·

212 4765 365 4848 utroque
385 4746 637 4845 cognoscendo
661 4748 780 4846 ipsum
801 4746 935 4819 audite.
960 4749 1099 4838 Primo,
1124 4749 1154 4820 si
1182 4746 1259 4819 fieri
1281 4760 1416 4846 potest,
1444 4746 1490 4818 ad
1518 4744 1803 4817 conservandam

211 4869 467 4960 innocentiam,
491 4868 610 4965 ipsum
629 4865 761 4938 audite.
790 4865 980 4959 Secundo,
1008 4865 1069 4937 ubi
1096 4866 1281 4939 amiseritis
1308 4866 1575 4956 innocentiam,
1606 4862 1730 4935 saltem
1756 4863 1803 4935 ad

243 5140 344 5203 mon,
359 5151 414 5201 cap.
427 5118 1110 5200 n,v.aa.-21taetnratdqure.-³ttarc.,rann,
1124 5147 1148 5183 r.
1161 5138 1184 5184 t.
