4559 6100
461 525 537 604 498
615 585 619 591 .
1069 520 1199 596 rffl'ttt
1224 518 1461 598 tumtunm

462 692 568 767 esset,
595 692 699 752 etex
723 677 888 779 personis
914 700 1043 747 unum.
1071 678 1163 746 Cum
1188 698 1276 746 vero
1301 699 1377 747 uon
1402 675 1475 746 sint
1489 674 1586 748 idem
1614 675 1829 749 diffinitione
1851 669 2006 745 essentia
2032 678 2068 738 et

462 820 637 896 personae,
656 824 732 872 non
754 812 806 870 est
821 820 964 870 necesse
986 793 1072 868 hoc.
1092 798 1184 867 Nam
1203 807 1239 866 et
1255 818 1339 866 cum
1355 793 1469 866 homo
1486 794 1585 867 idem
1604 796 1650 867 sit
1664 819 1819 869 numero
1836 816 1920 866 eum
1940 784 2066 861 risibili

461 933 499 991 et
514 918 719 1017 navigabili,
739 916 795 1017 vel
813 920 977 989 Socrates
988 939 1073 986 cum
1090 912 1262 1012 loquente
1280 914 1337 987 vel
1354 914 1522 988 audiente
1539 930 1575 988 et
1593 916 1729 1015 dequo
1745 911 1896 991 altered
1914 910 2067 984 alterum

461 1037 633 1137 loquitur,
662 1064 739 1112 non
766 1055 886 1112 tamen
913 1035 1104 1110 sichomo
1130 1049 1184 1107 est
1209 1033 1323 1107 multa
1340 1034 1570 1126 diffinitione,
1598 1039 1635 1110 in
1659 1061 1705 1110 eo
1731 1036 1865 1111 scilicet
1888 1029 1990 1132 quod
2012 1041 2066 1101 est

460 1159 603 1233 risibilis
623 1175 659 1232 et
675 1158 900 1256 navigabilis.
919 1156 1006 1229 Ideo
1023 1156 1061 1227 iu
1081 1179 1125 1228 oo
1142 1153 1245 1252 quod
1262 1169 1317 1229 est
1333 1154 1462 1249 homo,
1480 1157 1538 1229 vel
1553 1158 1584 1231 si
1600 1182 1715 1230 unum
1731 1155 1946 1230 diffinitione
1965 1151 2002 1222 in
2018 1172 2066 1222 eo

459 1279 561 1378 quod
586 1279 714 1367 homo,
734 1280 817 1351 ideo
841 1279 879 1350 in
904 1301 949 1350 eo
974 1275 1075 1375 quod
1099 1289 1153 1348 est
1177 1273 1320 1346 risibilis
1342 1288 1379 1348 et
1401 1276 1623 1374 navigabilis.
1649 1277 1817 1350 Similiter
1839 1288 1875 1347 et
1899 1275 2065 1344 Socrates

458 1424 544 1472 curn
565 1400 611 1472 sit
633 1414 704 1471 tres
720 1421 882 1498 personae
904 1396 1104 1469 secundum
1128 1395 1399 1491 grammaticos,
1419 1395 1456 1468 iu
1479 1420 1525 1469 eo
1542 1396 1675 1469 scilicet
1695 1395 1795 1495 quod
1816 1409 1870 1468 est
1883 1393 2060 1491 loquens,

458 1533 495 1592 et
517 1519 686 1610 audiens,
711 1532 747 1592 et
771 1517 913 1614 dequo
940 1513 1098 1588 altered
1123 1515 1275 1587 alterum
1301 1513 1476 1613 loquitur,
1499 1540 1576 1588 non
1604 1530 1727 1588 tamen
1753 1516 1791 1587 in
1813 1539 1859 1588 ao
1880 1511 1983 1610 qttod
2007 1522 2062 1583 est

455 1642 621 1713 Socrates
636 1639 693 1712 vel
719 1637 820 1737 quod
837 1651 890 1710 est
909 1636 1129 1726 substantia,
1149 1636 1263 1708 immo
1283 1637 1360 1735 ipse
1376 1660 1470 1708 unus
1486 1650 1541 1708 est
1560 1636 1600 1709 in
1616 1635 1816 1709 substantia
1835 1649 1873 1709 et
1888 1634 2002 1707 umus
2022 1632 2058 1705 in

454 1761 622 1858 personis
637 1757 838 1832 secandum
856 1755 1109 1854 grammaticos
1123 1755 1294 1854 acceptis.
1309 1755 1368 1828 Sic
1384 1770 1422 1829 et
1437 1759 1536 1829 Deus
1549 1781 1645 1830 unus
1656 1757 1809 1830 omnino
1820 1768 1874 1828 est
1887 1755 1925 1827 in
1942 1776 2060 1827 ossen·

454 1879 505 1951 tia
520 1893 555 1950 et
573 1879 689 1951 trinus
707 1879 745 1950 in
767 1878 933 1975 personis
950 1902 959 1945 ε
980 1876 1067 1972 quia
1087 1888 1125 1948 et
1142 1876 1181 1947 in
1199 1876 1353 1951 samm
1372 1900 1466 1949 unos
1483 1888 1625 1948 tantum
1640 1891 1695 1949 est
1714 1877 1754 1948 in
1774 1899 1947 1963 numero,
1969 1886 2005 1949 et
2020 1873 2057 1947 in

455 1998 620 2096 personis
643 1997 711 2071 uia
735 1992 1010 2068 diffinitionibus
1033 2009 1097 2067 aut
1120 1994 1404 2094 proprietatibus
1423 1995 1578 2069 diversa.
1605 1996 1757 2070 Trinitas
1776 1997 1898 2095 itaque
1919 1994 1988 2069 ista
2011 1990 2058 2067 ad

395 2199 399 2211 ¹
455 2116 695 2190 diversitatem
721 2114 982 2188 diffinitionum
1002 2113 1060 2186 vel
1080 2115 1356 2214 proprietatum,
1377 2129 1419 2189 ut
1439 2115 1578 2189 dictum
1597 2130 1664 2210 est,
1688 2131 1845 2216 spectata
1869 2115 1989 2188 unitas
2010 2112 2057 2187 ad

452 2239 644 2310 essentiam
661 2262 669 2307 ε
688 2237 845 2335 ideoque
861 2234 930 2308 sibi
947 2231 1097 2307 minime
1109 2234 1362 2329 adversantur,
1380 2261 1465 2309 curn
1481 2237 1682 2313 seeundum
1695 2236 1849 2327 diversa,
1865 2250 1909 2308 ut
1919 2234 2057 2311 dium

450 2371 517 2448 est,
527 2358 678 2433 Trinitas
690 2359 768 2457 ipsa
783 2371 818 2430 et
834 2356 958 2428 Unitas
971 2355 1217 2452 aocipiantur3
1237 2355 1297 2428 illa
1316 2355 1481 2431 videlieet
1497 2356 1698 2431 secundum
1711 2355 1954 2431 diversitatem
1969 2353 2057 2429 diffi-

450 2476 632 2549 nitionum
648 2491 711 2551 aut
724 2476 1006 2576 proprietatum
1023 2473 1100 2546 haec
1115 2473 1318 2547 secundum
1334 2501 1540 2549 numerum.

498 2599 619 2669 Movet
641 2596 798 2669 fortassis
821 2595 993 2693 aliquem,
1016 2591 1118 2688 quod
1138 2592 1295 2666 diximus
1312 2597 1520 2671 Trinitatem
1538 2597 1744 2671 divinarum
1760 2619 1998 2696 personarum
2014 2596 2054 2668 in

449 2734 489 2783 re
506 2736 584 2784 esse
601 2709 848 2810 recipiendam
868 2735 877 2779 ε
897 2708 986 2782 acsi
1003 2706 1169 2781 dicamus
1190 2712 1308 2781 Deum
1322 2708 1399 2782 esse
1421 2712 1559 2785 trinum
1575 2714 1613 2785 in
1631 2714 1809 2813 personis,
1832 2712 1870 2787 in
1886 2735 1931 2785 eo
1949 2708 2053 2808 quod

448 2831 526 2930 ipse
550 2856 608 2905 res
627 2843 699 2924 est,
726 2854 810 2903 otim
832 2830 952 2928 potius
977 2827 1014 2900 in
1032 2851 1078 2901 eo
1102 2828 1203 2926 quod
1227 2853 1284 2902 res
1306 2845 1380 2920 est,
1399 2856 1473 2905 una
1494 2847 1637 2906 tantum
1660 2858 1815 2907 numero
1840 2832 1886 2906 sit
1913 2856 1985 2925 rea,
2009 2856 2055 2909 ac

446 2950 584 3024 nullam
603 2952 641 3027 iu
657 2975 694 3024 se
710 2950 844 3024 habeat
862 2947 1145 3041 multitudinem,
1168 2972 1236 3021 nec
1253 2949 1362 3023 etiam
1375 2954 1639 3053 proprietatum
1654 2954 1910 3028 diversitatem.
1936 2957 1982 3029 Et
1994 2952 2055 3027 hic

448 3068 512 3165 qui
532 3066 606 3141 hoc
629 3067 717 3141 dicit
737 3080 833 3140 recte
853 3066 962 3138 sentit
982 3064 1030 3138 de
1053 3089 1098 3138 eo
1117 3065 1219 3164 quod
1246 3065 1351 3160 dicit,
1375 3069 1439 3142 sed
1461 3094 1537 3143 non
1562 3070 1610 3144 de
1634 3071 1798 3169 eoquod
1821 3095 1921 3145 ame
1944 3093 2052 3170 supra

447 3187 586 3261 dictum
607 3202 662 3261 est
681 3201 720 3260 et
742 3185 1034 3259 determinatum.
1061 3189 1142 3259 Non
1165 3186 1264 3260 enim
1279 3187 1329 3261 ita
1343 3190 1552 3264 Trinitatem
1573 3192 1613 3265 in
1629 3216 1669 3265 re
1687 3191 1802 3291 accipi
1819 3189 1994 3281 dicimus,
2010 3202 2053 3264 ut

446 3307 484 3380 in
505 3334 550 3384 eo
573 3307 675 3405 quod
694 3307 771 3407 ipse
787 3310 884 3380 Deus
903 3320 959 3379 est
973 3331 1044 3397 res,
1061 3307 1198 3379 trinum
1222 3332 1306 3381 eum
1324 3308 1486 3384 dicamus
1505 3337 1514 3383 t
1532 3311 1597 3385 sed
1621 3313 1671 3386 ita
1691 3312 1902 3386 Trinitatem
1918 3311 1995 3407 ejus
2012 3309 2050 3384 in

445 3453 486 3501 re
506 3454 584 3502 esse
600 3428 894 3520 determinamus,
909 3442 946 3500 et
969 3451 1046 3499 non
1063 3427 1100 3500 in
1117 3427 1304 3502 vocabulis
1317 3431 1526 3523 consistere,
1545 3445 1587 3505 ut
1601 3433 1679 3532 ipsa
1691 3456 1749 3505 res
1766 3455 1847 3528 quae
1866 3435 1966 3506 Deus
1981 3444 2047 3519 est,

445 3549 523 3647 ipsa
549 3549 595 3621 ait
617 3549 769 3621 Trinitas
789 3574 799 3619 ε
818 3573 892 3620 non
916 3548 956 3619 in
982 3562 1161 3644 quantum
1180 3573 1238 3621 res
1255 3549 1332 3649 ipse
1354 3565 1419 3642 est,
1447 3550 1512 3625 sed
1534 3552 1648 3650 magis
1672 3553 1773 3625 ineo
1799 3550 1902 3649 quod
1926 3566 1982 3626 est
2003 3549 2050 3630 ab

444 3683 579 3742 aeterno
592 3668 660 3744 illae
673 3682 745 3741 tres
757 3691 920 3766 personae
936 3690 1002 3766 per
1013 3666 1194 3740 vocabula
1211 3668 1399 3742 distincta.
1416 3674 1498 3743 Non
1513 3672 1613 3744 enim
1630 3672 1717 3769 quia
1732 3670 1916 3746 distinam
1934 3671 2049 3746 nonii·

444 3813 534 3860 num
549 3789 640 3861 lacta
658 3802 725 3879 est,
742 3788 894 3859 Trinitas
916 3786 984 3859 ista
1001 3800 1076 3878 est,
1095 3786 1161 3858 aed
1183 3788 1270 3885 quia
1283 3789 1350 3863 ista
1365 3790 1413 3862 ab
1434 3805 1569 3864 aeterno
1596 3793 1748 3866 Trinitas
1771 3807 1839 3882 est,
1862 3790 2047 3868 dutinctio

443 3907 636 3979 nominum
658 3907 866 4007 temporalis
886 3905 979 3978 facta
998 3918 1065 3995 est,
1084 3903 1133 3978 ad
1154 3906 1227 3979 hoc
1250 3907 1499 4006 scilieetquod
1523 3912 1738 3985 aeternaliter
1754 3925 1809 3985 est
1831 3911 1938 3985 nobis
1959 3913 2046 3988 assi·

443 4026 628 4124 gnandum
642 4026 704 4126 qui
720 4051 764 4099 ex
783 4038 948 4124 tempore
961 4024 1151 4122 coepimus.
1173 4028 1278 4102 Unde
1295 4053 1380 4102 eum
1395 4029 1485 4103 dicit
1508 4031 1726 4130 Augustinus
1740 4034 1860 4106 Deum
1875 4032 2046 4108 nnumin

442 4146 654 4238 substantia,
673 4146 810 4219 trinum
827 4142 1084 4236 in'vocabulis3
1100 4145 1171 4218 tale
1190 4162 1245 4219 est
1261 4149 1395 4222 uinum
1413 4151 1452 4222 in
1468 4150 1667 4246 vocabulis,
1691 4175 1735 4226 ac
1748 4152 1782 4225 si
1797 4150 1895 4224 dicat
1909 4151 2046 4238 trinum

441 4268 480 4340 in
500 4267 557 4340 his
582 4291 661 4366 quae
676 4290 744 4364 per
758 4262 935 4337 vocabula
954 4264 1237 4361 distinguuntur,
1261 4268 1333 4342 hoc
1353 4284 1407 4343 est
1427 4270 1465 4343 iu
1485 4272 1662 4370 personis.
1676 4271 1759 4346 Tale
1782 4271 1891 4346 etiam
1913 4270 1953 4347 in
1977 4272 2042 4348 tat-

442 4388 535 4461 doro
552 4388 741 4488 reperitur,
764 4383 829 4457 ubi
852 4383 890 4456 in
912 4383 1223 4486 Etymologiarum
1248 4387 1330 4462 libri
1354 4393 1415 4462 Vll
1431 4392 1589 4491 capitulo
1613 4392 1734 4486 1v,sic
1758 4393 1835 4466 ait:
1857 4390 2048 4468 «Proinde

439 4507 590 4582 Trinitas
604 4510 642 4580 in
658 4506 813 4580 relativis
828 4528 1066 4604 personarum
1085 4507 1296 4582 nominibus
1315 4525 1388 4601 est,
1412 4540 1431 4581 »
1448 4514 1653 4586 secundum
1669 4512 1708 4587 id
1724 4511 1860 4586 scilicet
1880 4509 1983 4610 quod
2005 4512 2042 4588 in

441 4629 512 4703 illia
530 4629 740 4730 exprimitur
757 4649 800 4698 ac
819 4624 1037 4723 designatur.
1064 4629 1106 4698 ln
1125 4652 1166 4700 re
1193 4628 1314 4728 itaqua
1326 4656 1405 4729 quae
1420 4635 1515 4706 Deus
1535 4649 1587 4707 est
1604 4634 1814 4707 Trinitatem
1829 4633 2040 4731 accipiens,

438 4774 516 4823 non
533 4751 571 4822 in
587 4750 622 4822 vi
635 4745 897 4821 vocabulorum
916 4772 926 4817 t
944 4746 1069 4843 quaesi
1086 4748 1240 4822 omnino
1258 4750 1435 4841 doessent‚
1449 4778 1525 4827 non
1542 4755 1663 4827 minna
1680 4753 1742 4827 illa
1757 4754 1794 4826 ln
1813 4777 1853 4828 re
1864 4754 1943 4851 ipsa
1961 4775 2043 4850 por·

438 4884 600 4946 maneret
620 4869 784 4941 Trinitas.
805 4870 848 4939 ln
865 4891 917 4958 re,
941 4867 1105 4963 iuquam,
1131 4868 1183 4941 ita
1198 4891 1279 4943 eam
1297 4873 1507 4972 aooipirnns,
1530 4889 1573 4948 ut
1594 4876 1671 4974 ipsa
1690 4899 1749 4950 ras
1763 4898 1843 4972 quae
1858 4877 1957 4950 usn
1972 4885 2039 4961 est,

437 4992 497 5064 illa
520 4993 566 5064 sit
584 4990 750 5080 Trinitas,
768 5011 844 5060 non
863 4987 902 5058 in
918 5010 964 5060 eo
987 5000 1130 5062 tantum
1146 4988 1247 5084 quod
1265 5005 1320 5064 est
1338 4994 1416 5092 ipsa
1430 5017 1499 5087 res,
1515 4995 1582 5068 aad
1596 4995 1701 5094 quod
1721 5009 1777 5070 est
1790 5017 1954 5095 personae
1973 4989 2044 5066 itta

436 5134 547 5210 sopra
567 5112 756 5185 distinctae.
774 5112 899 5206 longe
913 5122 1034 5182 autem
1050 5107 1149 5182 aliud
1165 5125 1220 5183 est
1237 5136 1315 5185 rem
1326 5113 1442 5213 ipsam
1458 5139 1537 5189 esse
1552 5115 1773 5210 Trinitatem,
1793 5114 1987 5190 aliudeam
2000 5111 2041 5184 in
