4559 6100
460 489 509 560 tt
1056 487 1184 561 PETRI
1206 484 1435 561 ABAELARDI

460 637 616 735 Diligens
631 638 808 736 appetims
823 637 1018 736 aliqsmfflo
1038 638 1186 734 negligit
1200 637 1311 710 verba
1325 638 1496 731 cultiora,
1518 636 1615 713 unde
1631 640 1679 711 ait
1697 637 1870 735 quidam,
1899 664 1984 714 cum
2007 643 2054 716 de

460 779 589 856 genere
606 755 666 828 tali
683 756 897 830 elocutionis
913 772 1052 855 ageret,
1078 782 1156 829 esse
1179 760 1217 829 in
1246 781 1291 830 eo
1313 757 1497 855 quandam
1514 756 1737 854 diligentiam
1757 757 2010 855 negligentem.
2034 797 2052 831 s

460 882 569 952 ltem:
583 905 602 945 r
612 876 709 965 Quid
718 878 815 948 enim
828 876 975 976 prodest
984 879 1175 951 locutionis
1187 877 1381 974 integritas,
1398 901 1508 974 quam
1526 901 1600 949 non
1615 878 1775 975 sequitur
1786 878 2056 955 intellectusau·

459 996 610 1069 dientis?
621 1020 706 1068 cum
720 995 893 1094 loquendi
905 997 1057 1069 omniuo
1068 996 1168 1068 nulla
1178 998 1225 1067 sit
1239 1018 1364 1085 causa,
1382 996 1412 1066 si
1428 995 1530 1092 quod
1544 996 1729 1093 loquimur
1744 1020 1820 1068 aon
1838 999 2052 1097 intelligunt,

458 1131 607 1215 propter
615 1140 721 1212 quos,
739 1130 780 1187 ut
792 1115 1007 1213 intelligant,
1025 1115 1222 1213 loquimur.
1242 1114 1313 1201 Qui
1330 1138 1416 1210 ergo
1432 1113 1555 1206 donee
1575 1112 1820 1195 vitabitrerha
1836 1120 1961 1189 omnia
1975 1145 2054 1217 qua:

460 1259 535 1307 non
562 1235 723 1307 docent².
739 1267 756 1302 n
782 1239 870 1307 ltem
887 1264 896 1306 ι
917 1267 936 1303 «
956 1234 1107 1331 Insignis
1124 1248 1177 1305 est
1205 1230 1337 1304 indolis
1349 1233 1387 1303 in
1401 1231 1520 1305 verbis
1534 1257 1660 1305 verum
1675 1258 1810 1327 amare,
1835 1260 1912 1308 nou
1929 1238 2050 1310 verba,

459 1354 555 1442 Quid
583 1355 679 1426 enim
707 1354 856 1452 prodest
880 1354 988 1427 clavis
1015 1377 1142 1444 aurea,
1168 1353 1200 1423 si
1226 1352 1364 1451 aperire
1390 1352 1492 1449 quod
1518 1354 1685 1425 volumus
1713 1379 1788 1426 uon
1819 1359 1962 1452 potest?
1992 1374 2055 1430 aut

460 1471 547 1570 quid
560 1472 663 1545 obest
674 1471 810 1569 lignea,
826 1474 856 1546 si
870 1474 943 1546 boc
955 1488 1087 1573 potest,
1107 1471 1254 1567 quando
1271 1472 1322 1542 nil
1336 1473 1540 1568 quaerimus,
1559 1473 1627 1545 nisi
1645 1488 1767 1571 patere
1783 1473 1881 1571 quod
1894 1474 2053 1548 chusam

460 1593 532 1664 est?
549 1622 566 1658 a
586 1592 655 1663 Sed
672 1590 873 1685 incassum,
889 1594 1051 1692 inquies,
1068 1591 1290 1682 laboramus,
1308 1592 1339 1662 si
1354 1590 1391 1663 id
1409 1594 1549 1690 aperire
1563 1593 1769 1690 quaerimus,
1788 1608 1848 1664 aut
1863 1594 1965 1691 quod
1978 1597 2053 1690 J'am

459 1736 524 1809 per
540 1711 630 1783 alios
644 1725 706 1782 est
714 1727 904 1810 apertum,
923 1728 964 1785 ut
983 1727 1110 1785 nostro
1129 1710 1275 1783 ulterius
1291 1709 1415 1783 labore
1431 1736 1524 1810 opus
1538 1736 1615 1784 non
1630 1714 1693 1804 sit,
1712 1727 1776 1783 aut
1792 1713 1945 1784 omnino
1961 1737 2054 1813 ape-

458 1831 519 1901 riri
534 1855 608 1903 uon
631 1845 764 1930 potest,
793 1845 836 1903 ut
859 1832 946 1903 illud
973 1832 1139 1905 videlicet
1164 1828 1343 1902 ineffabile
1367 1831 1547 1902 Trinitatis
1570 1832 1791 1930 mysterium.
1823 1835 1865 1902 Et
1891 1831 2053 1929 profecto

459 1947 548 2021 nihil
564 1948 636 2022 hoc
650 1952 781 2024 verius.
800 1952 870 2023 Sed
886 1952 916 2023 si
931 1951 1003 2023 hoc
1020 1952 1150 2049 aperiri
1166 1974 1241 2021 non
1255 1963 1373 2048 potest
1387 1948 1434 2020 ab
1451 1948 1620 2038 homine,
1648 1950 1735 2046 quid
1759 1963 1908 2045 egerrmt
1939 1954 2051 2023 sancti

460 2072 601 2162 Patres,
621 2072 685 2168 qui
699 2082 753 2143 tot
767 2071 875 2144 uobis
887 2072 934 2143 de
948 2073 1118 2143 Trinitate
1128 2083 1300 2142 tractatus
1314 2069 1562 2166 reliquerunt?
1587 2070 1624 2139 Si
1646 2093 1734 2141 vero
1759 2070 1820 2165 qui
1842 2068 1888 2141 de
1902 2092 1944 2142 ea
1960 2084 2052 2142 trac·

361 2258 365 2273 ,
460 2178 644 2278 taverunt,
673 2189 804 2262 docere
831 2190 931 2289 quod
956 2190 1191 2262 intendebant
1211 2203 1427 2288 potuerunt,
1453 2203 1489 2259 et
1505 2189 1605 2285 quod
1620 2189 1781 2260 clausum
1796 2202 1872 2259 erat
1887 2191 2050 2287 aperire,

459 2307 545 2404 quid
563 2330 655 2405 opus
669 2324 746 2380 erat
773 2334 887 2381 unum
910 2326 993 2407 post
1018 2310 1141 2381 alium
1154 2308 1329 2394 scribere,
1362 2322 1399 2379 et
1419 2307 1518 2404 quod
1542 2308 1598 2380 ille
1619 2308 1693 2405 jam
1721 2322 1930 2405 aperuerat,
1955 2306 2052 2380 hunc

459 2441 582 2523 postea
595 2423 777 2499 reserare?
795 2427 980 2524 Quidquid
998 2428 1129 2500 horum
1147 2426 1317 2523 quislibet
1330 2426 1541 2516 constituat,
1561 2427 1761 2523 mirorque
1776 2449 1835 2499 me
1853 2426 1972 2499 fronte
1989 2426 2051 2498 ali·

458 2546 538 2641 quis
554 2559 696 2641 arguat,
717 2547 748 2618 si
763 2561 964 2618 ceterorum
981 2546 1026 2618 de
1042 2545 1099 2618 his
1115 2546 1351 2618 scribentium
1367 2543 1632 2643 providentiam
1650 2544 1796 2637 laudet,
1815 2546 1882 2616 nisi
1905 2545 1997 2616 sorte
2013 2547 2050 2616 in

458 2661 530 2734 hoc
544 2678 708 2735 nostrum
716 2673 793 2763 jam
809 2667 949 2763 penitus
966 2667 1185 2764 superfluere
1208 2679 1398 2737 tractatum
1424 2663 1539 2754 dicat,
1573 2664 1674 2762 quod
1698 2678 1734 2736 et
1765 2663 1907 2735 illorum
1937 2663 2051 2735 doctu
2098 2744 2102 2751 ,

460 2798 578 2854 menta
594 2782 792 2873 sufficiant,
810 2799 846 2855 et
861 2784 968 2856 nulle
979 2786 1053 2881 jam
1069 2783 1218 2856 ulterius
1236 2784 1367 2881 quibus
1383 2783 1619 2856 resistendum
1635 2785 1681 2855 sit
1697 2781 1874 2881 pullulent
1885 2782 2048 2874 haereses,

459 2900 514 2972 vel
531 2900 637 2973 nullae
652 2901 699 2974 de
714 2917 837 2974 nostra
851 2900 923 2975 tide
939 2904 1117 3002 supersint
1134 2902 1394 2992 dubitationes,
1415 2926 1496 3000 quse
1510 2901 1688 2999 aliquibus
1708 2902 1907 2974 rationibus
1927 2902 1984 2973 vel
2005 2901 2051 2974 ad

458 3019 718 3093 documentum
735 3020 791 3094 vel
807 3021 852 3094 ad
871 3021 1116 3095 defensionem
1132 3025 1209 3120 ejus
1226 3047 1329 3120 egere
1347 3021 1550 3114 videantur,
1570 3035 1677 3118 atque
1695 3022 1833 3095 utinam
1851 3022 1901 3093 ita
1925 3022 1982 3092 sit.
2009 3024 2052 3092 tt

458 3164 545 3213 vero
561 3155 602 3213 ut
622 3144 846 3214 innumeram
874 3141 1140 3218 multitudinem
1164 3141 1384 3233 infidelium,
1417 3167 1496 3239 quae
1524 3154 1623 3214 extra
1649 3125 1844 3213 Ecclesiam
1876 3154 1947 3227 est,
1977 3153 2050 3211 tam

457 3260 660 3333 ludaeorum
690 3262 823 3334 scilicet
851 3285 962 3359 quam
985 3262 1243 3356 lithnioorum,
1261 3277 1487 3362 preteream,
1514 3260 1595 3357 quis
1619 3262 1668 3332 ita
1688 3285 1814 3332 omnes
1829 3258 1979 3334 haereses
1995 3284 2050 3330 re·

458 3379 773 3480 pressasproliteri
790 3382 938 3472 audeat,
954 3396 995 3454 ut
1003 3383 1079 3478 jam
1092 3381 1191 3455 nulla
1204 3382 1303 3482 apud
1319 3406 1387 3453 uos
1403 3380 1487 3453 lldei
1503 3381 1576 3452 sint
1590 3379 1802 3472 schismata,
1831 3378 1937 3451 nullae
1959 3376 2051 3452 ulte·

457 3500 531 3572 rius
549 3501 675 3572 suturae
693 3503 764 3572 sint
778 3500 1040 3574 dissensiones?
1058 3506 1256 3598 Quousque
1274 3502 1371 3572 enim
1385 3500 1504 3598 paleas
1521 3524 1606 3571 cum
1622 3500 1739 3594 grauis
1754 3521 1909 3595 praeseus
1925 3498 2049 3569 Eccle-

457 3620 508 3689 sia
523 3617 769 3690 indifferenter
795 3618 1013 3711 continebit,
1045 3644 1113 3692 neo
1128 3620 1235 3691 messi
1266 3619 1413 3691 Domini
1434 3620 1599 3691 inimicus
1627 3619 1739 3689 homo
1765 3616 2050 3714 superseminare

459 3737 592 3808 zizania
608 3731 786 3809 cessabit?
803 3736 921 3809 donec
942 3735 1107 3809 videlieet
1130 3739 1167 3812 in
1186 3736 1258 3810 fine
1274 3738 1384 3811 seculi
1402 3763 1575 3811 messores
1598 3717 1722 3833 Ang'eli
1737 3736 1803 3806 Dei
1819 3734 1954 3806 zizania
1973 3732 2051 3804 col·

457 3853 569 3949 ligant
586 3856 623 3925 in
642 3855 850 3945 fasciculos,
870 3871 906 3928 et
923 3857 960 3927 in
974 3857 1094 3953 ignem
1105 3880 1251 3929 arsuros
1266 3858 1422 3928 mittant.
1446 3862 1526 3929 Nou
1542 3869 1694 3954 possunt
1710 3853 1947 3943 schismatici,
1975 3876 2048 3925 uon

456 3989 607 4070 possunt
623 3974 745 4048 deesse
761 3974 937 4068 haeretici,
966 3999 1033 4050 nec
1052 3977 1147 4047 inter
1162 3977 1371 4076 scorpiones
1387 3990 1422 4047 et
1442 3991 1627 4074 serpentes
1652 3989 1770 4047 tutum
1796 3971 1934 4072 patebit
1958 3972 2046 4063 iter,

457 4091 521 4164 sed
546 4117 689 4191 semper
705 4093 751 4166 ad
767 4093 1017 4192 probationem
1039 4094 1096 4166 vel
1120 4097 1370 4168 excitationem
1396 4095 1557 4168 fidelium
1577 4093 1725 4172 habebit
1744 4106 1857 4164 mater
1872 4088 2045 4183 Ecclesia,

454 4211 523 4284 sub
537 4213 672 4285 Christi
683 4216 851 4305 nornine,
871 4215 1003 4296 multos
1019 4240 1112 4313 quos
1122 4215 1560 4306 soleretnnti-Chrtstus,
1580 4239 1647 4312 pro
1664 4210 1796 4310 quibus
1813 4209 2049 4306 ingemiscens

455 4332 615 4428 quotidie
630 4332 767 4406 dicat⁸z
789 4338 873 4406 «Es
897 4333 1003 4406 nohis
1024 4335 1206 4428 exierunt,
1226 4336 1291 4407 sed
1305 4360 1351 4408 ex
1367 4334 1473 4407 nobis
1488 4358 1563 4406 non
1581 4346 1701 4425 erent,
1720 4361 1738 4396 »
1758 4344 1793 4402 et
1813 4329 1943 4402 ellectu
1967 4351 2048 4398 ma·

455 4464 558 4523 terno
585 4477 648 4550 per
677 4453 843 4549 singulos·
863 4477 981 4532 anuos
1006 4479 1075 4554 pro
1105 4458 1156 4527 eis
1182 4470 1224 4527 ut
1252 4454 1418 4547 redeant,
1451 4451 1614 4525 immolet
1647 4448 1810 4548 publicas
1832 4448 2048 4519 orationum

455 4568 601 4644 hostias,
623 4576 713 4644 Nam
731 4602 751 4639 s
767 4588 927 4671 oportet,
951 4601 969 4641 u
989 4574 1105 4672 iuquit
1122 4573 1342 4672 Apostolusl,
1359 4603 1377 4639 a
1397 4572 1547 4645 hereses
1563 4595 1656 4660 esse,
1677 4583 1716 4640 ut
1731 4569 1792 4666 qui
1807 4566 2049 4666 probatisunt

455 4689 632 4763 manifesti
649 4689 748 4761 faut.
767 4721 785 4758 s
804 4691 913 4778 Quod
931 4694 1085 4764 maxime
1098 4693 1135 4764 in
1154 4693 1355 4765 notissimis
1368 4685 1840 4789 temporibusmntbChristi
1852 4708 1966 4780 regno
1982 4707 2046 4779 ap·

454 4813 739 4908 propinquante,
758 4811 917 4882 futurum
934 4825 1196 4909 exspectamus,
1216 4811 1385 4909 quando,
1403 4811 1503 4907 juxta
1518 4808 1740 4882 dominicam
1754 4819 1796 4876 et
1813 4802 2047 4902 apostolicam

489 5088 495 5115 ¹
506 5082 567 5134 llus
578 5085 637 5146 lestt
648 5084 720 5136 tub.
731 5084 825 5138 dcem.
838 5111 868 5123 -
882 5083 997 5149 ¹Itoan,
1006 5100 1027 5136 e
1038 5099 1067 5146 u,
1078 5099 1100 5133 v.
1114 5085 1153 5137 19.
1165 5109 1196 5124 -
1209 5085 1236 5135 Ἰ
1250 5083 1380 5146 corinth..
1389 5097 1444 5147 cap.
1459 5096 1494 5145 u,
1503 5096 1527 5135 r.
1541 5083 1580 5134 u.
