<?xml version="1.0" encoding="UTF-8"?>
<!DOCTYPE html PUBLIC "-//W3C//DTD XHTML 1.0 Transitional//EN"
    "http://www.w3.org/TR/xhtml1/DTD/xhtml1-transitional.dtd">
<html xmlns="http://www.w3.org/1999/xhtml" xml:lang="en" lang="en">
 <head>
  <title>
</title>
<meta http-equiv="Content-Type" content="text/html;charset=utf-8" />
  <meta name='ocr-system' content='tesseract 3.04.00' />
  <meta name='ocr-capabilities' content='ocr_page ocr_carea ocr_par ocr_line ocrx_word'/>
</head>
<body>
  <div class='ocr_page' id='page_1' title='image "./petriablardiope00despgoog_0818.png"; bbox 0 0 4559 6100; ppageno 0'>
   <div class='ocr_carea' id='block_1_1' title="bbox 491 476 1479 553">
    <p class='ocr_par' dir='ltr' id='par_1_1' title="bbox 491 476 1479 553">
     <span class='ocr_line' id='line_1_1' title="bbox 491 476 1479 553; baseline -0.005 0"><span class='ocrx_word' id='word_1_1' title='bbox 491 483 565 553; x_wconf 79' lang='lat'><strong>720</strong></span> <span class='ocrx_word' id='word_1_2' title='bbox 1089 479 1217 550; x_wconf 81' lang='lat' dir='ltr'><strong>PETlll</strong></span> <span class='ocrx_word' id='word_1_3' title='bbox 1243 476 1479 551; x_wconf 79' lang='lat' dir='ltr'><strong>anAEtartnt</strong></span> 
     </span>
    </p>
   </div>
   <div class='ocr_carea' id='block_1_2' title="bbox 492 613 2101 4785">
    <p class='ocr_par' dir='ltr' id='par_1_2' title="bbox 492 613 2101 3709">
     <span class='ocr_line' id='line_1_2' title="bbox 493 613 2099 725; baseline -0.006 -25"><span class='ocrx_word' id='word_1_4' title='bbox 493 629 659 719; x_wconf 90' lang='lat' dir='ltr'><strong>aliorum,</strong></span> <span class='ocrx_word' id='word_1_5' title='bbox 681 613 799 719; x_wconf 90' lang='lat' dir='ltr'><strong>nulla,</strong></span> <span class='ocrx_word' id='word_1_6' title='bbox 820 626 1112 725; x_wconf 83' lang='lat' dir='ltr'>reprehensionis</span> <span class='ocrx_word' id='word_1_7' title='bbox 1136 642 1261 699; x_wconf 89' lang='lat' dir='ltr'><strong>notam</strong></span> <span class='ocrx_word' id='word_1_8' title='bbox 1278 627 1433 725; x_wconf 79' lang='lat' dir='ltr'><strong>effugere</strong></span> <span class='ocrx_word' id='word_1_9' title='bbox 1458 648 1533 696; x_wconf 91' lang='lat' dir='ltr'><strong>non</strong></span> <span class='ocrx_word' id='word_1_10' title='bbox 1554 622 1687 720; x_wconf 87' lang='lat' dir='ltr'><strong>potui:</strong></span> <span class='ocrx_word' id='word_1_11' title='bbox 1708 646 1792 694; x_wconf 89' lang='lat' dir='ltr'><strong>cum</strong></span> <span class='ocrx_word' id='word_1_12' title='bbox 1809 633 1929 693; x_wconf 86' lang='lat' dir='ltr'><strong>tamen</strong></span> <span class='ocrx_word' id='word_1_13' title='bbox 1951 621 1989 692; x_wconf 95' lang='lat' dir='ltr'><strong>in</strong></span> <span class='ocrx_word' id='word_1_14' title='bbox 2008 619 2099 708; x_wconf 87' lang='lat' dir='ltr'><strong>bis,</strong></span> 
     </span>
     <span class='ocr_line' id='line_1_3' title="bbox 492 740 2098 845; baseline -0.004 -27"><span class='ocrx_word' id='word_1_15' title='bbox 492 747 686 845; x_wconf 90' lang='lat' dir='ltr'><strong>dequibus</strong></span> <span class='ocrx_word' id='word_1_16' title='bbox 710 749 863 843; x_wconf 87' lang='lat' dir='ltr'><strong>graviter</strong></span> <span class='ocrx_word' id='word_1_17' title='bbox 889 771 1055 839; x_wconf 90' lang='lat' dir='ltr'><strong>accusor,</strong></span> <span class='ocrx_word' id='word_1_18' title='bbox 1087 745 1223 819; x_wconf 89' lang='lat' dir='ltr'><strong>nullam</strong></span> <span class='ocrx_word' id='word_1_19' title='bbox 1249 747 1351 844; x_wconf 86' lang='lat' dir='ltr'><strong>(sciat</strong></span> <span class='ocrx_word' id='word_1_20' title='bbox 1374 744 1495 840; x_wconf 83' lang='lat' dir='ltr'><strong>Deus)</strong></span> <span class='ocrx_word' id='word_1_21' title='bbox 1516 766 1634 815; x_wconf 83' lang='lat' dir='ltr'><strong>meam</strong></span> <span class='ocrx_word' id='word_1_22' title='bbox 1658 745 1894 838; x_wconf 88' lang='lat' dir='ltr'><strong>cognoscam¹</strong></span> <span class='ocrx_word' id='word_1_23' title='bbox 1916 740 2098 839; x_wconf 88' lang='lat' dir='ltr'><strong>culpam,</strong></span> 
     </span>
     <span class='ocr_line' id='line_1_4' title="bbox 493 861 2101 964; baseline -0.006 -25"><span class='ocrx_word' id='word_1_24' title='bbox 493 893 573 954; x_wconf 88' lang='lat' dir='ltr'><strong>uec,</strong></span> <span class='ocrx_word' id='word_1_25' title='bbox 598 868 627 938; x_wconf 92' lang='lat' dir='ltr'><strong>si</strong></span> <span class='ocrx_word' id='word_1_26' title='bbox 651 891 723 963; x_wconf 91' lang='lat' dir='ltr'><strong>qua</strong></span> <span class='ocrx_word' id='word_1_27' title='bbox 740 867 856 956; x_wconf 86' lang='lat' dir='ltr'><strong>suerit,</strong></span> <span class='ocrx_word' id='word_1_28' title='bbox 884 868 1082 964; x_wconf 81' lang='lat' dir='ltr'>procaciter</span> <span class='ocrx_word' id='word_1_29' title='bbox 1097 866 1303 939; x_wconf 83' lang='lat' dir='ltr'><strong>defendam.</strong></span> <span class='ocrx_word' id='word_1_30' title='bbox 1322 865 1453 963; x_wconf 77' lang='lat' dir='ltr'><strong>Scripsi</strong></span> <span class='ocrx_word' id='word_1_31' title='bbox 1480 864 1571 935; x_wconf 88' lang='lat' dir='ltr'><strong>forte</strong></span> <span class='ocrx_word' id='word_1_32' title='bbox 1594 861 1713 959; x_wconf 88' lang='lat' dir='ltr'><strong>aliqua</strong></span> <span class='ocrx_word' id='word_1_33' title='bbox 1735 885 1800 959; x_wconf 87' lang='lat' dir='ltr'><strong>per</strong></span> <span class='ocrx_word' id='word_1_34' title='bbox 1814 883 1989 952; x_wconf 89' lang='lat' dir='ltr'><strong>errorem,</strong></span> <span class='ocrx_word' id='word_1_35' title='bbox 2010 883 2101 957; x_wconf 77' lang='lat' dir='ltr'><strong>quae</strong></span> 
     </span>
     <span class='ocr_line' id='line_1_5' title="bbox 492 980 2099 1084; baseline -0.006 -26"><span class='ocrx_word' id='word_1_36' title='bbox 492 1013 567 1058; x_wconf 91' lang='lat' dir='ltr'><strong>non</strong></span> <span class='ocrx_word' id='word_1_37' title='bbox 598 986 759 1084; x_wconf 90' lang='lat' dir='ltr'><strong>oportuit</strong></span> <span class='ocrx_word' id='word_1_38' title='bbox 783 984 877 1056; x_wconf 87' lang='lat' dir='ltr'><strong>:sed</strong></span> <span class='ocrx_word' id='word_1_39' title='bbox 904 990 1021 1057; x_wconf 87' lang='lat' dir='ltr'><strong>Deum</strong></span> <span class='ocrx_word' id='word_1_40' title='bbox 1046 1000 1172 1058; x_wconf 89' lang='lat' dir='ltr'><strong>testem</strong></span> <span class='ocrx_word' id='word_1_41' title='bbox 1197 1001 1233 1057; x_wconf 87' lang='lat' dir='ltr'><strong>et</strong></span> <span class='ocrx_word' id='word_1_42' title='bbox 1256 985 1416 1082; x_wconf 87' lang='lat' dir='ltr'><strong>judicem</strong></span> <span class='ocrx_word' id='word_1_43' title='bbox 1437 983 1474 1055; x_wconf 91' lang='lat' dir='ltr'><strong>in</strong></span> <span class='ocrx_word' id='word_1_44' title='bbox 1499 982 1657 1055; x_wconf 88' lang='lat' dir='ltr'><strong>animam</strong></span> <span class='ocrx_word' id='word_1_45' title='bbox 1683 1004 1802 1052; x_wconf 89' lang='lat' dir='ltr'><strong>meam</strong></span> <span class='ocrx_word' id='word_1_46' title='bbox 1819 981 1973 1065; x_wconf 86' lang='lat' dir='ltr'><strong>invoco,</strong></span> <span class='ocrx_word' id='word_1_47' title='bbox 2002 980 2099 1076; x_wconf 81' lang='lat' dir='ltr'><strong>quia</strong></span> 
     </span>
     <span class='ocr_line' id='line_1_6' title="bbox 493 1098 2093 1203; baseline -0.005 -27"><span class='ocrx_word' id='word_1_48' title='bbox 493 1109 529 1177; x_wconf 92' lang='lat' dir='ltr'><strong>iu</strong></span> <span class='ocrx_word' id='word_1_49' title='bbox 551 1105 620 1189; x_wconf 87' lang='lat' dir='ltr'><strong>his,</strong></span> <span class='ocrx_word' id='word_1_50' title='bbox 653 1105 698 1176; x_wconf 90' lang='lat' dir='ltr'><strong>de</strong></span> <span class='ocrx_word' id='word_1_51' title='bbox 724 1104 855 1202; x_wconf 85' lang='lat' dir='ltr'><strong>quibus</strong></span> <span class='ocrx_word' id='word_1_52' title='bbox 877 1129 1039 1195; x_wconf 89' lang='lat' dir='ltr'><strong>accusor,</strong></span> <span class='ocrx_word' id='word_1_53' title='bbox 1071 1104 1121 1175; x_wconf 91' lang='lat' dir='ltr'><strong>nil</strong></span> <span class='ocrx_word' id='word_1_54' title='bbox 1151 1129 1216 1203; x_wconf 89' lang='lat' dir='ltr'><strong>per</strong></span> <span class='ocrx_word' id='word_1_55' title='bbox 1247 1105 1432 1197; x_wconf 88' lang='lat' dir='ltr'><strong>malitiam,</strong></span> <span class='ocrx_word' id='word_1_56' title='bbox 1453 1115 1517 1174; x_wconf 89' lang='lat' dir='ltr'><strong>aut</strong></span> <span class='ocrx_word' id='word_1_57' title='bbox 1545 1124 1611 1200; x_wconf 90' lang='lat' dir='ltr'><strong>per</strong></span> <span class='ocrx_word' id='word_1_58' title='bbox 1637 1098 1844 1198; x_wconf 81' lang='lat' dir='ltr'><strong>superbiam</strong></span> <span class='ocrx_word' id='word_1_59' title='bbox 1863 1098 2093 1197; x_wconf 79' lang='lat' dir='ltr'><strong>praesumpsi.</strong></span> 
     </span>
     <span class='ocr_line' id='line_1_7' title="bbox 494 1218 2096 1323; baseline -0.005 -26"><span class='ocrx_word' id='word_1_60' title='bbox 494 1226 605 1297; x_wconf 88' lang='lat' dir='ltr'><strong>Multa</strong></span> <span class='ocrx_word' id='word_1_61' title='bbox 629 1226 666 1296; x_wconf 90' lang='lat' dir='ltr'><strong>in</strong></span> <span class='ocrx_word' id='word_1_62' title='bbox 686 1224 817 1297; x_wconf 90' lang='lat' dir='ltr'><strong>scholis</strong></span> <span class='ocrx_word' id='word_1_63' title='bbox 840 1224 959 1296; x_wconf 91' lang='lat' dir='ltr'><strong>multis</strong></span> <span class='ocrx_word' id='word_1_64' title='bbox 984 1225 1156 1323; x_wconf 83' lang='lat' dir='ltr'>loquutus</span> <span class='ocrx_word' id='word_1_65' title='bbox 1179 1250 1273 1316; x_wconf 90' lang='lat' dir='ltr'><strong>sum,</strong></span> <span class='ocrx_word' id='word_1_66' title='bbox 1299 1249 1366 1296; x_wconf 89' lang='lat' dir='ltr'><strong>nec</strong></span> <span class='ocrx_word' id='word_1_67' title='bbox 1394 1246 1554 1319; x_wconf 88' lang='lat' dir='ltr'><strong>unquam</strong></span> <span class='ocrx_word' id='word_1_68' title='bbox 1571 1244 1683 1319; x_wconf 87' lang='lat' dir='ltr'><strong>aquas</strong></span> <span class='ocrx_word' id='word_1_69' title='bbox 1709 1219 1855 1292; x_wconf 84' lang='lat' dir='ltr'><strong>furtivas</strong></span> <span class='ocrx_word' id='word_1_70' title='bbox 1877 1218 1935 1291; x_wconf 88' lang='lat' dir='ltr'><strong>vel</strong></span> <span class='ocrx_word' id='word_1_71' title='bbox 1956 1241 2096 1316; x_wconf 85' lang='lat' dir='ltr'><strong>panem</strong></span> 
     </span>
     <span class='ocr_line' id='line_1_8' title="bbox 494 1337 2095 1439; baseline -0.004 -25"><span class='ocrx_word' id='word_1_72' title='bbox 494 1343 745 1415; x_wconf 87' lang='lat' dir='ltr'><strong>absconditum</strong></span> <span class='ocrx_word' id='word_1_73' title='bbox 777 1343 905 1415; x_wconf 85' lang='lat' dir='ltr'><strong>habuit</strong></span> <span class='ocrx_word' id='word_1_74' title='bbox 943 1368 1023 1415; x_wconf 91' lang='lat' dir='ltr'><strong>mea</strong></span> <span class='ocrx_word' id='word_1_75' title='bbox 1051 1343 1231 1416; x_wconf 88' lang='lat' dir='ltr'><strong>doctrina.</strong></span> <span class='ocrx_word' id='word_1_76' title='bbox 1265 1342 1385 1416; x_wconf 88' lang='lat' dir='ltr'><strong>Palam</strong></span> <span class='ocrx_word' id='word_1_77' title='bbox 1414 1342 1586 1439; x_wconf 86' lang='lat' dir='ltr'>loquutus</span> <span class='ocrx_word' id='word_1_78' title='bbox 1623 1365 1704 1411; x_wconf 92' lang='lat' dir='ltr'><strong>sum</strong></span> <span class='ocrx_word' id='word_1_79' title='bbox 1738 1339 1785 1412; x_wconf 89' lang='lat' dir='ltr'><strong>ad</strong></span> <span class='ocrx_word' id='word_1_80' title='bbox 1813 1337 2095 1410; x_wconf 77' lang='lat' dir='ltr'><strong>aedificationem</strong></span> 
     </span>
     <span class='ocr_line' id='line_1_9' title="bbox 494 1452 2095 1558; baseline -0.002 -27"><span class='ocrx_word' id='word_1_81' title='bbox 494 1460 577 1532; x_wconf 83' lang='lat' dir='ltr'><strong>fidei</strong></span> <span class='ocrx_word' id='word_1_82' title='bbox 595 1463 668 1533; x_wconf 89' lang='lat' dir='ltr'><strong>sive</strong></span> <span class='ocrx_word' id='word_1_83' title='bbox 685 1487 843 1550; x_wconf 92' lang='lat' dir='ltr'><strong>morum,</strong></span> <span class='ocrx_word' id='word_1_84' title='bbox 863 1460 963 1558; x_wconf 88' lang='lat' dir='ltr'><strong>quod</strong></span> <span class='ocrx_word' id='word_1_85' title='bbox 980 1461 1068 1532; x_wconf 94' lang='lat' dir='ltr'><strong>mihi</strong></span> <span class='ocrx_word' id='word_1_86' title='bbox 1085 1452 1227 1532; x_wconf 89' lang='lat' dir='ltr'><strong>salubre</strong></span> <span class='ocrx_word' id='word_1_87' title='bbox 1242 1461 1358 1532; x_wconf 89' lang='lat' dir='ltr'><strong>visum</strong></span> <span class='ocrx_word' id='word_1_88' title='bbox 1376 1461 1463 1549; x_wconf 84' lang='lat' dir='ltr'><strong>iuit3</strong></span> <span class='ocrx_word' id='word_1_89' title='bbox 1482 1473 1518 1531; x_wconf 91' lang='lat' dir='ltr'><strong>et</strong></span> <span class='ocrx_word' id='word_1_90' title='bbox 1532 1483 1756 1557; x_wconf 74' lang='lat' dir='ltr'><strong>quaecunque</strong></span> <span class='ocrx_word' id='word_1_91' title='bbox 1771 1458 1916 1556; x_wconf 82' lang='lat' dir='ltr'><strong>scripsi,</strong></span> <span class='ocrx_word' id='word_1_92' title='bbox 1936 1455 2095 1529; x_wconf 82' lang='lat' dir='ltr'><strong>libenter</strong></span> 
     </span>
     <span class='ocr_line' id='line_1_10' title="bbox 495 1576 2093 1678; baseline -0.002 -28"><span class='ocrx_word' id='word_1_93' title='bbox 495 1581 665 1652; x_wconf 91' lang='lat' dir='ltr'><strong>omnibus</strong></span> <span class='ocrx_word' id='word_1_94' title='bbox 688 1581 849 1678; x_wconf 85' lang='lat' dir='ltr'><strong>exposui,</strong></span> <span class='ocrx_word' id='word_1_95' title='bbox 878 1595 918 1651; x_wconf 91' lang='lat' dir='ltr'><strong>ut</strong></span> <span class='ocrx_word' id='word_1_96' title='bbox 943 1605 1006 1652; x_wconf 90' lang='lat' dir='ltr'><strong>eos</strong></span> <span class='ocrx_word' id='word_1_97' title='bbox 1030 1579 1186 1676; x_wconf 87' lang='lat' dir='ltr'><strong>judices,</strong></span> <span class='ocrx_word' id='word_1_98' title='bbox 1220 1604 1295 1651; x_wconf 90' lang='lat' dir='ltr'><strong>nou</strong></span> <span class='ocrx_word' id='word_1_99' title='bbox 1323 1579 1517 1677; x_wconf 91' lang='lat' dir='ltr'><strong>discipulos</strong></span> <span class='ocrx_word' id='word_1_100' title='bbox 1542 1578 1728 1651; x_wconf 82' lang='lat' dir='ltr'><strong>haberem.</strong></span> <span class='ocrx_word' id='word_1_101' title='bbox 1758 1577 1868 1666; x_wconf 91' lang='lat' dir='ltr'><strong>Quod</strong></span> <span class='ocrx_word' id='word_1_102' title='bbox 1892 1576 1923 1648; x_wconf 91' lang='lat' dir='ltr'><strong>si</strong></span> <span class='ocrx_word' id='word_1_103' title='bbox 1949 1578 2093 1674; x_wconf 80' lang='lat' dir='ltr'><strong>uspiam</strong></span> 
     </span>
     <span class='ocr_line' id='line_1_11' title="bbox 495 1695 2094 1796; baseline -0.002 -26"><span class='ocrx_word' id='word_1_104' title='bbox 495 1725 558 1796; x_wconf 83' lang='lat' dir='ltr'><strong>per</strong></span> <span class='ocrx_word' id='word_1_105' title='bbox 584 1700 850 1796; x_wconf 75' lang='lat' dir='ltr'><strong>multiloquium</strong></span> <span class='ocrx_word' id='word_1_106' title='bbox 874 1700 1019 1791; x_wconf 80' lang='lat' dir='ltr'><strong>excessi,</strong></span> <span class='ocrx_word' id='word_1_107' title='bbox 1039 1714 1078 1771; x_wconf 91' lang='lat' dir='ltr'><strong>ut</strong></span> <span class='ocrx_word' id='word_1_108' title='bbox 1096 1699 1269 1796; x_wconf 86' lang='lat' dir='ltr'><strong>scriptum</strong></span> <span class='ocrx_word' id='word_1_109' title='bbox 1285 1703 1368 1791; x_wconf 87' lang='lat' dir='ltr'><strong>est¹,</strong></span> <span class='ocrx_word' id='word_1_110' title='bbox 1390 1730 1407 1764; x_wconf 73' lang='grc' dir='ltr'><strong>ιι</strong></span> <span class='ocrx_word' id='word_1_111' title='bbox 1423 1704 1464 1770; x_wconf 89' lang='lat' dir='ltr'><strong>ln</strong></span> <span class='ocrx_word' id='word_1_112' title='bbox 1489 1697 1720 1795; x_wconf 90' lang='lat' dir='ltr'><strong>multiloquio</strong></span> <span class='ocrx_word' id='word_1_113' title='bbox 1740 1721 1816 1768; x_wconf 93' lang='lat' dir='ltr'><strong>non</strong></span> <span class='ocrx_word' id='word_1_114' title='bbox 1835 1695 1983 1791; x_wconf 75' lang='lat' dir='ltr'><strong>effugies</strong></span> <span class='ocrx_word' id='word_1_115' title='bbox 2003 1719 2094 1793; x_wconf 86' lang='lat' dir='ltr'><strong>pec·</strong></span> 
     </span>
     <span class='ocr_line' id='line_1_12' title="bbox 495 1816 2094 1916; baseline -0.002 -28"><span class='ocrx_word' id='word_1_116' title='bbox 495 1831 615 1888; x_wconf 88' lang='lat' dir='ltr'><strong>catum</strong></span> <span class='ocrx_word' id='word_1_117' title='bbox 636 1845 678 1887; x_wconf 86' lang='lat' dir='ltr'><strong>:n</strong></span> <span class='ocrx_word' id='word_1_118' title='bbox 704 1842 892 1914; x_wconf 89' lang='lat' dir='ltr'><strong>nunquam</strong></span> <span class='ocrx_word' id='word_1_119' title='bbox 909 1819 1118 1916; x_wconf 90' lang='lat' dir='ltr'><strong>importuna</strong></span> <span class='ocrx_word' id='word_1_120' title='bbox 1140 1817 1302 1889; x_wconf 83' lang='lat' dir='ltr'><strong>defensio</strong></span> <span class='ocrx_word' id='word_1_121' title='bbox 1320 1843 1379 1889; x_wconf 88' lang='lat' dir='ltr'><strong>me</strong></span> <span class='ocrx_word' id='word_1_122' title='bbox 1401 1817 1519 1890; x_wconf 79' lang='lat' dir='ltr'><strong>ellecit</strong></span> <span class='ocrx_word' id='word_1_123' title='bbox 1534 1816 1763 1904; x_wconf 74' lang='lat' dir='ltr'><strong>haereticum,</strong></span> <span class='ocrx_word' id='word_1_124' title='bbox 1787 1829 1933 1914; x_wconf 89' lang='lat' dir='ltr'><strong>paratus</strong></span> <span class='ocrx_word' id='word_1_125' title='bbox 1948 1838 2094 1913; x_wconf 88' lang='lat' dir='ltr'><strong>semper</strong></span> 
     </span>
     <span class='ocr_line' id='line_1_13' title="bbox 495 1935 2091 2033; baseline -0.003 -24"><span class='ocrx_word' id='word_1_126' title='bbox 495 1937 541 2009; x_wconf 89' lang='lat' dir='ltr'><strong>ad</strong></span> <span class='ocrx_word' id='word_1_127' title='bbox 558 1937 834 2008; x_wconf 72' lang='lat' dir='ltr'><strong>satisfactionem</strong></span> <span class='ocrx_word' id='word_1_128' title='bbox 858 1936 904 2009; x_wconf 90' lang='lat' dir='ltr'><strong>de</strong></span> <span class='ocrx_word' id='word_1_129' title='bbox 920 1937 1012 2010; x_wconf 85' lang='lat' dir='ltr'><strong>male</strong></span> <span class='ocrx_word' id='word_1_130' title='bbox 1028 1937 1131 2009; x_wconf 91' lang='lat' dir='ltr'><strong>dictis</strong></span> <span class='ocrx_word' id='word_1_131' title='bbox 1156 1937 1244 2008; x_wconf 89' lang='lat' dir='ltr'><strong>meis</strong></span> <span class='ocrx_word' id='word_1_132' title='bbox 1269 1936 1490 2033; x_wconf 85' lang='lat' dir='ltr'><strong>corrigendis</strong></span> <span class='ocrx_word' id='word_1_133' title='bbox 1509 1937 1583 2008; x_wconf 87' lang='lat' dir='ltr'><strong>sive</strong></span> <span class='ocrx_word' id='word_1_134' title='bbox 1603 1935 1785 2009; x_wconf 85' lang='lat' dir='ltr'><strong>dolendis⁸</strong></span> <span class='ocrx_word' id='word_1_135' title='bbox 1803 1961 1812 2005; x_wconf 93' lang='lat'><strong>:</strong></span> <span class='ocrx_word' id='word_1_136' title='bbox 1832 1936 1869 2006; x_wconf 92' lang='lat' dir='ltr'><strong>in</strong></span> <span class='ocrx_word' id='word_1_137' title='bbox 1895 1958 1969 2031; x_wconf 88' lang='lat' dir='ltr'><strong>quo</strong></span> <span class='ocrx_word' id='word_1_138' title='bbox 1992 1948 2091 2005; x_wconf 83' lang='lat' dir='ltr'><strong>certe</strong></span> 
     </span>
     <span class='ocr_line' id='line_1_14' title="bbox 495 2052 2088 2153; baseline -0.001 -27"><span class='ocrx_word' id='word_1_139' title='bbox 495 2055 683 2152; x_wconf 89' lang='lat' dir='ltr'><strong>proposito</strong></span> <span class='ocrx_word' id='word_1_140' title='bbox 704 2056 872 2153; x_wconf 89' lang='lat' dir='ltr'><strong>usquein</strong></span> <span class='ocrx_word' id='word_1_141' title='bbox 898 2054 1007 2126; x_wconf 87' lang='lat' dir='ltr'><strong>finem</strong></span> <span class='ocrx_word' id='word_1_142' title='bbox 1030 2055 1280 2153; x_wconf 85' lang='lat' dir='ltr'><strong>perseverabo.</strong></span> <span class='ocrx_word' id='word_1_143' title='bbox 1308 2055 1379 2127; x_wconf 86' lang='lat' dir='ltr'><strong>Sed</strong></span> <span class='ocrx_word' id='word_1_144' title='bbox 1407 2056 1497 2127; x_wconf 89' lang='lat' dir='ltr'><strong>sicut</strong></span> <span class='ocrx_word' id='word_1_145' title='bbox 1523 2079 1645 2127; x_wconf 85' lang='lat' dir='ltr'><strong>meum</strong></span> <span class='ocrx_word' id='word_1_146' title='bbox 1668 2069 1722 2126; x_wconf 85' lang='lat' dir='ltr'><strong>est</strong></span> <span class='ocrx_word' id='word_1_147' title='bbox 1748 2052 1842 2128; x_wconf 86' lang='lat' dir='ltr'><strong>male</strong></span> <span class='ocrx_word' id='word_1_148' title='bbox 1865 2052 1959 2125; x_wconf 90' lang='lat' dir='ltr'><strong>dicta</strong></span> <span class='ocrx_word' id='word_1_149' title='bbox 1983 2076 2088 2144; x_wconf 88' lang='lat' dir='ltr'><strong>mea,</strong></span> 
     </span>
     <span class='ocr_line' id='line_1_15' title="bbox 495 2172 2091 2273; baseline 0 -28"><span class='ocrx_word' id='word_1_150' title='bbox 495 2176 523 2245; x_wconf 92' lang='lat' dir='ltr'><strong>si</strong></span> <span class='ocrx_word' id='word_1_151' title='bbox 549 2199 621 2272; x_wconf 90' lang='lat' dir='ltr'><strong>qua</strong></span> <span class='ocrx_word' id='word_1_152' title='bbox 642 2177 710 2246; x_wconf 93' lang='lat' dir='ltr'><strong>sint</strong></span> <span class='ocrx_word' id='word_1_153' title='bbox 718 2229 729 2264; x_wconf 89' lang='lat'><strong>,</strong></span> <span class='ocrx_word' id='word_1_154' title='bbox 749 2174 839 2246; x_wconf 85' lang='lat' dir='ltr'><strong>velle</strong></span> <span class='ocrx_word' id='word_1_155' title='bbox 859 2177 1049 2273; x_wconf 85' lang='lat' dir='ltr'><strong>corrigere,</strong></span> <span class='ocrx_word' id='word_1_156' title='bbox 1075 2176 1125 2248; x_wconf 89' lang='lat' dir='ltr'><strong>sic</strong></span> <span class='ocrx_word' id='word_1_157' title='bbox 1150 2176 1300 2247; x_wconf 90' lang='lat' dir='ltr'><strong>crimina</strong></span> <span class='ocrx_word' id='word_1_158' title='bbox 1323 2199 1398 2247; x_wconf 91' lang='lat' dir='ltr'><strong>non</strong></span> <span class='ocrx_word' id='word_1_159' title='bbox 1422 2189 1518 2248; x_wconf 88' lang='lat' dir='ltr'><strong>recte</strong></span> <span class='ocrx_word' id='word_1_160' title='bbox 1540 2175 1628 2246; x_wconf 91' lang='lat' dir='ltr'><strong>mihi</strong></span> <span class='ocrx_word' id='word_1_161' title='bbox 1651 2174 1780 2270; x_wconf 84' lang='lat' dir='ltr'><strong>injecta</strong></span> <span class='ocrx_word' id='word_1_162' title='bbox 1806 2198 1864 2245; x_wconf 90' lang='lat' dir='ltr'><strong>me</strong></span> <span class='ocrx_word' id='word_1_163' title='bbox 1882 2172 2091 2273; x_wconf 85' lang='lat' dir='ltr'><strong>propulsare</strong></span> 
     </span>
     <span class='ocr_line' id='line_1_16' title="bbox 495 2292 2090 2392; baseline 0 -27"><span class='ocrx_word' id='word_1_164' title='bbox 495 2296 676 2365; x_wconf 88' lang='lat' dir='ltr'><strong>convenit.</strong></span> <span class='ocrx_word' id='word_1_165' title='bbox 697 2298 787 2366; x_wconf 91' lang='lat' dir='ltr'><strong>Cum</strong></span> <span class='ocrx_word' id='word_1_166' title='bbox 805 2296 902 2366; x_wconf 89' lang='lat' dir='ltr'><strong>enim</strong></span> <span class='ocrx_word' id='word_1_167' title='bbox 924 2294 1021 2367; x_wconf 90' lang='lat' dir='ltr'><strong>dicat</strong></span> <span class='ocrx_word' id='word_1_168' title='bbox 1037 2293 1163 2368; x_wconf 90' lang='lat' dir='ltr'><strong>beatus</strong></span> <span class='ocrx_word' id='word_1_169' title='bbox 1188 2295 1424 2392; x_wconf 81' lang='lat' dir='ltr'><strong>Augustinus,</strong></span> <span class='ocrx_word' id='word_1_170' title='bbox 1449 2324 1467 2363; x_wconf 84' lang='lat' dir='ltr'>u</span> <span class='ocrx_word' id='word_1_171' title='bbox 1492 2294 1654 2367; x_wconf 87' lang='lat' dir='ltr'><strong>Crudelis</strong></span> <span class='ocrx_word' id='word_1_172' title='bbox 1675 2294 1809 2390; x_wconf 90' lang='lat' dir='ltr'><strong>estqui</strong></span> <span class='ocrx_word' id='word_1_173' title='bbox 1830 2292 1963 2365; x_wconf 82' lang='lat' dir='ltr'><strong>lamam</strong></span> <span class='ocrx_word' id='word_1_174' title='bbox 1986 2317 2090 2365; x_wconf 86' lang='lat' dir='ltr'><strong>suam</strong></span> 
     </span>
     <span class='ocr_line' id='line_1_17' title="bbox 495 2413 2091 2512; baseline 0.001 -30"><span class='ocrx_word' id='word_1_175' title='bbox 495 2414 652 2508; x_wconf 89' lang='lat' dir='ltr'><strong>negligit,</strong></span> <span class='ocrx_word' id='word_1_176' title='bbox 669 2441 687 2481; x_wconf 84' lang='lat' dir='ltr'><strong>n</strong></span> <span class='ocrx_word' id='word_1_177' title='bbox 703 2437 757 2505; x_wconf 91' lang='lat' dir='ltr'><strong>ac,</strong></span> <span class='ocrx_word' id='word_1_178' title='bbox 784 2422 886 2512; x_wconf 86' lang='lat' dir='ltr'><strong>juxta</strong></span> <span class='ocrx_word' id='word_1_179' title='bbox 900 2413 1082 2502; x_wconf 79' lang='lat' dir='ltr'><strong>Tullium⁸,</strong></span> <span class='ocrx_word' id='word_1_180' title='bbox 1105 2444 1123 2482; x_wconf 85' lang='lat' dir='ltr'><strong>n</strong></span> <span class='ocrx_word' id='word_1_181' title='bbox 1143 2414 1378 2485; x_wconf 87' lang='lat' dir='ltr'><strong>Tacituruitas</strong></span> <span class='ocrx_word' id='word_1_182' title='bbox 1400 2413 1560 2485; x_wconf 84' lang='lat' dir='ltr'><strong>imitatur</strong></span> <span class='ocrx_word' id='word_1_183' title='bbox 1581 2413 1863 2501; x_wconf 66' lang='lat' dir='ltr'><strong>consessionem</strong></span> <span class='ocrx_word' id='word_1_184' title='bbox 1889 2443 1908 2479; x_wconf 69' lang='lat' dir='ltr'><strong>a</strong></span> <span class='ocrx_word' id='word_1_185' title='bbox 1934 2415 2091 2484; x_wconf 89' lang='lat' dir='ltr'><strong>conscri-</strong></span> 
     </span>
     <span class='ocr_line' id='line_1_18' title="bbox 497 2531 2087 2632; baseline 0.002 -31"><span class='ocrx_word' id='word_1_186' title='bbox 497 2532 587 2627; x_wconf 79' lang='lat' dir='ltr'><strong>ptis⁵</strong></span> <span class='ocrx_word' id='word_1_187' title='bbox 614 2548 740 2603; x_wconf 90' lang='lat' dir='ltr'><strong>contra</strong></span> <span class='ocrx_word' id='word_1_188' title='bbox 764 2558 822 2604; x_wconf 89' lang='lat' dir='ltr'><strong>me</strong></span> <span class='ocrx_word' id='word_1_189' title='bbox 848 2534 1011 2632; x_wconf 89' lang='lat' dir='ltr'><strong>capitulis</strong></span> <span class='ocrx_word' id='word_1_190' title='bbox 1040 2557 1183 2630; x_wconf 86' lang='lat' dir='ltr'><strong>aequum</strong></span> <span class='ocrx_word' id='word_1_191' title='bbox 1210 2532 1295 2604; x_wconf 84' lang='lat' dir='ltr'><strong>duxi</strong></span> <span class='ocrx_word' id='word_1_192' title='bbox 1323 2532 1553 2630; x_wconf 88' lang='lat' dir='ltr'><strong>respondere,</strong></span> <span class='ocrx_word' id='word_1_193' title='bbox 1574 2531 1740 2605; x_wconf 79' lang='lat' dir='ltr'><strong>videlicet</strong></span> <span class='ocrx_word' id='word_1_194' title='bbox 1767 2532 1909 2604; x_wconf 89' lang='lat' dir='ltr'><strong>ratione</strong></span> <span class='ocrx_word' id='word_1_195' title='bbox 1935 2546 2087 2621; x_wconf 79' lang='lat' dir='ltr'><strong>servata,</strong></span> 
     </span>
     <span class='ocr_line' id='line_1_19' title="bbox 495 2649 2086 2749; baseline 0.002 -28"><span class='ocrx_word' id='word_1_196' title='bbox 495 2675 566 2748; x_wconf 90' lang='lat' dir='ltr'><strong>qua</strong></span> <span class='ocrx_word' id='word_1_197' title='bbox 593 2666 720 2723; x_wconf 89' lang='lat' dir='ltr'><strong>contra</strong></span> <span class='ocrx_word' id='word_1_198' title='bbox 745 2650 996 2747; x_wconf 87' lang='lat' dir='ltr'><strong>derogantium</strong></span> <span class='ocrx_word' id='word_1_199' title='bbox 1020 2653 1160 2749; x_wconf 89' lang='lat' dir='ltr'><strong>linguas</strong></span> <span class='ocrx_word' id='word_1_200' title='bbox 1177 2651 1305 2723; x_wconf 89' lang='lat' dir='ltr'><strong>beatus</strong></span> <span class='ocrx_word' id='word_1_201' title='bbox 1329 2652 1523 2748; x_wconf 81' lang='lat' dir='ltr'><strong>Gregorius</strong></span> <span class='ocrx_word' id='word_1_202' title='bbox 1550 2649 1673 2724; x_wconf 86' lang='lat' dir='ltr'><strong>fideles</strong></span> <span class='ocrx_word' id='word_1_203' title='bbox 1697 2650 1753 2723; x_wconf 90' lang='lat' dir='ltr'><strong>his</strong></span> <span class='ocrx_word' id='word_1_204' title='bbox 1775 2652 1919 2723; x_wconf 91' lang='lat' dir='ltr'><strong>instruit</strong></span> <span class='ocrx_word' id='word_1_205' title='bbox 1942 2649 2086 2724; x_wconf 89' lang='lat' dir='ltr'><strong>verbis:</strong></span> 
     </span>
     <span class='ocr_line' id='line_1_20' title="bbox 499 2769 2091 2869; baseline 0.004 -33"><span class='ocrx_word' id='word_1_206' title='bbox 499 2802 516 2838; x_wconf 80' lang='lat' dir='ltr'><strong>n</strong></span> <span class='ocrx_word' id='word_1_207' title='bbox 534 2770 725 2842; x_wconf 89' lang='lat' dir='ltr'><strong>Sciendum</strong></span> <span class='ocrx_word' id='word_1_208' title='bbox 747 2786 800 2842; x_wconf 91' lang='lat' dir='ltr'><strong>est</strong></span> <span class='ocrx_word' id='word_1_209' title='bbox 824 2773 907 2868; x_wconf 90' lang='lat' dir='ltr'><strong>quia</strong></span> <span class='ocrx_word' id='word_1_210' title='bbox 936 2770 1073 2869; x_wconf 91' lang='lat' dir='ltr'><strong>linguas</strong></span> <span class='ocrx_word' id='word_1_211' title='bbox 1098 2771 1362 2843; x_wconf 87' lang='lat' dir='ltr'><strong>detrahentium</strong></span> <span class='ocrx_word' id='word_1_212' title='bbox 1391 2772 1482 2842; x_wconf 91' lang='lat' dir='ltr'><strong>sicut</strong></span> <span class='ocrx_word' id='word_1_213' title='bbox 1508 2785 1632 2843; x_wconf 88' lang='lat' dir='ltr'><strong>nostro</strong></span> <span class='ocrx_word' id='word_1_214' title='bbox 1665 2771 1784 2843; x_wconf 86' lang='lat' dir='ltr'><strong>studio</strong></span> <span class='ocrx_word' id='word_1_215' title='bbox 1811 2796 1884 2843; x_wconf 92' lang='lat' dir='ltr'><strong>non</strong></span> <span class='ocrx_word' id='word_1_216' title='bbox 1913 2769 2091 2843; x_wconf 86' lang='lat' dir='ltr'><strong>debemus</strong></span> 
     </span>
     <span class='ocr_line' id='line_1_21' title="bbox 496 2889 2087 2990; baseline 0 -29"><span class='ocrx_word' id='word_1_217' title='bbox 496 2891 663 2981; x_wconf 80' lang='lat' dir='ltr'><strong>excitare,</strong></span> <span class='ocrx_word' id='word_1_218' title='bbox 692 2916 738 2962; x_wconf 90' lang='lat' dir='ltr'><strong>ne</strong></span> <span class='ocrx_word' id='word_1_219' title='bbox 768 2891 836 2989; x_wconf 92' lang='lat' dir='ltr'><strong>ipsi</strong></span> <span class='ocrx_word' id='word_1_220' title='bbox 867 2905 1033 2988; x_wconf 87' lang='lat' dir='ltr'><strong>pereaut;</strong></span> <span class='ocrx_word' id='word_1_221' title='bbox 1059 2893 1107 2963; x_wconf 90' lang='lat' dir='ltr'><strong>ita</strong></span> <span class='ocrx_word' id='word_1_222' title='bbox 1132 2916 1196 2990; x_wconf 89' lang='lat' dir='ltr'><strong>per</strong></span> <span class='ocrx_word' id='word_1_223' title='bbox 1217 2916 1319 2964; x_wconf 91' lang='lat' dir='ltr'><strong>suam</strong></span> <span class='ocrx_word' id='word_1_224' title='bbox 1343 2889 1516 2964; x_wconf 89' lang='lat' dir='ltr'><strong>malitiam</strong></span> <span class='ocrx_word' id='word_1_225' title='bbox 1538 2891 1705 2964; x_wconf 76' lang='lat' dir='ltr'><strong>excitatas</strong></span> <span class='ocrx_word' id='word_1_226' title='bbox 1730 2890 1901 2964; x_wconf 89' lang='lat' dir='ltr'><strong>debemus</strong></span> <span class='ocrx_word' id='word_1_227' title='bbox 1922 2892 2087 2987; x_wconf 74' lang='lat' dir='ltr'><strong>aequani-</strong></span> 
     </span>
     <span class='ocr_line' id='line_1_22' title="bbox 497 3009 2087 3110; baseline 0.001 -29"><span class='ocrx_word' id='word_1_228' title='bbox 497 3011 600 3082; x_wconf 90' lang='lat' dir='ltr'><strong>miter·</strong></span> <span class='ocrx_word' id='word_1_229' title='bbox 624 3009 789 3099; x_wconf 87' lang='lat' dir='ltr'><strong>tolerare,</strong></span> <span class='ocrx_word' id='word_1_230' title='bbox 809 3025 848 3082; x_wconf 93' lang='lat' dir='ltr'><strong>ut</strong></span> <span class='ocrx_word' id='word_1_231' title='bbox 864 3009 969 3083; x_wconf 93' lang='lat' dir='ltr'><strong>nobis</strong></span> <span class='ocrx_word' id='word_1_232' title='bbox 986 3011 1154 3084; x_wconf 89' lang='lat' dir='ltr'><strong>meritum</strong></span> <span class='ocrx_word' id='word_1_233' title='bbox 1173 3024 1332 3084; x_wconf 89' lang='lat' dir='ltr'><strong>crescat:</strong></span> <span class='ocrx_word' id='word_1_234' title='bbox 1352 3009 1548 3109; x_wconf 87' lang='lat' dir='ltr'><strong>aliquando</strong></span> <span class='ocrx_word' id='word_1_235' title='bbox 1563 3026 1685 3084; x_wconf 88' lang='lat' dir='ltr'><strong>autem</strong></span> <span class='ocrx_word' id='word_1_236' title='bbox 1707 3011 1815 3085; x_wconf 86' lang='lat' dir='ltr'><strong>etiam</strong></span> <span class='ocrx_word' id='word_1_237' title='bbox 1837 3033 2087 3110; x_wconf 81' lang='lat' dir='ltr'><strong>compescere,</strong></span> 
     </span>
     <span class='ocr_line' id='line_1_23' title="bbox 496 3129 2088 3230; baseline 0.001 -29"><span class='ocrx_word' id='word_1_238' title='bbox 496 3154 542 3202; x_wconf 88' lang='lat' dir='ltr'><strong>ne</strong></span> <span class='ocrx_word' id='word_1_239' title='bbox 569 3131 657 3201; x_wconf 92' lang='lat' dir='ltr'><strong>dum</strong></span> <span class='ocrx_word' id='word_1_240' title='bbox 680 3130 728 3202; x_wconf 85' lang='lat' dir='ltr'><strong>de</strong></span> <span class='ocrx_word' id='word_1_241' title='bbox 746 3130 853 3203; x_wconf 90' lang='lat' dir='ltr'><strong>nobis</strong></span> <span class='ocrx_word' id='word_1_242' title='bbox 870 3131 964 3205; x_wconf 87' lang='lat' dir='ltr'><strong>mala</strong></span> <span class='ocrx_word' id='word_1_243' title='bbox 983 3132 1228 3220; x_wconf 88' lang='lat' dir='ltr'><strong>disseminant,</strong></span> <span class='ocrx_word' id='word_1_244' title='bbox 1254 3156 1394 3221; x_wconf 86' lang='lat' dir='ltr'><strong>corum,</strong></span> <span class='ocrx_word' id='word_1_245' title='bbox 1414 3133 1476 3230; x_wconf 92' lang='lat' dir='ltr'><strong>qui</strong></span> <span class='ocrx_word' id='word_1_246' title='bbox 1497 3131 1620 3204; x_wconf 90' lang='lat' dir='ltr'><strong>audire</strong></span> <span class='ocrx_word' id='word_1_247' title='bbox 1637 3156 1706 3204; x_wconf 92' lang='lat' dir='ltr'><strong>nos</strong></span> <span class='ocrx_word' id='word_1_248' title='bbox 1729 3131 1776 3204; x_wconf 88' lang='lat' dir='ltr'><strong>ad</strong></span> <span class='ocrx_word' id='word_1_249' title='bbox 1791 3129 1891 3203; x_wconf 87' lang='lat' dir='ltr'><strong>bona</strong></span> <span class='ocrx_word' id='word_1_250' title='bbox 1906 3145 2088 3229; x_wconf 87' lang='lat' dir='ltr'><strong>poterant,</strong></span> 
     </span>
     <span class='ocr_line' id='line_1_24' title="bbox 495 3250 2090 3351; baseline 0.001 -29"><span class='ocrx_word' id='word_1_251' title='bbox 495 3251 606 3323; x_wconf 91' lang='lat' dir='ltr'><strong>corda</strong></span> <span class='ocrx_word' id='word_1_252' title='bbox 629 3252 875 3324; x_wconf 90' lang='lat' dir='ltr'><strong>innocentium</strong></span> <span class='ocrx_word' id='word_1_253' title='bbox 898 3268 1180 3351; x_wconf 74' lang='lat' dir='ltr'><strong>corrumpant.»</strong></span> <span class='ocrx_word' id='word_1_254' title='bbox 1201 3257 1378 3350; x_wconf 80' lang='lat' dir='ltr'><strong>Agnoscat</strong></span> <span class='ocrx_word' id='word_1_255' title='bbox 1393 3277 1478 3350; x_wconf 88' lang='lat' dir='ltr'><strong>ergo</strong></span> <span class='ocrx_word' id='word_1_256' title='bbox 1502 3252 1656 3324; x_wconf 75' lang='lat' dir='ltr'><strong>fraterna</strong></span> <span class='ocrx_word' id='word_1_257' title='bbox 1678 3250 1831 3324; x_wconf 89' lang='lat' dir='ltr'><strong>charitas</strong></span> <span class='ocrx_word' id='word_1_258' title='bbox 1849 3276 1908 3323; x_wconf 91' lang='lat' dir='ltr'><strong>me</strong></span> <span class='ocrx_word' id='word_1_259' title='bbox 1929 3252 2090 3349; x_wconf 90' lang='lat' dir='ltr'><strong>qualem·</strong></span> 
     </span>
     <span class='ocr_line' id='line_1_25' title="bbox 496 3368 2088 3472; baseline 0.001 -31"><span class='ocrx_word' id='word_1_260' title='bbox 496 3395 639 3468; x_wconf 89' lang='lat' dir='ltr'><strong>cunque</strong></span> <span class='ocrx_word' id='word_1_261' title='bbox 677 3368 790 3442; x_wconf 81' lang='lat' dir='ltr'><strong>filium</strong></span> <span class='ocrx_word' id='word_1_262' title='bbox 826 3370 1012 3465; x_wconf 86' lang='lat' dir='ltr'><strong>Ecclesiae,</strong></span> <span class='ocrx_word' id='word_1_263' title='bbox 1052 3397 1136 3443; x_wconf 88' lang='lat' dir='ltr'><strong>cum</strong></span> <span class='ocrx_word' id='word_1_264' title='bbox 1167 3372 1244 3472; x_wconf 90' lang='lat' dir='ltr'><strong>ipsa</strong></span> <span class='ocrx_word' id='word_1_265' title='bbox 1277 3372 1412 3470; x_wconf 89' lang='lat' dir='ltr'><strong>integre</strong></span> <span class='ocrx_word' id='word_1_266' title='bbox 1446 3386 1577 3445; x_wconf 88' lang='lat' dir='ltr'><strong>cuneta</strong></span> <span class='ocrx_word' id='word_1_267' title='bbox 1606 3395 1686 3469; x_wconf 82' lang='lat' dir='ltr'><strong>quae</strong></span> <span class='ocrx_word' id='word_1_268' title='bbox 1718 3371 1865 3470; x_wconf 89' lang='lat' dir='ltr'><strong>recipit,</strong></span> <span class='ocrx_word' id='word_1_269' title='bbox 1905 3371 2088 3471; x_wconf 88' lang='lat' dir='ltr'><strong>recipere;</strong></span> 
     </span>
     <span class='ocr_line' id='line_1_26' title="bbox 494 3490 2088 3591; baseline 0.003 -31"><span class='ocrx_word' id='word_1_270' title='bbox 494 3506 643 3578; x_wconf 88' lang='lat' dir='ltr'><strong>cuncta,</strong></span> <span class='ocrx_word' id='word_1_271' title='bbox 674 3517 754 3588; x_wconf 85' lang='lat' dir='ltr'><strong>quae</strong></span> <span class='ocrx_word' id='word_1_272' title='bbox 781 3493 936 3590; x_wconf 87' lang='lat' dir='ltr'><strong>respuit,</strong></span> <span class='ocrx_word' id='word_1_273' title='bbox 968 3508 1136 3591; x_wconf 83' lang='lat' dir='ltr'><strong>respuere</strong></span> <span class='ocrx_word' id='word_1_274' title='bbox 1167 3518 1176 3562; x_wconf 75' lang='grc' dir='ltr'><strong><em>ε</em></strong></span> <span class='ocrx_word' id='word_1_275' title='bbox 1208 3516 1275 3564; x_wconf 92' lang='lat' dir='ltr'><strong>nec</strong></span> <span class='ocrx_word' id='word_1_276' title='bbox 1304 3517 1361 3564; x_wconf 91' lang='lat' dir='ltr'><strong>me</strong></span> <span class='ocrx_word' id='word_1_277' title='bbox 1388 3515 1548 3589; x_wconf 88' lang='lat' dir='ltr'><strong>uuquam</strong></span> <span class='ocrx_word' id='word_1_278' title='bbox 1574 3491 1774 3565; x_wconf 80' lang='lat' dir='ltr'><strong>unitatem⁸</strong></span> <span class='ocrx_word' id='word_1_279' title='bbox 1805 3490 1892 3564; x_wconf 88' lang='lat' dir='ltr'><strong>fidei</strong></span> <span class='ocrx_word' id='word_1_280' title='bbox 1921 3492 2088 3585; x_wconf 85' lang='lat' dir='ltr'><strong>scidisse,</strong></span> 
     </span>
     <span class='ocr_line' id='line_1_27' title="bbox 496 3611 1332 3709; baseline 0.001 -29"><span class='ocrx_word' id='word_1_281' title='bbox 496 3612 659 3704; x_wconf 90' lang='lat' dir='ltr'><strong>quamvis</strong></span> <span class='ocrx_word' id='word_1_282' title='bbox 685 3612 802 3709; x_wconf 90' lang='lat' dir='ltr'><strong>impar</strong></span> <span class='ocrx_word' id='word_1_283' title='bbox 824 3612 956 3684; x_wconf 71' lang='lat' dir='ltr'><strong>caeteris</strong></span> <span class='ocrx_word' id='word_1_284' title='bbox 980 3637 1124 3684; x_wconf 91' lang='lat' dir='ltr'><strong>morum</strong></span> <span class='ocrx_word' id='word_1_285' title='bbox 1148 3611 1332 3709; x_wconf 86' lang='lat' dir='ltr'><strong>qualitate.</strong></span> 
     </span>
    </p>

    <p class='ocr_par' dir='ltr' id='par_1_3' title="bbox 494 3730 2091 4396">
     <span class='ocr_line' id='line_1_28' title="bbox 544 3730 2091 3831; baseline 0.005 -33"><span class='ocrx_word' id='word_1_286' title='bbox 544 3730 652 3814; x_wconf 91' lang='lat' dir='ltr'><strong>Quod</strong></span> <span class='ocrx_word' id='word_1_287' title='bbox 680 3732 787 3828; x_wconf 86' lang='lat' dir='ltr'><strong>igitur</strong></span> <span class='ocrx_word' id='word_1_288' title='bbox 816 3731 904 3803; x_wconf 92' lang='lat' dir='ltr'><strong>mihi</strong></span> <span class='ocrx_word' id='word_1_289' title='bbox 931 3730 987 3803; x_wconf 91' lang='lat' dir='ltr'><strong>vel</strong></span> <span class='ocrx_word' id='word_1_290' title='bbox 1012 3756 1078 3831; x_wconf 86' lang='lat' dir='ltr'><strong>per</strong></span> <span class='ocrx_word' id='word_1_291' title='bbox 1105 3732 1277 3803; x_wconf 91' lang='lat' dir='ltr'><strong>malitiam</strong></span> <span class='ocrx_word' id='word_1_292' title='bbox 1308 3732 1518 3831; x_wconf 91' lang='lat' dir='ltr'><strong>impositum</strong></span> <span class='ocrx_word' id='word_1_293' title='bbox 1546 3745 1600 3804; x_wconf 90' lang='lat' dir='ltr'><strong>est</strong></span> <span class='ocrx_word' id='word_1_294' title='bbox 1627 3730 1726 3827; x_wconf 94' lang='lat' dir='ltr'><strong>quod</strong></span> <span class='ocrx_word' id='word_1_295' title='bbox 1751 3731 1974 3831; x_wconf 89' lang='lat' dir='ltr'><strong>scripserim,</strong></span> <span class='ocrx_word' id='word_1_296' title='bbox 2005 3734 2091 3827; x_wconf 87' lang='lat' dir='ltr'><strong>quia</strong></span> 
     </span>
     <span class='ocr_line' id='line_1_29' title="bbox 499 3850 2088 3952; baseline 0.003 -36"><span class='ocrx_word' id='word_1_297' title='bbox 499 3876 516 3910; x_wconf 74' lang='grc' dir='ltr'><strong>κ</strong></span> <span class='ocrx_word' id='word_1_298' title='bbox 532 3850 635 3918; x_wconf 89' lang='lat' dir='ltr'><strong>Pater</strong></span> <span class='ocrx_word' id='word_1_299' title='bbox 645 3850 751 3945; x_wconf 86' lang='lat' dir='ltr'><strong>plena</strong></span> <span class='ocrx_word' id='word_1_300' title='bbox 767 3852 939 3948; x_wconf 87' lang='lat' dir='ltr'><strong>potentia,</strong></span> <span class='ocrx_word' id='word_1_301' title='bbox 954 3851 1059 3924; x_wconf 89' lang='lat' dir='ltr'><strong>Filius</strong></span> <span class='ocrx_word' id='word_1_302' title='bbox 1074 3852 1239 3950; x_wconf 82' lang='lat' dir='ltr'><strong>quaedam</strong></span> <span class='ocrx_word' id='word_1_303' title='bbox 1251 3851 1425 3950; x_wconf 90' lang='lat' dir='ltr'><strong>potentia,</strong></span> <span class='ocrx_word' id='word_1_304' title='bbox 1439 3851 1591 3950; x_wconf 89' lang='lat' dir='ltr'><strong>Spiritus</strong></span> <span class='ocrx_word' id='word_1_305' title='bbox 1603 3865 1747 3923; x_wconf 88' lang='lat' dir='ltr'><strong>sauctus</strong></span> <span class='ocrx_word' id='word_1_306' title='bbox 1760 3850 1859 3924; x_wconf 90' lang='lat' dir='ltr'><strong>nulla</strong></span> <span class='ocrx_word' id='word_1_307' title='bbox 1872 3851 2050 3952; x_wconf 82' lang='lat' dir='ltr'><strong>potentia;</strong></span> <span class='ocrx_word' id='word_1_308' title='bbox 2066 3882 2088 3921; x_wconf 73' lang='lat' dir='ltr'><strong>a</strong></span> 
     </span>
     <span class='ocr_line' id='line_1_30' title="bbox 494 3963 2090 4067; baseline 0.004 -31"><span class='ocrx_word' id='word_1_309' title='bbox 494 3963 570 4036; x_wconf 85' lang='lat' dir='ltr'><strong>haec</strong></span> <span class='ocrx_word' id='word_1_310' title='bbox 594 3991 661 4061; x_wconf 90' lang='lat' dir='ltr'><strong>ego</strong></span> <span class='ocrx_word' id='word_1_311' title='bbox 685 3967 795 4039; x_wconf 84' lang='lat' dir='ltr'><strong>verba</strong></span> <span class='ocrx_word' id='word_1_312' title='bbox 819 3994 893 4041; x_wconf 92' lang='lat' dir='ltr'><strong>non</strong></span> <span class='ocrx_word' id='word_1_313' title='bbox 918 3984 992 4042; x_wconf 86' lang='lat' dir='ltr'><strong>tam</strong></span> <span class='ocrx_word' id='word_1_314' title='bbox 1015 3971 1180 4043; x_wconf 87' lang='lat' dir='ltr'><strong>haeretica</strong></span> <span class='ocrx_word' id='word_1_315' title='bbox 1202 3996 1313 4067; x_wconf 89' lang='lat' dir='ltr'><strong>quam</strong></span> <span class='ocrx_word' id='word_1_316' title='bbox 1329 3970 1525 4064; x_wconf 89' lang='lat' dir='ltr'><strong>diabolica,</strong></span> <span class='ocrx_word' id='word_1_317' title='bbox 1555 3969 1647 4043; x_wconf 89' lang='lat' dir='ltr'><strong>sicut</strong></span> <span class='ocrx_word' id='word_1_318' title='bbox 1667 3969 1903 4067; x_wconf 85' lang='lat' dir='ltr'><strong>justissimum</strong></span> <span class='ocrx_word' id='word_1_319' title='bbox 1929 3985 1999 4062; x_wconf 90' lang='lat' dir='ltr'><strong>est,</strong></span> <span class='ocrx_word' id='word_1_320' title='bbox 2023 3969 2090 4043; x_wconf 86' lang='lat' dir='ltr'><strong>ab·</strong></span> 
     </span>
     <span class='ocr_line' id='line_1_31' title="bbox 495 4081 2090 4188; baseline 0.007 -36"><span class='ocrx_word' id='word_1_321' title='bbox 495 4081 642 4176; x_wconf 83' lang='lat' dir='ltr'><strong>horren,</strong></span> <span class='ocrx_word' id='word_1_322' title='bbox 663 4084 833 4176; x_wconf 85' lang='lat' dir='ltr'><strong>detestor,</strong></span> <span class='ocrx_word' id='word_1_323' title='bbox 856 4102 892 4159; x_wconf 89' lang='lat' dir='ltr'><strong>et</strong></span> <span class='ocrx_word' id='word_1_324' title='bbox 914 4113 955 4160; x_wconf 91' lang='lat' dir='ltr'><strong>ea</strong></span> <span class='ocrx_word' id='word_1_325' title='bbox 980 4112 1064 4159; x_wconf 91' lang='lat' dir='ltr'><strong>cum</strong></span> <span class='ocrx_word' id='word_1_326' title='bbox 1089 4114 1156 4159; x_wconf 91' lang='lat' dir='ltr'><strong>suo</strong></span> <span class='ocrx_word' id='word_1_327' title='bbox 1179 4087 1330 4161; x_wconf 88' lang='lat' dir='ltr'><strong>authore</strong></span> <span class='ocrx_word' id='word_1_328' title='bbox 1358 4090 1490 4187; x_wconf 88' lang='lat' dir='ltr'><strong>pariter</strong></span> <span class='ocrx_word' id='word_1_329' title='bbox 1505 4088 1655 4162; x_wconf 89' lang='lat' dir='ltr'><strong>damno.</strong></span> <span class='ocrx_word' id='word_1_330' title='bbox 1674 4092 1763 4177; x_wconf 82' lang='lat' dir='ltr'><strong>Quae</strong></span> <span class='ocrx_word' id='word_1_331' title='bbox 1784 4091 1911 4188; x_wconf 88' lang='lat' dir='ltr'><strong>siquis</strong></span> <span class='ocrx_word' id='word_1_332' title='bbox 1935 4090 1973 4162; x_wconf 91' lang='lat' dir='ltr'><strong>iu</strong></span> <span class='ocrx_word' id='word_1_333' title='bbox 2001 4090 2090 4163; x_wconf 87' lang='lat' dir='ltr'><strong>meis</strong></span> 
     </span>
     <span class='ocr_line' id='line_1_32' title="bbox 496 4203 2091 4308; baseline 0.004 -35"><span class='ocrx_word' id='word_1_334' title='bbox 496 4203 650 4301; x_wconf 92' lang='lat' dir='ltr'><strong>reperiat</strong></span> <span class='ocrx_word' id='word_1_335' title='bbox 673 4204 835 4303; x_wconf 90' lang='lat' dir='ltr'><strong>scriptis,</strong></span> <span class='ocrx_word' id='word_1_336' title='bbox 860 4229 935 4277; x_wconf 91' lang='lat' dir='ltr'><strong>uon</strong></span> <span class='ocrx_word' id='word_1_337' title='bbox 961 4205 1078 4277; x_wconf 92' lang='lat' dir='ltr'><strong>solum</strong></span> <span class='ocrx_word' id='word_1_338' title='bbox 1103 4229 1161 4277; x_wconf 88' lang='lat' dir='ltr'><strong>me</strong></span> <span class='ocrx_word' id='word_1_339' title='bbox 1188 4203 1417 4298; x_wconf 85' lang='lat' dir='ltr'><strong>haereticum,</strong></span> <span class='ocrx_word' id='word_1_340' title='bbox 1444 4208 1679 4280; x_wconf 83' lang='lat' dir='ltr'><strong>verumetiam</strong></span> <span class='ocrx_word' id='word_1_341' title='bbox 1704 4206 1976 4282; x_wconf 89' lang='lat' dir='ltr'><strong>haeresiarcham</strong></span> <span class='ocrx_word' id='word_1_342' title='bbox 2003 4232 2091 4308; x_wconf 92' lang='lat' dir='ltr'><strong>pro-</strong></span> 
     </span>
     <span class='ocr_line' id='line_1_33' title="bbox 497 4320 613 4396; baseline 0.026 -4"><span class='ocrx_word' id='word_1_343' title='bbox 497 4320 613 4396; x_wconf 86' lang='lat' dir='ltr'><strong>fiteor.</strong></span> 
     </span>
    </p>

    <p class='ocr_par' dir='ltr' id='par_1_4' title="bbox 497 4443 2089 4785">
     <span class='ocr_line' id='line_1_34' title="bbox 547 4443 2089 4546; baseline 0.006 -35"><span class='ocrx_word' id='word_1_344' title='bbox 547 4445 633 4513; x_wconf 90' lang='lat' dir='ltr'><strong>Tam</strong></span> <span class='ocrx_word' id='word_1_345' title='bbox 652 4443 780 4516; x_wconf 90' lang='lat' dir='ltr'><strong>Filium</strong></span> <span class='ocrx_word' id='word_1_346' title='bbox 802 4469 912 4542; x_wconf 88' lang='lat' dir='ltr'><strong>quam</strong></span> <span class='ocrx_word' id='word_1_347' title='bbox 928 4444 1099 4545; x_wconf 91' lang='lat' dir='ltr'><strong>Spiritum</strong></span> <span class='ocrx_word' id='word_1_348' title='bbox 1116 4457 1280 4517; x_wconf 87' lang='lat' dir='ltr'><strong>sanctum</strong></span> <span class='ocrx_word' id='word_1_349' title='bbox 1298 4444 1365 4515; x_wconf 82' lang='lat' dir='ltr'><strong>sic⁷</strong></span> <span class='ocrx_word' id='word_1_350' title='bbox 1380 4468 1423 4517; x_wconf 84' lang='lat' dir='ltr'><strong>ex</strong></span> <span class='ocrx_word' id='word_1_351' title='bbox 1445 4448 1547 4519; x_wconf 89' lang='lat' dir='ltr'><strong>Patre</strong></span> <span class='ocrx_word' id='word_1_352' title='bbox 1563 4446 1735 4546; x_wconf 85' lang='lat' dir='ltr'><strong>profiteor</strong></span> <span class='ocrx_word' id='word_1_353' title='bbox 1751 4472 1847 4542; x_wconf 89' lang='lat' dir='ltr'><strong>esse,</strong></span> <span class='ocrx_word' id='word_1_354' title='bbox 1873 4461 1913 4519; x_wconf 91' lang='lat' dir='ltr'><strong>ut</strong></span> <span class='ocrx_word' id='word_1_355' title='bbox 1927 4445 2089 4545; x_wconf 85' lang='lat' dir='ltr'><strong>ejusdem</strong></span> 
     </span>
     <span class='ocr_line' id='line_1_35' title="bbox 497 4560 2089 4669; baseline 0.005 -37"><span class='ocrx_word' id='word_1_356' title='bbox 497 4560 570 4633; x_wconf 89' lang='lat' dir='ltr'><strong>siut</strong></span> <span class='ocrx_word' id='word_1_357' title='bbox 593 4584 677 4634; x_wconf 88' lang='lat' dir='ltr'><strong>curn</strong></span> <span class='ocrx_word' id='word_1_358' title='bbox 704 4567 808 4635; x_wconf 87' lang='lat' dir='ltr'><strong>Patre</strong></span> <span class='ocrx_word' id='word_1_359' title='bbox 834 4564 1053 4657; x_wconf 73' lang='lat' dir='ltr'><strong>substantiae,</strong></span> <span class='ocrx_word' id='word_1_360' title='bbox 1081 4563 1241 4663; x_wconf 86' lang='lat' dir='ltr'><strong>ejusdem</strong></span> <span class='ocrx_word' id='word_1_361' title='bbox 1266 4564 1408 4664; x_wconf 89' lang='lat' dir='ltr'><strong>penitus</strong></span> <span class='ocrx_word' id='word_1_362' title='bbox 1430 4565 1624 4639; x_wconf 85' lang='lat' dir='ltr'><strong>voluntatis</strong></span> <span class='ocrx_word' id='word_1_363' title='bbox 1650 4581 1759 4666; x_wconf 84' lang='lat' dir='ltr'><strong>atque</strong></span> <span class='ocrx_word' id='word_1_364' title='bbox 1779 4568 1948 4669; x_wconf 78' lang='lat' dir='ltr'><strong>potentiae</strong></span> <span class='ocrx_word' id='word_1_365' title='bbox 1971 4595 1980 4640; x_wconf 77' lang='grc' dir='ltr'><strong>ε</strong></span> <span class='ocrx_word' id='word_1_366' title='bbox 2006 4567 2089 4665; x_wconf 86' lang='lat' dir='ltr'><strong>quia</strong></span> 
     </span>
     <span class='ocr_line' id='line_1_36' title="bbox 499 4682 2088 4785; baseline 0.004 -32"><span class='ocrx_word' id='word_1_367' title='bbox 499 4703 657 4776; x_wconf 89' lang='lat' dir='ltr'><strong>quorum</strong></span> <span class='ocrx_word' id='word_1_368' title='bbox 674 4682 826 4756; x_wconf 92' lang='lat' dir='ltr'><strong>omuino</strong></span> <span class='ocrx_word' id='word_1_369' title='bbox 842 4684 970 4757; x_wconf 87' lang='lat' dir='ltr'><strong>eadem</strong></span> <span class='ocrx_word' id='word_1_370' title='bbox 991 4682 1191 4759; x_wconf 87' lang='lat' dir='ltr'><strong>substantia</strong></span> <span class='ocrx_word' id='word_1_371' title='bbox 1205 4682 1261 4758; x_wconf 86' lang='lat' dir='ltr'><strong>vel</strong></span> <span class='ocrx_word' id='word_1_372' title='bbox 1282 4685 1451 4779; x_wconf 88' lang='lat' dir='ltr'><strong>essentia,</strong></span> <span class='ocrx_word' id='word_1_373' title='bbox 1470 4685 1570 4760; x_wconf 87' lang='lat' dir='ltr'><strong>nulla</strong></span> <span class='ocrx_word' id='word_1_374' title='bbox 1586 4700 1704 4785; x_wconf 87' lang='lat' dir='ltr'><strong>potest</strong></span> <span class='ocrx_word' id='word_1_375' title='bbox 1725 4712 1802 4762; x_wconf 86' lang='lat' dir='ltr'><strong>esse</strong></span> <span class='ocrx_word' id='word_1_376' title='bbox 1822 4687 1881 4760; x_wconf 84' lang='lat' dir='ltr'><strong>vel</strong></span> <span class='ocrx_word' id='word_1_377' title='bbox 1898 4687 2088 4761; x_wconf 79' lang='lat' dir='ltr'><strong>voluntatis</strong></span> 
     </span>
    </p>
   </div>
   <div class='ocr_carea' id='block_1_3' title="bbox 499 5018 2084 5181">
    <p class='ocr_par' dir='ltr' id='par_1_5' title="bbox 499 5018 2084 5181">
     <span class='ocr_line' id='line_1_37' title="bbox 531 5018 2084 5090; baseline 0.003 -21"><span class='ocrx_word' id='word_1_378' title='bbox 531 5022 537 5050; x_wconf 85' lang='lat'>¹</span> <span class='ocrx_word' id='word_1_379' title='bbox 549 5018 609 5070; x_wconf 78' lang='lat' dir='ltr'><strong>nou.</strong></span> <span class='ocrx_word' id='word_1_380' title='bbox 622 5022 684 5071; x_wconf 70' lang='lat'><strong>292³</strong></span> <span class='ocrx_word' id='word_1_381' title='bbox 695 5021 883 5085; x_wconf 65' lang='lat' dir='ltr'><strong>decoctionum.</strong></span> <span class='ocrx_word' id='word_1_382' title='bbox 893 5048 922 5059; x_wconf 89' lang='lat'><em>-</em></span> <span class='ocrx_word' id='word_1_383' title='bbox 934 5021 1076 5088; x_wconf 78' lang='lat' dir='ltr'><strong>’Procerb.,</strong></span> <span class='ocrx_word' id='word_1_384' title='bbox 1088 5035 1143 5087; x_wconf 82' lang='lat' dir='ltr'><strong>esp.</strong></span> <span class='ocrx_word' id='word_1_385' title='bbox 1154 5035 1181 5082; x_wconf 85' lang='lat' dir='ltr'><strong>x,</strong></span> <span class='ocrx_word' id='word_1_386' title='bbox 1194 5035 1217 5072; x_wconf 80' lang='lat' dir='ltr'><strong>v.</strong></span> <span class='ocrx_word' id='word_1_387' title='bbox 1228 5024 1266 5075; x_wconf 85' lang='lat'><strong>19.</strong></span> <span class='ocrx_word' id='word_1_388' title='bbox 1321 5025 1394 5076; x_wconf 73' lang='lat' dir='ltr'><strong>‘lan</strong></span> <span class='ocrx_word' id='word_1_389' title='bbox 1409 5024 1481 5077; x_wconf 68' lang='lat' dir='ltr'><strong>[thet.</strong></span> <span class='ocrx_word' id='word_1_390' title='bbox 1494 5023 1513 5088; x_wconf 89' lang='lat' dir='ltr'><strong>l,</strong></span> <span class='ocrx_word' id='word_1_391' title='bbox 1525 5027 1564 5078; x_wconf 62' lang='grc' dir='ltr'><strong>εἳ.</strong></span> <span class='ocrx_word' id='word_1_392' title='bbox 1572 5051 1603 5064; x_wconf 90' lang='grc'><strong>-</strong></span> <span class='ocrx_word' id='word_1_393' title='bbox 1615 5024 1677 5077; x_wconf 83' lang='lat' dir='ltr'><strong>⁸Sle</strong></span> <span class='ocrx_word' id='word_1_394' title='bbox 1686 5025 1749 5077; x_wconf 81' lang='lat' dir='ltr'><strong>God.</strong></span> <span class='ocrx_word' id='word_1_395' title='bbox 1761 5027 1822 5087; x_wconf 73' lang='lat' dir='ltr'><strong>oua</strong></span> <span class='ocrx_word' id='word_1_396' title='bbox 1832 5026 1930 5090; x_wconf 75' lang='lat' dir='ltr'><strong>scriptu</strong></span> <span class='ocrx_word' id='word_1_397' title='bbox 1940 5030 1999 5075; x_wconf 77' lang='lat' dir='ltr'><strong>suut</strong></span> <span class='ocrx_word' id='word_1_398' title='bbox 2014 5023 2084 5076; x_wconf 77' lang='lat' dir='ltr'><strong>tut.</strong></span> 
     </span>
     <span class='ocr_line' id='line_1_38' title="bbox 499 5099 2081 5181; baseline 0.001 -32"><span class='ocrx_word' id='word_1_399' title='bbox 499 5124 531 5136; x_wconf 95' lang='lat'><em>-</em></span> <span class='ocrx_word' id='word_1_400' title='bbox 541 5100 550 5132; x_wconf 81' lang='lat'>⁸</span> <span class='ocrx_word' id='word_1_401' title='bbox 561 5099 602 5150; x_wconf 82' lang='lat' dir='ltr'><strong>Sto</strong></span> <span class='ocrx_word' id='word_1_402' title='bbox 620 5101 683 5152; x_wconf 80' lang='lat' dir='ltr'><strong>cod.</strong></span> <span class='ocrx_word' id='word_1_403' title='bbox 702 5105 764 5154; x_wconf 73' lang='lat'><strong>29²3</strong></span> <span class='ocrx_word' id='word_1_404' title='bbox 784 5109 810 5153; x_wconf 83' lang='lat' dir='ltr'><strong>et</strong></span> <span class='ocrx_word' id='word_1_405' title='bbox 831 5105 900 5157; x_wconf 81' lang='lat' dir='ltr'><strong>taso.</strong></span> <span class='ocrx_word' id='word_1_406' title='bbox 922 5103 1041 5158; x_wconf 70' lang='lat' dir='ltr'><strong>delendis</strong></span> <span class='ocrx_word' id='word_1_407' title='bbox 1064 5108 1123 5159; x_wconf 84' lang='lat' dir='ltr'><strong>edtt.</strong></span> <span class='ocrx_word' id='word_1_408' title='bbox 1144 5106 1216 5158; x_wconf 75' lang='lat' dir='ltr'><strong>hmh.</strong></span> <span class='ocrx_word' id='word_1_409' title='bbox 1237 5131 1267 5143; x_wconf 95' lang='lat'>-</span> <span class='ocrx_word' id='word_1_410' title='bbox 1320 5131 1352 5181; x_wconf 68' lang='lat'><strong>².</strong></span> <span class='ocrx_word' id='word_1_411' title='bbox 1365 5105 1376 5139; x_wconf 72' lang='lat'><em>⁶</em></span> <span class='ocrx_word' id='word_1_412' title='bbox 1388 5101 1429 5157; x_wconf 86' lang='lat' dir='ltr'><strong>Ste</strong></span> <span class='ocrx_word' id='word_1_413' title='bbox 1441 5104 1502 5159; x_wconf 83' lang='lat' dir='ltr'><strong>Cod.</strong></span> <span class='ocrx_word' id='word_1_414' title='bbox 1514 5108 1586 5159; x_wconf 73' lang='lat'><strong>292³.</strong></span> <span class='ocrx_word' id='word_1_415' title='bbox 1601 5104 1803 5159; x_wconf 66' lang='lat' dir='ltr'><strong>calonnam.</strong></span> <span class='ocrx_word' id='word_1_416' title='bbox 1817 5132 1848 5145; x_wconf 95' lang='lat'>-</span> <span class='ocrx_word' id='word_1_417' title='bbox 1859 5108 1867 5140; x_wconf 83' lang='lat'>⁷</span> <span class='ocrx_word' id='word_1_418' title='bbox 1879 5106 1923 5157; x_wconf 75' lang='lat' dir='ltr'><strong>Sic</strong></span> <span class='ocrx_word' id='word_1_419' title='bbox 1933 5107 2003 5157; x_wconf 79' lang='lat' dir='ltr'><strong>deest</strong></span> <span class='ocrx_word' id='word_1_420' title='bbox 2014 5102 2081 5153; x_wconf 75' lang='lat' dir='ltr'><strong>hub.</strong></span> 
     </span>
    </p>
   </div>
   <div class='ocr_carea' id='block_1_4' title="bbox 0 0 2288 6100">
    <p class='ocr_par' dir='ltr' id='par_1_6' title="bbox 0 0 2288 6100">
     <span class='ocr_line' id='line_1_39' title="bbox 0 0 2288 6100; baseline 0 0"><span class='ocrx_word' id='word_1_421' title='bbox 0 0 2288 6100; x_wconf 95' lang='lat' dir='ltr'><strong> </strong></span> 
     </span>
    </p>
   </div>
  </div>
 </body>
</html>
