4559 6100
468 527 540 601 618
1073 531 1202 603 estut
1228 531 1465 605 suffitiant

466 679 556 753 mitti
583 675 782 765 asserebat,
810 694 850 749 ut
875 678 954 773 ejus
978 678 1226 753 lassitudinem
1252 680 1414 755 relioeret
1437 680 1534 752 cibo.
1563 679 1705 778 Absque
1729 679 1837 779 culpa
1862 682 1971 776 igitur
1997 679 2066 753 hoc

466 800 565 889 feeit,
590 798 627 869 in
650 822 725 894 quo
747 795 891 896 culpam
911 802 1024 871 uitare
1049 800 1221 887 decrevit,
1247 825 1314 873 neo
1334 802 1370 875 ei
1396 825 1495 872 mors
1512 805 1698 900 repentina
1723 802 1866 890 rroctrit,
1886 823 1998 896 quem
2017 799 2065 871 ab

464 919 632 993 numnis
647 919 727 989 vitae
741 920 922 1016 presentis
937 920 1113 1009 liberavit,
1134 936 1172 995 et
1187 920 1311 993 multis
1323 921 1371 993 ad
1388 921 1651 1020 providentiam
1667 922 1816 1020 proluit,
1834 946 1919 993 eum
1929 921 2064 1015 ῇιιείίίω

464 1040 515 1113 sie
530 1038 677 1110 videant
693 1038 771 1109 sine
792 1037 900 1136 culpa
919 1040 1054 1137 puniri,
1072 1055 1109 1111 et
1125 1039 1218 1111 illud
1237 1042 1274 1115 in
1288 1065 1337 1113 eo
1356 1039 1498 1139 impleri
1515 1040 1617 1138 quod
1633 1040 1720 1113 alibi
1739 1041 1890 1113 domino
1912 1039 2061 1113 dieitur:

468 1198 484 1223 s
499 1164 552 1233 Tu
564 1163 675 1245 Deus,
689 1183 773 1230 cum
783 1158 901 1254 justus
911 1161 975 1252 sis,
991 1159 1499 1261 justeomniadisponiscum
1512 1186 1598 1233 eum
1614 1160 1774 1258 diroque,
1794 1161 1855 1258 qui
1870 1186 1947 1233 non
1959 1158 2065 1232 dehet

465 1281 601 1378 puniri,
617 1278 872 1351 condemnes&
897 1311 914 1346 s
933 1280 1178 1368 condemnas,
1198 1282 1333 1376 inquit,
1348 1282 1399 1354 ad
1414 1297 1568 1357 mortem
1580 1305 1654 1355 non
1669 1279 2063 1377 eternam,sedoorpo·

466 1399 590 1475 ralem.
621 1400 720 1469 Siout
741 1399 840 1471 enim
862 1399 942 1471 sine
966 1400 1102 1473 meritis
1125 1400 1293 1473 nonnulli
1313 1401 1514 1490 salvantur,
1542 1414 1581 1471 ut
1605 1399 1766 1498 parvuli,
1790 1413 1829 1473 et
1852 1398 1928 1475 sola
1955 1399 2065 1495 gratia

467 1520 574 1591 vitam
590 1533 829 1615 assequuntur
842 1535 1030 1608 aeternam3
1052 1520 1102 1592 ita
1123 1544 1198 1591 nou
1214 1519 1413 1593 absrrrdum
1431 1534 1488 1591 est
1505 1518 1703 1592 nonnullos
1718 1542 1843 1617 poeuas
1860 1516 2064 1616 corporales

464 1640 652 1724 eunome,
672 1662 762 1735 quas
777 1664 852 1710 non
876 1655 1097 1729 meruerunt,
1118 1642 1211 1712 sicut
1229 1654 1266 1711 et
1280 1640 1329 1713 de
1346 1640 1505 1739 parvulis
1520 1653 1664 1711 constat
1677 1640 1756 1712 sine
1771 1638 1940 1737 baptimi
1955 1640 2064 1733 gratia

464 1758 663 1847 defunctis,
687 1760 751 1856 qui
778 1773 850 1831 tam
873 1760 1055 1857 corporali
1078 1784 1188 1857 quiam
1212 1774 1344 1832 aeterna
1370 1775 1487 1833 morte
1507 1757 1740 1848 damnantur,
1765 1772 1803 1831 et
1832 1758 1936 1831 multi
1957 1759 2062 1829 etiam

463 1878 676 1951 innocentes
701 1878 922 1975 affliguntur.
950 1879 1048 1967 Quid
1076 1881 1197 1977 itaque
1222 1879 1355 1953 mirum
1382 1880 1414 1951 si
1436 1877 1686 1973 crucifigentes
1709 1877 1909 1949 Dominum
1933 1901 1977 1948 ex
2005 1876 2063 1949 illa

463 1998 593 2093 injusta
613 1999 777 2086 actione,
801 2002 966 2096 quamvis
987 2025 1052 2073 eos
1074 2001 1276 2097 ignorantia
1291 2014 1435 2073 excusat
1455 2023 1478 2072 a
1498 2000 1618 2096 culpa,
1640 2022 1801 2096 prenam,
1827 2012 1869 2068 ut
1888 1997 2059 2086 diximus,

463 2117 696 2216 temporalem
712 2143 787 2191 non
804 2119 1091 2194 irrationabiliter
1107 2121 1292 2192 incurrere
1306 2134 1465 2218 possent,
1483 2134 1591 2216 atque
1607 2117 1693 2190 ideo
1709 2117 1847 2191 dietum
1862 2132 1919 2188 est
1937 2144 1946 2187 ε
1970 2146 1988 2182 s
2009 2116 2063 2189 di·

465 2238 565 2309 mitte
580 2237 663 2330 illis,
682 2271 699 2303 υ
718 2237 789 2309 hoc
803 2254 856 2310 est
868 2263 1028 2336 poeuam,
1059 2265 1170 2337 quam
1183 2240 1284 2330 hinc,
1302 2254 1344 2310 ut
1354 2238 1522 2327 diximus,
1543 2262 1617 2309 non
1635 2236 1928 2313 irrah'onabiliter
1946 2238 2063 2311 incur·

462 2381 541 2430 rere
564 2372 723 2458 possent,
742 2382 788 2430 ne
805 2358 965 2432 inieras?
1080 2414 1087 2429 .

510 2479 611 2550 Sicut
633 2491 769 2569 autem
796 2478 896 2574 quod
925 2480 982 2551 isti
1004 2504 1072 2581 per
1098 2480 1337 2576 ignorantiam
1353 2494 1523 2575 egerunt,
1547 2480 1606 2552 vel
1627 2480 1706 2579 ipsa
1732 2479 1841 2555 etiam
1859 2477 2060 2573 ignorantia

461 2612 650 2697 peecatum
673 2599 832 2696 proprie,
859 2597 932 2670 hoc
956 2615 1027 2686 est,
1055 2613 1286 2697 crmtemptus
1300 2601 1389 2688 Dei,
1416 2624 1491 2671 non
1519 2599 1674 2673 dicitur:
1697 2602 1750 2671 ita
1766 2623 1834 2671 nec
1855 2596 2058 2683 infidelitas,

462 2718 627 2814 quamvis
644 2718 720 2815 ipsa
737 2719 940 2789 necessario
952 2733 1093 2790 aeternoe
1105 2721 1187 2791 ritae
1204 2717 1341 2791 aditum
1363 2717 1495 2789 adultis
1510 2720 1651 2791 ratione
1662 2716 1939 2815 jam'utentihus
1953 2718 2062 2791 inter·

462 2835 598 2908 cludat.
628 2835 682 2908 ad
718 2836 991 2909 damnationem
1017 2839 1154 2936 quippe
1187 2836 1318 2909 sufficit
1351 2837 1543 2935 Evangelio
1571 2863 1649 2911 non
1679 2837 1851 2926 medere,
1880 2837 2061 2909 Christum

462 2956 642 3054 ignorare,
670 2970 896 3029 sacramenta
914 2956 1076 3031 Erelesiae
1095 2981 1171 3029 non
1197 2958 1395 3056 suscipere,
1422 2959 1586 3056 quamvis
1602 2957 1673 3033 hoc
1689 2983 1766 3031 non
1783 2972 1856 3030 tam
1873 2981 1939 3056 per
1955 2956 2061 3029 mali-

462 3078 548 3150 tiam
560 3102 670 3175 quam
686 3079 996 3176 perignorantiam
1006 3076 1080 3150 fiat.
1091 3077 1325 3175 Deqmlibus
1337 3094 1372 3151 et
1386 3079 1523 3152 Veritas
1533 3080 1620 3150 ait’:
1635 3108 1654 3148 s
1667 3079 1737 3167 Qui
1754 3102 1830 3151 non
1847 3078 1974 3166 credit,
1986 3078 2058 3173 jam

459 3199 709 3296 judioatusest.
726 3228 745 3266 u
762 3202 804 3270 Et
817 3199 1009 3297 Apostolus
1025 3227 1035 3270 ε
1051 3233 1070 3267 α
1086 3199 1201 3295 thui
1213 3199 1369 3296 ignorat,
1387 3232 1404 3267 s
1420 3199 1563 3297 inquid,
1583 3197 1848 3295 «ignorabitur.
1863 3226 1881 3265 u
1896 3201 1989 3270 Cum
2001 3220 2061 3272 au·

463 3335 534 3392 tem
548 3318 702 3392 dicimus
716 3319 923 3415 ignoranter
938 3344 1006 3392 nos
1015 3343 1178 3418 peccare,
1191 3317 1339 3410 hocest,
1353 3318 1532 3417 talequid,
1542 3317 1645 3416 quod
1658 3318 1917 3394 noneonrenit
1930 3316 2057 3406 faeere,

457 3463 609 3536 peccare
629 3463 704 3512 non
720 3439 759 3510 in
776 3454 1002 3538 contemptu,
1021 3438 1084 3511 sed
1100 3439 1137 3509 in
1156 3439 1365 3536 operatione
1378 3439 1567 3514 sumimus.
1592 3443 1682 3514 llam
1695 3453 1733 3510 et
1749 3429 1960 3536 Philosophi
1977 3460 2059 3536 pec·

462 3582 544 3630 care
553 3557 681 3630 dicunt
692 3558 1127 3655 inconvenienteraliquid
1145 3557 1262 3632 faeere
1278 3583 1343 3631 seu
1354 3557 1489 3644 dicere,
1498 3557 1665 3654 quamvis
1679 3556 1766 3630 illud
1780 3555 1869 3628 nihil
1883 3556 1932 3628 ad
1948 3555 2059 3630 olien-

461 3701 538 3749 sam
551 3677 617 3748 Dei
630 3675 792 3748 videatur
806 3677 997 3774 pertinere.
1015 3676 1117 3750 Unde
1128 3691 1167 3749 et
1180 3676 1428 3752 Aristotelesin
1441 3675 1675 3775 Adalr'quidffl,
1686 3701 1770 3750 curn
1780 3675 1826 3748 de
1835 3676 1965 3750 vitiosa
1975 3676 2060 3750 rela-

462 3797 619 3868 tivorum
632 3796 873 3891 assignatione
884 3797 1110 3893 loqueretur,
1120 3798 1171 3869 ait
1182 3824 1191 3868 z
1204 3828 1223 3863 s
1239 3803 1283 3869 Αί
1293 3821 1378 3870 vero
1387 3795 1876 3894 aliquotiensnanvidebiurr
1883 3798 2056 3887 converti,

462 3917 531 3988 nisi
553 3914 809 3988 convenienter
824 3915 871 3990 ad
892 3916 993 4014 quod
1009 3916 1142 3990 dieitm
1164 3919 1378 4014 assignetur.
1393 3917 1431 3988 Si
1450 3918 1550 3994 enim
1566 3919 1735 4015 pensetis
1754 3918 1821 4015 qui
1836 3918 2003 4014 assignat,
2019 3930 2059 3988 ut

461 4035 520 4108 ala
534 4036 564 4108 si
577 4035 787 4132 unguetur,
804 4035 879 4108 avis
893 4060 974 4110 non
991 4037 1225 4130 convertitur,
1243 4050 1285 4112 ut
1302 4037 1440 4114 aitaris
1460 4036 1552 4112 alae‘.
1565 4066 1586 4108 e
1600 4038 1642 4110 Si
1656 4062 1741 4133 ergo
1756 4038 1827 4110 isto
1843 4036 1958 4110 modo
1975 4060 2058 4136 pec·

427 4165 429 4168 ’
464 4169 584 4227 catum
595 4153 758 4228 dicamus
769 4180 878 4228 omne
887 4155 992 4254 quod
1002 4156 1128 4229 vitiose
1144 4157 1295 4256 agimus,
1312 4158 1510 4234 valcontra
1525 4158 1680 4238 salutem
1690 4172 1854 4234 nosuan
1866 4156 2055 4246 hahemus,

462 4276 586 4373 utique
613 4290 648 4346 et
672 4273 864 4349 infidelitas
897 4292 932 4350 et
957 4278 1160 4375 ignorantia
1185 4301 1313 4348 eorum
1334 4301 1414 4374 quas
1435 4275 1483 4354 ad
1505 4276 1659 4354 salutem
1680 4277 1780 4352 credi
1811 4301 1955 4352 neeesse
1979 4290 2053 4361 est,

461 4410 606 4496 morata
624 4395 800 4488 dicemus,
824 4399 987 4494 quamvis
1006 4395 1058 4470 ibi
1076 4396 1196 4468 nullus
1216 4396 1282 4466 Dei
1300 4409 1532 4494 contemptus
1558 4396 1733 4474 videatur.
1767 4398 1915 4495 Proprie
1935 4411 2054 4470 tamen

460 4531 647 4615 maestum
664 4516 755 4589 illud
772 4516 843 4590 diei
858 4516 1030 4606 arbitror,
1048 4514 1149 4613 quod
1166 4537 1346 4611 nmquam
1361 4516 1440 4589 sine
1455 4516 1563 4615 eulps
1573 4518 1783 4615 contingere
1799 4530 1931 4616 potest
1950 4519 2055 4614 igno·

461 4659 539 4712 rare
555 4662 641 4710 vero
658 4641 789 4729 Deum,
810 4637 869 4712 vel
885 4662 961 4710 non
978 4637 1011 4710 ei
1026 4635 1187 4724 credere,
1207 4636 1261 4709 vel
1279 4660 1389 4734 opera
1404 4637 1482 4733 ipsa
1500 4660 1580 4733 quse
1601 4661 1677 4712 non
1695 4650 1791 4712 recte
1808 4634 1912 4726 fiunt,
1938 4634 2056 4710 multis

491 4891 670 4942 'Tertesmate
682 4895 771 4941 custus
783 4892 816 4940 ab
828 4890 1231 4956 tussammssptmsapru,
1287 4905 1309 4939 r.
1321 4895 1359 4945 18.
1371 4894 1422 4930 --³
1435 4892 1548 4944 σοήηίί.
1561 4881 2057 4956 1,esp.ru,r.atl.-⁸ilerrsrhrquoe

458 4985 481 5020 r.
497 4974 539 5032 16,
554 4974 589 5020 ste
606 4972 699 5020 habet:
716 4990 730 5013 ι
742 4971 803 5019 cum
821 4984 881 5031 ergo
900 4972 933 5018 sts
948 4973 1041 5032 justus,
1061 4973 1128 5031 juste
1151 4973 1234 5020 omnia
1286 4975 1322 5022 ste
1333 4975 1510 5024 tnterseruntur
1528 4975 1553 5023 ln
1571 4976 1690 5036 impresso
1708 4980 1765 5036 post
1782 4971 1943 5033 Aristoteles,
1961 4972 2055 5034 eapitu-

459 5053 578 5114 dtrponts,
602 5053 682 5112 ipsum
693 5063 792 5113 quoque
804 5052 847 5112 qut
863 5063 912 5100 non
924 5052 998 5100 debet
1012 5053 1102 5114 puntrt,
1119 5054 1236 5103 condem·
1288 5054 1337 5103 lum
1350 5054 1404 5103 ttbrt
1415 5053 1522 5104 tndteare
1533 5053 1655 5104 ridentur.
1666 5078 1697 5092 -
1710 5055 1720 5087 ⁸
1731 5051 1816 5117 Omen.
1825 5088 1832 5116 ,
1842 5066 1896 5115 erp.
1911 5065 1954 5102 ru.

460 5145 527 5188 nare,
541 5140 651 5181 exterum
662 5133 766 5180 estimas
777 5145 790 5180 a
802 5138 845 5180 tua
856 5133 951 5181 virtute.
962 5150 976 5176 n
985 5158 1014 5170 -
1025 5131 1123 5194 ηοω,
1134 5148 1189 5197 cap·
1198 5148 1233 5194 uu
