4559 6100
710 549 753 622 lN
779 545 1022 619 trtsrotstt
1048 550 1110 621 lt)
1136 548 1360 625 uoutttos.
1759 551 1831 627 299

286 723 305 763 a
328 700 373 767 Et
390 693 462 766 hoc
481 709 552 787 est,
566 721 584 763 a
596 695 722 792 quiasi
733 710 773 768 tu
787 697 995 794 quicunque
1010 697 1071 787 sis,
1089 725 1108 767 a
1118 699 1333 773 confitearis.
1349 729 1368 766 s
1385 704 1532 773 Oresuo
1545 700 1751 794 confitetur,
1769 707 1831 801 qui

237 814 335 913 quod
354 816 525 887 enunciat
545 813 721 912 intelligit.
746 816 864 889 Corde
882 841 949 889 suo
965 817 1079 890 credit
1094 820 1159 916 qni
1177 843 1241 892 cor
1256 835 1292 892 et
1307 820 1528 892 voluntatem
1553 841 1655 892 suam
1678 823 1833 921 applicat

234 933 384 1032 bis-quae
400 932 528 1023 credit,
549 948 587 1006 ut
603 935 680 1033 ipsa
697 933 861 1008 videlicet
879 934 969 1008 fides
984 961 1067 1008 eum
1082 938 1130 1010 ad
1147 961 1258 1037 opera
1275 938 1415 1010 trahat:
1435 935 1543 1010 veluti
1558 963 1642 1010 curn
1659 942 1739 1035 quis
1756 965 1831 1015 cre·

234 1053 355 1126 dendo
367 1052 550 1125 Christum
568 1056 755 1126 amortuis
771 1056 1015 1147 resurrexisse,
1036 1057 1072 1128 in
1091 1058 1201 1130 vitam
1222 1070 1394 1129 eternam
1413 1056 1553 1153 satagit,
1575 1071 1684 1155 prout
1700 1072 1828 1157 potest,

235 1186 274 1243 ut
289 1173 436 1269 vestigia
453 1173 529 1269 ejus
552 1173 752 1270 sequendo,
772 1173 820 1246 ad
842 1174 1002 1271 ejusdem
1025 1177 1104 1248 vitae
1126 1176 1386 1250 beatitudinem
1405 1177 1602 1275 perveniat.
1624 1178 1830 1252 Notandum

236 1315 319 1364 rero
342 1291 547 1390 frequenter
568 1293 725 1384 evenire,
753 1293 854 1391 quod
876 1317 959 1367 curn
982 1295 1027 1367 de
1045 1298 1154 1369 reteri
1176 1310 1389 1370 testamento
1406 1295 1527 1394 aliqua
1549 1291 1586 1368 lu
1605 1319 1703 1370 noro
1730 1299 1831 1370 testi-

236 1411 356 1484 monia
377 1410 611 1505 inducuntur,
632 1412 732 1486 tacite
757 1428 811 1486 est
831 1413 979 1487 inducta
1000 1417 1206 1489 testimonia
1226 1416 1396 1516 applicari
1418 1415 1466 1488 ad
1481 1415 1517 1487 id
1541 1414 1831 1489 confirmandum

234 1528 282 1604 ad
307 1529 408 1627 quod
438 1531 590 1604 inducta*
607 1546 710 1626 sunt,
738 1535 768 1606 si
797 1558 862 1634 per
883 1536 999 1634 seipsa
1026 1536 1312 1609 considerentur.
1338 1537 1376 1608 Si
1399 1559 1487 1609 vero
1519 1535 1589 1607 loci
1616 1536 1709 1610 illius
1734 1538 1832 1611 unde

234 1663 384 1749 sumpta
394 1664 493 1739 sunt,
514 1652 796 1725 circumstantias
813 1653 920 1726 simut
940 1654 1180 1744 attendamus,
1197 1670 1232 1728 et
1249 1654 1436 1753 quomodo
1452 1656 1635 1753 superiora
1649 1656 1831 1755 scripturae

235 1767 291 1844 vel
317 1769 485 1843 inferiora
503 1772 546 1843 ei
572 1771 673 1869 quod
699 1772 784 1845 inde
809 1789 993 1872 sumptum
1015 1790 1068 1848 est
1091 1774 1270 1847 cohaerere
1295 1779 1449 1873 queant,
1478 1775 1674 1874 plurimum
1706 1791 1829 1848 nostra

233 1903 440 1986 angustatur
464 1890 708 1987 intelligentia.
729 1893 839 1980 Quod
859 1894 897 1965 in
920 1894 992 1966 hoc
1010 1919 1157 1993 quoque
1180 1896 1272 1993 ipso,
1298 1894 1398 1992 quod
1418 1919 1517 1966 nunc
1543 1894 1744 1992 expositum
1761 1910 1826 1986 est,

234 2009 410 2106 contingit
441 2010 661 2083 testimonio.
689 2012 799 2101 Quod
829 2027 868 2084 ut
897 2013 1100 2112 diligentius
1125 2015 1343 2108 intueamur,
1372 2014 1484 2112 ipsius
1507 2015 1698 2112 Scripturas
1721 2014 1830 2087 verba

234 2125 337 2200 latius
368 2129 596 2227 replicemus.
624 2132 804 2231 Scriptum
834 2148 887 2204 est
910 2135 1007 2206 enim
1035 2135 1073 2206 in
1101 2137 1376 2207 Deuteronomio
1402 2157 1484 2232 cap.
1513 2157 1600 2224 xxx,
1634 2157 1716 2205 cnm
1748 2149 1830 2232 post

235 2245 348 2343 legem
367 2247 491 2321 datam
510 2252 649 2347 Moyses
669 2250 717 2324 ad
737 2250 1000 2326 observantiam
1020 2253 1106 2351 legis
1120 2255 1298 2354 populum
1317 2252 1567 2326 exhortaretur
1588 2251 1646 2324 his
1660 2252 1796 2325 verbis¹
1818 2282 1825 2325 :

241 2366 477 2466 «Mandatum
499 2369 572 2442 hoc
590 2370 690 2467 quod
711 2396 777 2468 ego
800 2371 865 2443 tibi
889 2374 1057 2473 praecipio
1079 2373 1203 2466 bodie,
1219 2398 1295 2446 non
1316 2395 1426 2472 supra
1442 2387 1476 2444 te
1495 2386 1547 2444 est
1563 2395 1681 2468 neque
1702 2373 1826 2470 procul

235 2486 409 2583 positum,
424 2513 490 2561 nec
508 2490 546 2561 in
562 2489 654 2563 coelo
671 2492 793 2582 situm,
817 2505 858 2562 ut
875 2494 991 2590 possis
1006 2492 1126 2566 dicere
1146 2520 1157 2565 ι
1176 2493 1264 2580 Quis
1284 2506 1449 2564 nostrum
1469 2489 1563 2562 valet
1586 2490 1828 2564 conscendere

235 2619 274 2678 ut
290 2604 425 2680 deserat
440 2608 532 2680 illud
546 2609 594 2681 ad
610 2634 690 2702 nos,
710 2625 749 2682 ut
765 2611 953 2684 audiamus
968 2628 1076 2711 atque
1096 2637 1206 2713 opere
1222 2611 1457 2712 impleamus?
1475 2614 1598 2708 Neque
1614 2625 1714 2683 trans
1731 2633 1829 2684 mare

233 2727 405 2822 positum,
429 2742 468 2802 ut
487 2730 642 2802 causeris
663 2744 700 2802 et
715 2729 813 2804 dicas
830 2757 839 2802 ε
859 2732 947 2819 Quis
968 2757 1012 2804 ex
1036 2733 1142 2806 nobis
1162 2732 1389 2806 transfretare
1405 2730 1539 2830 poterit
1552 2752 1665 2823 mare,
1685 2744 1721 2802 et
1742 2729 1828 2804 illud

232 2845 278 2918 ad
302 2872 370 2920 nos
397 2871 510 2945 usque
534 2848 684 2942 deferre,
717 2863 758 2922 ut
783 2852 961 2951 possimus
985 2852 1112 2926 audire
1138 2868 1174 2925 et
1204 2853 1318 2925 lacere
1346 2850 1446 2950 quod
1469 2863 1688 2949 praeceptum
1710 2849 1792 2921 esti
1809 2879 1826 2919 >r

232 2968 320 3040 ltem
338 2992 418 3066 cap.
438 2972 549 3040 xxx':
572 2968 677 3041 «Sed
692 2971 795 3068 juxta
810 2984 845 3043 te
861 2986 914 3043 est
932 2996 1051 3044 sermo
1073 2972 1180 3045 valde
1198 2973 1235 3043 in
1255 2996 1319 3044 ore
1341 2986 1419 3061 tuo,
1441 2983 1478 3043 et
1498 2970 1535 3041 in
1557 2968 1667 3041 corde
1689 2982 1770 3063 tuo,
1790 2983 1830 3040 ut

233 3079 339 3155 iacias
366 3083 480 3157 illum.
497 3114 518 3153 s
544 3089 634 3158 Ecce
659 3111 704 3158 ex
729 3085 786 3158 his
809 3085 939 3178 verbis,
959 3087 988 3158 si
1011 3110 1053 3159 ea
1074 3087 1176 3184 justa
1199 3088 1355 3160 litteram
1379 3110 1586 3183 sequamur,
1615 3085 1688 3157 hoc
1710 3097 1829 3157 totum

231 3200 371 3275 ludaeos
397 3203 594 3279 admonere
619 3204 774 3297 videtur,
800 3220 934 3278 utnon
955 3221 1224 3303 conquerantur
1247 3207 1293 3279 de
1314 3205 1450 3278 difficili
1470 3203 1703 3300 intelligentia
1727 3203 1826 3299 legis,

231 3323 334 3417 quasi
349 3348 412 3421 per
425 3324 576 3422 aenigma
592 3323 727 3421 aliquid
744 3324 898 3397 obscure
914 3325 960 3396 sit
975 3323 1128 3417 dictum,
1146 3324 1210 3396 sed
1237 3326 1360 3396 omnia
1383 3326 1432 3396 ita
1454 3338 1578 3422 aperte
1602 3322 1770 3421 praecipi,
1790 3338 1830 3394 ut

231 3465 297 3538 per
317 3467 355 3514 se
375 3459 510 3540 queant
528 3443 697 3540 intelligi,
717 3469 782 3516 nec
803 3443 962 3541 aliquam
976 3442 1111 3516 habere
1134 3445 1400 3517 excusationem
1413 3443 1443 3514 si
1458 3441 1642 3542 praeceptis
1661 3439 1830 3513 differant

232 3558 395 3654 obedire,
414 3564 558 3660 quiaea
576 3564 810 3636 convaleant
831 3562 1040 3661 intelligere.
1065 3562 1137 3636 Sed
1157 3564 1332 3661 quoniam
1349 3562 1558 3664 Apostolum
1579 3560 1666 3659 legis
1689 3560 1828 3659 peritis·

231 3680 362 3784 simum
387 3684 541 3756 maxime
567 3709 637 3756 nos
662 3685 762 3782 sequi
785 3685 969 3778 convenit,
995 3699 1137 3782 oportet
1164 3709 1232 3757 nos
1252 3684 1351 3782 justa
1375 3684 1451 3782 ejus
1477 3707 1623 3756 sensum
1645 3680 1692 3754 ad
1717 3679 1827 3753 iidem
1941 3665 1945 3675 ⁸

232 3801 358 3873 Christi
378 3828 458 3900 qna·
473 3803 569 3877 dicta
586 3819 671 3876 sunt
690 3805 979 3878 accommodare.
1002 3806 1126 3877 Sciens
1142 3805 1263 3903 itaque
1278 3809 1419 3903 Moyses
1432 3803 1548 3900 legem
1566 3803 1698 3901 ipsam,
1718 3824 1828 3900 quam

231 3918 392 4016 dederat,
412 3924 569 4020 mysticis
589 3939 625 3997 et
646 3924 808 3997 obscuris
825 3924 987 4001 sensibus
1003 3949 1079 3996 esse
1103 3924 1266 4023 plenam,
1289 3926 1444 4023 quinon
1463 3922 1532 3996 nisi
1550 3946 1616 4021 per
1631 3920 1828 3993 adventum

231 4038 374 4136 Christi,
391 4057 427 4116 et
443 4043 690 4116 ascensionem
707 4046 785 4142 ejus
798 4044 983 4143 aperiendi
999 4059 1135 4138 essent,
1154 4044 1246 4118 sicut
1258 4045 1431 4143 scriptum
1450 4045 1519 4116 est⁸
1538 4069 1546 4113 :
1560 4069 1579 4111 r
1593 4045 1637 4113 Et
1653 4041 1828 4140 incipiens

231 4183 251 4232 a
273 4162 395 4258 Moyse
419 4176 456 4234 et
482 4161 652 4235 omnibus
676 4163 877 4262 Prophetis,
904 4163 1205 4263 interpretabatur
1228 4165 1278 4236 eis
1304 4165 1552 4262 scripturam»
1578 4172 1615 4233 et
1638 4162 1730 4234 sicut
1753 4162 1829 4259 ipse

231 4278 354 4351 ‹ticir2
377 4312 394 4346 a
407 4280 480 4353 Nisi
496 4304 564 4378 ego
582 4281 719 4375 abiero,
735 4297 807 4355 etc.
824 4313 841 4350 s
860 4287 901 4354 Et
917 4285 1069 4356 iterum⁸
1083 4311 1092 4353 ε
1107 4312 1126 4352 a
1141 4282 1343 4356 Paracletus
1354 4298 1488 4376 autern,
1506 4296 1593 4373 etc.;
1610 4308 1631 4349 r
1650 4280 1825 4353 admonet

232 4400 407 4495 populum
436 4425 483 4472 ne
508 4401 674 4499 desperet
695 4401 741 4474 de
765 4402 940 4501 spirituali
965 4402 1025 4475 illa
1047 4403 1134 4498 legis
1157 4403 1390 4500 intelligentia
1417 4417 1589 4501 tanquam
1618 4398 1825 4499 aperienda,

231 4518 333 4612 quasi
349 4543 424 4590 non
443 4535 536 4594 esset
551 4520 710 4594 mundus
729 4522 917 4596 habiturus
931 4523 995 4620 qui
1009 4522 1055 4595 de
1071 4523 1166 4595 coelo
1182 4522 1334 4613 veniret,
1359 4537 1400 4595 ut
1415 4545 1562 4594 sensum
1579 4520 1646 4593 Dei
1662 4542 1774 4618 quem
1789 4519 1827 4589 in

230 4634 308 4733 lege
329 4635 504 4713 habuerat
525 4642 692 4739 aperiret,
711 4644 799 4741 quia
813 4668 940 4716 revera
959 4641 1069 4714 Filius
1081 4643 1149 4715 Dei
1166 4641 1212 4713 de
1232 4640 1325 4714 coelo
1343 4656 1514 4714 venturus
1534 4654 1628 4733 erat,
1648 4653 1684 4712 et
1699 4640 1829 4711 iterum

230 4776 443 4863 ascensurus
460 4774 500 4833 ut
522 4759 617 4834 hanc
642 4760 782 4833 mundo
809 4760 1077 4857 intelligentiam
1103 4762 1333 4855 ministraret,
1351 4761 1432 4860 {tam
1453 4784 1518 4860 per
1540 4758 1697 4858 seipsum
1720 4777 1827 4853 quam

263 5066 393 5128 *Μέθη
407 5084 461 5133 cap.
474 5083 537 5132 m,
551 5083 573 5120 r,
593 5071 631 5121 11.
645 5072 695 5106 -²
710 5069 786 5131 lhid„
799 5083 821 5119 r.
836 5072 874 5122 tt.
886 5072 933 5106 -³
948 5057 1026 5132 Luc,
1039 5083 1093 5133 cap.
1116 5084 1181 5133 xxrr,
1202 5085 1224 5122 r.
1246 5074 1284 5123 tt.
1301 5098 1330 5111 -
1342 5076 1349 5105 ⁴
1361 5065 1441 5131 toan„
1454 5082 1507 5132 cap.
1527 5080 1580 5131 xrr,
1600 5080 1622 5116 r.
1635 5068 1661 5115 t.
1679 5088 1711 5100 -
1726 5061 1826 5123 Unam,

229 5157 348 5209 camur.
362 5163 384 5198 r.
395 5152 434 5202 26.
1841 5150 1848 5166 ·
