4559 6100
1037 448 1165 523 euml
1191 446 1421 523 ABAELARDl

1049 807 1231 899 CAPUT
1263 802 1413 895 xxix.

1047 1027 1091 1084 De
1109 1034 1288 1083 sacramento
1310 1020 1420 1083 altaris.

478 1211 627 1302 Sequitur
642 1209 683 1277 de
696 1227 894 1276 sacramento
911 1210 1030 1275 altatis.
1045 1209 1148 1295 Hujus
1161 1206 1349 1274 sacramenti
1366 1226 1461 1271 causa
1477 1221 1525 1270 est
1535 1203 1691 1269 memoria
1705 1203 1817 1268 mortis
1831 1218 1863 1267 et
1876 1205 2032 1292 passionis

434 1311 562 1375 Christi.
580 1308 687 1391 Quam
703 1332 831 1373 causam
844 1310 989 1398 ipsemet,
1008 1305 1140 1395 quando
1154 1320 1390 1371 sacramentum
1405 1304 1490 1368 istud
1506 1303 1540 1366 in
1552 1324 1642 1366 coena
1658 1300 1865 1381 consecrarit,
1879 1300 2029 1366 omnibus

436 1406 571 1496 aperuit,
588 1428 661 1471 curn
678 1405 723 1469 ait
741 1429 748 1471 :
768 1406 1037 1493 Quotiescumque
1054 1403 1201 1484 feceritis,
1219 1404 1253 1466 in
1269 1404 1333 1467 mei
1349 1402 1538 1468 memoriam
1553 1398 1684 1464 facietis.
1698 1397 1752 1461 'Ex
1767 1398 1921 1462 memoria
1942 1399 2028 1462 enim

380 1552 383 1557 ,
435 1504 612 1568 amicorum
627 1517 810 1567 nostrorum
826 1502 962 1567 multum
978 1499 1059 1566 solet
1074 1500 1108 1564 in
1124 1500 1219 1565 nobis
1230 1497 1360 1564 dilectio
1376 1521 1500 1563 eorum.
1519 1495 1572 1561 Ad
1588 1497 1742 1581 majorem
1753 1496 1848 1586 igitur
1863 1495 1911 1559 sui
1928 1494 2028 1560 dilec-

434 1601 555 1665 tionem
577 1598 762 1665 habendam
779 1598 842 1664 hoc
858 1613 1091 1664 sacramentum
1107 1597 1142 1661 in
1159 1597 1349 1662 memoriam
1364 1595 1412 1661 sui
1427 1593 1497 1660 fieri
1517 1593 1663 1659 instituit.
1688 1592 1741 1657 Sic
1759 1593 1845 1657 enim
1867 1593 1901 1655 in
1920 1614 2027 1657 sacra-

434 1714 544 1763 mento
558 1698 718 1761 Christum
733 1720 800 1786 prae
818 1697 917 1762 oculis
932 1695 1052 1760 habere
1067 1693 1234 1775 debemus,
1256 1710 1421 1783 tamquam
1438 1692 1481 1758 ad
1494 1691 1675 1782 passionem
1691 1689 1835 1770 ductum,
1855 1712 1982 1779 passum
1997 1705 2029 1753 et

434 1792 618 1859 crucifixum
634 1817 694 1883 pro
710 1793 820 1875 uobis;
838 1816 909 1882 quae
930 1792 1170 1882 repraesentatio
1192 1790 1370 1857 dilectionis
1386 1788 1470 1854 illius
1485 1812 1545 1854 nos
1560 1810 1717 1853 memores
1734 1786 1825 1865 facit,
1848 1809 1945 1876 quam
1961 1786 2027 1876 ipse

434 1889 528 1954 nobis
544 1889 702 1954 exhibuit,
717 1889 813 1963 Unde
837 1907 869 1955 et
891 1890 1004 1975 majori
1028 1887 1199 1953 dilectione
1219 1888 1260 1953 ad
1280 1910 1356 1953 eum
1378 1884 1635 1977 amplectendum
1656 1901 1689 1949 et
1710 1908 1770 1974 pro
1785 1907 1826 1948 eo
1841 1881 2028 1974 patiendum

435 1986 658 2069 accendimur3
675 2010 746 2075 quae
761 1988 879 2052 vicaria
896 1985 1024 2052 dilectio
1045 2001 1078 2050 et
1093 1985 1185 2050 illum
1206 1986 1300 2050 nobis
1319 2002 1352 2051 et
1372 2009 1430 2050 nos
1445 1984 1492 2048 illi
1508 1983 1684 2073 conjungit.
1704 1983 1775 2048 Hoc
1795 1996 2027 2046 sacramentum

434 2083 468 2146 in
489 2105 574 2174 pane
590 2099 622 2148 et
637 2084 713 2147 vino
729 2082 918 2149 celebratur.
936 2082 1033 2148 Unde
1049 2081 1249 2163 notandum,
1274 2082 1363 2173 quod
1382 2083 1473 2173 panis
1488 2080 1542 2146 ille
1558 2096 1632 2145 ante
1648 2081 1922 2145 consecrationem
1938 2079 2027 2167 panis

435 2196 495 2263 est,
518 2194 551 2246 et
567 2182 679 2245 vinum
695 2180 838 2246 similiter
853 2182 963 2245 vinum
982 2197 1030 2246 est
1048 2204 1056 2246 :
1074 2197 1149 2271 post
1169 2181 1442 2246 consecrationem
1462 2201 1540 2244 vero
1563 2193 1596 2242 et
1614 2177 1706 2268 panis
1727 2199 1842 2267 corpus
1863 2176 1978 2240 Christi
1997 2191 2029 2240 et

433 2278 546 2343 vinum
561 2280 701 2371 sanguis.
727 2278 778 2344 Sic
794 2279 890 2369 igitur
904 2300 1015 2343 verum
1031 2301 1147 2369 corpus
1163 2278 1278 2342 Christi
1295 2294 1354 2359 est,
1371 2280 1437 2342 imo
1453 2277 1520 2365 ipse
1535 2275 1688 2340 Christus.
1708 2273 1779 2338 Hoc
1795 2296 1910 2364 corpus
1926 2296 2029 2338 sacra·

434 2392 581 2440 mentum
601 2393 649 2441 est
663 2376 747 2440 illius
765 2375 907 2466 corporis
921 2376 1054 2457 Christi,
1073 2376 1162 2465 quod
1178 2393 1226 2441 est
1247 2375 1388 2442 Ecclesia
1408 2375 1505 2465 :quia
1529 2374 1609 2438 sicut
1624 2374 1686 2437 hoc
1706 2393 1839 2463 corpus,
1863 2371 1951 2460 quod
1964 2372 2034 2460 ipse

436 2473 581 2536 assumsit
593 2471 633 2537 de
645 2473 788 2563 Virgine,
801 2473 902 2538 habet
916 2473 1064 2538 membra
1080 2473 1216 2556 diversa,
1234 2496 1370 2563 quorum
1389 2472 1449 2537 alia
1466 2471 1535 2535 aliis
1550 2487 1663 2535 mutuo
1678 2469 1854 2534 necessaria
1870 2483 1970 2549 erant,
1986 2470 2031 2532 sic

434 2570 497 2633 hoc
524 2591 658 2659 corpus,
686 2569 775 2657 quod
800 2586 849 2633 est
873 2570 1025 2636 Ecclesia.
1052 2569 1150 2636 Unde
1171 2586 1204 2635 et
1225 2570 1397 2659 Apostolus
1419 2568 1592 2634 Ecclesiam
1615 2568 1705 2656 qnasi
1726 2564 1889 2653 quoddam
1912 2564 2029 2629 animal

437 2664 587 2730 describit
601 2666 726 2730 habens
742 2682 839 2755 caput
854 2689 963 2748 suum,
981 2668 1086 2755 ipsum
1104 2666 1224 2731 scilicet
1240 2667 1415 2747 Christum,
1434 2664 1545 2731 oculos
1561 2663 1715 2757 spiritales
1730 2663 1877 2754 praelatos
1891 2663 1947 2751 qui
1961 2661 2033 2727 aliis

436 2760 626 2850 praevident,
645 2785 759 2827 manus
771 2763 857 2852 ipsos
873 2779 1069 2852 operatores,
1085 2761 1185 2852 pedes
1200 2764 1285 2853 ipsos
1301 2764 1441 2829 minores
1455 2765 1511 2852 qui
1526 2763 1569 2829 ad
1585 2785 1701 2853 corpus
1715 2760 1910 2852 portandum
1924 2783 2032 2825 neces·

436 2857 509 2922 sarii
526 2873 613 2923 sunt.
632 2857 683 2924 Sic
698 2857 785 2924 enim
801 2859 924 2925 alterno
942 2858 1088 2950 indigent
1105 2859 1303 2945 adjumento,
1322 2876 1358 2924 ut
1375 2877 1407 2925 et
1422 2862 1559 2946 majores
1573 2860 1752 2927 minoribus
1763 2874 1796 2924 et
1807 2859 1947 2923 minores
1963 2880 2033 2922 ma·

433 2955 557 3040 joribus
572 2955 710 3021 vicissim
721 2955 923 3046 suppeditare
940 2972 1100 3047 oporteat.
1117 2957 1169 3023 Sic
1186 2958 1321 3024 enimin
1338 2981 1472 3050 corpore
1488 2959 1631 3024 humano
1642 2958 1799 3039 videmus,
1818 2955 1907 3045 quod
1924 2955 2030 3021 oculos

435 3052 584 3119 manibus
609 3071 675 3120 ete
694 3077 861 3136 converso,
879 3072 912 3120 et
932 3078 1046 3120 manus
1060 3055 1198 3146 pedibus
1214 3073 1247 3122 et
1262 3080 1281 3122 e
1296 3080 1450 3123 converso
1467 3056 1705 3123 subministrare
1722 3054 1926 3120 conveniant.
1949 3055 2030 3118 San·

435 3152 505 3242 guis
527 3168 634 3217 autem
648 3168 882 3218 sacramentum
900 3154 1026 3243 spiritus
1046 3153 1216 3236 Ecclesia,
1234 3155 1322 3243 quod
1342 3179 1400 3246 per
1416 3156 1634 3245 septiformem
1654 3155 1790 3245 gratiam
1810 3174 1883 3217 eam
1897 3151 2031 3217 vivificat

438 3266 471 3314 et
491 3249 526 3313 in
545 3273 584 3315 ea
605 3266 767 3340 operatur.
787 3250 875 3315 Sicut
893 3252 997 3330 enim,
1015 3267 1052 3315 ut
1068 3251 1112 3315 ait
1127 3252 1334 3342 Augustinus,
1353 3253 1460 3318 anima
1474 3253 1540 3318 vita
1557 3270 1606 3319 est
1626 3251 1784 3342 corporis,
1802 3250 1846 3314 ita
1867 3249 1954 3315 Deus
1969 3250 2030 3314 vita

438 3361 485 3410 est
501 3348 628 3412 animae.
646 3348 688 3411 Et
708 3348 792 3412 bene
807 3368 866 3437 per
882 3349 1070 3440 sanguinem
1085 3348 1273 3415 vivificatrix
1292 3349 1346 3415 ilia
1363 3352 1463 3442 gratia
1480 3348 1684 3441 significatur,
1702 3349 1777 3437 quia
1797 3347 1953 3433 majorem
1966 3346 2030 3411 rim

439 3460 470 3508 et
492 3442 667 3511 efficaciam
689 3444 789 3509 habet
811 3446 918 3509 anima
940 3446 975 3511 in
999 3448 1171 3537 sanguine,
1198 3469 1295 3536 quam
1321 3448 1354 3512 in
1380 3449 1444 3513 alio
1469 3448 1577 3537 aliquo
1599 3448 1749 3513 humore.
1771 3443 1868 3510 Unde
1885 3444 2030 3536 Moyses:

438 3541 572 3623 Anima,
590 3542 711 3631 inquit,
730 3542 946 3631 cujuscunque
958 3544 1061 3608 carnis
1079 3544 1113 3607 in
1131 3547 1285 3636 sanguine
1300 3562 1360 3611 est.
1384 3545 1443 3610 Illa
1464 3569 1545 3612 vero
1560 3546 1725 3637 perceptio
1749 3559 1782 3609 et
1800 3542 2028 3632 incorporatio,

439 3661 510 3725 quaa
532 3638 629 3704 estin
646 3637 836 3703 assumendo
852 3637 933 3704 illud
949 3656 1201 3724 sacramentum,
1221 3658 1269 3706 est
1282 3642 1410 3707 unionis
1425 3659 1458 3708 et
1472 3643 1755 3733 incorporationis,
1772 3663 1844 3729 quae
1864 3656 1912 3705 est
1928 3662 2030 3705 mem-

440 3732 572 3797 brorum
596 3734 638 3798 ad
654 3752 761 3825 caput.
784 3735 869 3800 Nam
890 3736 1021 3824 quando
1038 3737 1150 3826 aliquis
1170 3738 1294 3804 accedit
1313 3738 1355 3803 ad
1371 3739 1451 3806 illud
1477 3738 1714 3820 assumendum,
1734 3736 1891 3818 ostendit,
1908 3760 1941 3803 se
1967 3760 2030 3801 non

439 3846 516 3895 tunc
530 3829 655 3895 Christo
665 3832 750 3895 uniri
765 3832 822 3898 sed
835 3836 903 3919 jam
918 3833 1027 3923 perfici
1043 3850 1076 3899 et
1087 3834 1293 3902 dilectionem
1311 3838 1434 3901 unitam
1450 3860 1517 3903 esse
1533 3852 1566 3904 et
1579 3838 1613 3901 in
1630 3834 1781 3902 membris
1797 3835 1864 3919 ejus
1875 3834 2027 3899 transisse.

441 3927 490 3991 De
504 3927 565 3991 hac
580 3949 615 3992 re
630 3927 724 4014 hujus
739 3932 928 3995 sacramenti
948 3930 1030 3995 dixit
1043 3932 1201 3998 Dominus
1216 3951 1345 4000 noster:
1363 3936 1428 4018 Qui
1446 3934 1621 4000 manducat
1635 3956 1763 3998 carnem
1781 3955 1887 3997 meam
1905 3947 1938 3997 et
1950 3931 2034 3996 bibit

441 4024 629 4115 sanguinem
649 4047 777 4106 meum,
799 4028 834 4090 in
850 4048 903 4092 me
919 4043 1039 4093 manet.
1057 4028 1134 4093 Non
1157 4029 1198 4095 de
1213 4049 1413 4098 sacramento
1433 4031 1531 4112 dixit,
1548 4033 1622 4121 quia
1645 4028 1738 4096 multi
1757 4029 1798 4095 de
1820 4052 1955 4119 corpore
1978 4053 2037 4095 suo

442 4138 527 4204 sunt,
546 4121 601 4209 qui
612 4122 676 4187 boc
692 4141 925 4189 sacramentum
940 4148 1006 4189 non
1024 4126 1194 4216 accipiunt,
1208 4143 1240 4192 et
1257 4128 1349 4193 multi
1366 4129 1536 4220 accipiunt,
1554 4129 1608 4224 qui
1624 4131 1691 4215 ejus
1705 4128 1850 4195 membra
1867 4149 1935 4192 non
1951 4144 2033 4192 sunt.

443 4218 577 4308 Accepit
592 4218 678 4283 enim
694 4217 792 4283 Iudas
806 4221 870 4285 hoc
882 4238 1127 4306 sacramentum,
1146 4225 1227 4289 sicut
1237 4225 1351 4291 Petrus
1371 4250 1378 4292 :
1398 4226 1552 4292 sedunus
1569 4227 1611 4293 ad
1627 4226 1773 4308 salutem,
1792 4225 1873 4291 alter
1888 4225 1930 4291 ad
1945 4249 2034 4291 mor·

443 4334 520 4382 tem.
539 4317 647 4399 Quare
663 4316 764 4407 magis
781 4318 814 4381 in
836 4341 921 4407 pane
944 4335 976 4385 et
991 4319 1067 4384 vino
1082 4319 1186 4385 voluit
1200 4323 1264 4387 hoc
1284 4341 1520 4390 sacramentum
1537 4324 1676 4408 tradere,
1694 4348 1792 4414 quam
1807 4325 1840 4389 in
1859 4325 1927 4389 aliis
1944 4323 2033 4401 cibis,

444 4411 524 4478 solet
534 4413 645 4502 quaeri.
664 4411 727 4478 Sed
739 4415 942 4481 manifestum
958 4432 1016 4500 est,
1034 4417 1122 4507 quod
1133 4420 1226 4508 panis
1237 4419 1374 4485 validior
1385 4438 1433 4487 est
1448 4421 1538 4489 cibus
1553 4422 1702 4489 omnihus
1716 4421 1785 4487 aliis
1798 4421 1878 4487 cibis
1894 4437 1926 4486 et
1937 4422 2036 4512 magis

444 4525 610 4576 sustentat.
625 4509 722 4576 Unde
738 4534 799 4578 nec
814 4511 909 4602 plena
923 4514 1056 4580 refectio
1076 4538 1137 4581 nec
1154 4518 1247 4607 copia
1267 4526 1385 4583 mensae
1400 4536 1507 4610 potest
1522 4544 1589 4588 esse
1612 4520 1679 4586 sine
1696 4543 1794 4610 pane.
1812 4518 1893 4584 lnde
1909 4542 2035 4607 quoque

443 4607 605 4698 Propheta
626 4629 634 4671 ε
652 4608 694 4671 Et
708 4610 812 4698 panis,
829 4611 945 4700 inquit,
963 4635 1019 4677 cor
1031 4613 1172 4679 bominis
1187 4614 1366 4681 confirmat.
1385 4617 1496 4683 Voluit
1511 4618 1608 4707 igitur
1622 4617 1749 4684 tradere
1763 4640 1879 4708 corpus
1894 4638 1988 4680 suum
2003 4616 2035 4679 in

445 4707 549 4795 specie
574 4706 666 4796 panis
690 4706 914 4795 potiusquam
937 4708 1065 4774 alterius
1085 4710 1161 4793 cibi,
1187 4729 1223 4778 ut
1238 4730 1346 4804 aperte
1365 4714 1456 4781 daret
1479 4716 1624 4807 intelligi,
1652 4714 1740 4804 quod
1766 4716 1846 4779 sicut
1865 4714 1956 4779 cibus
1978 4714 2037 4779 iste

444 4802 596 4892 prevalet
610 4804 644 4868 in
660 4804 890 4869 sustentatione
905 4807 1031 4896 corpori
1050 4806 1314 4890 administranda,
1332 4813 1377 4878 sic
1390 4829 1624 4880 sacramentum
1639 4812 1725 4879 istud
1742 4836 1808 4903 prae
1823 4814 1937 4878 ceteris
1951 4812 2036 4878 valet

444 4898 479 4962 in
500 4898 672 4966 dilectione
691 4900 763 4984 Dei,
789 4923 860 4988 quae
876 4904 1063 4968 sustentatio
1079 4920 1127 4969 est
1145 4906 1260 4972 animae
1276 4908 1310 4973 in
1331 4909 1424 4975 nobis
1447 4910 1696 5000 augmentanda.
1715 4913 1754 4975 ln
1768 4910 1860 4975 nullo
1878 4909 2036 4999 siquidem

446 4992 581 5060 aliorum
600 5013 726 5063 tantum
746 4999 814 5083 ejus
837 4997 1008 5066 dilectione
1029 5000 1197 5089 afficimur,
1222 5020 1378 5093 quantum
1398 5008 1433 5072 in
1454 5006 1527 5073 isto.
1545 5009 1584 5074 In
1601 5010 1678 5077 rino
1699 5030 1828 5098 quoque
1848 5008 2037 5098 sanguinem
