<?xml version="1.0" encoding="UTF-8"?>
<!DOCTYPE html PUBLIC "-//W3C//DTD XHTML 1.0 Transitional//EN"
    "http://www.w3.org/TR/xhtml1/DTD/xhtml1-transitional.dtd">
<html xmlns="http://www.w3.org/1999/xhtml" xml:lang="en" lang="en">
 <head>
  <title>
</title>
<meta http-equiv="Content-Type" content="text/html;charset=utf-8" />
  <meta name='ocr-system' content='tesseract 3.04.00' />
  <meta name='ocr-capabilities' content='ocr_page ocr_carea ocr_par ocr_line ocrx_word'/>
</head>
<body>
  <div class='ocr_page' id='page_1' title='image "./petriablardiope00despgoog_0542.png"; bbox 0 0 4559 6100; ppageno 0'>
   <div class='ocr_carea' id='block_1_1' title="bbox 292 470 1424 583">
    <p class='ocr_par' dir='ltr' id='par_1_1' title="bbox 292 470 1424 583">
     <span class='ocr_line' id='line_1_1' title="bbox 292 470 1424 583; baseline -0.004 -1"><span class='ocrx_word' id='word_1_1' title='bbox 292 470 299 486; x_wconf 83' lang='grc'><strong>’</strong></span> <span class='ocrx_word' id='word_1_2' title='bbox 427 508 499 583; x_wconf 75' lang='lat' dir='ltr'><strong>soa</strong></span> <span class='ocrx_word' id='word_1_3' title='bbox 953 568 958 577; x_wconf 93' lang='lat'><em>.</em></span> <span class='ocrx_word' id='word_1_4' title='bbox 1032 503 1424 579; x_wconf 67' lang='lat' dir='ltr'><strong>mmmmm</strong></span> 
     </span>
    </p>
   </div>
   <div class='ocr_carea' id='block_1_2' title="bbox 424 650 2048 4105">
    <p class='ocr_par' dir='ltr' id='par_1_2' title="bbox 424 650 2046 3751">
     <span class='ocr_line' id='line_1_2' title="bbox 425 650 2029 751; baseline 0.002 -24"><span class='ocrx_word' id='word_1_5' title='bbox 425 678 585 751; x_wconf 80' lang='lat' dir='ltr'><strong>namque</strong></span> <span class='ocrx_word' id='word_1_6' title='bbox 601 667 655 733; x_wconf 88' lang='lat' dir='ltr'><strong>est</strong></span> <span class='ocrx_word' id='word_1_7' title='bbox 669 650 769 751; x_wconf 86' lang='lat' dir='ltr'><strong>quod</strong></span> <span class='ocrx_word' id='word_1_8' title='bbox 782 654 834 727; x_wconf 86' lang='lat' dir='ltr'><strong>ait</strong></span> <span class='ocrx_word' id='word_1_9' title='bbox 850 652 1018 745; x_wconf 63' lang='lat' dir='ltr'><strong>«nihil»</strong></span> <span class='ocrx_word' id='word_1_10' title='bbox 1036 676 1079 727; x_wconf 83' lang='lat' dir='ltr'><strong>ae</strong></span> <span class='ocrx_word' id='word_1_11' title='bbox 1094 655 1124 725; x_wconf 88' lang='lat' dir='ltr'><strong>sl</strong></span> <span class='ocrx_word' id='word_1_12' title='bbox 1140 652 1416 727; x_wconf 63' lang='lat' dir='ltr'><strong>dieemtwutta</strong></span> <span class='ocrx_word' id='word_1_13' title='bbox 1433 678 1502 744; x_wconf 88' lang='lat' dir='ltr'><strong>res,</strong></span> <span class='ocrx_word' id='word_1_14' title='bbox 1515 667 1579 725; x_wconf 78' lang='lat' dir='ltr'><strong>eet</strong></span> <span class='ocrx_word' id='word_1_15' title='bbox 1593 653 1695 750; x_wconf 86' lang='lat' dir='ltr'><strong>quod</strong></span> <span class='ocrx_word' id='word_1_16' title='bbox 1707 655 1894 729; x_wconf 77' lang='lat' dir='ltr'><strong>aitaNihil</strong></span> <span class='ocrx_word' id='word_1_17' title='bbox 1906 672 1964 731; x_wconf 87' lang='lat' dir='ltr'><strong>est</strong></span> <span class='ocrx_word' id='word_1_18' title='bbox 1978 655 2029 731; x_wconf 87' lang='lat' dir='ltr'><strong>ibi</strong></span> 
     </span>
     <span class='ocr_line' id='line_1_3' title="bbox 424 766 2032 866; baseline 0 -15"><span class='ocrx_word' id='word_1_19' title='bbox 424 772 610 864; x_wconf 80' lang='lat' dir='ltr'><strong>dissimile,</strong></span> <span class='ocrx_word' id='word_1_20' title='bbox 628 804 646 842; x_wconf 74' lang='lat' dir='ltr'><strong>s</strong></span> <span class='ocrx_word' id='word_1_21' title='bbox 665 766 736 845; x_wconf 85' lang='lat' dir='ltr'><strong>tale</strong></span> <span class='ocrx_word' id='word_1_22' title='bbox 752 787 807 845; x_wconf 87' lang='lat' dir='ltr'><strong>est</strong></span> <span class='ocrx_word' id='word_1_23' title='bbox 826 792 869 847; x_wconf 83' lang='lat' dir='ltr'><strong>ac</strong></span> <span class='ocrx_word' id='word_1_24' title='bbox 889 773 921 845; x_wconf 89' lang='lat' dir='ltr'><strong>si</strong></span> <span class='ocrx_word' id='word_1_25' title='bbox 943 772 1081 847; x_wconf 84' lang='lat' dir='ltr'><strong>diceret</strong></span> <span class='ocrx_word' id='word_1_26' title='bbox 1099 801 1108 845; x_wconf 76' lang='grc' dir='ltr'><strong><em>ε</em></strong></span> <span class='ocrx_word' id='word_1_27' title='bbox 1124 774 1260 847; x_wconf 87' lang='lat' dir='ltr'><strong>«Nulla</strong></span> <span class='ocrx_word' id='word_1_28' title='bbox 1277 794 1335 847; x_wconf 84' lang='lat' dir='ltr'><strong>res</strong></span> <span class='ocrx_word' id='word_1_29' title='bbox 1358 772 1409 846; x_wconf 86' lang='lat' dir='ltr'><strong>ibi</strong></span> <span class='ocrx_word' id='word_1_30' title='bbox 1433 788 1485 846; x_wconf 86' lang='lat' dir='ltr'><strong>est</strong></span> <span class='ocrx_word' id='word_1_31' title='bbox 1500 772 1641 847; x_wconf 83' lang='lat' dir='ltr'><strong>diversa</strong></span> <span class='ocrx_word' id='word_1_32' title='bbox 1657 774 1704 848; x_wconf 91' lang='lat' dir='ltr'><strong>ab</strong></span> <span class='ocrx_word' id='word_1_33' title='bbox 1720 775 1803 866; x_wconf 86' lang='lat' dir='ltr'><strong>alia,</strong></span> <span class='ocrx_word' id='word_1_34' title='bbox 1819 806 1836 842; x_wconf 74' lang='lat' dir='ltr'><strong>e</strong></span> <span class='ocrx_word' id='word_1_35' title='bbox 1857 800 1942 848; x_wconf 85' lang='lat' dir='ltr'><strong>eum</strong></span> <span class='ocrx_word' id='word_1_36' title='bbox 1956 778 2032 851; x_wconf 87' lang='lat' dir='ltr'><strong>sint</strong></span> 
     </span>
     <span class='ocr_line' id='line_1_4' title="bbox 427 891 2031 996; baseline -0.001 -23"><span class='ocrx_word' id='word_1_37' title='bbox 427 913 549 979; x_wconf 80' lang='lat' dir='ltr'><strong>tamen</strong></span> <span class='ocrx_word' id='word_1_38' title='bbox 565 894 713 967; x_wconf 75' lang='lat' dir='ltr'><strong>diversae</strong></span> <span class='ocrx_word' id='word_1_39' title='bbox 724 891 772 966; x_wconf 89' lang='lat' dir='ltr'><strong>ab</strong></span> <span class='ocrx_word' id='word_1_40' title='bbox 786 893 942 969; x_wconf 71' lang='lat' dir='ltr'><strong>invicem</strong></span> <span class='ocrx_word' id='word_1_41' title='bbox 953 915 1118 993; x_wconf 84' lang='lat' dir='ltr'><strong>personae</strong></span> <span class='ocrx_word' id='word_1_42' title='bbox 1132 893 1334 968; x_wconf 77' lang='lat' dir='ltr'><strong>sectandum</strong></span> <span class='ocrx_word' id='word_1_43' title='bbox 1351 896 1586 994; x_wconf 67' lang='lat' dir='ltr'><strong>proprietates</strong></span> <span class='ocrx_word' id='word_1_44' title='bbox 1602 919 1684 967; x_wconf 77' lang='lat' dir='ltr'><strong>suas</strong></span> <span class='ocrx_word' id='word_1_45' title='bbox 1700 896 1867 996; x_wconf 88' lang='lat' dir='ltr'><strong>superius</strong></span> <span class='ocrx_word' id='word_1_46' title='bbox 1882 895 2031 971; x_wconf 68' lang='lat' dir='ltr'><strong>distiuo</strong></span> 
     </span>
     <span class='ocr_line' id='line_1_5' title="bbox 428 1012 2032 1117; baseline -0.001 -28"><span class='ocrx_word' id='word_1_47' title='bbox 428 1034 495 1113; x_wconf 84' lang='lat' dir='ltr'><strong>tas,</strong></span> <span class='ocrx_word' id='word_1_48' title='bbox 511 1041 589 1093; x_wconf 86' lang='lat' dir='ltr'><strong>nou</strong></span> <span class='ocrx_word' id='word_1_49' title='bbox 604 1012 807 1088; x_wconf 85' lang='lat' dir='ltr'><strong>secundum</strong></span> <span class='ocrx_word' id='word_1_50' title='bbox 822 1038 1029 1088; x_wconf 87' lang='lat' dir='ltr'><strong>numerum.</strong></span> <span class='ocrx_word' id='word_1_51' title='bbox 1051 1013 1157 1089; x_wconf 87' lang='lat' dir='ltr'><strong>Unde</strong></span> <span class='ocrx_word' id='word_1_52' title='bbox 1180 1029 1216 1088; x_wconf 88' lang='lat' dir='ltr'><strong>et</strong></span> <span class='ocrx_word' id='word_1_53' title='bbox 1242 1015 1459 1113; x_wconf 78' lang='lat' dir='ltr'><strong>Augustinus</strong></span> <span class='ocrx_word' id='word_1_54' title='bbox 1476 1015 1520 1088; x_wconf 86' lang='lat' dir='ltr'><strong>de</strong></span> <span class='ocrx_word' id='word_1_55' title='bbox 1539 1018 1715 1089; x_wconf 77' lang='lat' dir='ltr'><strong>Trimiate</strong></span> <span class='ocrx_word' id='word_1_56' title='bbox 1730 1016 1825 1090; x_wconf 90' lang='lat' dir='ltr'><strong>libro</strong></span> <span class='ocrx_word' id='word_1_57' title='bbox 1835 1020 1915 1110; x_wconf 86' lang='lat' dir='ltr'><strong>vtl,</strong></span> <span class='ocrx_word' id='word_1_58' title='bbox 1934 1018 2032 1117; x_wconf 83' lang='lat' dir='ltr'><strong>capi·</strong></span> 
     </span>
     <span class='ocr_line' id='line_1_6' title="bbox 427 1134 2033 1237; baseline 0.002 -30"><span class='ocrx_word' id='word_1_59' title='bbox 427 1139 506 1215; x_wconf 81' lang='lat' dir='ltr'><strong>tulo</strong></span> <span class='ocrx_word' id='word_1_60' title='bbox 530 1139 584 1209; x_wconf 86' lang='lat' dir='ltr'><strong>v1¹</strong></span> <span class='ocrx_word' id='word_1_61' title='bbox 603 1161 612 1207; x_wconf 75' lang='grc' dir='ltr'><strong><em>ε</em></strong></span> <span class='ocrx_word' id='word_1_62' title='bbox 632 1164 651 1206; x_wconf 79' lang='lat' dir='ltr'><strong>a</strong></span> <span class='ocrx_word' id='word_1_63' title='bbox 667 1138 747 1207; x_wconf 89' lang='lat' dir='ltr'><strong>Non</strong></span> <span class='ocrx_word' id='word_1_64' title='bbox 766 1147 909 1208; x_wconf 88' lang='lat' dir='ltr'><strong>tantum</strong></span> <span class='ocrx_word' id='word_1_65' title='bbox 933 1149 988 1208; x_wconf 89' lang='lat' dir='ltr'><strong>eet</strong></span> <span class='ocrx_word' id='word_1_66' title='bbox 1011 1159 1107 1209; x_wconf 89' lang='lat' dir='ltr'><strong>unus</strong></span> <span class='ocrx_word' id='word_1_67' title='bbox 1130 1134 1243 1208; x_wconf 85' lang='lat' dir='ltr'><strong>homo</strong></span> <span class='ocrx_word' id='word_1_68' title='bbox 1259 1150 1436 1234; x_wconf 88' lang='lat' dir='ltr'><strong>quantum</strong></span> <span class='ocrx_word' id='word_1_69' title='bbox 1460 1150 1532 1208; x_wconf 88' lang='lat' dir='ltr'><strong>tres</strong></span> <span class='ocrx_word' id='word_1_70' title='bbox 1555 1134 1723 1209; x_wconf 66' lang='lat' dir='ltr'><strong>hominm</strong></span> <span class='ocrx_word' id='word_1_71' title='bbox 1746 1135 1874 1227; x_wconf 79' lang='lat' dir='ltr'><strong>simul3</strong></span> <span class='ocrx_word' id='word_1_72' title='bbox 1893 1150 1931 1210; x_wconf 87' lang='lat' dir='ltr'><strong>et</strong></span> <span class='ocrx_word' id='word_1_73' title='bbox 1952 1137 2033 1237; x_wconf 90' lang='lat' dir='ltr'><strong>plus</strong></span> 
     </span>
     <span class='ocr_line' id='line_1_7' title="bbox 426 1252 2033 1356; baseline -0.001 -26"><span class='ocrx_word' id='word_1_74' title='bbox 426 1255 566 1356; x_wconf 82' lang='lat' dir='ltr'><strong>aliquid</strong></span> <span class='ocrx_word' id='word_1_75' title='bbox 590 1269 674 1331; x_wconf 87' lang='lat' dir='ltr'><strong>suut</strong></span> <span class='ocrx_word' id='word_1_76' title='bbox 690 1254 766 1326; x_wconf 90' lang='lat' dir='ltr'><strong>duo</strong></span> <span class='ocrx_word' id='word_1_77' title='bbox 787 1252 967 1347; x_wconf 87' lang='lat' dir='ltr'><strong>homines,</strong></span> <span class='ocrx_word' id='word_1_78' title='bbox 986 1279 1098 1354; x_wconf 89' lang='lat' dir='ltr'><strong>quem</strong></span> <span class='ocrx_word' id='word_1_79' title='bbox 1116 1280 1212 1327; x_wconf 88' lang='lat' dir='ltr'><strong>unus</strong></span> <span class='ocrx_word' id='word_1_80' title='bbox 1228 1254 1357 1327; x_wconf 89' lang='lat' dir='ltr'><strong>homo.</strong></span> <span class='ocrx_word' id='word_1_81' title='bbox 1380 1257 1423 1326; x_wconf 78' lang='lat' dir='ltr'><strong>tt</strong></span> <span class='ocrx_word' id='word_1_82' title='bbox 1437 1254 1476 1326; x_wconf 94' lang='lat' dir='ltr'><strong>in</strong></span> <span class='ocrx_word' id='word_1_83' title='bbox 1492 1257 1571 1327; x_wconf 86' lang='lat' dir='ltr'><strong>Deo</strong></span> <span class='ocrx_word' id='word_1_84' title='bbox 1587 1279 1665 1328; x_wconf 90' lang='lat' dir='ltr'><strong>non</strong></span> <span class='ocrx_word' id='word_1_85' title='bbox 1680 1270 1735 1329; x_wconf 88' lang='lat' dir='ltr'><strong>est</strong></span> <span class='ocrx_word' id='word_1_86' title='bbox 1757 1255 1819 1329; x_wconf 87' lang='lat' dir='ltr'><strong>ita.</strong></span> <span class='ocrx_word' id='word_1_87' title='bbox 1838 1259 1918 1328; x_wconf 88' lang='lat' dir='ltr'><strong>Non</strong></span> <span class='ocrx_word' id='word_1_88' title='bbox 1936 1257 2033 1329; x_wconf 90' lang='lat' dir='ltr'><strong>euim</strong></span> 
     </span>
     <span class='ocr_line' id='line_1_8' title="bbox 429 1372 2029 1476; baseline -0.004 -21"><span class='ocrx_word' id='word_1_89' title='bbox 429 1379 547 1476; x_wconf 80' lang='lat' dir='ltr'><strong>major</strong></span> <span class='ocrx_word' id='word_1_90' title='bbox 572 1376 723 1449; x_wconf 84' lang='lat' dir='ltr'><strong>essentia</strong></span> <span class='ocrx_word' id='word_1_91' title='bbox 749 1388 804 1447; x_wconf 91' lang='lat' dir='ltr'><strong>est</strong></span> <span class='ocrx_word' id='word_1_92' title='bbox 827 1380 932 1448; x_wconf 79' lang='lat' dir='ltr'><strong>Pater</strong></span> <span class='ocrx_word' id='word_1_93' title='bbox 952 1389 989 1448; x_wconf 91' lang='lat' dir='ltr'><strong>et</strong></span> <span class='ocrx_word' id='word_1_94' title='bbox 1006 1374 1114 1448; x_wconf 89' lang='lat' dir='ltr'><strong>Filius</strong></span> <span class='ocrx_word' id='word_1_95' title='bbox 1144 1372 1273 1463; x_wconf 89' lang='lat' dir='ltr'><strong>simul,</strong></span> <span class='ocrx_word' id='word_1_96' title='bbox 1300 1398 1411 1474; x_wconf 88' lang='lat' dir='ltr'><strong>quam</strong></span> <span class='ocrx_word' id='word_1_97' title='bbox 1441 1374 1541 1447; x_wconf 88' lang='lat' dir='ltr'><strong>solus</strong></span> <span class='ocrx_word' id='word_1_98' title='bbox 1567 1379 1671 1448; x_wconf 86' lang='lat' dir='ltr'><strong>Pater</strong></span> <span class='ocrx_word' id='word_1_99' title='bbox 1695 1391 1758 1448; x_wconf 89' lang='lat' dir='ltr'><strong>aut</strong></span> <span class='ocrx_word' id='word_1_100' title='bbox 1785 1374 1885 1448; x_wconf 88' lang='lat' dir='ltr'><strong>solus</strong></span> <span class='ocrx_word' id='word_1_101' title='bbox 1901 1374 2029 1467; x_wconf 82' lang='lat' dir='ltr'><strong>Filius3</strong></span> 
     </span>
     <span class='ocr_line' id='line_1_9' title="bbox 428 1493 2033 1595; baseline -0.003 -22"><span class='ocrx_word' id='word_1_102' title='bbox 428 1496 496 1573; x_wconf 77' lang='lat' dir='ltr'><strong>sed</strong></span> <span class='ocrx_word' id='word_1_103' title='bbox 518 1511 590 1571; x_wconf 86' lang='lat' dir='ltr'><strong>tres</strong></span> <span class='ocrx_word' id='word_1_104' title='bbox 605 1494 711 1568; x_wconf 89' lang='lat' dir='ltr'><strong>simul</strong></span> <span class='ocrx_word' id='word_1_105' title='bbox 733 1518 897 1595; x_wconf 76' lang='lat' dir='ltr'><strong>persone</strong></span> <span class='ocrx_word' id='word_1_106' title='bbox 911 1495 1068 1594; x_wconf 71' lang='lat' dir='ltr'><strong>equales</strong></span> <span class='ocrx_word' id='word_1_107' title='bbox 1084 1509 1171 1567; x_wconf 91' lang='lat' dir='ltr'><strong>sunt</strong></span> <span class='ocrx_word' id='word_1_108' title='bbox 1191 1493 1351 1593; x_wconf 82' lang='lat' dir='ltr'><strong>singulis.</strong></span> <span class='ocrx_word' id='word_1_109' title='bbox 1372 1522 1391 1563; x_wconf 80' lang='lat' dir='ltr'><strong>u</strong></span> <span class='ocrx_word' id='word_1_110' title='bbox 1411 1498 1460 1567; x_wconf 79' lang='lat' dir='ltr'><strong>Ao</strong></span> <span class='ocrx_word' id='word_1_111' title='bbox 1479 1495 1510 1566; x_wconf 86' lang='lat' dir='ltr'><strong>si</strong></span> <span class='ocrx_word' id='word_1_112' title='bbox 1527 1493 1663 1568; x_wconf 89' lang='lat' dir='ltr'><strong>diceret</strong></span> <span class='ocrx_word' id='word_1_113' title='bbox 1678 1519 1753 1568; x_wconf 90' lang='lat' dir='ltr'><strong>non</strong></span> <span class='ocrx_word' id='word_1_114' title='bbox 1770 1497 1809 1568; x_wconf 93' lang='lat' dir='ltr'><strong>in</strong></span> <span class='ocrx_word' id='word_1_115' title='bbox 1825 1494 1947 1594; x_wconf 85' lang='lat' dir='ltr'><strong>aliquo</strong></span> <span class='ocrx_word' id='word_1_116' title='bbox 1962 1520 2033 1568; x_wconf 74' lang='lat' dir='ltr'><strong>nu-</strong></span> 
     </span>
     <span class='ocr_line' id='line_1_10' title="bbox 432 1612 2034 1716; baseline -0.002 -25"><span class='ocrx_word' id='word_1_117' title='bbox 432 1641 535 1691; x_wconf 88' lang='lat' dir='ltr'><strong>mero</strong></span> <span class='ocrx_word' id='word_1_118' title='bbox 551 1640 673 1689; x_wconf 89' lang='lat' dir='ltr'><strong>rerum</strong></span> <span class='ocrx_word' id='word_1_119' title='bbox 688 1613 931 1688; x_wconf 79' lang='lat' dir='ltr'><strong>exoedeutes¹.</strong></span> <span class='ocrx_word' id='word_1_120' title='bbox 951 1619 1002 1687; x_wconf 88' lang='lat' dir='ltr'><strong>Ne</strong></span> <span class='ocrx_word' id='word_1_121' title='bbox 1018 1638 1127 1711; x_wconf 86' lang='lat' dir='ltr'><strong>quem</strong></span> <span class='ocrx_word' id='word_1_122' title='bbox 1144 1615 1236 1686; x_wconf 81' lang='lat' dir='ltr'><strong>forte</strong></span> <span class='ocrx_word' id='word_1_123' title='bbox 1252 1627 1414 1703; x_wconf 84' lang='lat' dir='ltr'><strong>moveat,</strong></span> <span class='ocrx_word' id='word_1_124' title='bbox 1432 1612 1535 1712; x_wconf 89' lang='lat' dir='ltr'><strong>quod</strong></span> <span class='ocrx_word' id='word_1_125' title='bbox 1550 1612 1710 1687; x_wconf 80' lang='lat' dir='ltr'><strong>Isidorus</strong></span> <span class='ocrx_word' id='word_1_126' title='bbox 1728 1615 2034 1716; x_wconf 77' lang='lat' dir='ltr'><strong>Etymologiarnm</strong></span> 
     </span>
     <span class='ocr_line' id='line_1_11' title="bbox 432 1732 2036 1834; baseline -0.001 -23"><span class='ocrx_word' id='word_1_127' title='bbox 432 1737 514 1811; x_wconf 84' lang='lat' dir='ltr'><strong>libri</strong></span> <span class='ocrx_word' id='word_1_128' title='bbox 543 1738 607 1807; x_wconf 88' lang='lat' dir='ltr'><strong>Vll</strong></span> <span class='ocrx_word' id='word_1_129' title='bbox 636 1734 795 1833; x_wconf 88' lang='lat' dir='ltr'><strong>capitulo</strong></span> <span class='ocrx_word' id='word_1_130' title='bbox 819 1760 879 1828; x_wconf 87' lang='lat' dir='ltr'><strong>1v,</strong></span> <span class='ocrx_word' id='word_1_131' title='bbox 906 1734 996 1806; x_wconf 92' lang='lat' dir='ltr'><strong>dum</strong></span> <span class='ocrx_word' id='word_1_132' title='bbox 1021 1734 1275 1833; x_wconf 82' lang='lat' dir='ltr'><strong>etymologiam</strong></span> <span class='ocrx_word' id='word_1_133' title='bbox 1298 1733 1457 1806; x_wconf 92' lang='lat' dir='ltr'><strong>nominis</strong></span> <span class='ocrx_word' id='word_1_134' title='bbox 1484 1732 1613 1806; x_wconf 72' lang='lat' dir='ltr'><strong>divine</strong></span> <span class='ocrx_word' id='word_1_135' title='bbox 1633 1734 1813 1808; x_wconf 85' lang='lat' dir='ltr'><strong>Trinitatis</strong></span> <span class='ocrx_word' id='word_1_136' title='bbox 1837 1758 2036 1834; x_wconf 73' lang='lat' dir='ltr'><strong>proseque-</strong></span> 
     </span>
     <span class='ocr_line' id='line_1_12' title="bbox 431 1851 2036 1954; baseline -0.002 -23"><span class='ocrx_word' id='word_1_137' title='bbox 431 1870 546 1949; x_wconf 81' lang='lat' dir='ltr'><strong>retur,</strong></span> <span class='ocrx_word' id='word_1_138' title='bbox 568 1856 684 1954; x_wconf 87' lang='lat' dir='ltr'><strong>ipsam</strong></span> <span class='ocrx_word' id='word_1_139' title='bbox 703 1854 911 1929; x_wconf 81' lang='lat' dir='ltr'><strong>Trinitatem</strong></span> <span class='ocrx_word' id='word_1_140' title='bbox 934 1879 1050 1927; x_wconf 87' lang='lat' dir='ltr'><strong>unum</strong></span> <span class='ocrx_word' id='word_1_141' title='bbox 1071 1867 1188 1926; x_wconf 86' lang='lat' dir='ltr'><strong>totum</strong></span> <span class='ocrx_word' id='word_1_142' title='bbox 1211 1852 1259 1926; x_wconf 91' lang='lat' dir='ltr'><strong>ad</strong></span> <span class='ocrx_word' id='word_1_143' title='bbox 1276 1851 1435 1951; x_wconf 88' lang='lat' dir='ltr'><strong>singulas</strong></span> <span class='ocrx_word' id='word_1_144' title='bbox 1453 1852 1585 1925; x_wconf 83' lang='lat' dir='ltr'><strong>dixerit</strong></span> <span class='ocrx_word' id='word_1_145' title='bbox 1597 1877 1792 1952; x_wconf 82' lang='lat' dir='ltr'><strong>personas,</strong></span> <span class='ocrx_word' id='word_1_146' title='bbox 1810 1854 1868 1927; x_wconf 90' lang='lat' dir='ltr'><strong>his</strong></span> <span class='ocrx_word' id='word_1_147' title='bbox 1887 1854 2036 1953; x_wconf 89' lang='lat' dir='ltr'><strong>quidem</strong></span> 
     </span>
     <span class='ocr_line' id='line_1_13' title="bbox 435 1971 2037 2075; baseline 0.001 -27"><span class='ocrx_word' id='word_1_148' title='bbox 435 1976 573 2052; x_wconf 78' lang='lat' dir='ltr'><strong>serbis:</strong></span> <span class='ocrx_word' id='word_1_149' title='bbox 588 1974 766 2049; x_wconf 75' lang='lat' dir='ltr'><strong>«Trinitas</strong></span> <span class='ocrx_word' id='word_1_150' title='bbox 781 1974 961 2075; x_wconf 86' lang='lat' dir='ltr'><strong>appellata</strong></span> <span class='ocrx_word' id='word_1_151' title='bbox 975 1990 1043 2068; x_wconf 89' lang='lat' dir='ltr'><strong>est,</strong></span> <span class='ocrx_word' id='word_1_152' title='bbox 1055 1973 1157 2073; x_wconf 85' lang='lat' dir='ltr'><strong>quod</strong></span> <span class='ocrx_word' id='word_1_153' title='bbox 1168 1971 1230 2046; x_wconf 86' lang='lat' dir='ltr'><strong>fiat</strong></span> <span class='ocrx_word' id='word_1_154' title='bbox 1240 1998 1355 2045; x_wconf 69' lang='lat' dir='ltr'><strong>unium</strong></span> <span class='ocrx_word' id='word_1_155' title='bbox 1366 1987 1484 2046; x_wconf 89' lang='lat' dir='ltr'><strong>totum</strong></span> <span class='ocrx_word' id='word_1_156' title='bbox 1500 1997 1545 2046; x_wconf 83' lang='lat' dir='ltr'><strong>ex</strong></span> <span class='ocrx_word' id='word_1_157' title='bbox 1559 1973 1777 2073; x_wconf 84' lang='lat' dir='ltr'><strong>quibusdam</strong></span> <span class='ocrx_word' id='word_1_158' title='bbox 1791 1975 1921 2066; x_wconf 89' lang='lat' dir='ltr'><strong>tribus,</strong></span> <span class='ocrx_word' id='word_1_159' title='bbox 1936 1977 2037 2075; x_wconf 84' lang='lat' dir='ltr'><strong>quasi</strong></span> 
     </span>
     <span class='ocr_line' id='line_1_14' title="bbox 440 2092 2038 2194; baseline -0.003 -21"><span class='ocrx_word' id='word_1_160' title='bbox 440 2096 634 2182; x_wconf 80' lang='lat' dir='ltr'><strong>Trium&#39;tas,</strong></span> <span class='ocrx_word' id='word_1_161' title='bbox 653 2109 740 2186; x_wconf 75' lang='lat' dir='ltr'><strong>ete,</strong></span> <span class='ocrx_word' id='word_1_162' title='bbox 752 2124 771 2162; x_wconf 75' lang='lat' dir='ltr'><strong>e</strong></span> <span class='ocrx_word' id='word_1_163' title='bbox 789 2095 950 2168; x_wconf 87' lang='lat' dir='ltr'><strong>attendat</strong></span> <span class='ocrx_word' id='word_1_164' title='bbox 969 2095 1118 2169; x_wconf 80' lang='lat' dir='ltr'><strong>abusive</strong></span> <span class='ocrx_word' id='word_1_165' title='bbox 1136 2108 1257 2166; x_wconf 82' lang='lat' dir='ltr'><strong>totum</strong></span> <span class='ocrx_word' id='word_1_166' title='bbox 1273 2092 1345 2165; x_wconf 91' lang='lat' dir='ltr'><strong>dici</strong></span> <span class='ocrx_word' id='word_1_167' title='bbox 1363 2118 1431 2191; x_wconf 89' lang='lat' dir='ltr'><strong>pro</strong></span> <span class='ocrx_word' id='word_1_168' title='bbox 1448 2118 1678 2192; x_wconf 88' lang='lat' dir='ltr'><strong>quaoumque</strong></span> <span class='ocrx_word' id='word_1_169' title='bbox 1695 2107 1770 2167; x_wconf 90' lang='lat' dir='ltr'><strong>tam</strong></span> <span class='ocrx_word' id='word_1_170' title='bbox 1785 2119 1909 2168; x_wconf 88' lang='lat' dir='ltr'><strong>rerum</strong></span> <span class='ocrx_word' id='word_1_171' title='bbox 1928 2119 2038 2194; x_wconf 86' lang='lat' dir='ltr'><strong>quam</strong></span> 
     </span>
     <span class='ocr_line' id='line_1_15' title="bbox 436 2212 2040 2315; baseline 0 -27"><span class='ocrx_word' id='word_1_172' title='bbox 436 2216 697 2315; x_wconf 82' lang='lat' dir='ltr'><strong>proprietatum</strong></span> <span class='ocrx_word' id='word_1_173' title='bbox 707 2214 961 2289; x_wconf 74' lang='lat' dir='ltr'><strong>mmutudinet</strong></span> <span class='ocrx_word' id='word_1_174' title='bbox 974 2215 1046 2303; x_wconf 81' lang='lat' dir='ltr'><strong>Qui</strong></span> <span class='ocrx_word' id='word_1_175' title='bbox 1054 2214 1164 2288; x_wconf 87' lang='lat' dir='ltr'><strong>etiam</strong></span> <span class='ocrx_word' id='word_1_176' title='bbox 1175 2212 1352 2287; x_wconf 85' lang='lat' dir='ltr'><strong>ineodem</strong></span> <span class='ocrx_word' id='word_1_177' title='bbox 1363 2213 1523 2314; x_wconf 83' lang='lat' dir='ltr'><strong>capitulo</strong></span> <span class='ocrx_word' id='word_1_178' title='bbox 1531 2236 1616 2287; x_wconf 88' lang='lat' dir='ltr'><strong>cum</strong></span> <span class='ocrx_word' id='word_1_179' title='bbox 1625 2215 1774 2314; x_wconf 88' lang='lat' dir='ltr'><strong>propria</strong></span> <span class='ocrx_word' id='word_1_180' title='bbox 1782 2229 1818 2288; x_wconf 87' lang='lat' dir='ltr'><strong>et</strong></span> <span class='ocrx_word' id='word_1_181' title='bbox 1825 2214 2040 2315; x_wconf 77' lang='lat' dir='ltr'><strong>appellativa</strong></span> 
     </span>
     <span class='ocr_line' id='line_1_16' title="bbox 435 2333 2041 2432; baseline -0.002 -21"><span class='ocrx_word' id='word_1_182' title='bbox 435 2336 503 2411; x_wconf 88' lang='lat' dir='ltr'><strong>Dei</strong></span> <span class='ocrx_word' id='word_1_183' title='bbox 534 2334 685 2413; x_wconf 87' lang='lat' dir='ltr'><strong>uomina</strong></span> <span class='ocrx_word' id='word_1_184' title='bbox 711 2334 968 2432; x_wconf 80' lang='lat' dir='ltr'><strong>distingueret,</strong></span> <span class='ocrx_word' id='word_1_185' title='bbox 991 2336 1041 2408; x_wconf 88' lang='lat' dir='ltr'><strong>ita</strong></span> <span class='ocrx_word' id='word_1_186' title='bbox 1063 2333 1111 2408; x_wconf 92' lang='lat' dir='ltr'><strong>ab</strong></span> <span class='ocrx_word' id='word_1_187' title='bbox 1137 2335 1236 2406; x_wconf 92' lang='lat' dir='ltr'><strong>omni</strong></span> <span class='ocrx_word' id='word_1_188' title='bbox 1264 2333 1459 2407; x_wconf 89' lang='lat' dir='ltr'><strong>homiuum</strong></span> <span class='ocrx_word' id='word_1_189' title='bbox 1481 2334 1622 2408; x_wconf 88' lang='lat' dir='ltr'><strong>ratione</strong></span> <span class='ocrx_word' id='word_1_190' title='bbox 1649 2350 1686 2408; x_wconf 88' lang='lat' dir='ltr'><strong>et</strong></span> <span class='ocrx_word' id='word_1_191' title='bbox 1714 2356 1782 2407; x_wconf 87' lang='lat' dir='ltr'><strong>usu</strong></span> <span class='ocrx_word' id='word_1_192' title='bbox 1806 2335 1973 2426; x_wconf 83' lang='lat' dir='ltr'><strong>recessit,</strong></span> <span class='ocrx_word' id='word_1_193' title='bbox 1999 2350 2041 2408; x_wconf 93' lang='lat' dir='ltr'><strong>ut</strong></span> 
     </span>
     <span class='ocr_line' id='line_1_17' title="bbox 435 2453 2040 2557; baseline 0 -29"><span class='ocrx_word' id='word_1_194' title='bbox 435 2457 583 2557; x_wconf 87' lang='lat' dir='ltr'><strong>propria</strong></span> <span class='ocrx_word' id='word_1_195' title='bbox 602 2455 738 2528; x_wconf 86' lang='lat' dir='ltr'><strong>dioeret</strong></span> <span class='ocrx_word' id='word_1_196' title='bbox 756 2481 837 2552; x_wconf 83' lang='lat' dir='ltr'><strong>quae</strong></span> <span class='ocrx_word' id='word_1_197' title='bbox 855 2456 969 2554; x_wconf 88' lang='lat' dir='ltr'><strong>magis</strong></span> <span class='ocrx_word' id='word_1_198' title='bbox 980 2453 1198 2556; x_wconf 86' lang='lat' dir='ltr'><strong>appellativa</strong></span> <span class='ocrx_word' id='word_1_199' title='bbox 1211 2453 1392 2548; x_wconf 83' lang='lat' dir='ltr'><strong>ridentur,</strong></span> <span class='ocrx_word' id='word_1_200' title='bbox 1408 2469 1445 2527; x_wconf 90' lang='lat' dir='ltr'><strong>et</strong></span> <span class='ocrx_word' id='word_1_201' title='bbox 1465 2478 1486 2527; x_wconf 90' lang='lat' dir='ltr'><strong>e</strong></span> <span class='ocrx_word' id='word_1_202' title='bbox 1509 2478 1687 2527; x_wconf 66' lang='lat' dir='ltr'><strong>convene</strong></span> <span class='ocrx_word' id='word_1_203' title='bbox 1718 2455 1934 2554; x_wconf 82' lang='lat' dir='ltr'><strong>appellativa</strong></span> <span class='ocrx_word' id='word_1_204' title='bbox 1953 2478 2040 2555; x_wconf 89' lang='lat' dir='ltr'><strong>pro·</strong></span> 
     </span>
     <span class='ocr_line' id='line_1_18' title="bbox 436 2572 2036 2676; baseline -0.001 -32"><span class='ocrx_word' id='word_1_205' title='bbox 436 2577 528 2676; x_wconf 78' lang='lat' dir='ltr'><strong>pria.</strong></span> <span class='ocrx_word' id='word_1_206' title='bbox 555 2603 575 2645; x_wconf 79' lang='lat' dir='ltr'><strong>r</strong></span> <span class='ocrx_word' id='word_1_207' title='bbox 597 2577 638 2646; x_wconf 92' lang='lat' dir='ltr'><strong>ln</strong></span> <span class='ocrx_word' id='word_1_208' title='bbox 663 2572 746 2666; x_wconf 83' lang='lat' dir='ltr'><strong>hac,</strong></span> <span class='ocrx_word' id='word_1_209' title='bbox 776 2575 911 2671; x_wconf 86' lang='lat' dir='ltr'><strong>inquit,</strong></span> <span class='ocrx_word' id='word_1_210' title='bbox 941 2576 1112 2647; x_wconf 87' lang='lat' dir='ltr'><strong>Trinitate</strong></span> <span class='ocrx_word' id='word_1_211' title='bbox 1142 2573 1210 2645; x_wconf 87' lang='lat' dir='ltr'><strong>alia</strong></span> <span class='ocrx_word' id='word_1_212' title='bbox 1237 2573 1452 2671; x_wconf 80' lang='lat' dir='ltr'><strong>appellativa</strong></span> <span class='ocrx_word' id='word_1_213' title='bbox 1481 2574 1645 2664; x_wconf 89' lang='lat' dir='ltr'><strong>nomina,</strong></span> <span class='ocrx_word' id='word_1_214' title='bbox 1671 2573 1741 2647; x_wconf 84' lang='lat' dir='ltr'><strong>alia</strong></span> <span class='ocrx_word' id='word_1_215' title='bbox 1768 2575 1914 2673; x_wconf 83' lang='lat' dir='ltr'><strong>propria</strong></span> <span class='ocrx_word' id='word_1_216' title='bbox 1939 2587 2036 2645; x_wconf 88' lang='lat' dir='ltr'><strong>sunt.</strong></span> 
     </span>
     <span class='ocr_line' id='line_1_19' title="bbox 436 2692 2041 2792; baseline -0.003 -26"><span class='ocrx_word' id='word_1_217' title='bbox 436 2694 587 2792; x_wconf 85' lang='lat' dir='ltr'><strong>Propria</strong></span> <span class='ocrx_word' id='word_1_218' title='bbox 609 2706 695 2764; x_wconf 90' lang='lat' dir='ltr'><strong>suut</strong></span> <span class='ocrx_word' id='word_1_219' title='bbox 715 2694 930 2783; x_wconf 85' lang='lat' dir='ltr'><strong>essentialia,</strong></span> <span class='ocrx_word' id='word_1_220' title='bbox 958 2704 997 2765; x_wconf 86' lang='lat' dir='ltr'><strong>ut</strong></span> <span class='ocrx_word' id='word_1_221' title='bbox 1010 2696 1121 2786; x_wconf 90' lang='lat' dir='ltr'><strong>Deus,</strong></span> <span class='ocrx_word' id='word_1_222' title='bbox 1144 2692 1338 2783; x_wconf 89' lang='lat' dir='ltr'><strong>Dominus,</strong></span> <span class='ocrx_word' id='word_1_223' title='bbox 1357 2693 1602 2791; x_wconf 85' lang='lat' dir='ltr'><strong>omnipotens,</strong></span> <span class='ocrx_word' id='word_1_224' title='bbox 1625 2692 1875 2783; x_wconf 81' lang='lat' dir='ltr'><strong>immutab&#39;dls,</strong></span> <span class='ocrx_word' id='word_1_225' title='bbox 1894 2692 2041 2764; x_wconf 88' lang='lat' dir='ltr'><strong>immor·</strong></span> 
     </span>
     <span class='ocr_line' id='line_1_20' title="bbox 437 2808 2043 2911; baseline -0.002 -26"><span class='ocrx_word' id='word_1_226' title='bbox 437 2811 517 2887; x_wconf 81' lang='lat' dir='ltr'><strong>talis</strong></span> <span class='ocrx_word' id='word_1_227' title='bbox 535 2826 597 2886; x_wconf 88' lang='lat' dir='ltr'><strong>:et</strong></span> <span class='ocrx_word' id='word_1_228' title='bbox 612 2811 697 2884; x_wconf 89' lang='lat' dir='ltr'><strong>inde</strong></span> <span class='ocrx_word' id='word_1_229' title='bbox 711 2814 871 2911; x_wconf 88' lang='lat' dir='ltr'><strong>propria,</strong></span> <span class='ocrx_word' id='word_1_230' title='bbox 886 2813 972 2910; x_wconf 88' lang='lat' dir='ltr'><strong>quia</strong></span> <span class='ocrx_word' id='word_1_231' title='bbox 985 2813 1101 2911; x_wconf 86' lang='lat' dir='ltr'><strong>ipsam</strong></span> <span class='ocrx_word' id='word_1_232' title='bbox 1114 2809 1318 2909; x_wconf 81' lang='lat' dir='ltr'><strong>significant</strong></span> <span class='ocrx_word' id='word_1_233' title='bbox 1325 2810 1564 2886; x_wconf 87' lang='lat' dir='ltr'><strong>substantiam</strong></span> <span class='ocrx_word' id='word_1_234' title='bbox 1580 2835 1653 2911; x_wconf 89' lang='lat' dir='ltr'><strong>qua</strong></span> <span class='ocrx_word' id='word_1_235' title='bbox 1671 2836 1786 2884; x_wconf 88' lang='lat' dir='ltr'><strong>unum</strong></span> <span class='ocrx_word' id='word_1_236' title='bbox 1801 2825 1897 2887; x_wconf 83' lang='lat' dir='ltr'><strong>sunt.</strong></span> <span class='ocrx_word' id='word_1_237' title='bbox 1913 2808 2043 2910; x_wconf 79' lang='lat' dir='ltr'><strong>Appel—</strong></span> 
     </span>
     <span class='ocr_line' id='line_1_21' title="bbox 437 2930 2038 3031; baseline -0.002 -25"><span class='ocrx_word' id='word_1_238' title='bbox 437 2931 545 3007; x_wconf 86' lang='lat' dir='ltr'><strong>lativa</strong></span> <span class='ocrx_word' id='word_1_239' title='bbox 560 2956 649 3004; x_wconf 84' lang='lat' dir='ltr'><strong>vero</strong></span> <span class='ocrx_word' id='word_1_240' title='bbox 674 2935 778 3004; x_wconf 85' lang='lat' dir='ltr'><strong>Pater</strong></span> <span class='ocrx_word' id='word_1_241' title='bbox 792 2948 829 3004; x_wconf 88' lang='lat' dir='ltr'><strong>st</strong></span> <span class='ocrx_word' id='word_1_242' title='bbox 845 2930 953 3004; x_wconf 87' lang='lat' dir='ltr'><strong>Filius</strong></span> <span class='ocrx_word' id='word_1_243' title='bbox 974 2946 1010 3004; x_wconf 91' lang='lat' dir='ltr'><strong>et</strong></span> <span class='ocrx_word' id='word_1_244' title='bbox 1025 2931 1180 3030; x_wconf 84' lang='lat' dir='ltr'><strong>Spiritus</strong></span> <span class='ocrx_word' id='word_1_245' title='bbox 1201 2945 1368 3024; x_wconf 88' lang='lat' dir='ltr'><strong>sauctus;</strong></span> <span class='ocrx_word' id='word_1_246' title='bbox 1387 2933 1584 3031; x_wconf 83' lang='lat' dir='ltr'><strong>ingenitus,</strong></span> <span class='ocrx_word' id='word_1_247' title='bbox 1604 2930 1757 3005; x_wconf 89' lang='lat' dir='ltr'><strong>Genitus</strong></span> <span class='ocrx_word' id='word_1_248' title='bbox 1772 2945 1808 3004; x_wconf 85' lang='lat' dir='ltr'><strong>et</strong></span> <span class='ocrx_word' id='word_1_249' title='bbox 1824 2931 2038 3005; x_wconf 84' lang='lat' dir='ltr'><strong>Prooedens.</strong></span> 
     </span>
     <span class='ocr_line' id='line_1_22' title="bbox 436 3046 2044 3152; baseline -0.001 -26"><span class='ocrx_word' id='word_1_250' title='bbox 436 3050 575 3126; x_wconf 80' lang='lat' dir='ltr'><strong>Eadem</strong></span> <span class='ocrx_word' id='word_1_251' title='bbox 592 3066 627 3124; x_wconf 91' lang='lat' dir='ltr'><strong>et</strong></span> <span class='ocrx_word' id='word_1_252' title='bbox 643 3052 804 3124; x_wconf 81' lang='lat' dir='ltr'><strong>relativa.</strong></span> <span class='ocrx_word' id='word_1_253' title='bbox 818 3079 838 3120; x_wconf 82' lang='lat' dir='ltr'><strong>u</strong></span> <span class='ocrx_word' id='word_1_254' title='bbox 853 3056 1045 3125; x_wconf 86' lang='lat' dir='ltr'><strong>Possumus</strong></span> <span class='ocrx_word' id='word_1_255' title='bbox 1059 3052 1169 3124; x_wconf 89' lang='lat' dir='ltr'><strong>etiam</strong></span> <span class='ocrx_word' id='word_1_256' title='bbox 1182 3050 1315 3147; x_wconf 84' lang='lat' dir='ltr'><strong>dicere,</strong></span> <span class='ocrx_word' id='word_1_257' title='bbox 1332 3052 1529 3152; x_wconf 89' lang='lat' dir='ltr'><strong>quodcum</strong></span> <span class='ocrx_word' id='word_1_258' title='bbox 1550 3052 1709 3144; x_wconf 83' lang='lat' dir='ltr'><strong>nominis</strong></span> <span class='ocrx_word' id='word_1_259' title='bbox 1725 3051 1836 3149; x_wconf 88' lang='lat' dir='ltr'><strong>hujus</strong></span> <span class='ocrx_word' id='word_1_260' title='bbox 1854 3046 1956 3150; x_wconf 89' lang='lat' dir='ltr'><strong>quod</strong></span> <span class='ocrx_word' id='word_1_261' title='bbox 1972 3048 2044 3124; x_wconf 87' lang='lat' dir='ltr'><strong>Tri·</strong></span> 
     </span>
     <span class='ocr_line' id='line_1_23' title="bbox 437 3169 2044 3273; baseline 0 -29"><span class='ocrx_word' id='word_1_262' title='bbox 437 3172 531 3246; x_wconf 88' lang='lat' dir='ltr'><strong>nitas</strong></span> <span class='ocrx_word' id='word_1_263' title='bbox 549 3172 803 3269; x_wconf 82' lang='lat' dir='ltr'><strong>etymologiam</strong></span> <span class='ocrx_word' id='word_1_264' title='bbox 819 3171 977 3244; x_wconf 82' lang='lat' dir='ltr'><strong>Isidorus</strong></span> <span class='ocrx_word' id='word_1_265' title='bbox 992 3169 1205 3263; x_wconf 88' lang='lat' dir='ltr'><strong>reddiderit,</strong></span> <span class='ocrx_word' id='word_1_266' title='bbox 1227 3173 1302 3244; x_wconf 79' lang='lat' dir='ltr'><strong>vim</strong></span> <span class='ocrx_word' id='word_1_267' title='bbox 1318 3175 1434 3273; x_wconf 87' lang='lat' dir='ltr'><strong>ipsam</strong></span> <span class='ocrx_word' id='word_1_268' title='bbox 1455 3173 1614 3245; x_wconf 86' lang='lat' dir='ltr'><strong>nominis</strong></span> <span class='ocrx_word' id='word_1_269' title='bbox 1635 3171 1847 3269; x_wconf 80' lang='lat' dir='ltr'><strong>generaliter</strong></span> <span class='ocrx_word' id='word_1_270' title='bbox 1859 3171 1968 3245; x_wconf 86' lang='lat' dir='ltr'><strong>uobis</strong></span> <span class='ocrx_word' id='word_1_271' title='bbox 1983 3195 2044 3244; x_wconf 60' lang='lat' dir='ltr'><strong>ex⁴</strong></span> 
     </span>
     <span class='ocr_line' id='line_1_24' title="bbox 438 3285 2046 3391; baseline -0.001 -27"><span class='ocrx_word' id='word_1_272' title='bbox 438 3294 626 3391; x_wconf 84' lang='lat' dir='ltr'><strong>presserit,</strong></span> <span class='ocrx_word' id='word_1_273' title='bbox 644 3316 719 3365; x_wconf 90' lang='lat' dir='ltr'><strong>non</strong></span> <span class='ocrx_word' id='word_1_274' title='bbox 738 3291 964 3390; x_wconf 87' lang='lat' dir='ltr'><strong>singulariter</strong></span> <span class='ocrx_word' id='word_1_275' title='bbox 976 3292 1014 3364; x_wconf 90' lang='lat' dir='ltr'><strong>in</strong></span> <span class='ocrx_word' id='word_1_276' title='bbox 1037 3291 1160 3364; x_wconf 79' lang='lat' dir='ltr'><strong>divina</strong></span> <span class='ocrx_word' id='word_1_277' title='bbox 1179 3290 1412 3366; x_wconf 86' lang='lat' dir='ltr'><strong>solummodo</strong></span> <span class='ocrx_word' id='word_1_278' title='bbox 1428 3291 1611 3364; x_wconf 78' lang='lat' dir='ltr'><strong>Trinitate.</strong></span> <span class='ocrx_word' id='word_1_279' title='bbox 1625 3296 1673 3363; x_wconf 71' lang='lat' dir='ltr'><strong>ts</strong></span> <span class='ocrx_word' id='word_1_280' title='bbox 1684 3315 1813 3365; x_wconf 82' lang='lat' dir='ltr'><strong>rerum</strong></span> <span class='ocrx_word' id='word_1_281' title='bbox 1826 3285 1975 3391; x_wconf 84' lang='lat' dir='ltr'><strong>quidem</strong></span> <span class='ocrx_word' id='word_1_282' title='bbox 1993 3304 2046 3362; x_wconf 88' lang='lat' dir='ltr'><strong>est</strong></span> 
     </span>
     <span class='ocr_line' id='line_1_25' title="bbox 438 3410 2042 3511; baseline -0.001 -28"><span class='ocrx_word' id='word_1_283' title='bbox 438 3410 541 3508; x_wconf 86' lang='lat' dir='ltr'><strong>quod</strong></span> <span class='ocrx_word' id='word_1_284' title='bbox 561 3410 663 3509; x_wconf 82' lang='lat' dir='ltr'><strong>juxta</strong></span> <span class='ocrx_word' id='word_1_285' title='bbox 690 3413 876 3511; x_wconf 87' lang='lat' dir='ltr'><strong>propriam</strong></span> <span class='ocrx_word' id='word_1_286' title='bbox 903 3426 940 3484; x_wconf 90' lang='lat' dir='ltr'><strong>et</strong></span> <span class='ocrx_word' id='word_1_287' title='bbox 967 3411 1133 3484; x_wconf 81' lang='lat' dir='ltr'><strong>usitatam</strong></span> <span class='ocrx_word' id='word_1_288' title='bbox 1157 3410 1469 3509; x_wconf 80' lang='lat' dir='ltr'><strong>significationem,</strong></span> <span class='ocrx_word' id='word_1_289' title='bbox 1496 3411 1526 3483; x_wconf 86' lang='lat' dir='ltr'><strong>si</strong></span> <span class='ocrx_word' id='word_1_290' title='bbox 1550 3410 1691 3484; x_wconf 77' lang='lat' dir='ltr'><strong>dicante</strong></span> <span class='ocrx_word' id='word_1_291' title='bbox 1710 3411 1862 3485; x_wconf 84' lang='lat' dir='ltr'><strong>Trinitas</strong></span> <span class='ocrx_word' id='word_1_292' title='bbox 1882 3410 1938 3484; x_wconf 87' lang='lat' dir='ltr'><strong>rel</strong></span> <span class='ocrx_word' id='word_1_293' title='bbox 1961 3410 2042 3500; x_wconf 81' lang='lat' dir='ltr'><strong>tria,</strong></span> 
     </span>
     <span class='ocr_line' id='line_1_26' title="bbox 440 3529 2043 3630; baseline -0.003 -22"><span class='ocrx_word' id='word_1_294' title='bbox 440 3531 705 3608; x_wconf 86' lang='lat' dir='ltr'><strong>multitudinem</strong></span> <span class='ocrx_word' id='word_1_295' title='bbox 737 3557 860 3605; x_wconf 90' lang='lat' dir='ltr'><strong>rerum</strong></span> <span class='ocrx_word' id='word_1_296' title='bbox 884 3546 921 3604; x_wconf 94' lang='lat' dir='ltr'><strong>et</strong></span> <span class='ocrx_word' id='word_1_297' title='bbox 942 3556 1135 3606; x_wconf 86' lang='lat' dir='ltr'><strong>nusuerum</strong></span> <span class='ocrx_word' id='word_1_298' title='bbox 1159 3546 1378 3626; x_wconf 90' lang='lat' dir='ltr'><strong>monstrant,</strong></span> <span class='ocrx_word' id='word_1_299' title='bbox 1401 3530 1503 3630; x_wconf 88' lang='lat' dir='ltr'><strong>quod</strong></span> <span class='ocrx_word' id='word_1_300' title='bbox 1526 3531 1564 3603; x_wconf 88' lang='lat' dir='ltr'><strong>in</strong></span> <span class='ocrx_word' id='word_1_301' title='bbox 1587 3535 1667 3605; x_wconf 88' lang='lat' dir='ltr'><strong>Deo</strong></span> <span class='ocrx_word' id='word_1_302' title='bbox 1688 3531 1837 3605; x_wconf 88' lang='lat' dir='ltr'><strong>minime</strong></span> <span class='ocrx_word' id='word_1_303' title='bbox 1861 3529 2043 3620; x_wconf 64' lang='lat' dir='ltr'><strong>conveni,</strong></span> 
     </span>
     <span class='ocr_line' id='line_1_27' title="bbox 441 3649 1739 3751; baseline 0.001 -28"><span class='ocrx_word' id='word_1_304' title='bbox 441 3649 503 3726; x_wconf 87' lang='lat' dir='ltr'><strong>ubi</strong></span> <span class='ocrx_word' id='word_1_305' title='bbox 520 3674 752 3749; x_wconf 86' lang='lat' dir='ltr'><strong>nequaquam</strong></span> <span class='ocrx_word' id='word_1_306' title='bbox 769 3651 964 3724; x_wconf 89' lang='lat' dir='ltr'><strong>multitudo</strong></span> <span class='ocrx_word' id='word_1_307' title='bbox 978 3666 1032 3724; x_wconf 91' lang='lat' dir='ltr'><strong>est</strong></span> <span class='ocrx_word' id='word_1_308' title='bbox 1048 3677 1184 3744; x_wconf 88' lang='lat' dir='ltr'><strong>rerum,</strong></span> <span class='ocrx_word' id='word_1_309' title='bbox 1203 3650 1266 3726; x_wconf 89' lang='lat' dir='ltr'><strong>sed</strong></span> <span class='ocrx_word' id='word_1_310' title='bbox 1283 3652 1471 3724; x_wconf 75' lang='lat' dir='ltr'><strong>diversitas</strong></span> <span class='ocrx_word' id='word_1_311' title='bbox 1486 3673 1739 3751; x_wconf 79' lang='lat' dir='ltr'><strong>personarum</strong></span> 
     </span>
    </p>

    <p class='ocr_par' dir='ltr' id='par_1_3' title="bbox 436 3765 2048 4105">
     <span class='ocr_line' id='line_1_28' title="bbox 484 3765 2045 3866; baseline 0.003 -29"><span class='ocrx_word' id='word_1_312' title='bbox 484 3765 596 3853; x_wconf 91' lang='lat' dir='ltr'><strong>Quod</strong></span> <span class='ocrx_word' id='word_1_313' title='bbox 620 3780 742 3840; x_wconf 89' lang='lat' dir='ltr'><strong>autem</strong></span> <span class='ocrx_word' id='word_1_314' title='bbox 765 3766 802 3838; x_wconf 90' lang='lat' dir='ltr'><strong>in</strong></span> <span class='ocrx_word' id='word_1_315' title='bbox 824 3765 990 3864; x_wconf 89' lang='lat' dir='ltr'><strong>eoquod</strong></span> <span class='ocrx_word' id='word_1_316' title='bbox 1013 3765 1146 3841; x_wconf 85' lang='lat' dir='ltr'><strong>dieitur</strong></span> <span class='ocrx_word' id='word_1_317' title='bbox 1167 3767 1247 3839; x_wconf 87' lang='lat' dir='ltr'><strong>talis</strong></span> <span class='ocrx_word' id='word_1_318' title='bbox 1260 3771 1364 3840; x_wconf 84' lang='lat' dir='ltr'><strong>Pater</strong></span> <span class='ocrx_word' id='word_1_319' title='bbox 1386 3767 1503 3866; x_wconf 85' lang='lat' dir='ltr'><strong>qualis</strong></span> <span class='ocrx_word' id='word_1_320' title='bbox 1525 3768 1633 3840; x_wconf 80' lang='lat' dir='ltr'><strong>Filius</strong></span> <span class='ocrx_word' id='word_1_321' title='bbox 1655 3782 1692 3842; x_wconf 87' lang='lat' dir='ltr'><strong>et</strong></span> <span class='ocrx_word' id='word_1_322' title='bbox 1713 3767 1867 3866; x_wconf 65' lang='lat' dir='ltr'><strong>Spiritu</strong></span> <span class='ocrx_word' id='word_1_323' title='bbox 1888 3781 2045 3857; x_wconf 71' lang='lat' dir='ltr'><strong>smum,</strong></span> 
     </span>
     <span class='ocr_line' id='line_1_29' title="bbox 436 3869 2041 3987; baseline 0.004 -32"><span class='ocrx_word' id='word_1_324' title='bbox 436 3883 603 3983; x_wconf 75' lang='lat' dir='ltr'><strong>quedam</strong></span> <span class='ocrx_word' id='word_1_325' title='bbox 618 3886 815 3958; x_wconf 90' lang='lat' dir='ltr'><strong>similitudo</strong></span> <span class='ocrx_word' id='word_1_326' title='bbox 829 3869 1006 3979; x_wconf 87' lang='lat' dir='ltr'><strong>innuitur,</strong></span> <span class='ocrx_word' id='word_1_327' title='bbox 1026 3898 1068 3957; x_wconf 90' lang='lat' dir='ltr'><strong>ut</strong></span> <span class='ocrx_word' id='word_1_328' title='bbox 1082 3886 1219 3959; x_wconf 80' lang='lat' dir='ltr'><strong>scilieet</strong></span> <span class='ocrx_word' id='word_1_329' title='bbox 1236 3891 1340 3960; x_wconf 83' lang='lat' dir='ltr'><strong>Pater</strong></span> <span class='ocrx_word' id='word_1_330' title='bbox 1356 3889 1402 3961; x_wconf 90' lang='lat' dir='ltr'><strong>sit</strong></span> <span class='ocrx_word' id='word_1_331' title='bbox 1417 3888 1542 3962; x_wconf 87' lang='lat' dir='ltr'><strong>similis</strong></span> <span class='ocrx_word' id='word_1_332' title='bbox 1556 3886 1646 3960; x_wconf 88' lang='lat' dir='ltr'><strong>Filio</strong></span> <span class='ocrx_word' id='word_1_333' title='bbox 1660 3888 1717 3961; x_wconf 86' lang='lat' dir='ltr'><strong>vel</strong></span> <span class='ocrx_word' id='word_1_334' title='bbox 1732 3887 1881 3987; x_wconf 78' lang='lat' dir='ltr'><strong>Spiritui</strong></span> <span class='ocrx_word' id='word_1_335' title='bbox 1897 3902 2041 3978; x_wconf 78' lang='lat' dir='ltr'><strong>sancto3</strong></span> 
     </span>
     <span class='ocr_line' id='line_1_30' title="bbox 437 4004 2048 4105; baseline 0.001 -30"><span class='ocrx_word' id='word_1_336' title='bbox 437 4004 508 4076; x_wconf 91' lang='lat' dir='ltr'><strong>tale</strong></span> <span class='ocrx_word' id='word_1_337' title='bbox 528 4018 581 4076; x_wconf 87' lang='lat' dir='ltr'><strong>est</strong></span> <span class='ocrx_word' id='word_1_338' title='bbox 606 4029 648 4077; x_wconf 84' lang='lat' dir='ltr'><strong>ac</strong></span> <span class='ocrx_word' id='word_1_339' title='bbox 672 4006 703 4077; x_wconf 89' lang='lat' dir='ltr'><strong>si</strong></span> <span class='ocrx_word' id='word_1_340' title='bbox 726 4004 889 4078; x_wconf 84' lang='lat' dir='ltr'><strong>dicatur:</strong></span> <span class='ocrx_word' id='word_1_341' title='bbox 909 4009 990 4077; x_wconf 89' lang='lat' dir='ltr'><strong>Non</strong></span> <span class='ocrx_word' id='word_1_342' title='bbox 1013 4018 1068 4077; x_wconf 88' lang='lat' dir='ltr'><strong>est</strong></span> <span class='ocrx_word' id='word_1_343' title='bbox 1092 4005 1130 4076; x_wconf 94' lang='lat' dir='ltr'><strong>in</strong></span> <span class='ocrx_word' id='word_1_344' title='bbox 1155 4004 1278 4105; x_wconf 85' lang='lat' dir='ltr'><strong>aliquo</strong></span> <span class='ocrx_word' id='word_1_345' title='bbox 1304 4007 1499 4105; x_wconf 87' lang='lat' dir='ltr'><strong>majestatis</strong></span> <span class='ocrx_word' id='word_1_346' title='bbox 1523 4006 1625 4079; x_wconf 91' lang='lat' dir='ltr'><strong>bono</strong></span> <span class='ocrx_word' id='word_1_347' title='bbox 1650 4006 1697 4082; x_wconf 94' lang='lat' dir='ltr'><strong>ab</strong></span> <span class='ocrx_word' id='word_1_348' title='bbox 1725 4032 1773 4079; x_wconf 89' lang='lat' dir='ltr'><strong>eo</strong></span> <span class='ocrx_word' id='word_1_349' title='bbox 1795 4007 1981 4100; x_wconf 63' lang='lat' dir='ltr'><strong>diruens,</strong></span> <span class='ocrx_word' id='word_1_350' title='bbox 2006 4019 2048 4078; x_wconf 91' lang='lat' dir='ltr'><strong>ut</strong></span> 
     </span>
    </p>
   </div>
   <div class='ocr_carea' id='block_1_3' title="bbox 437 4121 2052 4829">
    <p class='ocr_par' dir='ltr' id='par_1_4' title="bbox 437 4121 2052 4829">
     <span class='ocr_line' id='line_1_31' title="bbox 437 4121 2049 4225; baseline 0.001 -27"><span class='ocrx_word' id='word_1_351' title='bbox 437 4121 603 4198; x_wconf 84' lang='lat' dir='ltr'><strong>videlieet</strong></span> <span class='ocrx_word' id='word_1_352' title='bbox 616 4123 807 4221; x_wconf 88' lang='lat' dir='ltr'><strong>negatione</strong></span> <span class='ocrx_word' id='word_1_353' title='bbox 819 4124 933 4221; x_wconf 86' lang='lat' dir='ltr'><strong>magis</strong></span> <span class='ocrx_word' id='word_1_354' title='bbox 947 4146 1060 4221; x_wconf 88' lang='lat' dir='ltr'><strong>quam</strong></span> <span class='ocrx_word' id='word_1_355' title='bbox 1075 4123 1317 4200; x_wconf 83' lang='lat' dir='ltr'><strong>allirmatioue</strong></span> <span class='ocrx_word' id='word_1_356' title='bbox 1333 4126 1565 4225; x_wconf 85' lang='lat' dir='ltr'><strong>intelligatur.</strong></span> <span class='ocrx_word' id='word_1_357' title='bbox 1583 4130 1627 4200; x_wconf 83' lang='lat' dir='ltr'><strong>Et</strong></span> <span class='ocrx_word' id='word_1_358' title='bbox 1641 4127 1805 4200; x_wconf 89' lang='lat' dir='ltr'><strong>similiter</strong></span> <span class='ocrx_word' id='word_1_359' title='bbox 1817 4149 1902 4202; x_wconf 86' lang='lat' dir='ltr'><strong>cum</strong></span> <span class='ocrx_word' id='word_1_360' title='bbox 1917 4126 2049 4201; x_wconf 76' lang='lat' dir='ltr'><strong>dieitur</strong></span> 
     </span>
     <span class='ocr_line' id='line_1_32' title="bbox 437 4241 2050 4348; baseline 0.001 -30"><span class='ocrx_word' id='word_1_361' title='bbox 437 4243 583 4339; x_wconf 80' lang='lat' dir='ltr'><strong>aequalis</strong></span> <span class='ocrx_word' id='word_1_362' title='bbox 600 4265 692 4333; x_wconf 84' lang='lat' dir='ltr'><strong>esse,</strong></span> <span class='ocrx_word' id='word_1_363' title='bbox 720 4243 791 4317; x_wconf 89' lang='lat' dir='ltr'><strong>tale</strong></span> <span class='ocrx_word' id='word_1_364' title='bbox 810 4257 865 4316; x_wconf 88' lang='lat' dir='ltr'><strong>est</strong></span> <span class='ocrx_word' id='word_1_365' title='bbox 882 4263 926 4316; x_wconf 85' lang='lat' dir='ltr'><strong>ac</strong></span> <span class='ocrx_word' id='word_1_366' title='bbox 951 4242 982 4315; x_wconf 91' lang='lat' dir='ltr'><strong>si</strong></span> <span class='ocrx_word' id='word_1_367' title='bbox 1003 4241 1156 4337; x_wconf 79' lang='lat' dir='ltr'><strong>dicatur,</strong></span> <span class='ocrx_word' id='word_1_368' title='bbox 1177 4247 1214 4318; x_wconf 92' lang='lat' dir='ltr'><strong>iu</strong></span> <span class='ocrx_word' id='word_1_369' title='bbox 1237 4246 1299 4322; x_wconf 89' lang='lat' dir='ltr'><strong>illa</strong></span> <span class='ocrx_word' id='word_1_370' title='bbox 1319 4246 1516 4321; x_wconf 82' lang='lat' dir='ltr'><strong>divinitatis</strong></span> <span class='ocrx_word' id='word_1_371' title='bbox 1537 4246 1649 4343; x_wconf 86' lang='lat' dir='ltr'><strong>gloria</strong></span> <span class='ocrx_word' id='word_1_372' title='bbox 1667 4249 1736 4322; x_wconf 82' lang='lat' dir='ltr'><strong>alia</strong></span> <span class='ocrx_word' id='word_1_373' title='bbox 1756 4271 1913 4348; x_wconf 76' lang='lat' dir='ltr'><strong>persona</strong></span> <span class='ocrx_word' id='word_1_374' title='bbox 1927 4248 2050 4320; x_wconf 89' lang='lat' dir='ltr'><strong>minor</strong></span> 
     </span>
     <span class='ocr_line' id='line_1_33' title="bbox 438 4362 2051 4468; baseline 0 -28"><span class='ocrx_word' id='word_1_375' title='bbox 438 4366 541 4453; x_wconf 74' lang='lat' dir='ltr'><strong>esse‘,</strong></span> <span class='ocrx_word' id='word_1_376' title='bbox 553 4362 1211 4463; x_wconf 80' lang='lat' dir='ltr'><strong>cumsiutejusdempeuitusessentiae.</strong></span> <span class='ocrx_word' id='word_1_377' title='bbox 1225 4367 1296 4441; x_wconf 85' lang='lat' dir='ltr'><strong>Sed</strong></span> <span class='ocrx_word' id='word_1_378' title='bbox 1305 4382 1342 4441; x_wconf 89' lang='lat' dir='ltr'><strong>et</strong></span> <span class='ocrx_word' id='word_1_379' title='bbox 1351 4391 1437 4441; x_wconf 84' lang='lat' dir='ltr'><strong>eum</strong></span> <span class='ocrx_word' id='word_1_380' title='bbox 1448 4366 1675 4460; x_wconf 72' lang='lat' dir='ltr'><strong>Athanasius,</strong></span> <span class='ocrx_word' id='word_1_381' title='bbox 1686 4369 1884 4468; x_wconf 62' lang='lat' dir='ltr'><strong>prumiae,</strong></span> <span class='ocrx_word' id='word_1_382' title='bbox 1899 4367 2051 4456; x_wconf 72' lang='lat' dir='ltr'><strong>«Qualis</strong></span> 
     </span>
     <span class='ocr_line' id='line_1_34' title="bbox 440 4484 2051 4585; baseline 0.002 -29"><span class='ocrx_word' id='word_1_383' title='bbox 440 4487 557 4577; x_wconf 83' lang='lat' dir='ltr'><strong>Pater,</strong></span> <span class='ocrx_word' id='word_1_384' title='bbox 582 4484 661 4560; x_wconf 85' lang='lat' dir='ltr'><strong>talis</strong></span> <span class='ocrx_word' id='word_1_385' title='bbox 682 4484 789 4560; x_wconf 84' lang='lat' dir='ltr'><strong>Filius</strong></span> <span class='ocrx_word' id='word_1_386' title='bbox 805 4499 841 4557; x_wconf 89' lang='lat' dir='ltr'><strong>et</strong></span> <span class='ocrx_word' id='word_1_387' title='bbox 849 4485 1008 4584; x_wconf 73' lang='lat' dir='ltr'><strong>⁸Spiritus</strong></span> <span class='ocrx_word' id='word_1_388' title='bbox 1029 4500 1222 4581; x_wconf 63' lang='lat' dir='ltr'><strong>sanetae»</strong></span> <span class='ocrx_word' id='word_1_389' title='bbox 1243 4488 1364 4561; x_wconf 85' lang='lat' dir='ltr'><strong>statim</strong></span> <span class='ocrx_word' id='word_1_390' title='bbox 1380 4486 1524 4585; x_wconf 82' lang='lat' dir='ltr'><strong>adjecit,</strong></span> <span class='ocrx_word' id='word_1_391' title='bbox 1543 4488 1646 4585; x_wconf 84' lang='lat' dir='ltr'><strong>quasi</strong></span> <span class='ocrx_word' id='word_1_392' title='bbox 1663 4486 1712 4561; x_wconf 90' lang='lat' dir='ltr'><strong>ad</strong></span> <span class='ocrx_word' id='word_1_393' title='bbox 1734 4485 2051 4562; x_wconf 81' lang='lat' dir='ltr'><strong>determinandum</strong></span> 
     </span>
     <span class='ocr_line' id='line_1_35' title="bbox 437 4603 2052 4703; baseline 0 -23"><span class='ocrx_word' id='word_1_394' title='bbox 437 4604 477 4680; x_wconf 81' lang='lat' dir='ltr'><strong>in</strong></span> <span class='ocrx_word' id='word_1_395' title='bbox 490 4629 566 4703; x_wconf 85' lang='lat' dir='ltr'><strong>quo</strong></span> <span class='ocrx_word' id='word_1_396' title='bbox 582 4606 653 4677; x_wconf 90' lang='lat' dir='ltr'><strong>sint</strong></span> <span class='ocrx_word' id='word_1_397' title='bbox 666 4603 812 4695; x_wconf 89' lang='lat' dir='ltr'><strong>similes,</strong></span> <span class='ocrx_word' id='word_1_398' title='bbox 830 4604 902 4678; x_wconf 88' lang='lat' dir='ltr'><strong>hoc</strong></span> <span class='ocrx_word' id='word_1_399' title='bbox 910 4621 1054 4681; x_wconf 88' lang='lat' dir='ltr'><strong>estnon</strong></span> <span class='ocrx_word' id='word_1_400' title='bbox 1066 4605 1216 4696; x_wconf 85' lang='lat' dir='ltr'><strong>diversi,</strong></span> <span class='ocrx_word' id='word_1_401' title='bbox 1234 4607 1360 4682; x_wconf 85' lang='lat' dir='ltr'><strong>dicens</strong></span> <span class='ocrx_word' id='word_1_402' title='bbox 1380 4636 1388 4680; x_wconf 75' lang='grc' dir='ltr'><strong>ε</strong></span> <span class='ocrx_word' id='word_1_403' title='bbox 1408 4612 1637 4681; x_wconf 73' lang='lat' dir='ltr'><strong>«immensus</strong></span> <span class='ocrx_word' id='word_1_404' title='bbox 1651 4612 1768 4702; x_wconf 87' lang='lat' dir='ltr'><strong>Pater,</strong></span> <span class='ocrx_word' id='word_1_405' title='bbox 1786 4609 1986 4684; x_wconf 69' lang='lat' dir='ltr'><strong>mensus</strong></span> <span class='ocrx_word' id='word_1_406' title='bbox 1997 4608 2052 4681; x_wconf 80' lang='lat' dir='ltr'><strong>Fi-</strong></span> 
     </span>
     <span class='ocr_line' id='line_1_36' title="bbox 438 4724 2051 4829; baseline 0 -27"><span class='ocrx_word' id='word_1_407' title='bbox 438 4724 524 4822; x_wconf 80' lang='lat' dir='ltr'><strong>lius,</strong></span> <span class='ocrx_word' id='word_1_408' title='bbox 536 4726 890 4826; x_wconf 86' lang='lat' dir='ltr'><strong>immensusSpiritus</strong></span> <span class='ocrx_word' id='word_1_409' title='bbox 902 4743 1062 4819; x_wconf 78' lang='lat' dir='ltr'><strong>emotus,</strong></span> <span class='ocrx_word' id='word_1_410' title='bbox 1075 4742 1144 4801; x_wconf 81' lang='lat' dir='ltr'><strong>etc.</strong></span> <span class='ocrx_word' id='word_1_411' title='bbox 1162 4757 1181 4798; x_wconf 74' lang='lat' dir='ltr'><strong>s&gt;</strong></span> <span class='ocrx_word' id='word_1_412' title='bbox 1195 4743 1317 4828; x_wconf 87' lang='lat' dir='ltr'><strong>aperte</strong></span> <span class='ocrx_word' id='word_1_413' title='bbox 1330 4724 1539 4822; x_wconf 81' lang='lat' dir='ltr'><strong>declaravit,</strong></span> <span class='ocrx_word' id='word_1_414' title='bbox 1550 4728 1739 4828; x_wconf 88' lang='lat' dir='ltr'><strong>quomodo</strong></span> <span class='ocrx_word' id='word_1_415' title='bbox 1747 4728 1786 4802; x_wconf 91' lang='lat' dir='ltr'><strong>id</strong></span> <span class='ocrx_word' id='word_1_416' title='bbox 1795 4728 1897 4828; x_wconf 83' lang='lat' dir='ltr'><strong>quud</strong></span> <span class='ocrx_word' id='word_1_417' title='bbox 1908 4728 2051 4829; x_wconf 73' lang='lat' dir='ltr'><strong>prunei-</strong></span> 
     </span>
    </p>
   </div>
   <div class='ocr_carea' id='block_1_4' title="bbox 441 4959 2053 5189">
    <p class='ocr_par' dir='ltr' id='par_1_5' title="bbox 441 4959 2053 5189">
     <span class='ocr_line' id='line_1_37' title="bbox 473 4959 2052 5038; baseline -0.003 -25"><span class='ocrx_word' id='word_1_418' title='bbox 473 4963 576 5028; x_wconf 55' lang='lat' dir='ltr'><strong>*om</strong></span> <span class='ocrx_word' id='word_1_419' title='bbox 599 4959 702 5014; x_wconf 73' lang='lat' dir='ltr'><strong>svnt.</strong></span> <span class='ocrx_word' id='word_1_420' title='bbox 721 4987 751 4999; x_wconf 96' lang='lat'>-</span> <span class='ocrx_word' id='word_1_421' title='bbox 768 4962 828 5012; x_wconf 72' lang='lat' dir='ltr'><strong>&#39;ele</strong></span> <span class='ocrx_word' id='word_1_422' title='bbox 850 4961 876 5013; x_wconf 88' lang='lat' dir='ltr'><strong>ln</strong></span> <span class='ocrx_word' id='word_1_423' title='bbox 891 4959 1220 5038; x_wconf 72' lang='lat' dir='ltr'><strong>edtde.Tomulegeudum</strong></span> <span class='ocrx_word' id='word_1_424' title='bbox 1275 4964 1431 5013; x_wconf 80' lang='lat' dir='ltr'><strong>excedentes.</strong></span> <span class='ocrx_word' id='word_1_425' title='bbox 1447 4989 1480 5001; x_wconf 94' lang='lat'><em>-</em></span> <span class='ocrx_word' id='word_1_426' title='bbox 1495 4962 1586 5014; x_wconf 75' lang='lat' dir='ltr'><strong>⁸lluue</strong></span> <span class='ocrx_word' id='word_1_427' title='bbox 1608 4964 1689 5013; x_wconf 76' lang='lat' dir='ltr'><strong>torum</strong></span> <span class='ocrx_word' id='word_1_428' title='bbox 1712 4974 1787 5024; x_wconf 79' lang='lat' dir='ltr'><strong>quem</strong></span> <span class='ocrx_word' id='word_1_429' title='bbox 1805 4964 1831 5012; x_wconf 84' lang='lat' dir='ltr'><strong>tu</strong></span> <span class='ocrx_word' id='word_1_430' title='bbox 1852 4961 1926 5011; x_wconf 70' lang='lat' dir='ltr'><strong>edith</strong></span> <span class='ocrx_word' id='word_1_431' title='bbox 1949 4961 1990 5010; x_wconf 80' lang='lat' dir='ltr'><strong>rix</strong></span> <span class='ocrx_word' id='word_1_432' title='bbox 2010 4960 2052 5010; x_wconf 85' lang='lat' dir='ltr'><strong>te·</strong></span> 
     </span>
     <span class='ocr_line' id='line_1_38' title="bbox 445 5043 2053 5107; baseline -0.001 -14"><span class='ocrx_word' id='word_1_433' title='bbox 445 5043 527 5093; x_wconf 75' lang='lat' dir='ltr'><strong>Unum</strong></span> <span class='ocrx_word' id='word_1_434' title='bbox 543 5043 691 5106; x_wconf 67' lang='lat' dir='ltr'><strong>mmm,</strong></span> <span class='ocrx_word' id='word_1_435' title='bbox 711 5055 740 5094; x_wconf 79' lang='lat' dir='ltr'><strong>se</strong></span> <span class='ocrx_word' id='word_1_436' title='bbox 759 5043 780 5092; x_wconf 86' lang='lat' dir='ltr'><strong>st</strong></span> <span class='ocrx_word' id='word_1_437' title='bbox 799 5043 894 5093; x_wconf 71' lang='lat' dir='ltr'><strong>deerat</strong></span> <span class='ocrx_word' id='word_1_438' title='bbox 911 5056 1029 5105; x_wconf 83' lang='lat' dir='ltr'><strong>personas</strong></span> <span class='ocrx_word' id='word_1_439' title='bbox 1047 5043 1156 5102; x_wconf 81' lang='lat' dir='ltr'><strong>dtrtnss,</strong></span> <span class='ocrx_word' id='word_1_440' title='bbox 1176 5055 1221 5092; x_wconf 87' lang='lat' dir='ltr'><strong>eeu</strong></span> <span class='ocrx_word' id='word_1_441' title='bbox 1275 5046 1371 5105; x_wconf 72' lang='lat' dir='ltr'><strong>tetltgae</strong></span> <span class='ocrx_word' id='word_1_442' title='bbox 1395 5047 1431 5095; x_wconf 86' lang='lat' dir='ltr'><strong>ste</strong></span> <span class='ocrx_word' id='word_1_443' title='bbox 1454 5046 1584 5107; x_wconf 54' lang='lat' dir='ltr'><strong>luendum</strong></span> <span class='ocrx_word' id='word_1_444' title='bbox 1607 5057 1661 5095; x_wconf 83' lang='lat' dir='ltr'><strong>esse</strong></span> <span class='ocrx_word' id='word_1_445' title='bbox 1684 5057 1822 5095; x_wconf 82' lang='lat' dir='ltr'><strong>censemus.</strong></span> <span class='ocrx_word' id='word_1_446' title='bbox 1841 5069 1873 5081; x_wconf 93' lang='lat'><em>-</em></span> <span class='ocrx_word' id='word_1_447' title='bbox 1891 5043 1981 5093; x_wconf 75' lang='lat' dir='ltr'><strong>‘Adde</strong></span> <span class='ocrx_word' id='word_1_448' title='bbox 2001 5055 2053 5092; x_wconf 77' lang='lat' dir='ltr'><strong>eos</strong></span> 
     </span>
     <span class='ocr_line' id='line_1_39' title="bbox 441 5124 1367 5189; baseline 0.001 -15"><span class='ocrx_word' id='word_1_449' title='bbox 441 5124 503 5186; x_wconf 89' lang='lat' dir='ltr'><strong>duo,</strong></span> <span class='ocrx_word' id='word_1_450' title='bbox 521 5137 566 5175; x_wconf 87' lang='lat' dir='ltr'><strong>eeu</strong></span> <span class='ocrx_word' id='word_1_451' title='bbox 584 5132 643 5189; x_wconf 85' lang='lat' dir='ltr'><strong>tres,</strong></span> <span class='ocrx_word' id='word_1_452' title='bbox 661 5138 704 5175; x_wconf 84' lang='lat' dir='ltr'><strong>seu</strong></span> <span class='ocrx_word' id='word_1_453' title='bbox 723 5126 749 5175; x_wconf 87' lang='lat' dir='ltr'><strong>tu</strong></span> <span class='ocrx_word' id='word_1_454' title='bbox 764 5137 921 5188; x_wconf 78' lang='lat' dir='ltr'><strong>qmeumque</strong></span> <span class='ocrx_word' id='word_1_455' title='bbox 938 5136 1056 5183; x_wconf 83' lang='lat' dir='ltr'><strong>numero.</strong></span> <span class='ocrx_word' id='word_1_456' title='bbox 1073 5137 1124 5174; x_wconf 87' lang='lat' dir='ltr'><strong>non</strong></span> <span class='ocrx_word' id='word_1_457' title='bbox 1144 5137 1216 5174; x_wconf 79' lang='lat' dir='ltr'><strong>unam</strong></span> <span class='ocrx_word' id='word_1_458' title='bbox 1273 5130 1367 5186; x_wconf 69' lang='lat' dir='ltr'><strong>vernt.</strong></span> 
     </span>
    </p>
   </div>
   <div class='ocr_carea' id='block_1_5' title="bbox 0 0 2301 6100">
    <p class='ocr_par' dir='ltr' id='par_1_6' title="bbox 0 0 2301 6100">
     <span class='ocr_line' id='line_1_40' title="bbox 0 0 2301 6100; baseline 0 0"><span class='ocrx_word' id='word_1_459' title='bbox 0 0 2301 6100; x_wconf 95' lang='lat' dir='ltr'><strong> </strong></span> 
     </span>
    </p>
   </div>
  </div>
 </body>
</html>
