4559 6100
419 456 492 526 750
1023 455 1152 527 Putat
1179 456 1416 530 enutritur

416 602 530 673 lectus
555 616 772 700 conceptum
797 602 966 696 habeam,
990 630 1140 702 quoquo
1163 606 1276 679 modo
1300 606 1383 679 ideo
1407 604 1496 679 illud
1514 602 1709 705 intelligere
1732 599 1851 689 dioer3
1874 616 1911 671 et
1937 599 2041 671 licet

417 722 612 819 intelligere
643 725 851 823 simpliciter
876 740 1061 824 sumptum
1088 729 1133 799 sit
1160 727 1207 800 ab
1235 727 1438 819 intellectu,
1464 751 1538 798 non
1564 740 1685 799 tamen
1713 721 1796 794 ideo
1821 721 2041 816 intelligere

416 842 489 914 hoc
510 858 695 941 sumptum
722 859 774 916 est
800 843 848 918 ab
874 844 1056 919 intellectu
1080 847 1189 944 hujus
1211 850 1276 942 rei,
1305 874 1390 922 cum
1414 847 1592 936 videlicet,
1615 858 1780 942 utsupra
1796 841 2036 926 notavimus,

418 961 614 1063 intelligere
635 964 708 1037 hoc
724 989 800 1036 non
822 965 868 1037 sit
883 966 1089 1065 simpliciter
1104 967 1204 1042 hunc
1224 969 1443 1042 intellectum
1464 966 1612 1057 habere,
1630 963 1695 1036 sed
1709 963 1760 1034 sic
1780 986 1866 1033 enm
1882 960 2042 1033 habere

420 1097 460 1156 ut
487 1086 635 1183 insuper
657 1086 754 1156 risus
774 1085 885 1157 animi
906 1087 1117 1160 terminetur
1139 1089 1190 1161 ibi
1214 1114 1256 1163 ac
1281 1088 1499 1189 perficiatur.
1523 1090 1615 1157 Nam
1640 1098 1675 1156 et
1697 1080 1895 1180 significare
1922 1080 2040 1152 idem

420 1204 591 1303 estquod
615 1204 833 1277 intellectum
857 1208 1093 1300 constituere,
1119 1234 1195 1282 non
1214 1224 1334 1283 tamen
1352 1207 1552 1306 significare
1567 1201 1703 1303 aliquid
1720 1200 1819 1273 idem
1840 1215 1894 1272 est
1920 1202 2041 1299 quod

420 1322 641 1396 intellectum
660 1323 707 1397 de
723 1351 768 1396 eo
784 1327 1014 1399 constituere.
1033 1327 1199 1426 Alioquin
1217 1354 1302 1401 cum
1316 1328 1445 1425 singuli
1457 1349 1642 1400 sermones
1658 1321 1858 1395 intellectus
1872 1345 2041 1417 quoque

420 1443 512 1514 sicut
539 1459 575 1515 et
594 1469 652 1516 res
666 1443 865 1542 significare
890 1445 1073 1540 dicuntur,
1093 1473 1169 1520 non
1194 1464 1313 1522 tamen
1336 1448 1418 1522 ideo
1435 1447 1483 1520 de
1505 1442 1741 1519 intellectibus
1763 1465 1909 1512 rursum
1933 1440 2042 1512 alios

423 1562 625 1637 intellectus
640 1566 878 1638 constituunt.

470 1683 568 1756 Solet
585 1684 788 1781 frequenter
804 1686 915 1783 quari
933 1686 979 1760 de
995 1687 1253 1784 significatione
1268 1703 1376 1787 atque
1396 1687 1576 1761 intellectu
1595 1683 1849 1757 universalium
1869 1704 2039 1767 vocum,

422 1826 512 1900 quas
527 1829 585 1875 res
611 1804 778 1877 videlicet
800 1805 1001 1902 significare
1018 1806 1189 1900 habeant,
1210 1823 1272 1880 ant
1287 1834 1367 1907 quae
1386 1832 1444 1880 res
1467 1808 1504 1878 in
1528 1807 1579 1879 eis
1597 1803 1858 1901 intelligantur,
1883 1815 1924 1872 ut
1939 1826 2043 1872 cum

423 1921 532 1995 audio
557 1924 628 1997 hoc
650 1949 785 1997 nomen
805 1925 961 2021 «homo,
975 1958 993 1996 n
1012 1928 1112 2027 qood
1136 1928 1300 2027 pluribus
1320 1950 1515 2001 commune
1531 1941 1585 1998 est
1607 1923 1716 1997 rebus
1736 1921 1784 1996 ad
1803 1944 1894 2020 quas
1910 1944 2044 2018 aequa·

422 2042 503 2115 liter
525 2069 564 2116 se
586 2044 717 2138 hahet,
736 2070 847 2144 quam
869 2073 946 2121 rem
964 2050 1001 2121 in
1018 2050 1097 2148 ipso
1114 2050 1309 2147 intelligam
1330 2049 1512 2148 quaeritur.
1532 2045 1641 2135 Quod
1658 2046 1712 2134 si,
1734 2057 1842 2142 prout
1858 2055 2040 2140 oportet,

422 2163 683 2263 respondeatur
708 2167 808 2265 quod
834 2168 947 2242 horno
968 2170 1006 2241 in
1032 2171 1110 2269 ipso
1135 2171 1355 2266 intelligitur,
1384 2141 1546 2268 superest
1572 2167 1722 2265 quaestio
1750 2189 1826 2263 quo
1849 2161 1963 2234 modo
1992 2162 2043 2233 id

423 2309 549 2356 verum
565 2286 624 2375 sit,
644 2312 718 2358 non
735 2289 794 2360 vel
817 2288 879 2360 hic
894 2289 1008 2362 homo
1023 2291 1079 2362 vel
1097 2290 1158 2363 ille
1173 2291 1229 2363 rel
1247 2291 1336 2364 alius
1352 2289 1481 2386 aliquis
1496 2286 1547 2359 ibi
1565 2285 1799 2384 intelligatur,
1818 2307 1902 2355 eum
1921 2280 2043 2353 vide-

423 2405 506 2478 licet
523 2431 670 2480 omnem
686 2408 889 2482 hominem¹
907 2424 968 2483 aut
980 2412 1079 2484 hunc
1094 2428 1157 2484 aut
1174 2412 1274 2484 illum
1289 2410 1346 2483 vel
1364 2409 1520 2506 aliquem
1536 2407 1646 2479 alium
1661 2431 1737 2478 esse
1755 2417 1906 2476 constet.
1926 2402 2041 2473 Sicut

423 2526 544 2616 enim,
564 2527 747 2624 inquiunt,
775 2553 859 2601 cum
875 2530 989 2602 homo
1005 2532 1169 2617 sentitur,
1191 2556 1335 2604 necesse
1356 2529 1413 2602 rel
1438 2529 1557 2616 hunc,
1576 2526 1772 2618 velillum,
1790 2523 1848 2595 vel
1869 2521 2039 2618 aliquem

423 2641 535 2716 alium
561 2646 707 2735 sentiri3
729 2671 775 2718 eo
792 2647 958 2720 videlicet
983 2650 1083 2747 quod
1109 2650 1362 2722 omnishomo
1387 2651 1432 2721 sit
1457 2647 1516 2719 vel
1530 2646 1590 2719 hic
1610 2645 1667 2718 vel
1691 2644 1750 2716 ille
1765 2643 1821 2715 vel
1847 2642 1958 2728 alius,
1976 2644 2036 2714 ita

426 2762 531 2834 etde
559 2763 741 2838 intellectu
767 2765 815 2838 ad
842 2768 1114 2840 similitudinem
1145 2794 1271 2856 sensus
1300 2769 1571 2855 ratiocinantur,
1600 2780 1643 2838 ut
1670 2764 1836 2837 videlicet
1860 2763 1888 2833 si
1912 2760 2035 2833 homo

424 2881 661 2979 intelligatur,
683 2909 829 2959 necesse
847 2887 891 2958 sit
906 2888 961 2960 rel
979 2887 1079 2961 hunc
1095 2889 1152 2961 rel
1174 2889 1274 2960 illum
1292 2889 1350 2960 vel
1368 2887 1524 2983 aliquem
1546 2887 1656 2958 aliurn
1672 2883 1834 2979 intelligi.
1855 2887 2030 2953 Praeterea

424 3000 538 3077 horno
560 3003 649 3078 nihil
671 3004 771 3081 aliud
787 3022 892 3083 sonat
913 3032 1022 3107 quam
1039 3009 1188 3108 quidam
1207 3008 1335 3081 homo.
1362 3007 1467 3083 Unde
1495 3007 1608 3106 etqui
1630 3004 1819 3077 homiuem
1844 3000 2030 3098 intelligit,

425 3125 587 3222 prolecto
610 3127 805 3224 quemdam
829 3128 1017 3203 hominem
1041 3131 1225 3229 intelligit,
1251 3146 1287 3203 et
1309 3131 1358 3203 ita
1380 3130 1481 3202 hunc
1505 3128 1562 3200 vel
1587 3128 1699 3199 aliurn
1723 3123 1897 3222 intelligit.
1919 3124 2037 3210 Quod

428 3248 580 3319 omnino
605 3247 730 3321 salsum
749 3266 909 3350 apparet.
929 3251 982 3325 ad
1000 3252 1101 3351 quod
1126 3251 1421 3352 respondendum
1438 3249 1593 3324 arbitror
1616 3246 1730 3345 quod,
1759 3248 1788 3318 si
1812 3259 1908 3316 recte
1922 3245 2039 3315 ratio·

427 3366 540 3440 cinari
562 3369 750 3462 volumus,
777 3386 921 3471 oportet
946 3374 1226 3472 significatarum
1249 3373 1539 3445 enuntiationum
1561 3393 1686 3442 sensus
1708 3366 1896 3464 diligenter
1914 3376 2036 3436 atten-

428 3483 537 3581 dere,
569 3504 610 3561 ut
638 3490 838 3563 secundum
861 3492 957 3566 hanc
984 3493 1060 3566 vim
1085 3492 1345 3592 complexionis
1370 3490 1557 3588 diligenter
1582 3511 1783 3587 quaeramus
1813 3484 2031 3556 discernere.

428 3607 520 3678 Cum
535 3608 655 3706 itaque
671 3609 824 3683 dicimus
842 3611 983 3685 «homo
999 3613 1221 3711 intelligitur,
1235 3642 1253 3681 >r
1272 3612 1332 3685 hic
1348 3626 1402 3686 est
1416 3634 1555 3702 sensus,
1578 3609 1679 3708 quod
1696 3606 1824 3704 aliquis
1843 3628 1908 3703 per
1925 3604 2036 3675 intel·

428 3723 561 3797 lectum
586 3742 752 3803 naturam
775 3733 933 3832 concipit
950 3732 1171 3825 humanam,
1189 3734 1262 3806 hoc
1280 3747 1332 3805 est
1348 3732 1480 3805 animal
1498 3730 1568 3802 tale
1585 3728 1750 3802 attendit.
1772 3724 1877 3797 Unde
1903 3725 1932 3795 si
1949 3738 2036 3822 post

430 3843 582 3916 modum
599 3849 816 3944 procedatur
830 3851 879 3923 ita
899 3879 907 3922 :
930 3881 949 3922 n
959 3853 1030 3926 Sed
1046 3853 1294 3926 omnishomo
1311 3867 1364 3925 est
1379 3852 1439 3924 hie
1455 3850 1512 3923 vel
1530 3850 1633 3942 alius,
1652 3874 1739 3946 ergo
1758 3845 1915 3943 concipit
1931 3842 2034 3914 hunc

429 3961 486 4034 vel
508 3962 636 4053 alium,
654 3995 672 4034 u
693 3991 767 4039 non
790 3983 887 4043 recte
903 3971 1106 4070 syllogizat3
1124 3975 1199 4046 imo
1223 3975 1270 4046 ita
1289 3975 1409 4073 potius
1430 3971 1625 4045 dicendum
1647 3983 1767 4042 esset:
1789 3966 1889 4038 «Sed
1913 3964 2035 4035 omnis

430 4080 630 4179 intelligens
653 4083 840 4159 hominem
861 4091 1024 4187 intelligit
1046 4092 1146 4165 hunc
1161 4094 1218 4164 vel
1238 4091 1656 4189 ittum.»t1rncquippe
1673 4103 1769 4160 recte
1793 4084 1934 4158 medius
1959 4098 2034 4154 ter·

431 4200 551 4273 minus
577 4216 794 4293 servaretur,
823 4221 858 4278 et
882 4209 1091 4305 conjunctio
1116 4226 1361 4284 extremorum
1385 4235 1450 4310 per
1474 4235 1558 4283 eum
1585 4222 1681 4281 recte
1705 4205 1931 4306 procederet.
1959 4203 2033 4274 Sed

432 4327 520 4402 salsa
540 4345 632 4403 esset
649 4334 860 4433 assumptio.
885 4335 1053 4410 Similiter
1068 4352 1103 4410 et
1119 4364 1204 4412 curn
1223 4338 1356 4411 dieitur
1375 4366 1384 4409 ε
1409 4342 1506 4438 Capa
1522 4335 1783 4410 desideratura
1799 4359 1871 4427 me,
1889 4332 1962 4404 hoc
1976 4344 2032 4402 est

431 4452 598 4527 desidero
618 4479 758 4555 capam,
777 4458 859 4532 lieet
885 4463 1004 4535 omnis
1025 4487 1115 4564 capa
1131 4466 1176 4537 sit
1199 4464 1276 4536 haec
1294 4463 1351 4535 vel
1369 4463 1446 4555 illa,
1465 4487 1540 4534 non
1559 4476 1679 4533 tamen
1696 4462 1789 4531 inest
1805 4479 2032 4554 consequens

431 4587 471 4646 ut
486 4572 582 4648 hanc
598 4598 726 4674 capam
742 4579 799 4652 vel
816 4580 914 4654 illam
931 4581 1145 4658 desiderem.
1164 4589 1205 4657 At
1220 4585 1249 4656 si
1266 4586 1315 4657 ita
1335 4583 1516 4657 diceretur
1536 4609 1544 4654 z
1566 4611 1584 4647 «
1599 4584 1675 4677 Ego
1692 4577 1858 4652 desidero
1880 4600 2029 4674 capam,

431 4705 468 4765 et
495 4696 613 4769 omnis
640 4695 847 4773 desiderans
873 4726 1001 4802 capam
1029 4705 1209 4778 desiderat
1236 4704 1332 4776 hanc
1360 4703 1417 4776 vel
1445 4702 1556 4795 illam,
1575 4730 1592 4770 u
1622 4714 1709 4773 tunc
1741 4697 1909 4797 equidem
1934 4707 2032 4766 recte

431 4817 691 4912 argumentatio
710 4820 932 4919 procederet.
959 4823 1066 4912 Quod
1081 4825 1109 4896 si
1128 4823 1323 4923 quisdicat
1342 4822 1443 4921 quod
1456 4823 1583 4897 cadem
1601 4823 1741 4895 ratione
1757 4844 1825 4891 nec
1847 4816 1907 4889 illa
1922 4836 2030 4923 cnrnf

466 5084 733 5144 'coemamus
