4559 6100
529 559 691 634 ETHlCA
715 559 797 632 SEU
820 559 951 632 LlBER
973 558 1127 632 nictus
1149 584 1159 628 t
1179 559 1303 632 SClTO
1328 558 1530 633 TElPSUM.
1756 558 1828 634 597

237 728 371 799 catum,
390 736 501 812 quam
521 712 709 786 infirmitas
724 711 888 809 quaedam
907 711 983 807 jam
999 702 1200 784 necessaria
1215 708 1286 782 dici
1300 708 1420 782 debet.
1440 713 1530 781 Ecce
1548 709 1644 781 enim
1664 734 1673 779 ε
1695 708 1830 807 Aliquis

237 848 291 907 est
311 834 498 918 innocens,
519 833 556 904 in
574 856 684 930 quem
699 830 854 904 crudelis
874 830 1045 903 dominus
1060 855 1147 902 suus
1161 853 1226 929 per
1246 829 1407 901 furorem
1423 827 1515 901 adeo
1532 842 1737 900 commotus
1752 843 1828 919 est,

237 966 278 1024 ut
301 978 385 1025 eum
409 954 596 1050 evaginato
618 976 704 1024 ense
720 951 767 1023 ad
790 948 1071 1023 interimendum
1094 961 1341 1049 persequatur.
1361 951 1479 1036 Quem
1502 946 1561 1020 ille
1586 945 1651 1017 diu
1675 946 1828 1043 fugiens,

236 1089 272 1146 et
293 1088 628 1171 quantumcumque
645 1086 776 1171 potest,
799 1072 1096 1144 suioccisionem
1114 1069 1290 1158 devitans,
1316 1084 1462 1141 coactns
1483 1067 1632 1139 tandem
1653 1082 1688 1139 et
1705 1064 1832 1140 nolens

238 1194 371 1266 occidit
394 1218 496 1285 eum,
526 1216 573 1265 ne
598 1192 785 1265 occidatur
808 1189 855 1264 ab
880 1216 937 1264 eo.
963 1191 1081 1262 Dicito
1103 1187 1210 1278 mihi,
1240 1189 1460 1288 quicumque
1484 1194 1539 1278 es',
1565 1196 1676 1284 quam
1700 1187 1831 1260 malam

237 1313 462 1386 voluntatem
488 1312 654 1386 habuerit
675 1313 713 1385 in
735 1310 808 1384 boc
831 1311 950 1384 facto?
968 1310 1103 1383 Volens
1119 1309 1298 1408 siquidem
1321 1314 1475 1381 mortem
1496 1306 1665 1403 elingere,
1687 1307 1833 1381 volebat

238 1432 421 1530 propriam
440 1434 550 1506 vitam
561 1455 786 1505 conservare.
806 1430 878 1503 Sed
891 1431 1058 1527 nunquid
1071 1429 1148 1502 haec
1165 1428 1330 1502 voluntas
1342 1427 1438 1500 mala
1453 1425 1551 1500 erat?
1568 1430 1662 1518 Non,
1677 1426 1831 1525 inquies,

238 1549 328 1640 hoec,
347 1550 501 1625 arbitror
522 1579 530 1622 ε
555 1550 619 1624 sed
640 1550 701 1623 illa
724 1572 834 1648 quam
849 1548 1015 1621 babuerit
1039 1549 1085 1621 de
1107 1547 1288 1621 occisione
1313 1547 1451 1620 domini
1470 1546 1728 1645 persequentis.
1749 1551 1834 1620 Res·

238 1671 379 1769 pondes
395 1671 489 1744 bene
505 1684 542 1744 et
556 1685 679 1767 argute
704 1669 815 1761 dicis,
839 1670 869 1741 si
883 1671 1106 1743 voluntatem
1122 1692 1247 1768 posses
1270 1668 1448 1764 assignare
1463 1666 1500 1738 iu
1516 1665 1675 1764 eoquod
1690 1670 1830 1743 asseris.

239 1790 323 1876 Sed,
348 1791 424 1886 jam
450 1807 489 1862 ut
511 1790 648 1863 dictum
673 1805 739 1880 est,
766 1789 894 1862 nolens
918 1805 954 1862 et
976 1804 1122 1862 coactus
1138 1787 1210 1860 hoc
1237 1786 1332 1880 lecit,
1354 1785 1468 1884 quod,
1495 1799 1672 1883 quantum
1699 1789 1829 1883 potuit,

240 1910 351 1982 vitam
362 1909 583 1982 incolumem
598 1908 745 1999 distulit,
765 1908 880 1981 sciens
893 1932 1040 2006 quoque
1056 1932 1100 1979 ex
1111 1907 1181 1979 hac
1198 1904 1446 1977 interfectione
1458 1905 1539 1977 vitae
1552 1903 1620 1977 sibi
1633 1905 1832 2004 periculum

239 2028 440 2101 imminere.
460 2028 656 2116 Quomodo
675 2052 760 2125 ergo
775 2026 864 2100 illud
879 2027 1081 2100 voluntarie
1097 2026 1192 2117 lecit,
1213 2024 1314 2123 quod
1333 2051 1418 2098 eum
1440 2025 1520 2124 ipso
1537 2026 1646 2098 etiam
1662 2024 1742 2099 vitae
1762 2051 1833 2101 suae

239 2147 400 2246 periculo
416 2146 619 2221 commisit?

290 2267 398 2355 Quod
418 2268 447 2339 si
469 2266 687 2366 respondeas
717 2294 760 2340 ex
786 2269 970 2342 voluntate
994 2271 1030 2340 id
1047 2292 1195 2368 quoque
1215 2293 1292 2342 esse
1315 2268 1462 2360 lactum,
1481 2291 1565 2339 cum
1589 2291 1633 2339 ex
1651 2266 1834 2340 voluntate

239 2385 374 2459 scilicet
397 2402 550 2458 mortem
568 2389 757 2481 evadendi,
782 2414 857 2461 non
880 2388 1070 2461 dominum
1094 2414 1201 2461 suum
1219 2387 1427 2481 occidendi,
1445 2400 1585 2460 constet
1604 2388 1641 2459 in
1660 2385 1732 2460 boc
1750 2413 1834 2460 eum

241 2529 316 2577 esse
329 2507 424 2602 juste
439 2504 645 2598 inductum,
664 2531 893 2605 nequaquam
909 2507 948 2579 id
965 2507 1181 2601 refellimus5
1200 2508 1285 2599 sed,
1314 2521 1352 2579 ut
1364 2506 1440 2604 jam
1458 2507 1676 2599 dictumest,
1697 2531 1833 2605 nequa·

241 2649 349 2721 quam
374 2626 540 2697 voluntas
564 2627 630 2699 ista
652 2642 825 2724 tanquam
845 2626 942 2701 mala
965 2643 1019 2700 est
1039 2628 1303 2727 improbanda,
1330 2651 1396 2726 per
1419 2649 1530 2724 quam
1557 2626 1630 2715 ille,
1657 2641 1698 2698 ut
1721 2628 1831 2721 dicis,

240 2759 393 2816 mortem
406 2744 587 2833 evadere,
616 2770 692 2817 non
719 2746 910 2819 dominum
933 2746 1050 2819 voluit
1074 2746 1240 2819 occidere
1268 2760 1478 2817 :ettamen
1507 2745 1657 2842 deliquit
1682 2771 1834 2820 consen·

240 2863 379 2956 tiendo,
405 2865 568 2962 quamvis
584 2878 730 2936 coactus
756 2867 885 2938 timore
908 2867 1051 2958 mortis,
1079 2866 1221 2964 injustae
1236 2863 1475 2937 interfectioni
1491 2887 1600 2962 quam
1615 2888 1698 2936 eum
1715 2867 1837 2965 potins

241 2983 332 3056 serre
350 3004 461 3082 quam
481 2983 610 3058 inlerre
626 2988 804 3085 oportuit3
826 2986 984 3084 gladium
1007 2985 1143 3085 quippe
1167 2983 1306 3084 accepit
1321 3008 1388 3083 per
1404 3007 1456 3075 se,
1483 2984 1745 3058 contraditum
1768 2987 1836 3060 sibi

240 3101 367 3175 babuit
382 3129 403 3176 a
420 3118 595 3202 potestate
612 3132 620 3174 :
639 3106 737 3178 unde
761 3108 896 3178 Veritas
917 3134 925 3176 :
949 3137 966 3173 ι
984 3107 1127 3195 Omnis,
1147 3135 1165 3173 ιι
1184 3105 1331 3202 inquit¹,
1354 3106 1448 3199 «qui
1465 3107 1642 3204 acceperit
1658 3106 1832 3202 gladium,

242 3220 360 3316 gladio
381 3222 528 3320 peribit;
549 3252 568 3291 ιι
600 3224 672 3294 hoc
694 3239 758 3317 est,
782 3225 1053 3297 damnationem
1074 3239 1182 3321 atque
1204 3224 1332 3296 anirnae
1352 3246 1425 3294 suae
1458 3223 1677 3296 occisionem
1700 3250 1743 3296 ex
1768 3226 1838 3300 bac

241 3341 438 3412 temeritate
451 3341 611 3414 incurrit.
626 3341 745 3414 Voluit
753 3344 885 3441 itaque,
906 3359 947 3416 ut
963 3344 1101 3416 dictum
1119 3358 1185 3433 est,
1205 3343 1264 3416 ille
1279 3356 1431 3414 mortem
1449 3342 1615 3436 evadere,
1629 3368 1704 3416 non
1718 3345 1837 3419 domi·

240 3484 331 3531 num
348 3460 533 3551 occidere,
553 3462 617 3534 sed
634 3462 718 3559 quia
737 3464 775 3534 in
792 3464 1011 3536 occisionem
1026 3465 1226 3557 consentit,
1248 3463 1285 3535 in
1303 3487 1414 3559 quam
1431 3488 1507 3534 non
1528 3463 1667 3555 debuit,
1687 3464 1745 3538 bic
1762 3468 1838 3563 ejus

242 3579 394 3676 injustus
412 3604 622 3674 consensus,
639 3583 701 3679 qni
719 3585 939 3656 occisionem
953 3583 1143 3682 praecessit,
1164 3583 1354 3683 peccatum
1372 3583 1449 3654 luit.

291 3697 400 3786 Quod
416 3699 446 3770 si
465 3702 545 3797 quis
563 3700 654 3772 sorte
671 3701 766 3773 dicat
784 3729 792 3772 :
815 3703 907 3790 Quia
923 3703 1035 3775 voluit
1051 3703 1244 3774 dominum
1261 3726 1367 3773 suum
1385 3699 1585 3773 interlicere
1601 3716 1749 3800 propter
1765 3703 1837 3777 hoc
1871 3695 1874 3701 ⁸

242 3832 283 3889 ut
320 3819 476 3890 mortem
505 3820 689 3912 eraderet,
726 3847 801 3895 non
828 3822 912 3894 ideo
946 3821 1155 3921 simpliciter
1178 3820 1310 3894 inferre
1339 3834 1479 3920 potest,
1503 3820 1589 3918 quia
1612 3821 1727 3894 voluit
1754 3849 1839 3897 enm

242 3936 429 4039 occidere,
454 3936 565 4009 veluti
589 3939 619 4010 si
641 3939 760 4011 dicam
782 3940 888 4013 alicui
909 3968 917 4011 :
937 3942 1030 4029 Quia
1052 3940 1139 4012 volo
1160 3954 1200 4012 ut
1220 3939 1355 4012 habeas
1375 3962 1528 4039 cappam
1547 3964 1665 4012 meam
1689 3951 1840 4041 propter

242 4054 392 4140 hoc,'ut
410 4054 475 4127 des
495 4056 584 4128 mibi
605 4059 765 4156 quinque
783 4059 939 4152 solidos3
959 4063 1015 4134 vel
1039 4060 1193 4133 libenter
1215 4084 1296 4132 eam
1314 4083 1381 4158 pro
1404 4059 1519 4156 pretio
1544 4060 1612 4131 isto
1637 4060 1715 4134 steri
1740 4076 1840 4135 tuam

242 4173 346 4266 voln;
372 4200 447 4247 non
472 4175 555 4249 ideo
573 4178 750 4271 conced0,
774 4181 874 4278 quod
898 4206 977 4255 eam
1001 4196 1101 4254 tuam
1124 4204 1202 4253 esse
1222 4180 1344 4252 velim·
1365 4179 1434 4250 Sed
1450 4180 1529 4252 etsi
1548 4181 1628 4278 quis
1641 4182 1679 4252 in
1697 4207 1840 4257 carcere

243 4295 457 4367 constrictus
476 4295 562 4369 velit
586 4297 703 4371 filium
726 4323 831 4372 suum
854 4300 905 4372 ibi
927 4325 994 4400 pro
1016 4325 1054 4372 se
1071 4324 1227 4399 ponere,
1253 4311 1295 4372 ut
1319 4298 1607 4398 redemptionem
1634 4325 1735 4374 suam
1757 4328 1839 4402 per·

106 4454 117 4462 ·
243 4415 380 4510 quirat,
408 4417 587 4514 numquid
607 4418 690 4490 ideo
715 4419 922 4518 simpliciter
948 4419 1182 4492 concedimus
1206 4418 1306 4516 quod
1324 4418 1439 4491 filium
1464 4444 1570 4492 suum
1596 4422 1631 4492 lu
1660 4445 1839 4497 carcerem
1963 4411 1968 4424 ’

243 4533 384 4604 mittere
410 4534 512 4623 velit,
544 4536 644 4633 quod
670 4563 754 4610 cum
780 4539 917 4636 magnis
943 4539 1110 4636 lacrymis
1131 4552 1168 4610 et
1193 4563 1277 4610 cum
1304 4537 1426 4612 multis
1451 4539 1642 4635 gemitibus
1666 4543 1840 4615 sustinere

243 4651 410 4749 cogitur?
430 4656 511 4724 Non
529 4657 654 4754 utique
679 4658 757 4730 talis
775 4672 816 4731 ut
840 4660 891 4732 ita
912 4659 1031 4734 dicam
1052 4660 1236 4750 voluntas,
1256 4682 1336 4756 quae
1360 4660 1399 4731 in
1418 4682 1550 4755 magno
1578 4660 1704 4735 dolore
1729 4664 1841 4734 animi

244 4771 419 4863 consistit,
451 4770 605 4847 dicenda
628 4791 683 4849 est
704 4777 878 4868 volontas,
906 4778 970 4850 se'd
995 4777 1117 4876 potius
1128 4780 1266 4875 possib.
1285 4782 1347 4851 sllt
1372 4778 1441 4852 talc
1467 4794 1541 4870 est,
1571 4781 1656 4878 quia
1678 4780 1749 4852 hoc
1766 4780 1841 4852 vult

244 4906 394 4990 propter
418 4888 528 4985 illud,
558 4907 732 4992 tanquam
748 4899 777 4971 si
795 4897 974 4971 diceretur
989 4898 1074 4995 quia
1092 4896 1194 4996 quod
1210 4922 1285 4970 non
1304 4898 1395 4991 vult,
1413 4889 1543 4971 tolerat
1559 4914 1710 4998 propter
1725 4898 1837 4992 illud,

275 5165 389 5232 'llatttr.,
401 5182 456 5232 cap,
468 5183 542 5236 xxvi,
555 5184 580 5220 r.
592 5174 632 5224 ⁵2.
