4559 6100
470 510 540 580 tto
1067 516 1197 589 PE'l'Rl
1224 513 1455 588 anAEtannt

367 636 387 757 '-
467 681 562 730 rasse
583 657 701 731 solum
722 658 795 732 hoc
815 660 897 734 loco
912 658 1052 757 Filium,
1071 664 1157 762 quia
1171 688 1257 737 cum
1271 661 1381 735 Filius
1396 686 1441 734 ex
1458 662 1539 761 ipso
1556 666 1659 735 Patre
1672 663 1736 755 sit,
1751 675 1788 734 et
1803 662 1954 759 Spiritus
1969 663 2056 759 ipse,

467 780 539 852 hoc
564 793 617 852 est
640 779 760 853 anima
782 781 858 880 ipsa
879 808 923 855 ex
940 784 1029 858 Filio
1054 808 1131 858 esse
1155 786 1367 883 assignatur,
1384 782 1497 881 liquet
1520 782 1684 881 profecto
1708 782 1824 882 ipsam
1846 805 1995 880 quoque
2019 808 2060 855 ex

469 905 572 973 Patre
589 923 678 993 esse,
696 901 897 976 secundum
908 905 1008 1003 quod
1023 919 1060 978 et
1073 906 1151 1005 ipse
1169 928 1248 977 eam
1266 902 1505 1002 Philosophus
1517 905 1626 975 aDco
1638 901 1876 998 etlt'oyjuxta
1886 901 2061 1001 sapientes

469 1019 648 1092 nominari
663 1043 772 1118 supra
786 1021 955 1097 inductus
968 1025 1103 1098 asserit.
1120 1023 1230 1113 Quod
1246 1046 1333 1096 vero
1349 1024 1399 1096 ait
1413 1036 1572 1096 mentem
1588 1046 1664 1096 esse
1678 1046 1721 1096 ex
1738 1020 1968 1095 foecunditate
1983 1045 2061 1097 ma·

464 1139 618 1234 jestatis,
648 1138 718 1212 tale
742 1154 795 1212 cst
818 1165 861 1214 ac
886 1143 916 1214 si
943 1142 1099 1235 diceret,
1130 1145 1339 1242 sapientiam
1365 1166 1409 1215 ex
1435 1144 1513 1242 ipsa
1536 1140 1798 1241 omnipotentia
1821 1163 1897 1213 esse
1922 1153 2058 1213 natam.

361 1312 364 1321 .
469 1260 616 1357 Proprie
634 1282 791 1356 namque
811 1261 973 1358 majestas
988 1287 1032 1338 ao
1048 1266 1247 1338 reverentia
1262 1263 1431 1362 potentio·
1448 1260 1578 1334 ascribi
1600 1260 1703 1334 solet.
1722 1258 1831 1348 Quod
1848 1283 1936 1332 vero
1953 1258 2058 1354 dicit,

471 1408 489 1446 «
505 1384 618 1469 Mens,
629 1404 701 1477 qua
709 1384 850 1454 Patrem
857 1383 1014 1483 inspicit,
1026 1385 1297 1458 similitudinem
1309 1398 1425 1457 servat
1437 1384 1607 1473 auctoris,
1626 1408 1644 1449 »
1655 1381 1705 1453 ita
1713 1379 1851 1452 dictum
1864 1393 1968 1477 puto,
1981 1383 2062 1453 acsi

472 1513 593 1597 aperte
608 1499 705 1572 dicat
724 1499 853 1574 Filium
869 1503 988 1603 ipsum
1005 1503 1043 1577 in
1059 1505 1162 1577 omni
1177 1529 1217 1578 re
1239 1506 1276 1576 in
1291 1528 1363 1602 qua
1376 1500 1500 1575 similis
1517 1515 1571 1574 est
1588 1502 1701 1595 Patri,
1719 1498 1890 1598 aqualem
1908 1500 2060 1572 omnino

468 1616 518 1691 illi
533 1643 622 1692 esse.
646 1624 777 1693 Potens
792 1624 928 1722 quippe
944 1639 997 1698 est
1013 1626 1106 1698 sicut
1122 1640 1158 1697 et
1177 1629 1294 1712 Pater,
1313 1640 1349 1697 et
1365 1621 1592 1697 tantumdem
1606 1636 1747 1719 potens,
1767 1618 1887 1692 bonus
1901 1634 1954 1691 est
1970 1619 2062 1692 sicut

469 1754 504 1812 et
519 1744 634 1830 Pater,
652 1753 688 1812 et
708 1763 809 1838 aeque
828 1740 960 1815 bonus.
981 1744 1041 1817 Sic
1056 1759 1093 1819 et
1110 1745 1149 1817 in
1172 1745 1321 1839 caeteris,
1345 1744 1381 1817 in
1404 1740 1536 1841 quibus
1556 1738 1667 1813 habet
1688 1738 1959 1814 similitudinem
1979 1762 2062 1810 cum

469 1864 588 1953 Patre,
606 1875 643 1932 et
664 1861 902 1959 aequalitatem
923 1862 1049 1959 habet,
1074 1889 1150 1938 non
1170 1879 1290 1938 autem
1314 1865 1351 1936 in
1375 1860 1545 1936 omnibus
1561 1859 1832 1934 similitudinem
1849 1843 1960 1931 habet
1978 1883 2063 1932 cum
2100 1866 2107 1884 “

471 1982 586 2069 Patre,
603 2004 687 2052 cum
715 1981 791 2080 ipse
812 1983 911 2056 solus
936 1985 981 2057 sit
1006 1984 1163 2082 genitus,
1190 1998 1225 2057 et
1248 1984 1324 2082 ipse
1346 1987 1450 2056 Pater
1471 1982 1517 2055 sit
1539 1982 1692 2079 genitor.
1720 1977 1829 2067 Quod
1849 1977 1996 2076 quidem
2014 1976 2062 2051 ad

471 2097 738 2174 distinctionem
755 2126 993 2201 personarum
1007 2105 1146 2198 attinet,
1159 2103 1358 2177 secundum
1373 2102 1611 2204 proprietates
1627 2123 1764 2172 earum.
1776 2095 1982 2170 Secundum
1995 2120 2064 2169 nos

469 2218 576 2291 etiam
593 2221 657 2318 qni
672 2219 789 2293 solum
807 2227 835 2292 F
835 2222 937 2296 ilium
952 2224 1180 2298 incarnatum
1199 2223 1394 2317 credimus,
1413 2224 1450 2295 in
1469 2221 1541 2294 hoo
1557 2244 1633 2293 uno
1648 2219 1737 2292 Filio
1752 2217 1929 2290 minorem
1945 2221 2061 2307 Patre,

468 2361 544 2410 non
567 2340 741 2435 aqualem
762 2340 930 2415 dicimus.
948 2358 1024 2426 Νοῦς
1044 2345 1244 2442 posteriora
1266 2344 1479 2443 respiciens,
1504 2341 1664 2415 animam
1685 2351 1794 2430 creat,
1812 2337 1898 2436 quia
1913 2337 2063 2437 Spiritus

468 2471 624 2549 sanctus,
652 2460 715 2557 qui
737 2484 779 2533 ex
796 2461 886 2534 Filio
908 2476 974 2556 est,
990 2465 1063 2537 sive
1085 2487 1310 2562 quaecunque
1326 2463 1446 2535 anima
1465 2460 1607 2559 abipso
1626 2457 1816 2531 conditore
1840 2480 1907 2529 suo
1929 2456 2064 2531 ducens

467 2577 668 2671 exordium,
678 2579 750 2653 hoc
763 2582 883 2681 ipsum
895 2584 996 2682 quod
1012 2585 1132 2658 anima
1149 2599 1215 2678 est,
1231 2585 1303 2657 hoc
1316 2598 1371 2656 est
1384 2584 1456 2656 vita
1471 2596 1673 2655 creatarum
1690 2603 1824 2670 rerum,
1841 2603 1884 2651 ex
1900 2590 2063 2676 respectu

468 2696 628 2793 quodam
642 2699 755 2797 ipsius
771 2704 941 2776 creatoris
956 2703 1079 2794 habet,
1095 2704 1167 2777 hoc
1182 2717 1236 2777 est
1253 2727 1296 2775 ex
1312 2700 1490 2776 beneficio
1507 2702 1637 2775 divinae
1653 2699 1833 2798 sapientiae
1845 2710 1974 2771 cuncta
1990 2696 2063 2769 dis·

468 2819 650 2913 ponentis,
670 2819 758 2891 utin
775 2821 854 2920 ipso
869 2838 1031 2920 respectu
1050 2823 1118 2896 Dei
1129 2821 1293 2896 divinum
1307 2822 1524 2919 intelligatur
1539 2818 1770 2895 beneficium.
1789 2818 1914 2890 Anima
1928 2816 2064 2916 quippe

469 2933 516 3007 ab
538 2936 755 3032 animando,
787 2939 860 3013 hoc
886 2956 940 3014 est
963 2940 1181 3017 vivificando
1210 2943 1305 3017 dicta
1331 2957 1395 3015 est.
1423 2941 1575 3043 Spiritus
1599 2938 1747 3039 quidem
1773 2952 1929 3025 sanctus,
1959 2949 1998 3009 ut
2026 2936 2062 3008 in

468 3057 588 3153 primo
615 3056 709 3131 libro
737 3057 990 3156 distinximus,
1017 3063 1119 3162 quasi
1135 3065 1257 3137 anima
1281 3078 1352 3156 est,
1377 3061 1450 3136 hoc
1475 3076 1528 3136 est
1552 3063 1756 3135 animarum
1779 3073 2000 3153 nostrarum,
2030 3070 2066 3130 et

468 3190 600 3249 nostrae
616 3178 744 3252 animae
758 3181 861 3279 quasi
876 3182 1041 3279 quaedam
1054 3184 1132 3280 ejus
1149 3207 1305 3284 corpore
1320 3196 1417 3278 sunt,
1428 3181 1474 3256 ab
1491 3183 1570 3282 ipso
1589 3180 1723 3255 scilicet
1734 3178 1841 3252 donis
1857 3202 1929 3252 suse
1946 3178 2064 3275 gratia

469 3310 640 3393 vegetata.
653 3303 751 3387 Quas
766 3325 890 3375 rursus
904 3302 1097 3377 animalem
1110 3305 1222 3378 vitam
1235 3304 1341 3380 nobis
1354 3317 1493 3378 certum
1510 3316 1566 3377 est
1579 3302 1775 3400 impertire.
1789 3303 1930 3373 Patrem
1943 3321 2062 3390 suum,

467 3413 505 3488 id
518 3431 571 3489 est
585 3422 719 3516 Noym,
733 3417 821 3495 dicit
833 3421 993 3497 animam
1004 3422 1107 3497 indui
1120 3425 1157 3497 in
1173 3449 1214 3499 ea
1228 3425 1342 3519 suavi,
1359 3448 1432 3524 qua
1443 3424 1615 3510 intuetur,
1630 3421 1702 3493 hoc
1717 3432 1770 3493 est
1783 3419 1923 3492 ratione
1940 3418 2063 3510 utitur,

467 3536 552 3632 quia
592 3561 635 3611 ex
669 3540 811 3613 ratione
836 3564 947 3638 quam
976 3542 1085 3617 habet
1113 3547 1307 3617 maximam
1333 3543 1603 3617 similitudinem
1629 3564 1713 3614 cum
1741 3539 1862 3612 divina
1889 3536 2065 3636 sapientia

468 3668 578 3747 tenet,
597 3680 681 3729 cum
706 3658 799 3732 ratio
819 3662 976 3734 maxime
996 3661 1041 3735 sit
1059 3662 1273 3736 ascribenda
1295 3662 1488 3762 sapientia.
1507 3659 1683 3735 Paulatim
1706 3659 1826 3734 anima
1844 3658 1881 3730 in
1908 3677 2065 3753 corpora

467 3775 629 3872 respicit,
658 3777 743 3873 quia
770 3777 818 3850 ad
842 3780 1153 3878 comparationem
1173 3781 1405 3881 plenitudinis
1431 3782 1526 3856 illius
1541 3781 1673 3854 summi
1697 3778 1786 3852 boni
1801 3774 1986 3850 modicum
2011 3788 2066 3848 est

468 3892 645 3990 quidquid
665 3894 861 3991 habemus,
885 3912 1167 3998 quantacunque
1187 3900 1286 3975 dona
1306 3902 1481 3974 virtutum
1504 3900 1551 3975 ab
1576 3902 1655 3999 ipso
1675 3899 1909 3999 suscepimus.
1929 3899 2066 3968 Possu-

468 4036 548 4084 mus
571 4013 678 4088 etiam
705 4015 742 4092 in
770 4041 815 4089 eo
836 4017 1008 4120 paulatim
1035 4019 1232 4120 intelligere
1255 4022 1393 4097 dictum
1416 4045 1507 4115 esse,
1530 4018 1633 4117 quod
1652 4016 1871 4118 quibusdam
1895 4013 2066 4114 gradibus

466 4156 532 4231 per
542 4134 728 4210 intervalla
740 4152 960 4238 temporum,
976 4141 1187 4215 aminimis¹
1204 4143 1251 4216 ad
1269 4145 1424 4217 maxima
1432 4141 1584 4242 Spiritus
1598 4165 1685 4215 snos
1698 4139 1822 4214 fideles
1836 4148 2060 4237 promoveat,

467 4275 534 4324 nec
552 4276 617 4327 sua
636 4255 743 4328 simol
759 4257 920 4332 conferat
937 4258 1049 4335 dona.
1066 4265 1292 4360 Degenerare
1308 4260 1441 4336 dicitur
1456 4262 1577 4335 anima
1592 4261 1631 4333 in
1650 4261 1730 4359 ipso
1751 4282 1824 4331 sum
1845 4254 2065 4356 operationis

466 4370 607 4468 effectu,
626 4399 669 4449 ex
685 4401 760 4475 quo
777 4380 896 4453 anima
912 4378 1007 4454 dicta
1030 4396 1097 4473 est,
1116 4408 1202 4456 cum
1219 4408 1294 4456 non
1308 4383 1440 4456 sithoc
1456 4397 1644 4472 aeteruum,
1664 4378 1730 4453 aed
1747 4374 1948 4477 temporale
1963 4372 2065 4471 quod

465 4508 646 4591 operatur.
666 4500 720 4569 De
733 4521 820 4596 qno,
849 4500 888 4572 ni
903 4498 1019 4596 fallor,
1038 4500 1127 4575 illud
1148 4501 1251 4576 tacite
1268 4517 1323 4577 est
1345 4501 1504 4591 absolvi,
1522 4500 1625 4600 qnod
1642 4499 1742 4574 Plato
1758 4498 1918 4572 animam
1932 4492 2064 4568 mundi

467 4612 654 4713 incoepisse
670 4617 841 4711 voluerit,
866 4643 934 4694 nec
949 4636 1165 4696 coaeternam
1187 4627 1265 4697 Deo
1286 4638 1323 4697 ει
1341 4624 1466 4697 menti.
1486 4625 1578 4696 Cum
1598 4622 1694 4693 enin
1712 4618 1884 4718 Spiritum
1900 4627 2067 4688 sanctum

465 4734 623 4808 animam
649 4739 761 4837 magis
776 4763 887 4838 quam
902 4742 1074 4841 Spiritum
1091 4743 1343 4843 appellaverit,
1362 4744 1464 4843 quasi
1480 4741 1527 4816 ab
1550 4737 1770 4828 animando,
1789 4736 1861 4810 hoc
1880 4749 1935 4809 est
1950 4731 2068 4808 vivifi·

465 4853 582 4927 cando
600 4877 668 4930 nos
683 4856 790 4932 donis
805 4883 878 4933 snae
900 4861 1019 4959 gratiae
1036 4887 1101 4962 per
1117 4863 1340 4938 incrementa
1355 4865 1545 4955 virtutum,
1572 4885 1647 4935 non
1674 4881 1817 4958 semper
1839 4855 1896 4930 ille
1914 4853 2067 4966 Spiritus

501 5122 507 5150 ¹
521 5118 582 5171 Uala
591 5126 692 5176 omnino
703 5127 851 5181 Ambosstus
860 5129 972 5181 onimro.
