<?xml version="1.0" encoding="UTF-8"?>
<!DOCTYPE html PUBLIC "-//W3C//DTD XHTML 1.0 Transitional//EN"
    "http://www.w3.org/TR/xhtml1/DTD/xhtml1-transitional.dtd">
<html xmlns="http://www.w3.org/1999/xhtml" xml:lang="en" lang="en">
 <head>
  <title>
</title>
<meta http-equiv="Content-Type" content="text/html;charset=utf-8" />
  <meta name='ocr-system' content='tesseract 3.04.00' />
  <meta name='ocr-capabilities' content='ocr_page ocr_carea ocr_par ocr_line ocrx_word'/>
</head>
<body>
  <div class='ocr_page' id='page_1' title='image "./petriablardiope00despgoog_0532.png"; bbox 0 0 4559 6100; ppageno 0'>
   <div class='ocr_carea' id='block_1_1' title="bbox 451 517 1450 591">
    <p class='ocr_par' dir='ltr' id='par_1_1' title="bbox 451 517 1450 591">
     <span class='ocr_line' id='line_1_1' title="bbox 451 517 1450 591; baseline -0.001 -1"><span class='ocrx_word' id='word_1_1' title='bbox 451 518 526 590; x_wconf 75' lang='grc'>492</span> <span class='ocrx_word' id='word_1_2' title='bbox 1058 518 1190 590; x_wconf 83' lang='lat' dir='ltr'>PE&#39;l&#39;Rl</span> <span class='ocrx_word' id='word_1_3' title='bbox 1218 517 1450 591; x_wconf 74' lang='lat' dir='ltr'><strong>ABAELARDI</strong></span> 
     </span>
    </p>
   </div>
   <div class='ocr_carea' id='block_1_2' title="bbox 453 661 2059 4002">
    <p class='ocr_par' dir='ltr' id='par_1_2' title="bbox 453 661 2059 4002">
     <span class='ocr_line' id='line_1_2' title="bbox 454 661 2053 764; baseline 0 -26"><span class='ocrx_word' id='word_1_4' title='bbox 454 664 667 739; x_wconf 88' lang='lat' dir='ltr'>tabilitatem</span> <span class='ocrx_word' id='word_1_5' title='bbox 693 661 890 739; x_wconf 77' lang='lat' dir='ltr'>defendens</span> <span class='ocrx_word' id='word_1_6' title='bbox 906 665 945 736; x_wconf 89' lang='lat' dir='ltr'>in</span> <span class='ocrx_word' id='word_1_7' title='bbox 964 665 1020 738; x_wconf 91' lang='lat' dir='ltr'>his</span> <span class='ocrx_word' id='word_1_8' title='bbox 1046 664 1197 763; x_wconf 89' lang='lat' dir='ltr'>quidem</span> <span class='ocrx_word' id='word_1_9' title='bbox 1223 666 1360 764; x_wconf 85' lang='lat' dir='ltr'>quaeei</span> <span class='ocrx_word' id='word_1_10' title='bbox 1389 690 1432 737; x_wconf 86' lang='lat' dir='ltr'>ex</span> <span class='ocrx_word' id='word_1_11' title='bbox 1451 679 1615 764; x_wconf 82' lang='lat' dir='ltr'>tempore</span> <span class='ocrx_word' id='word_1_12' title='bbox 1643 664 1879 737; x_wconf 89' lang='lat' dir='ltr'>conveniunt.</span> <span class='ocrx_word' id='word_1_13' title='bbox 1900 667 2053 760; x_wconf 86' lang='lat' dir='ltr'>«Certe,</span> 
     </span>
     <span class='ocr_line' id='line_1_3' title="bbox 453 784 2058 887; baseline 0.001 -29"><span class='ocrx_word' id='word_1_14' title='bbox 453 787 585 883; x_wconf 92' lang='lat' dir='ltr'>inquit,</span> <span class='ocrx_word' id='word_1_15' title='bbox 606 801 647 859; x_wconf 93' lang='lat' dir='ltr'>ut</span> <span class='ocrx_word' id='word_1_16' title='bbox 661 785 840 859; x_wconf 83' lang='lat' dir='ltr'><strong>Dominus</strong></span> <span class='ocrx_word' id='word_1_17' title='bbox 855 785 1015 859; x_wconf 91' lang='lat' dir='ltr'>hominis</span> <span class='ocrx_word' id='word_1_18' title='bbox 1035 800 1139 876; x_wconf 88' lang='lat' dir='ltr'>esset,</span> <span class='ocrx_word' id='word_1_19' title='bbox 1159 810 1204 859; x_wconf 87' lang='lat' dir='ltr'>ex</span> <span class='ocrx_word' id='word_1_20' title='bbox 1220 800 1385 887; x_wconf 86' lang='lat' dir='ltr'>tempore</span> <span class='ocrx_word' id='word_1_21' title='bbox 1404 784 1534 857; x_wconf 88' lang='lat' dir='ltr'>accidit</span> <span class='ocrx_word' id='word_1_22' title='bbox 1551 789 1643 878; x_wconf 90' lang='lat' dir='ltr'>Deo,</span> <span class='ocrx_word' id='word_1_23' title='bbox 1662 800 1699 857; x_wconf 91' lang='lat' dir='ltr'>et</span> <span class='ocrx_word' id='word_1_24' title='bbox 1715 798 1756 857; x_wconf 88' lang='lat' dir='ltr'>ut</span> <span class='ocrx_word' id='word_1_25' title='bbox 1772 798 1856 857; x_wconf 91' lang='lat' dir='ltr'>tuus</span> <span class='ocrx_word' id='word_1_26' title='bbox 1878 786 2058 859; x_wconf 75' lang='lat' dir='ltr'>Dominus</span> 
     </span>
     <span class='ocr_line' id='line_1_4' title="bbox 455 903 2056 1004; baseline -0.001 -25"><span class='ocrx_word' id='word_1_27' title='bbox 455 921 549 981; x_wconf 91' lang='lat' dir='ltr'>esset</span> <span class='ocrx_word' id='word_1_28' title='bbox 574 920 636 980; x_wconf 90' lang='lat' dir='ltr'>aut</span> <span class='ocrx_word' id='word_1_29' title='bbox 663 932 778 997; x_wconf 86' lang='lat' dir='ltr'>meus,</span> <span class='ocrx_word' id='word_1_30' title='bbox 806 907 868 1003; x_wconf 92' lang='lat' dir='ltr'>qui</span> <span class='ocrx_word' id='word_1_31' title='bbox 893 906 1006 979; x_wconf 90' lang='lat' dir='ltr'>modo</span> <span class='ocrx_word' id='word_1_32' title='bbox 1026 929 1102 977; x_wconf 90' lang='lat' dir='ltr'>esse</span> <span class='ocrx_word' id='word_1_33' title='bbox 1124 905 1314 1004; x_wconf 87' lang='lat' dir='ltr'>coepimus.</span> <span class='ocrx_word' id='word_1_34' title='bbox 1342 903 1540 993; x_wconf 88' lang='lat' dir='ltr'>Quomodo</span> <span class='ocrx_word' id='word_1_35' title='bbox 1565 906 1674 1000; x_wconf 91' lang='lat' dir='ltr'>igitur</span> <span class='ocrx_word' id='word_1_36' title='bbox 1696 904 1942 978; x_wconf 79' lang='lat' dir='ltr'>obtinebimus</span> <span class='ocrx_word' id='word_1_37' title='bbox 1967 904 2056 977; x_wconf 87' lang='lat' dir='ltr'>nibil</span> 
     </span>
     <span class='ocr_line' id='line_1_5' title="bbox 455 1023 2055 1124; baseline -0.001 -26"><span class='ocrx_word' id='word_1_38' title='bbox 455 1026 656 1099; x_wconf 87' lang='lat' dir='ltr'>seeundum</span> <span class='ocrx_word' id='word_1_39' title='bbox 674 1029 841 1102; x_wconf 85' lang='lat' dir='ltr'>accidens</span> <span class='ocrx_word' id='word_1_40' title='bbox 858 1027 928 1101; x_wconf 91' lang='lat' dir='ltr'>dici</span> <span class='ocrx_word' id='word_1_41' title='bbox 947 1025 994 1098; x_wconf 95' lang='lat' dir='ltr'>de</span> <span class='ocrx_word' id='word_1_42' title='bbox 1007 1029 1099 1117; x_wconf 90' lang='lat' dir='ltr'>Deo,</span> <span class='ocrx_word' id='word_1_43' title='bbox 1119 1025 1188 1096; x_wconf 90' lang='lat' dir='ltr'>nisi</span> <span class='ocrx_word' id='word_1_44' title='bbox 1203 1025 1289 1122; x_wconf 89' lang='lat' dir='ltr'>quia</span> <span class='ocrx_word' id='word_1_45' title='bbox 1305 1025 1417 1124; x_wconf 87' lang='lat' dir='ltr'>ipsius</span> <span class='ocrx_word' id='word_1_46' title='bbox 1432 1040 1567 1097; x_wconf 87' lang='lat' dir='ltr'>naturae</span> <span class='ocrx_word' id='word_1_47' title='bbox 1586 1024 1676 1097; x_wconf 91' lang='lat' dir='ltr'>nihil</span> <span class='ocrx_word' id='word_1_48' title='bbox 1696 1023 1825 1096; x_wconf 85' lang='lat' dir='ltr'>accidit</span> <span class='ocrx_word' id='word_1_49' title='bbox 1841 1048 1916 1121; x_wconf 89' lang='lat' dir='ltr'>quo</span> <span class='ocrx_word' id='word_1_50' title='bbox 1938 1038 2055 1097; x_wconf 87' lang='lat' dir='ltr'>mute·</span> 
     </span>
     <span class='ocr_line' id='line_1_6' title="bbox 455 1132 2055 1242; baseline -0.001 -25"><span class='ocrx_word' id='word_1_51' title='bbox 455 1157 528 1237; x_wconf 91' lang='lat' dir='ltr'>tur,</span> <span class='ocrx_word' id='word_1_52' title='bbox 551 1161 591 1219; x_wconf 91' lang='lat' dir='ltr'>ut</span> <span class='ocrx_word' id='word_1_53' title='bbox 617 1169 660 1218; x_wconf 89' lang='lat' dir='ltr'>ea</span> <span class='ocrx_word' id='word_1_54' title='bbox 684 1147 777 1220; x_wconf 90' lang='lat' dir='ltr'>sint¹</span> <span class='ocrx_word' id='word_1_55' title='bbox 794 1144 995 1221; x_wconf 88' lang='lat' dir='ltr'>accidentia</span> <span class='ocrx_word' id='word_1_56' title='bbox 1017 1132 1177 1235; x_wconf 79' lang='lat' dir='ltr'>relativa,</span> <span class='ocrx_word' id='word_1_57' title='bbox 1209 1170 1288 1242; x_wconf 87' lang='lat' dir='ltr'>quae</span> <span class='ocrx_word' id='word_1_58' title='bbox 1314 1169 1399 1217; x_wconf 92' lang='lat' dir='ltr'>cum</span> <span class='ocrx_word' id='word_1_59' title='bbox 1422 1143 1540 1242; x_wconf 85' lang='lat' dir='ltr'>aliqua</span> <span class='ocrx_word' id='word_1_60' title='bbox 1562 1145 1764 1217; x_wconf 83' lang='lat' dir='ltr'>mutatione</span> <span class='ocrx_word' id='word_1_61' title='bbox 1789 1166 1912 1215; x_wconf 86' lang='lat' dir='ltr'>earum</span> <span class='ocrx_word' id='word_1_62' title='bbox 1935 1144 2055 1215; x_wconf 83' lang='lat' dir='ltr'>rernm</span> 
     </span>
     <span class='ocr_line' id='line_1_7' title="bbox 456 1260 2056 1365; baseline -0.003 -27"><span class='ocrx_word' id='word_1_63' title='bbox 456 1265 502 1338; x_wconf 92' lang='lat' dir='ltr'>de</span> <span class='ocrx_word' id='word_1_64' title='bbox 522 1266 655 1365; x_wconf 89' lang='lat' dir='ltr'>quibus</span> <span class='ocrx_word' id='word_1_65' title='bbox 672 1266 842 1340; x_wconf 89' lang='lat' dir='ltr'>dicuntur</span> <span class='ocrx_word' id='word_1_66' title='bbox 859 1264 1040 1356; x_wconf 89' lang='lat' dir='ltr'>accidunt,</span> <span class='ocrx_word' id='word_1_67' title='bbox 1059 1264 1151 1335; x_wconf 89' lang='lat' dir='ltr'>sicut</span> <span class='ocrx_word' id='word_1_68' title='bbox 1167 1264 1303 1336; x_wconf 88' lang='lat' dir='ltr'>amicus</span> <span class='ocrx_word' id='word_1_69' title='bbox 1322 1263 1470 1337; x_wconf 85' lang='lat' dir='ltr'>relative</span> <span class='ocrx_word' id='word_1_70' title='bbox 1492 1264 1636 1356; x_wconf 83' lang='lat' dir='ltr'>dicitur,</span> <span class='ocrx_word' id='word_1_71' title='bbox 1655 1277 1693 1335; x_wconf 92' lang='lat' dir='ltr'>et</span> <span class='ocrx_word' id='word_1_72' title='bbox 1708 1260 1750 1334; x_wconf 86' lang='lat' dir='ltr'>fit</span> <span class='ocrx_word' id='word_1_73' title='bbox 1764 1263 1883 1361; x_wconf 86' lang='lat' dir='ltr'>aliqua</span> <span class='ocrx_word' id='word_1_74' title='bbox 1905 1263 2056 1335; x_wconf 80' lang='lat' dir='ltr'>mutatio</span> 
     </span>
     <span class='ocr_line' id='line_1_8' title="bbox 457 1381 2055 1482; baseline -0.003 -23"><span class='ocrx_word' id='word_1_75' title='bbox 457 1387 664 1480; x_wconf 89' lang='lat' dir='ltr'>voluntatis,</span> <span class='ocrx_word' id='word_1_76' title='bbox 683 1402 723 1459; x_wconf 90' lang='lat' dir='ltr'>ut</span> <span class='ocrx_word' id='word_1_77' title='bbox 740 1389 877 1461; x_wconf 89' lang='lat' dir='ltr'>amicus</span> <span class='ocrx_word' id='word_1_78' title='bbox 892 1384 1046 1458; x_wconf 85' lang='lat' dir='ltr'>dicatur.</span> <span class='ocrx_word' id='word_1_79' title='bbox 1065 1388 1241 1456; x_wconf 89' lang='lat' dir='ltr'>Nummus</span> <span class='ocrx_word' id='word_1_80' title='bbox 1258 1397 1378 1457; x_wconf 90' lang='lat' dir='ltr'>autem</span> <span class='ocrx_word' id='word_1_81' title='bbox 1394 1410 1479 1457; x_wconf 89' lang='lat' dir='ltr'>cum</span> <span class='ocrx_word' id='word_1_82' title='bbox 1496 1385 1627 1456; x_wconf 89' lang='lat' dir='ltr'>dicitur</span> <span class='ocrx_word' id='word_1_83' title='bbox 1643 1384 1812 1482; x_wconf 88' lang='lat' dir='ltr'>pretium,</span> <span class='ocrx_word' id='word_1_84' title='bbox 1839 1383 1984 1456; x_wconf 81' lang='lat' dir='ltr'>relative</span> <span class='ocrx_word' id='word_1_85' title='bbox 1999 1381 2055 1455; x_wconf 93' lang='lat' dir='ltr'>di·</span> 
     </span>
     <span class='ocr_line' id='line_1_9' title="bbox 456 1503 2054 1604; baseline -0.003 -25"><span class='ocrx_word' id='word_1_86' title='bbox 456 1506 561 1599; x_wconf 84' lang='lat' dir='ltr'>citur,</span> <span class='ocrx_word' id='word_1_87' title='bbox 581 1531 648 1579; x_wconf 91' lang='lat' dir='ltr'>nec</span> <span class='ocrx_word' id='word_1_88' title='bbox 662 1521 781 1580; x_wconf 87' lang='lat' dir='ltr'>tamen</span> <span class='ocrx_word' id='word_1_89' title='bbox 799 1520 956 1579; x_wconf 89' lang='lat' dir='ltr'>mutatus</span> <span class='ocrx_word' id='word_1_90' title='bbox 971 1519 1038 1598; x_wconf 88' lang='lat' dir='ltr'>est,</span> <span class='ocrx_word' id='word_1_91' title='bbox 1057 1528 1177 1602; x_wconf 89' lang='lat' dir='ltr'>neque</span> <span class='ocrx_word' id='word_1_92' title='bbox 1193 1528 1276 1576; x_wconf 90' lang='lat' dir='ltr'>cum</span> <span class='ocrx_word' id='word_1_93' title='bbox 1294 1503 1426 1576; x_wconf 88' lang='lat' dir='ltr'>dicitur</span> <span class='ocrx_word' id='word_1_94' title='bbox 1440 1505 1583 1604; x_wconf 86' lang='lat' dir='ltr'>pignus.</span> <span class='ocrx_word' id='word_1_95' title='bbox 1614 1504 1652 1574; x_wconf 89' lang='lat' dir='ltr'>Si</span> <span class='ocrx_word' id='word_1_96' title='bbox 1679 1527 1765 1601; x_wconf 86' lang='lat' dir='ltr'>crgo</span> <span class='ocrx_word' id='word_1_97' title='bbox 1789 1527 1962 1576; x_wconf 90' lang='lat' dir='ltr'>nummus</span> <span class='ocrx_word' id='word_1_98' title='bbox 1988 1527 2054 1601; x_wconf 90' lang='lat' dir='ltr'>po·</span> 
     </span>
     <span class='ocr_line' id='line_1_10' title="bbox 457 1621 2055 1723; baseline -0.001 -25"><span class='ocrx_word' id='word_1_99' title='bbox 457 1639 525 1698; x_wconf 86' lang='lat' dir='ltr'>test</span> <span class='ocrx_word' id='word_1_100' title='bbox 541 1627 640 1698; x_wconf 92' lang='lat' dir='ltr'>nulla</span> <span class='ocrx_word' id='word_1_101' title='bbox 655 1627 711 1699; x_wconf 88' lang='lat' dir='ltr'>sui</span> <span class='ocrx_word' id='word_1_102' title='bbox 726 1627 926 1699; x_wconf 79' lang='lat' dir='ltr'>mutatione</span> <span class='ocrx_word' id='word_1_103' title='bbox 943 1625 1073 1697; x_wconf 87' lang='lat' dir='ltr'>totiens</span> <span class='ocrx_word' id='word_1_104' title='bbox 1089 1622 1162 1696; x_wconf 91' lang='lat' dir='ltr'>dici</span> <span class='ocrx_word' id='word_1_105' title='bbox 1178 1624 1337 1717; x_wconf 82' lang='lat' dir='ltr'>relative,</span> <span class='ocrx_word' id='word_1_106' title='bbox 1370 1638 1411 1696; x_wconf 91' lang='lat' dir='ltr'>ut</span> <span class='ocrx_word' id='word_1_107' title='bbox 1430 1648 1549 1723; x_wconf 90' lang='lat' dir='ltr'>neque</span> <span class='ocrx_word' id='word_1_108' title='bbox 1570 1648 1654 1696; x_wconf 90' lang='lat' dir='ltr'>cum</span> <span class='ocrx_word' id='word_1_109' title='bbox 1682 1621 1807 1722; x_wconf 88' lang='lat' dir='ltr'>incipit</span> <span class='ocrx_word' id='word_1_110' title='bbox 1830 1621 1914 1716; x_wconf 90' lang='lat' dir='ltr'>dici,</span> <span class='ocrx_word' id='word_1_111' title='bbox 1939 1646 2055 1720; x_wconf 86' lang='lat' dir='ltr'>neque</span> 
     </span>
     <span class='ocr_line' id='line_1_11' title="bbox 457 1741 2054 1843; baseline -0.003 -25"><span class='ocrx_word' id='word_1_112' title='bbox 457 1770 542 1818; x_wconf 90' lang='lat' dir='ltr'>cum</span> <span class='ocrx_word' id='word_1_113' title='bbox 559 1745 704 1838; x_wconf 86' lang='lat' dir='ltr'>desinit,</span> <span class='ocrx_word' id='word_1_114' title='bbox 724 1745 860 1843; x_wconf 89' lang='lat' dir='ltr'>aliquid</span> <span class='ocrx_word' id='word_1_115' title='bbox 872 1746 908 1816; x_wconf 93' lang='lat' dir='ltr'>in</span> <span class='ocrx_word' id='word_1_116' title='bbox 925 1745 1000 1841; x_wconf 88' lang='lat' dir='ltr'>ejus</span> <span class='ocrx_word' id='word_1_117' title='bbox 1015 1756 1144 1817; x_wconf 84' lang='lat' dir='ltr'>natura</span> <span class='ocrx_word' id='word_1_118' title='bbox 1160 1744 1217 1816; x_wconf 90' lang='lat' dir='ltr'>vel</span> <span class='ocrx_word' id='word_1_119' title='bbox 1230 1744 1360 1836; x_wconf 80' lang='lat' dir='ltr'>forma,</span> <span class='ocrx_word' id='word_1_120' title='bbox 1378 1768 1450 1843; x_wconf 84' lang='lat' dir='ltr'>qua</span> <span class='ocrx_word' id='word_1_121' title='bbox 1464 1768 1635 1817; x_wconf 84' lang='lat' dir='ltr'>nummus</span> <span class='ocrx_word' id='word_1_122' title='bbox 1654 1757 1721 1834; x_wconf 87' lang='lat' dir='ltr'>est,</span> <span class='ocrx_word' id='word_1_123' title='bbox 1748 1742 1956 1815; x_wconf 85' lang='lat' dir='ltr'>mutationis</span> <span class='ocrx_word' id='word_1_124' title='bbox 1973 1741 2054 1837; x_wconf 86' lang='lat' dir='ltr'>fiat;</span> 
     </span>
     <span class='ocr_line' id='line_1_12' title="bbox 457 1861 2058 1963; baseline -0.002 -24"><span class='ocrx_word' id='word_1_125' title='bbox 457 1879 596 1963; x_wconf 85' lang='lat' dir='ltr'>quanto</span> <span class='ocrx_word' id='word_1_126' title='bbox 614 1865 751 1938; x_wconf 82' lang='lat' dir='ltr'>lacibus</span> <span class='ocrx_word' id='word_1_127' title='bbox 767 1866 814 1939; x_wconf 92' lang='lat' dir='ltr'>de</span> <span class='ocrx_word' id='word_1_128' title='bbox 825 1862 1112 1937; x_wconf 79' lang='lat' dir='ltr'>incommutabili</span> <span class='ocrx_word' id='word_1_129' title='bbox 1125 1863 1193 1937; x_wconf 91' lang='lat' dir='ltr'>Dei</span> <span class='ocrx_word' id='word_1_130' title='bbox 1210 1862 1410 1937; x_wconf 88' lang='lat' dir='ltr'>substantia</span> <span class='ocrx_word' id='word_1_131' title='bbox 1417 1861 1592 1936; x_wconf 89' lang='lat' dir='ltr'>debemus</span> <span class='ocrx_word' id='word_1_132' title='bbox 1600 1863 1775 1962; x_wconf 86' lang='lat' dir='ltr'>accipere,</span> <span class='ocrx_word' id='word_1_133' title='bbox 1793 1875 1836 1933; x_wconf 91' lang='lat' dir='ltr'>ut</span> <span class='ocrx_word' id='word_1_134' title='bbox 1852 1862 1900 1934; x_wconf 86' lang='lat' dir='ltr'>ita</span> <span class='ocrx_word' id='word_1_135' title='bbox 1918 1861 2058 1936; x_wconf 87' lang='lat' dir='ltr'>dicatur</span> 
     </span>
     <span class='ocr_line' id='line_1_13' title="bbox 461 1981 2055 2082; baseline -0.001 -26"><span class='ocrx_word' id='word_1_136' title='bbox 461 1984 610 2058; x_wconf 83' lang='lat' dir='ltr'>relative</span> <span class='ocrx_word' id='word_1_137' title='bbox 627 1985 764 2081; x_wconf 89' lang='lat' dir='ltr'>aliquid</span> <span class='ocrx_word' id='word_1_138' title='bbox 781 1985 827 2057; x_wconf 87' lang='lat' dir='ltr'>ad</span> <span class='ocrx_word' id='word_1_139' title='bbox 845 1999 1060 2073; x_wconf 87' lang='lat' dir='ltr'>creaturam,</span> <span class='ocrx_word' id='word_1_140' title='bbox 1076 1998 1116 2054; x_wconf 90' lang='lat' dir='ltr'>ut</span> <span class='ocrx_word' id='word_1_141' title='bbox 1132 1984 1298 2082; x_wconf 86' lang='lat' dir='ltr'>quamvis</span> <span class='ocrx_word' id='word_1_142' title='bbox 1312 1997 1433 2056; x_wconf 90' lang='lat' dir='ltr'>tamen</span> <span class='ocrx_word' id='word_1_143' title='bbox 1447 1982 1692 2081; x_wconf 88' lang='lat' dir='ltr'>temporaliter</span> <span class='ocrx_word' id='word_1_144' title='bbox 1706 1982 1853 2081; x_wconf 79' lang='lat' dir='ltr'>incipiat</span> <span class='ocrx_word' id='word_1_145' title='bbox 1867 1981 1953 2076; x_wconf 89' lang='lat' dir='ltr'>dici,</span> <span class='ocrx_word' id='word_1_146' title='bbox 1981 2007 2055 2055; x_wconf 90' lang='lat' dir='ltr'>non</span> 
     </span>
     <span class='ocr_line' id='line_1_14' title="bbox 457 2101 2057 2203; baseline 0 -26"><span class='ocrx_word' id='word_1_147' title='bbox 457 2118 578 2177; x_wconf 67' lang='lat' dir='ltr'>nmen</span> <span class='ocrx_word' id='word_1_148' title='bbox 595 2105 663 2203; x_wconf 89' lang='lat' dir='ltr'>ipsi</span> <span class='ocrx_word' id='word_1_149' title='bbox 680 2105 886 2179; x_wconf 88' lang='lat' dir='ltr'>substantiae</span> <span class='ocrx_word' id='word_1_150' title='bbox 900 2103 968 2176; x_wconf 92' lang='lat' dir='ltr'>Dei</span> <span class='ocrx_word' id='word_1_151' title='bbox 984 2102 1155 2177; x_wconf 86' lang='lat' dir='ltr'>accidisse</span> <span class='ocrx_word' id='word_1_152' title='bbox 1169 2101 1404 2200; x_wconf 80' lang='lat' dir='ltr'>intelligatur3</span> <span class='ocrx_word' id='word_1_153' title='bbox 1427 2102 1491 2176; x_wconf 87' lang='lat' dir='ltr'>sed</span> <span class='ocrx_word' id='word_1_154' title='bbox 1508 2102 1559 2174; x_wconf 91' lang='lat' dir='ltr'>illi</span> <span class='ocrx_word' id='word_1_155' title='bbox 1577 2116 1747 2176; x_wconf 85' lang='lat' dir='ltr'>creaturae</span> <span class='ocrx_word' id='word_1_156' title='bbox 1767 2101 1813 2174; x_wconf 89' lang='lat' dir='ltr'>ad</span> <span class='ocrx_word' id='word_1_157' title='bbox 1834 2126 1945 2200; x_wconf 89' lang='lat' dir='ltr'>quam</span> <span class='ocrx_word' id='word_1_158' title='bbox 1969 2102 2057 2177; x_wconf 89' lang='lat' dir='ltr'>dici·</span> 
     </span>
     <span class='ocr_line' id='line_1_15' title="bbox 458 2220 2057 2321; baseline -0.001 -25"><span class='ocrx_word' id='word_1_159' title='bbox 458 2239 517 2296; x_wconf 89' lang='lat' dir='ltr'>tur</span> <span class='ocrx_word' id='word_1_160' title='bbox 531 2227 555 2314; x_wconf 81' lang='lat'>²,</span> <span class='ocrx_word' id='word_1_161' title='bbox 578 2256 596 2291; x_wconf 75' lang='grc' dir='ltr'><strong>α</strong></span> <span class='ocrx_word' id='word_1_162' title='bbox 615 2225 772 2297; x_wconf 91' lang='lat' dir='ltr'>Domine</span> <span class='ocrx_word' id='word_1_163' title='bbox 789 2224 965 2320; x_wconf 70' lang='lat' dir='ltr'>conigium</span> <span class='ocrx_word' id='word_1_164' title='bbox 979 2223 1092 2295; x_wconf 84' lang='lat' dir='ltr'>laetus</span> <span class='ocrx_word' id='word_1_165' title='bbox 1105 2236 1158 2295; x_wconf 87' lang='lat' dir='ltr'>est</span> <span class='ocrx_word' id='word_1_166' title='bbox 1173 2222 1306 2295; x_wconf 82' lang='lat' dir='ltr'>nobis?</span> <span class='ocrx_word' id='word_1_167' title='bbox 1323 2251 1341 2291; x_wconf 79' lang='lat' dir='ltr'>v</span> <span class='ocrx_word' id='word_1_168' title='bbox 1359 2227 1401 2294; x_wconf 88' lang='lat' dir='ltr'>lu</span> <span class='ocrx_word' id='word_1_169' title='bbox 1418 2221 1524 2297; x_wconf 86' lang='lat' dir='ltr'>uobis</span> <span class='ocrx_word' id='word_1_170' title='bbox 1537 2246 1625 2319; x_wconf 89' lang='lat' dir='ltr'>ergo</span> <span class='ocrx_word' id='word_1_171' title='bbox 1641 2220 1683 2295; x_wconf 87' lang='lat' dir='ltr'>lit</span> <span class='ocrx_word' id='word_1_172' title='bbox 1699 2222 1821 2321; x_wconf 87' lang='lat' dir='ltr'>aliqua</span> <span class='ocrx_word' id='word_1_173' title='bbox 1837 2225 2004 2316; x_wconf 85' lang='lat' dir='ltr'>mutatio,</span> <span class='ocrx_word' id='word_1_174' title='bbox 2022 2237 2057 2297; x_wconf 94' lang='lat' dir='ltr'>et</span> 
     </span>
     <span class='ocr_line' id='line_1_16' title="bbox 457 2340 2057 2440; baseline 0.001 -24"><span class='ocrx_word' id='word_1_175' title='bbox 457 2342 636 2418; x_wconf 84' lang='lat' dir='ltr'>efficimur</span> <span class='ocrx_word' id='word_1_176' title='bbox 648 2344 695 2417; x_wconf 93' lang='lat' dir='ltr'>ad</span> <span class='ocrx_word' id='word_1_177' title='bbox 713 2370 798 2417; x_wconf 89' lang='lat' dir='ltr'>eum</span> <span class='ocrx_word' id='word_1_178' title='bbox 816 2342 1027 2440; x_wconf 77' lang='lat' dir='ltr'>refugiendo</span> <span class='ocrx_word' id='word_1_179' title='bbox 1041 2342 1223 2429; x_wconf 87' lang='lat' dir='ltr'>meliores,</span> <span class='ocrx_word' id='word_1_180' title='bbox 1242 2343 1280 2415; x_wconf 91' lang='lat' dir='ltr'>in</span> <span class='ocrx_word' id='word_1_181' title='bbox 1297 2341 1360 2415; x_wconf 92' lang='lat' dir='ltr'>illo</span> <span class='ocrx_word' id='word_1_182' title='bbox 1377 2356 1496 2415; x_wconf 89' lang='lat' dir='ltr'>autem</span> <span class='ocrx_word' id='word_1_183' title='bbox 1516 2340 1627 2414; x_wconf 88' lang='lat' dir='ltr'>nulla.</span> <span class='ocrx_word' id='word_1_184' title='bbox 1652 2341 1723 2414; x_wconf 89' lang='lat' dir='ltr'>Sed</span> <span class='ocrx_word' id='word_1_185' title='bbox 1740 2356 1776 2415; x_wconf 89' lang='lat' dir='ltr'>et</span> <span class='ocrx_word' id='word_1_186' title='bbox 1792 2345 1917 2414; x_wconf 81' lang='lat' dir='ltr'>Pater⁸</span> <span class='ocrx_word' id='word_1_187' title='bbox 1935 2359 2057 2417; x_wconf 87' lang='lat' dir='ltr'>noster</span> 
     </span>
     <span class='ocr_line' id='line_1_17' title="bbox 457 2460 2059 2564; baseline 0.001 -27"><span class='ocrx_word' id='word_1_188' title='bbox 457 2488 534 2537; x_wconf 89' lang='lat' dir='ltr'>esse</span> <span class='ocrx_word' id='word_1_189' title='bbox 549 2465 688 2564; x_wconf 81' lang='lat' dir='ltr'>incipit,</span> <span class='ocrx_word' id='word_1_190' title='bbox 704 2487 789 2537; x_wconf 89' lang='lat' dir='ltr'>eum</span> <span class='ocrx_word' id='word_1_191' title='bbox 805 2488 870 2563; x_wconf 86' lang='lat' dir='ltr'>per</span> <span class='ocrx_word' id='word_1_192' title='bbox 888 2465 965 2561; x_wconf 87' lang='lat' dir='ltr'>ejus</span> <span class='ocrx_word' id='word_1_193' title='bbox 987 2464 1137 2559; x_wconf 83' lang='lat' dir='ltr'>gratiam</span> <span class='ocrx_word' id='word_1_194' title='bbox 1160 2487 1427 2560; x_wconf 83' lang='lat' dir='ltr'>regeneramur.</span> <span class='ocrx_word' id='word_1_195' title='bbox 1454 2460 1659 2534; x_wconf 88' lang='lat' dir='ltr'>Substantia</span> <span class='ocrx_word' id='word_1_196' title='bbox 1685 2463 1809 2560; x_wconf 87' lang='lat' dir='ltr'>itaque</span> <span class='ocrx_word' id='word_1_197' title='bbox 1833 2479 1957 2537; x_wconf 88' lang='lat' dir='ltr'>nostra</span> <span class='ocrx_word' id='word_1_198' title='bbox 1980 2490 2059 2538; x_wconf 92' lang='lat' dir='ltr'>mu·</span> 
     </span>
     <span class='ocr_line' id='line_1_18' title="bbox 458 2580 2057 2680; baseline 0.003 -25"><span class='ocrx_word' id='word_1_199' title='bbox 458 2597 553 2656; x_wconf 88' lang='lat' dir='ltr'>tatur</span> <span class='ocrx_word' id='word_1_200' title='bbox 567 2583 603 2655; x_wconf 89' lang='lat' dir='ltr'>in</span> <span class='ocrx_word' id='word_1_201' title='bbox 618 2582 759 2655; x_wconf 90' lang='lat' dir='ltr'>melius.</span> <span class='ocrx_word' id='word_1_202' title='bbox 780 2582 889 2669; x_wconf 89' lang='lat' dir='ltr'>Quod</span> <span class='ocrx_word' id='word_1_203' title='bbox 906 2606 992 2679; x_wconf 91' lang='lat' dir='ltr'>ergo</span> <span class='ocrx_word' id='word_1_204' title='bbox 1010 2582 1254 2680; x_wconf 82' lang='lat' dir='ltr'>temporaliter</span> <span class='ocrx_word' id='word_1_205' title='bbox 1266 2580 1339 2654; x_wconf 90' lang='lat' dir='ltr'>dici</span> <span class='ocrx_word' id='word_1_206' title='bbox 1348 2581 1474 2679; x_wconf 90' lang='lat' dir='ltr'>incipit</span> <span class='ocrx_word' id='word_1_207' title='bbox 1483 2586 1595 2675; x_wconf 88' lang='lat' dir='ltr'>Deus,</span> <span class='ocrx_word' id='word_1_208' title='bbox 1608 2580 1837 2654; x_wconf 80' lang='lat' dir='ltr'>manifestum</span> <span class='ocrx_word' id='word_1_209' title='bbox 1848 2597 1901 2654; x_wconf 90' lang='lat' dir='ltr'>est</span> <span class='ocrx_word' id='word_1_210' title='bbox 1910 2583 2057 2659; x_wconf 82' lang='lat' dir='ltr'>relative</span> 
     </span>
     <span class='ocr_line' id='line_1_19' title="bbox 457 2699 2057 2802; baseline 0.003 -29"><span class='ocrx_word' id='word_1_211' title='bbox 457 2701 542 2790; x_wconf 90' lang='lat' dir='ltr'>dici,</span> <span class='ocrx_word' id='word_1_212' title='bbox 561 2726 637 2773; x_wconf 90' lang='lat' dir='ltr'>nou</span> <span class='ocrx_word' id='word_1_213' title='bbox 652 2700 853 2773; x_wconf 90' lang='lat' dir='ltr'>secundum</span> <span class='ocrx_word' id='word_1_214' title='bbox 869 2699 1037 2773; x_wconf 88' lang='lat' dir='ltr'>accidens</span> <span class='ocrx_word' id='word_1_215' title='bbox 1054 2702 1133 2794; x_wconf 92' lang='lat' dir='ltr'>Dei,</span> <span class='ocrx_word' id='word_1_216' title='bbox 1157 2700 1221 2772; x_wconf 88' lang='lat' dir='ltr'>sed</span> <span class='ocrx_word' id='word_1_217' title='bbox 1234 2699 1342 2798; x_wconf 87' lang='lat' dir='ltr'>plane</span> <span class='ocrx_word' id='word_1_218' title='bbox 1359 2699 1559 2773; x_wconf 90' lang='lat' dir='ltr'>secundum</span> <span class='ocrx_word' id='word_1_219' title='bbox 1584 2700 1751 2774; x_wconf 88' lang='lat' dir='ltr'>accidens</span> <span class='ocrx_word' id='word_1_220' title='bbox 1777 2702 1854 2799; x_wconf 89' lang='lat' dir='ltr'>ejus</span> <span class='ocrx_word' id='word_1_221' title='bbox 1878 2700 1925 2775; x_wconf 90' lang='lat' dir='ltr'>ad</span> <span class='ocrx_word' id='word_1_222' title='bbox 1946 2728 2057 2802; x_wconf 90' lang='lat' dir='ltr'>quem</span> 
     </span>
     <span class='ocr_line' id='line_1_20' title="bbox 456 2818 2058 2925; baseline 0.003 -33"><span class='ocrx_word' id='word_1_223' title='bbox 456 2819 529 2892; x_wconf 89' lang='lat' dir='ltr'>dici</span> <span class='ocrx_word' id='word_1_224' title='bbox 544 2818 678 2918; x_wconf 86' lang='lat' dir='ltr'>aliquid</span> <span class='ocrx_word' id='word_1_225' title='bbox 702 2820 827 2917; x_wconf 89' lang='lat' dir='ltr'>incipit</span> <span class='ocrx_word' id='word_1_226' title='bbox 842 2824 939 2892; x_wconf 88' lang='lat' dir='ltr'>Deus</span> <span class='ocrx_word' id='word_1_227' title='bbox 955 2820 1113 2892; x_wconf 89' lang='lat' dir='ltr'>relative.</span> <span class='ocrx_word' id='word_1_228' title='bbox 1133 2824 1178 2891; x_wconf 86' lang='lat' dir='ltr'>Et</span> <span class='ocrx_word' id='word_1_229' title='bbox 1202 2818 1303 2917; x_wconf 93' lang='lat' dir='ltr'>quod</span> <span class='ocrx_word' id='word_1_230' title='bbox 1330 2821 1466 2892; x_wconf 88' lang='lat' dir='ltr'>amicus</span> <span class='ocrx_word' id='word_1_231' title='bbox 1483 2821 1550 2893; x_wconf 90' lang='lat' dir='ltr'>Dei</span> <span class='ocrx_word' id='word_1_232' title='bbox 1574 2820 1693 2917; x_wconf 87' lang='lat' dir='ltr'>justus</span> <span class='ocrx_word' id='word_1_233' title='bbox 1715 2846 1792 2894; x_wconf 86' lang='lat' dir='ltr'>esse</span> <span class='ocrx_word' id='word_1_234' title='bbox 1813 2822 1952 2921; x_wconf 89' lang='lat' dir='ltr'>incipit,</span> <span class='ocrx_word' id='word_1_235' title='bbox 1982 2825 2058 2925; x_wconf 85' lang='lat' dir='ltr'>ipse</span> 
     </span>
     <span class='ocr_line' id='line_1_21' title="bbox 456 2938 2054 3041; baseline 0.005 -29"><span class='ocrx_word' id='word_1_236' title='bbox 456 2953 630 3032; x_wconf 89' lang='lat' dir='ltr'>mutatur,</span> <span class='ocrx_word' id='word_1_237' title='bbox 650 2943 747 3013; x_wconf 84' lang='lat' dir='ltr'>Deus</span> <span class='ocrx_word' id='word_1_238' title='bbox 760 2953 881 3011; x_wconf 88' lang='lat' dir='ltr'>autem</span> <span class='ocrx_word' id='word_1_239' title='bbox 894 2938 987 3013; x_wconf 83' lang='lat' dir='ltr'>absit</span> <span class='ocrx_word' id='word_1_240' title='bbox 1003 2953 1043 3011; x_wconf 93' lang='lat' dir='ltr'>ut</span> <span class='ocrx_word' id='word_1_241' title='bbox 1054 2939 1210 3037; x_wconf 86' lang='lat' dir='ltr'>aliquem</span> <span class='ocrx_word' id='word_1_242' title='bbox 1220 2939 1465 3038; x_wconf 86' lang='lat' dir='ltr'>temporaliter</span> <span class='ocrx_word' id='word_1_243' title='bbox 1478 2938 1614 3038; x_wconf 85' lang='lat' dir='ltr'>diligat,</span> <span class='ocrx_word' id='word_1_244' title='bbox 1626 2943 1727 3041; x_wconf 91' lang='lat' dir='ltr'>quasi</span> <span class='ocrx_word' id='word_1_245' title='bbox 1743 2966 1838 3017; x_wconf 87' lang='lat' dir='ltr'>nova</span> <span class='ocrx_word' id='word_1_246' title='bbox 1849 2942 2054 3020; x_wconf 88' lang='lat' dir='ltr'>dilectione.</span> 
     </span>
     <span class='ocr_line' id='line_1_22' title="bbox 457 3059 2054 3163; baseline 0.005 -31"><span class='ocrx_word' id='word_1_247' title='bbox 457 3065 582 3159; x_wconf 83' lang='lat' dir='ltr'>ltaque</span> <span class='ocrx_word' id='word_1_248' title='bbox 600 3084 727 3134; x_wconf 88' lang='lat' dir='ltr'>omnes</span> <span class='ocrx_word' id='word_1_249' title='bbox 744 3074 887 3133; x_wconf 88' lang='lat' dir='ltr'>sanctos</span> <span class='ocrx_word' id='word_1_250' title='bbox 903 3074 987 3133; x_wconf 88' lang='lat' dir='ltr'>ante</span> <span class='ocrx_word' id='word_1_251' title='bbox 1009 3059 1136 3133; x_wconf 91' lang='lat' dir='ltr'>mundi</span> <span class='ocrx_word' id='word_1_252' title='bbox 1161 3061 1456 3134; x_wconf 86' lang='lat' dir='ltr'>constitutionem</span> <span class='ocrx_word' id='word_1_253' title='bbox 1480 3061 1617 3152; x_wconf 79' lang='lat' dir='ltr'>dilexit,</span> <span class='ocrx_word' id='word_1_254' title='bbox 1647 3064 1738 3136; x_wconf 89' lang='lat' dir='ltr'>sicut</span> <span class='ocrx_word' id='word_1_255' title='bbox 1765 3063 2054 3163; x_wconf 77' lang='lat' dir='ltr'>praedestinavit:</span> 
     </span>
     <span class='ocr_line' id='line_1_23' title="bbox 457 3181 2054 3282; baseline 0.003 -28"><span class='ocrx_word' id='word_1_256' title='bbox 457 3181 520 3254; x_wconf 90' lang='lat' dir='ltr'>sed</span> <span class='ocrx_word' id='word_1_257' title='bbox 538 3206 624 3255; x_wconf 90' lang='lat' dir='ltr'>cum</span> <span class='ocrx_word' id='word_1_258' title='bbox 636 3195 911 3270; x_wconf 84' lang='lat' dir='ltr'>convertuntur,</span> <span class='ocrx_word' id='word_1_259' title='bbox 931 3196 968 3254; x_wconf 94' lang='lat' dir='ltr'>et</span> <span class='ocrx_word' id='word_1_260' title='bbox 984 3181 1174 3254; x_wconf 86' lang='lat' dir='ltr'>inveniunt</span> <span class='ocrx_word' id='word_1_261' title='bbox 1187 3181 1302 3276; x_wconf 85' lang='lat' dir='ltr'>illurn,</span> <span class='ocrx_word' id='word_1_262' title='bbox 1321 3196 1408 3254; x_wconf 90' lang='lat' dir='ltr'>tunc</span> <span class='ocrx_word' id='word_1_263' title='bbox 1424 3183 1584 3282; x_wconf 88' lang='lat' dir='ltr'>incipere</span> <span class='ocrx_word' id='word_1_264' title='bbox 1610 3183 1657 3256; x_wconf 90' lang='lat' dir='ltr'>ab</span> <span class='ocrx_word' id='word_1_265' title='bbox 1679 3207 1724 3256; x_wconf 92' lang='lat' dir='ltr'>eo</span> <span class='ocrx_word' id='word_1_266' title='bbox 1747 3183 1847 3282; x_wconf 86' lang='lat' dir='ltr'>diligi</span> <span class='ocrx_word' id='word_1_267' title='bbox 1871 3184 2054 3282; x_wconf 89' lang='lat' dir='ltr'>dicuntur,</span> 
     </span>
     <span class='ocr_line' id='line_1_24' title="bbox 457 3300 2057 3401; baseline 0.004 -27"><span class='ocrx_word' id='word_1_268' title='bbox 457 3316 497 3374; x_wconf 90' lang='lat' dir='ltr'>ut</span> <span class='ocrx_word' id='word_1_269' title='bbox 512 3326 558 3374; x_wconf 90' lang='lat' dir='ltr'>eo</span> <span class='ocrx_word' id='word_1_270' title='bbox 574 3300 687 3374; x_wconf 92' lang='lat' dir='ltr'>modo</span> <span class='ocrx_word' id='word_1_271' title='bbox 705 3300 860 3392; x_wconf 88' lang='lat' dir='ltr'>dicatur,</span> <span class='ocrx_word' id='word_1_272' title='bbox 880 3324 955 3397; x_wconf 92' lang='lat' dir='ltr'>quo</span> <span class='ocrx_word' id='word_1_273' title='bbox 968 3314 1088 3400; x_wconf 88' lang='lat' dir='ltr'>potest</span> <span class='ocrx_word' id='word_1_274' title='bbox 1098 3300 1401 3376; x_wconf 82' lang='lat' dir='ltr'>humanoaffectu</span> <span class='ocrx_word' id='word_1_275' title='bbox 1412 3303 1494 3401; x_wconf 89' lang='lat' dir='ltr'>capi</span> <span class='ocrx_word' id='word_1_276' title='bbox 1505 3302 1606 3401; x_wconf 91' lang='lat' dir='ltr'>quod</span> <span class='ocrx_word' id='word_1_277' title='bbox 1618 3301 1760 3376; x_wconf 88' lang='lat' dir='ltr'>dieitur.</span> <span class='ocrx_word' id='word_1_278' title='bbox 1777 3305 1836 3377; x_wconf 89' lang='lat' dir='ltr'>Sic</span> <span class='ocrx_word' id='word_1_279' title='bbox 1849 3307 1958 3379; x_wconf 88' lang='lat' dir='ltr'>etiam</span> <span class='ocrx_word' id='word_1_280' title='bbox 1974 3332 2057 3380; x_wconf 90' lang='lat' dir='ltr'>cum</span> 
     </span>
     <span class='ocr_line' id='line_1_25' title="bbox 456 3418 2058 3522; baseline 0.004 -29"><span class='ocrx_word' id='word_1_281' title='bbox 456 3422 567 3494; x_wconf 91' lang='lat' dir='ltr'>iratus</span> <span class='ocrx_word' id='word_1_282' title='bbox 584 3420 686 3494; x_wconf 86' lang='lat' dir='ltr'>malis</span> <span class='ocrx_word' id='word_1_283' title='bbox 703 3420 848 3511; x_wconf 89' lang='lat' dir='ltr'>dicitur,</span> <span class='ocrx_word' id='word_1_284' title='bbox 867 3433 903 3492; x_wconf 90' lang='lat' dir='ltr'>et</span> <span class='ocrx_word' id='word_1_285' title='bbox 922 3418 1107 3519; x_wconf 84' lang='lat' dir='ltr'>placabilis</span> <span class='ocrx_word' id='word_1_286' title='bbox 1123 3420 1253 3514; x_wconf 83' lang='lat' dir='ltr'>bonis;</span> <span class='ocrx_word' id='word_1_287' title='bbox 1273 3421 1322 3493; x_wconf 92' lang='lat' dir='ltr'>illi</span> <span class='ocrx_word' id='word_1_288' title='bbox 1339 3436 1537 3514; x_wconf 85' lang='lat' dir='ltr'>mutantur,</span> <span class='ocrx_word' id='word_1_289' title='bbox 1557 3448 1632 3497; x_wconf 91' lang='lat' dir='ltr'>non</span> <span class='ocrx_word' id='word_1_290' title='bbox 1649 3424 1728 3522; x_wconf 88' lang='lat' dir='ltr'>ipse</span> <span class='ocrx_word' id='word_1_291' title='bbox 1744 3449 1754 3494; x_wconf 78' lang='lat' dir='ltr'>t</span> <span class='ocrx_word' id='word_1_292' title='bbox 1771 3424 1864 3497; x_wconf 87' lang='lat' dir='ltr'>sicut</span> <span class='ocrx_word' id='word_1_293' title='bbox 1883 3427 1944 3498; x_wconf 84' lang='lat' dir='ltr'>lux</span> <span class='ocrx_word' id='word_1_294' title='bbox 1961 3426 2058 3500; x_wconf 80' lang='lat' dir='ltr'>infir·</span> 
     </span>
     <span class='ocr_line' id='line_1_26' title="bbox 456 3539 2057 3647; baseline 0.004 -33"><span class='ocrx_word' id='word_1_295' title='bbox 456 3542 525 3614; x_wconf 88' lang='lat' dir='ltr'>mis</span> <span class='ocrx_word' id='word_1_296' title='bbox 542 3540 656 3613; x_wconf 90' lang='lat' dir='ltr'>oculis</span> <span class='ocrx_word' id='word_1_297' title='bbox 670 3564 809 3639; x_wconf 87' lang='lat' dir='ltr'>aspera,</span> <span class='ocrx_word' id='word_1_298' title='bbox 830 3540 942 3612; x_wconf 86' lang='lat' dir='ltr'>firmis</span> <span class='ocrx_word' id='word_1_299' title='bbox 960 3539 1049 3613; x_wconf 90' lang='lat' dir='ltr'>lenis</span> <span class='ocrx_word' id='word_1_300' title='bbox 1065 3553 1131 3630; x_wconf 89' lang='lat' dir='ltr'>est,</span> <span class='ocrx_word' id='word_1_301' title='bbox 1152 3541 1316 3641; x_wconf 90' lang='lat' dir='ltr'>ipsorum</span> <span class='ocrx_word' id='word_1_302' title='bbox 1334 3542 1548 3635; x_wconf 83' lang='lat' dir='ltr'>mutatione,</span> <span class='ocrx_word' id='word_1_303' title='bbox 1569 3567 1645 3615; x_wconf 93' lang='lat' dir='ltr'>non</span> <span class='ocrx_word' id='word_1_304' title='bbox 1662 3567 1739 3616; x_wconf 88' lang='lat' dir='ltr'>sua.</span> <span class='ocrx_word' id='word_1_305' title='bbox 1765 3575 1783 3611; x_wconf 75' lang='lat' dir='ltr'>s</span> <span class='ocrx_word' id='word_1_306' title='bbox 1806 3549 1922 3618; x_wconf 86' lang='lat' dir='ltr'>Nemo</span> <span class='ocrx_word' id='word_1_307' title='bbox 1937 3547 2057 3647; x_wconf 89' lang='lat' dir='ltr'>itaque</span> 
     </span>
     <span class='ocr_line' id='line_1_27' title="bbox 455 3658 2056 3762; baseline 0.004 -29"><span class='ocrx_word' id='word_1_308' title='bbox 455 3661 542 3757; x_wconf 87' lang='lat' dir='ltr'>quia</span> <span class='ocrx_word' id='word_1_309' title='bbox 556 3664 677 3732; x_wconf 92' lang='lat' dir='ltr'>Deum</span> <span class='ocrx_word' id='word_1_310' title='bbox 694 3658 841 3732; x_wconf 89' lang='lat' dir='ltr'>relative</span> <span class='ocrx_word' id='word_1_311' title='bbox 856 3663 996 3731; x_wconf 89' lang='lat' dir='ltr'>Patrem</span> <span class='ocrx_word' id='word_1_312' title='bbox 1009 3660 1130 3732; x_wconf 87' lang='lat' dir='ltr'>vocari</span> <span class='ocrx_word' id='word_1_313' title='bbox 1155 3661 1270 3750; x_wconf 90' lang='lat' dir='ltr'>novit,</span> <span class='ocrx_word' id='word_1_314' title='bbox 1287 3661 1362 3733; x_wconf 89' lang='lat' dir='ltr'>sive</span> <span class='ocrx_word' id='word_1_315' title='bbox 1378 3661 1520 3753; x_wconf 88' lang='lat' dir='ltr'>Filium,</span> <span class='ocrx_word' id='word_1_316' title='bbox 1541 3664 1777 3762; x_wconf 85' lang='lat' dir='ltr'>proprietates</span> <span class='ocrx_word' id='word_1_317' title='bbox 1798 3665 1883 3738; x_wconf 85' lang='lat' dir='ltr'>istas</span> <span class='ocrx_word' id='word_1_318' title='bbox 1909 3666 2056 3741; x_wconf 85' lang='lat' dir='ltr'>relatio-</span> 
     </span>
     <span class='ocr_line' id='line_1_28' title="bbox 456 3776 2054 3881; baseline 0.006 -32"><span class='ocrx_word' id='word_1_319' title='bbox 456 3802 546 3849; x_wconf 92' lang='lat' dir='ltr'>num</span> <span class='ocrx_word' id='word_1_320' title='bbox 562 3777 648 3850; x_wconf 85' lang='lat' dir='ltr'>alias</span> <span class='ocrx_word' id='word_1_321' title='bbox 662 3801 720 3850; x_wconf 90' lang='lat' dir='ltr'>res</span> <span class='ocrx_word' id='word_1_322' title='bbox 733 3802 809 3850; x_wconf 88' lang='lat' dir='ltr'>esse</span> <span class='ocrx_word' id='word_1_323' title='bbox 825 3802 847 3851; x_wconf 90' lang='lat' dir='ltr'>a</span> <span class='ocrx_word' id='word_1_324' title='bbox 862 3781 940 3849; x_wconf 87' lang='lat' dir='ltr'>Deo</span> <span class='ocrx_word' id='word_1_325' title='bbox 954 3791 1146 3876; x_wconf 75' lang='lat' dir='ltr'>presumat</span> <span class='ocrx_word' id='word_1_326' title='bbox 1158 3776 1336 3873; x_wconf 83' lang='lat' dir='ltr'>confiteri,</span> <span class='ocrx_word' id='word_1_327' title='bbox 1352 3804 1438 3853; x_wconf 89' lang='lat' dir='ltr'>cum</span> <span class='ocrx_word' id='word_1_328' title='bbox 1453 3794 1488 3853; x_wconf 90' lang='lat' dir='ltr'>et</span> <span class='ocrx_word' id='word_1_329' title='bbox 1504 3782 1614 3880; x_wconf 89' lang='lat' dir='ltr'>ipsius</span> <span class='ocrx_word' id='word_1_330' title='bbox 1627 3785 1813 3881; x_wconf 81' lang='lat' dir='ltr'>Augustini</span> <span class='ocrx_word' id='word_1_331' title='bbox 1827 3787 2054 3878; x_wconf 87' lang='lat' dir='ltr'>testimonio,</span> 
     </span>
     <span class='ocr_line' id='line_1_29' title="bbox 457 3894 2054 4002; baseline 0.005 -34"><span class='ocrx_word' id='word_1_332' title='bbox 457 3896 558 3993; x_wconf 92' lang='lat' dir='ltr'>quod</span> <span class='ocrx_word' id='word_1_333' title='bbox 567 3894 675 3993; x_wconf 89' lang='lat' dir='ltr'>longe</span> <span class='ocrx_word' id='word_1_334' title='bbox 688 3909 770 3969; x_wconf 87' lang='lat' dir='ltr'>ante</span> <span class='ocrx_word' id='word_1_335' title='bbox 781 3897 981 3995; x_wconf 84' lang='lat' dir='ltr'>posuimus,</span> <span class='ocrx_word' id='word_1_336' title='bbox 993 3895 1116 3969; x_wconf 88' lang='lat' dir='ltr'>divina</span> <span class='ocrx_word' id='word_1_337' title='bbox 1124 3897 1324 3973; x_wconf 84' lang='lat' dir='ltr'>substantia</span> <span class='ocrx_word' id='word_1_338' title='bbox 1332 3898 1416 3972; x_wconf 89' lang='lat' dir='ltr'>ideo</span> <span class='ocrx_word' id='word_1_339' title='bbox 1425 3899 1575 4000; x_wconf 86' lang='lat' dir='ltr'>simplex</span> <span class='ocrx_word' id='word_1_340' title='bbox 1586 3902 1738 3994; x_wconf 88' lang='lat' dir='ltr'>dicatur,</span> <span class='ocrx_word' id='word_1_341' title='bbox 1749 3903 1851 4002; x_wconf 88' lang='lat' dir='ltr'>quod</span> <span class='ocrx_word' id='word_1_342' title='bbox 1864 3905 1952 3978; x_wconf 89' lang='lat' dir='ltr'>nibil</span> <span class='ocrx_word' id='word_1_343' title='bbox 1964 3906 2054 3977; x_wconf 90' lang='lat' dir='ltr'>sitin</span> 
     </span>
    </p>
   </div>
   <div class='ocr_carea' id='block_1_3' title="bbox 456 4013 2059 4597">
    <p class='ocr_par' dir='ltr' id='par_1_3' title="bbox 456 4013 2059 4597">
     <span class='ocr_line' id='line_1_30' title="bbox 456 4013 2056 4123; baseline 0.008 -37"><span class='ocrx_word' id='word_1_344' title='bbox 456 4016 547 4112; x_wconf 88' lang='lat' dir='ltr'>ipsa,</span> <span class='ocrx_word' id='word_1_345' title='bbox 563 4013 664 4112; x_wconf 92' lang='lat' dir='ltr'>quod</span> <span class='ocrx_word' id='word_1_346' title='bbox 681 4037 756 4087; x_wconf 93' lang='lat' dir='ltr'>non</span> <span class='ocrx_word' id='word_1_347' title='bbox 772 4017 818 4088; x_wconf 90' lang='lat' dir='ltr'>sit</span> <span class='ocrx_word' id='word_1_348' title='bbox 831 4018 929 4114; x_wconf 87' lang='lat' dir='ltr'>ipsa;</span> <span class='ocrx_word' id='word_1_349' title='bbox 940 4017 1021 4113; x_wconf 78' lang='lat' dir='ltr'>qui⁸</span> <span class='ocrx_word' id='word_1_350' title='bbox 1035 4016 1144 4089; x_wconf 89' lang='lat' dir='ltr'>etiam</span> <span class='ocrx_word' id='word_1_351' title='bbox 1158 4042 1305 4091; x_wconf 88' lang='lat' dir='ltr'>omnem</span> <span class='ocrx_word' id='word_1_352' title='bbox 1324 4034 1504 4114; x_wconf 90' lang='lat' dir='ltr'>naturam,</span> <span class='ocrx_word' id='word_1_353' title='bbox 1519 4034 1580 4093; x_wconf 85' lang='lat' dir='ltr'>aut</span> <span class='ocrx_word' id='word_1_354' title='bbox 1594 4026 1711 4094; x_wconf 90' lang='lat' dir='ltr'>Deum</span> <span class='ocrx_word' id='word_1_355' title='bbox 1725 4047 1815 4112; x_wconf 87' lang='lat' dir='ltr'>esse,</span> <span class='ocrx_word' id='word_1_356' title='bbox 1834 4039 1898 4097; x_wconf 90' lang='lat' dir='ltr'>aut</span> <span class='ocrx_word' id='word_1_357' title='bbox 1914 4024 1960 4098; x_wconf 86' lang='lat' dir='ltr'>ab</span> <span class='ocrx_word' id='word_1_358' title='bbox 1975 4026 2056 4123; x_wconf 86' lang='lat' dir='ltr'>ipso</span> 
     </span>
     <span class='ocr_line' id='line_1_31' title="bbox 457 4133 2052 4246; baseline 0.009 -41"><span class='ocrx_word' id='word_1_359' title='bbox 457 4134 601 4225; x_wconf 87' lang='lat' dir='ltr'>laetam,</span> <span class='ocrx_word' id='word_1_360' title='bbox 615 4148 734 4234; x_wconf 87' lang='lat' dir='ltr'>aperte</span> <span class='ocrx_word' id='word_1_361' title='bbox 743 4133 944 4234; x_wconf 85' lang='lat' dir='ltr'>profitetur,</span> <span class='ocrx_word' id='word_1_362' title='bbox 957 4137 1048 4208; x_wconf 90' lang='lat' dir='ltr'>sicut</span> <span class='ocrx_word' id='word_1_363' title='bbox 1057 4161 1167 4237; x_wconf 90' lang='lat' dir='ltr'>supra</span> <span class='ocrx_word' id='word_1_364' title='bbox 1177 4163 1324 4238; x_wconf 90' lang='lat' dir='ltr'>quoque</span> <span class='ocrx_word' id='word_1_365' title='bbox 1336 4140 1579 4214; x_wconf 86' lang='lat' dir='ltr'>meminimus.</span> <span class='ocrx_word' id='word_1_366' title='bbox 1591 4141 1663 4215; x_wconf 88' lang='lat' dir='ltr'>Sed</span> <span class='ocrx_word' id='word_1_367' title='bbox 1672 4156 1707 4215; x_wconf 89' lang='lat' dir='ltr'>et</span> <span class='ocrx_word' id='word_1_368' title='bbox 1716 4144 1956 4243; x_wconf 87' lang='lat' dir='ltr'>Hieronymus</span> <span class='ocrx_word' id='word_1_369' title='bbox 1965 4148 2052 4246; x_wconf 90' lang='lat' dir='ltr'>ipse,</span> 
     </span>
     <span class='ocr_line' id='line_1_32' title="bbox 457 4256 2053 4367; baseline 0.009 -41"><span class='ocrx_word' id='word_1_370' title='bbox 457 4268 497 4327; x_wconf 92' lang='lat' dir='ltr'>ut</span> <span class='ocrx_word' id='word_1_371' title='bbox 507 4278 615 4353; x_wconf 85' lang='lat' dir='ltr'>supra</span> <span class='ocrx_word' id='word_1_372' title='bbox 624 4278 772 4353; x_wconf 85' lang='lat' dir='ltr'>quoque</span> <span class='ocrx_word' id='word_1_373' title='bbox 782 4256 1025 4350; x_wconf 89' lang='lat' dir='ltr'>meminimus,</span> <span class='ocrx_word' id='word_1_374' title='bbox 1039 4258 1274 4359; x_wconf 88' lang='lat' dir='ltr'>proprietates</span> <span class='ocrx_word' id='word_1_375' title='bbox 1284 4260 1378 4361; x_wconf 86' lang='lat' dir='ltr'>ipsas</span> <span class='ocrx_word' id='word_1_376' title='bbox 1387 4286 1561 4361; x_wconf 85' lang='lat' dir='ltr'>personas</span> <span class='ocrx_word' id='word_1_377' title='bbox 1567 4262 1667 4336; x_wconf 88' lang='lat' dir='ltr'>dicit.</span> <span class='ocrx_word' id='word_1_378' title='bbox 1682 4294 1700 4332; x_wconf 79' lang='lat' dir='ltr'>a</span> <span class='ocrx_word' id='word_1_379' title='bbox 1714 4269 1793 4337; x_wconf 87' lang='lat' dir='ltr'>Non</span> <span class='ocrx_word' id='word_1_380' title='bbox 1803 4267 1914 4355; x_wconf 89' lang='lat' dir='ltr'>enim,</span> <span class='ocrx_word' id='word_1_381' title='bbox 1924 4268 2053 4367; x_wconf 92' lang='lat' dir='ltr'>inquit,</span> 
     </span>
     <span class='ocr_line' id='line_1_33' title="bbox 457 4374 2053 4483; baseline 0.008 -38"><span class='ocrx_word' id='word_1_382' title='bbox 457 4375 606 4447; x_wconf 89' lang='lat' dir='ltr'>nomina</span> <span class='ocrx_word' id='word_1_383' title='bbox 619 4374 886 4466; x_wconf 87' lang='lat' dir='ltr'>tantummodo,</span> <span class='ocrx_word' id='word_1_384' title='bbox 897 4376 961 4450; x_wconf 90' lang='lat' dir='ltr'>sed</span> <span class='ocrx_word' id='word_1_385' title='bbox 972 4390 1009 4450; x_wconf 91' lang='lat' dir='ltr'>et</span> <span class='ocrx_word' id='word_1_386' title='bbox 1019 4377 1212 4450; x_wconf 90' lang='lat' dir='ltr'>nominum</span> <span class='ocrx_word' id='word_1_387' title='bbox 1222 4381 1470 4479; x_wconf 86' lang='lat' dir='ltr'>proprietates,</span> <span class='ocrx_word' id='word_1_388' title='bbox 1491 4380 1591 4456; x_wconf 89' lang='lat' dir='ltr'>idest</span> <span class='ocrx_word' id='word_1_389' title='bbox 1605 4407 1777 4483; x_wconf 87' lang='lat' dir='ltr'>personas</span> <span class='ocrx_word' id='word_1_390' title='bbox 1789 4384 2017 4459; x_wconf 85' lang='lat' dir='ltr'>confitemur.</span> <span class='ocrx_word' id='word_1_391' title='bbox 2034 4419 2053 4457; x_wconf 75' lang='lat' dir='ltr'>u</span> 
     </span>
     <span class='ocr_line' id='line_1_34' title="bbox 456 4495 2059 4597; baseline 0.009 -32"><span class='ocrx_word' id='word_1_392' title='bbox 456 4497 546 4566; x_wconf 88' lang='lat' dir='ltr'>Nam</span> <span class='ocrx_word' id='word_1_393' title='bbox 560 4508 596 4567; x_wconf 90' lang='lat' dir='ltr'>et</span> <span class='ocrx_word' id='word_1_394' title='bbox 611 4495 649 4566; x_wconf 91' lang='lat' dir='ltr'>in</span> <span class='ocrx_word' id='word_1_395' title='bbox 667 4495 873 4595; x_wconf 91' lang='lat' dir='ltr'>nobisipsis</span> <span class='ocrx_word' id='word_1_396' title='bbox 889 4496 1002 4570; x_wconf 86' lang='lat' dir='ltr'>multa</span> <span class='ocrx_word' id='word_1_397' title='bbox 1018 4497 1164 4570; x_wconf 89' lang='lat' dir='ltr'>relative</span> <span class='ocrx_word' id='word_1_398' title='bbox 1183 4498 1420 4597; x_wconf 86' lang='lat' dir='ltr'>accipiuntur,</span> <span class='ocrx_word' id='word_1_399' title='bbox 1439 4525 1524 4573; x_wconf 89' lang='lat' dir='ltr'>cum</span> <span class='ocrx_word' id='word_1_400' title='bbox 1539 4526 1648 4575; x_wconf 86' lang='lat' dir='ltr'>nemo</span> <span class='ocrx_word' id='word_1_401' title='bbox 1675 4502 1848 4577; x_wconf 87' lang='lat' dir='ltr'>discretus</span> <span class='ocrx_word' id='word_1_402' title='bbox 1867 4506 2059 4580; x_wconf 86' lang='lat' dir='ltr'>relationes</span> 
     </span>
    </p>
   </div>
   <div class='ocr_carea' id='block_1_4' title="bbox 455 4614 2166 4843">
    <p class='ocr_par' dir='ltr' id='par_1_4' title="bbox 455 4614 2166 4843">
     <span class='ocr_line' id='line_1_35' title="bbox 455 4614 2166 4719; baseline 0.004 -33"><span class='ocrx_word' id='word_1_403' title='bbox 455 4614 550 4713; x_wconf 82' lang='lat' dir='ltr'>ipsas</span> <span class='ocrx_word' id='word_1_404' title='bbox 563 4614 661 4687; x_wconf 89' lang='lat' dir='ltr'>aliud</span> <span class='ocrx_word' id='word_1_405' title='bbox 676 4639 699 4688; x_wconf 88' lang='lat' dir='ltr'>a</span> <span class='ocrx_word' id='word_1_406' title='bbox 715 4615 822 4702; x_wconf 83' lang='lat' dir='ltr'>nobis</span> <span class='ocrx_word' id='word_1_407' title='bbox 837 4639 913 4689; x_wconf 89' lang='lat' dir='ltr'>esse</span> <span class='ocrx_word' id='word_1_408' title='bbox 927 4616 1120 4711; x_wconf 86' lang='lat' dir='ltr'>concedat,</span> <span class='ocrx_word' id='word_1_409' title='bbox 1150 4617 1285 4718; x_wconf 90' lang='lat' dir='ltr'>quippe</span> <span class='ocrx_word' id='word_1_410' title='bbox 1311 4643 1535 4719; x_wconf 68' lang='lat' dir='ltr'>unaquaeque</span> <span class='ocrx_word' id='word_1_411' title='bbox 1562 4646 1619 4694; x_wconf 88' lang='lat' dir='ltr'>res</span> <span class='ocrx_word' id='word_1_412' title='bbox 1640 4622 1787 4696; x_wconf 89' lang='lat' dir='ltr'>cuilibet</span> <span class='ocrx_word' id='word_1_413' title='bbox 1805 4624 1908 4698; x_wconf 87' lang='lat' dir='ltr'>alteri</span> <span class='ocrx_word' id='word_1_414' title='bbox 1933 4627 2059 4701; x_wconf 87' lang='lat' dir='ltr'>similis</span> <span class='ocrx_word' id='word_1_415' title='bbox 2159 4647 2166 4663; x_wconf 79' lang='lat'><strong>·</strong></span> 
     </span>
     <span class='ocr_line' id='line_1_36' title="bbox 456 4733 2057 4843; baseline -0.027 2"><span class='ocrx_word' id='word_1_416' title='bbox 456 4733 587 4807; x_wconf 59' lang='lat' dir='ltr'>dicitur</span> <span class='ocrx_word' id='word_1_417' title='bbox 601 4735 640 4808; x_wconf 58' lang='lat'>5¹¹</span> <span class='ocrx_word' id='word_1_418' title='bbox 654 4758 699 4806; x_wconf 76' lang='lat'>⁰⁰</span> <span class='ocrx_word' id='word_1_419' title='bbox 717 4734 817 4833; x_wconf 73' lang='lat' dir='ltr'>q⁰⁰d</span> <span class='ocrx_word' id='word_1_420' title='bbox 831 4760 907 4808; x_wconf 69' lang='lat'>0⁸⁸⁸</span> <span class='ocrx_word' id='word_1_421' title='bbox 923 4734 1049 4830; x_wconf 56' lang='lat' dir='ltr'>habeb</span> <span class='ocrx_word' id='word_1_422' title='bbox 1069 4738 1126 4810; x_wconf 70' lang='lat' dir='ltr'>vel</span> <span class='ocrx_word' id='word_1_423' title='bbox 1142 4738 1250 4810; x_wconf 85' lang='lat' dir='ltr'>etiam</span> <span class='ocrx_word' id='word_1_424' title='bbox 1266 4740 1433 4838; x_wconf 83' lang='lat' dir='ltr'>opposita</span> <span class='ocrx_word' id='word_1_425' title='bbox 1450 4741 1524 4813; x_wconf 89' lang='lat' dir='ltr'>sive</span> <span class='ocrx_word' id='word_1_426' title='bbox 1540 4739 1721 4814; x_wconf 88' lang='lat' dir='ltr'>dissimilis</span> <span class='ocrx_word' id='word_1_427' title='bbox 1734 4745 1771 4815; x_wconf 91' lang='lat' dir='ltr'>in</span> <span class='ocrx_word' id='word_1_428' title='bbox 1795 4768 1841 4817; x_wconf 89' lang='lat' dir='ltr'>eo</span> <span class='ocrx_word' id='word_1_429' title='bbox 1864 4746 1964 4843; x_wconf 76' lang='lat' dir='ltr'>quod</span> <span class='ocrx_word' id='word_1_430' title='bbox 1981 4771 2057 4819; x_wconf 71' lang='lat'>110„</span> 
     </span>
    </p>
   </div>
   <div class='ocr_carea' id='block_1_5' title="bbox 453 5021 2061 5174">
    <p class='ocr_par' dir='ltr' id='par_1_5' title="bbox 453 5021 2061 5174">
     <span class='ocr_line' id='line_1_37' title="bbox 488 5021 2061 5096; baseline 0.006 -23"><span class='ocrx_word' id='word_1_431' title='bbox 488 5025 495 5055; x_wconf 83' lang='lat'><strong>¹</strong></span> <span class='ocrx_word' id='word_1_432' title='bbox 507 5021 536 5073; x_wconf 89' lang='lat' dir='ltr'>ln</span> <span class='ocrx_word' id='word_1_433' title='bbox 548 5023 621 5074; x_wconf 83' lang='lat' dir='ltr'>edttts</span> <span class='ocrx_word' id='word_1_434' title='bbox 637 5029 685 5074; x_wconf 70' lang='lat' dir='ltr'>aas</span> <span class='ocrx_word' id='word_1_435' title='bbox 697 5037 728 5074; x_wconf 83' lang='lat' dir='ltr'>eo</span> <span class='ocrx_word' id='word_1_436' title='bbox 742 5024 803 5076; x_wconf 76' lang='lat' dir='ltr'>sint.</span> <span class='ocrx_word' id='word_1_437' title='bbox 817 5049 846 5062; x_wconf 92' lang='lat'><em>-</em></span> <span class='ocrx_word' id='word_1_438' title='bbox 856 5025 867 5056; x_wconf 80' lang='lat'><strong>¹</strong></span> <span class='ocrx_word' id='word_1_439' title='bbox 877 5022 992 5089; x_wconf 74' lang='lat' dir='ltr'>Psalm,</span> <span class='ocrx_word' id='word_1_440' title='bbox 1007 5037 1112 5086; x_wconf 77' lang='lat' dir='ltr'>mxu,</span> <span class='ocrx_word' id='word_1_441' title='bbox 1124 5038 1149 5076; x_wconf 81' lang='lat' dir='ltr'>v.</span> <span class='ocrx_word' id='word_1_442' title='bbox 1163 5029 1186 5079; x_wconf 90' lang='lat'>1.</span> <span class='ocrx_word' id='word_1_443' title='bbox 1199 5051 1229 5064; x_wconf 90' lang='lat'>-</span> <span class='ocrx_word' id='word_1_444' title='bbox 1283 5029 1416 5079; x_wconf 77' lang='lat' dir='ltr'>stttntmtn.</span> <span class='ocrx_word' id='word_1_445' title='bbox 1429 5029 1458 5079; x_wconf 89' lang='lat' dir='ltr'>ln</span> <span class='ocrx_word' id='word_1_446' title='bbox 1470 5027 1544 5080; x_wconf 79' lang='lat' dir='ltr'>editis</span> <span class='ocrx_word' id='word_1_447' title='bbox 1554 5037 1580 5081; x_wconf 86' lang='lat' dir='ltr'>et</span> <span class='ocrx_word' id='word_1_448' title='bbox 1591 5032 1617 5081; x_wconf 89' lang='lat' dir='ltr'>tu</span> <span class='ocrx_word' id='word_1_449' title='bbox 1628 5031 1714 5082; x_wconf 74' lang='lat' dir='ltr'>codice</span> <span class='ocrx_word' id='word_1_450' title='bbox 1725 5028 1861 5083; x_wconf 79' lang='lat' dir='ltr'>Tmonensl</span> <span class='ocrx_word' id='word_1_451' title='bbox 1871 5030 1938 5096; x_wconf 73' lang='lat' dir='ltr'>qued</span> <span class='ocrx_word' id='word_1_452' title='bbox 1947 5028 2061 5082; x_wconf 71' lang='lat' dir='ltr'>ntbttsit</span> 
     </span>
     <span class='ocr_line' id='line_1_38' title="bbox 453 5103 1575 5174; baseline 0.008 -21"><span class='ocrx_word' id='word_1_453' title='bbox 453 5103 465 5134; x_wconf 85' lang='lat'>⁸</span> <span class='ocrx_word' id='word_1_454' title='bbox 477 5103 526 5164; x_wconf 71' lang='lat' dir='ltr'>Ap.</span> <span class='ocrx_word' id='word_1_455' title='bbox 543 5103 648 5166; x_wconf 71' lang='grc' dir='ltr'>Αυιυιι.</span> <span class='ocrx_word' id='word_1_456' title='bbox 665 5104 708 5156; x_wconf 79' lang='lat' dir='ltr'>Sic</span> <span class='ocrx_word' id='word_1_457' title='bbox 725 5110 750 5155; x_wconf 76' lang='lat' dir='ltr'>ot</span> <span class='ocrx_word' id='word_1_458' title='bbox 767 5112 843 5168; x_wconf 79' lang='lat' dir='ltr'>poter</span> <span class='ocrx_word' id='word_1_459' title='bbox 857 5111 953 5158; x_wconf 76' lang='lat' dir='ltr'>accur.</span> <span class='ocrx_word' id='word_1_460' title='bbox 970 5131 1002 5144; x_wconf 98' lang='lat'>-</span> <span class='ocrx_word' id='word_1_461' title='bbox 1017 5103 1075 5156; x_wconf 69' lang='lat' dir='ltr'>‘Sto</span> <span class='ocrx_word' id='word_1_462' title='bbox 1091 5106 1173 5158; x_wconf 83' lang='lat' dir='ltr'>locum</span> <span class='ocrx_word' id='word_1_463' title='bbox 1187 5121 1228 5158; x_wconf 79' lang='lat' dir='ltr'>rc·</span> <span class='ocrx_word' id='word_1_464' title='bbox 1283 5108 1395 5174; x_wconf 62' lang='lat' dir='ltr'>inimo,</span> <span class='ocrx_word' id='word_1_465' title='bbox 1408 5109 1477 5174; x_wconf 76' lang='lat' dir='ltr'>quoa</span> <span class='ocrx_word' id='word_1_466' title='bbox 1487 5110 1575 5162; x_wconf 69' lang='lat' dir='ltr'>man.</span> 
     </span>
    </p>
   </div>
   <div class='ocr_carea' id='block_1_6' title="bbox 0 0 2288 6100">
    <p class='ocr_par' dir='ltr' id='par_1_6' title="bbox 0 0 2288 6100">
     <span class='ocr_line' id='line_1_39' title="bbox 0 0 2288 6100; baseline 0 0"><span class='ocrx_word' id='word_1_467' title='bbox 0 0 2288 6100; x_wconf 95' lang='lat' dir='ltr'> </span> 
     </span>
    </p>
   </div>
  </div>
 </body>
</html>
