4559 6100
1186 6 1249 42 Ιιι
1303 0 1341 57 tq
1376 0 1410 64 I

505 145 662 235 benignus
682 159 779 225 esset,
800 143 857 210 sed
877 143 985 227 alteri;
1002 142 1141 211 maxime
1158 160 1265 211 nutem
1280 126 1367 211 Deus
1382 144 1438 233 qui
1452 140 1569 208 nullius
1588 140 1723 233 indiget,
1746 165 1823 234 erga
1843 143 1981 233 seipsum
1996 141 2104 209 beni·

504 262 632 351 gnitatis
649 263 766 328 affectu
782 264 977 330 commoveri
992 286 1060 328 non
1075 274 1198 354 potest,
1216 279 1253 329 ut
1267 261 1328 327 sibi
1344 260 1463 352 aliquid
1480 284 1521 328 ex
1535 260 1733 352 benignitate
1748 260 1925 352 impendat,
1943 260 2002 327 sed
2020 283 2106 352 erga

506 396 667 446 creaturas
682 396 821 447 lantum.
842 413 855 439 θ

506 618 561 675 111.
575 615 660 690 Quod
678 635 714 675 ea
727 620 804 676 Deus
822 614 1004 676 solummodo
1015 614 1107 695 possit
1121 614 1232 767 lacere}
1240 614 1292 765 ve}
1309 614 1464 765 dimittqre,
1479 614 1525 674 vel
1545 633 1581 674 eo
1600 613 1690 674 modo
1705 624 1829 690 mmm,
1849 613 1896 677 vel
1913 633 1949 674 oo
1964 626 2103 695 tempore

1143 727 1204 786 quo
1227 726 1273 766 act
1294 726 1377 780 ,non
1390 726 1461 767 aso.

555 923 570 949 ι
585 891 655 955 Hac
669 890 793 955 ratione
808 914 871 979 qna
890 891 1099 973 convincitur,
1121 890 1209 980 quod
1228 891 1315 957 Deus
1334 889 1430 955 Pater
1445 906 1511 954 tam
1534 888 1659 955 bonum
1678 889 1788 979 genuit
1809 888 1924 954 Filium
1940 907 2100 982 quantum

508 1014 625 1104 potuit,
643 1036 718 1077 cnm
733 1012 880 1079 videlicet
900 1013 992 1079 aliter
1007 1037 1080 1079 reus
1095 1030 1179 1081 esset
1192 1012 1337 1096 invidiae3
1353 1012 1481 1079 clarum-
1495 1028 1543 1081 est
1557 1012 1654 1079 οῑὶιιιιι
1670 1012 1786 1079 omnia.
1794 1035 1866 1103 qaas
1881 1013 1975 1097 lacit,
1991 1038 2100 1104 quan·

509 1148 578 1198 tum
605 1147 711 1222 potest
737 1133 863 1223 egregia
889 1131 1013 1214 facere3
1039 1155 1099 1197 nec
1128 1131 1229 1198 ullum
1257 1129 1466 1209 commodum
1496 1120 1585 1222 quod
1611 1130 1757 1198 oonferre
1784 1132 1884 1222 possit
1911 1131 2101 1199 subtrahere

508 1248 602 1317 velle.
618 1280 632 1307 ι
647 1251 688 1315 Ει
702 1266 890 1340 postpauca
905 1272 913 1315 ι
933 1280 946 1306 ι
955 1251 994 1314 In
1009 1264 1135 1315 tantum
1149 1250 1183 1314 in
1197 1250 1346 1315 omnibus
1359 1272 1431 1338 quas
1446 1250 1532 1316 Deus
1543 1249 1630 1333 facit,
1648 1247 1735 1339 quod
1748 1249 1872 1315 bouum
1887 1265 1934 1315 est
1949 1249 2098 1322 attendit.

510 1384 548 1435 ut
567 1368 639 1456 ipso
653 1369 733 1434 boni
753 1369 857 1458 pretio
872 1368 979 1457 potius
992 1366 1276 1458 quamroluntatis
1290 1390 1355 1435 suae
1373 1367 1466 1453 libito
1487 1365 1531 1432 ad
1554 1367 1678 1459 singuli
1704 1366 1852 1457 indenda
1871 1368 2019 1455 inclinari
2044 1367 2099 1435 di·

510 1501 612 1552 catur.
628 1516 642 1544 ι
662 1488 743 1550 Item
758 1509 767 1551 s
790 1487 865 1551 «Ex
878 1486 927 1565 bis
941 1486 1049 1574 itaque
1064 1501 1133 1555 tam
1144 1485 1187 1551 de
1200 1487 1325 1551 tatione
1339 1508 1443 1574 ipram
1453 1485 1496 1551 de
1511 1485 1630 1575 scripto
1643 1484 1924 1567 collatisoonstat,
1940 1485 1976 1551 id
1990 1485 2102 1552 solnm

510 1606 615 1672 Deum
631 1606 735 1671 facere
750 1625 842 1693 posse
858 1602 946 1692 qnod
962 1602 1134 1692 aliquando
1152 1602 1240 1669 facit.
1253 1634 1267 1661 ι
1282 1605 1323 1668 Ει
1335 1619 1409 1693 post
1421 1624 1524 1693 pauca
1539 1626 1548 1668 ι
1563 1602 1650 1686 «Qui
1664 1604 1690 1668 si
1707 1603 1791 1668 mala
1802 1591 1879 1692 quae
1890 1602 1970 1668 fiunt
1986 1602 2101 1668 diston

509 1721 587 1790 bare
613 1736 737 1816 posset,
762 1744 823 1787 nec
847 1721 882 1787 id
905 1722 1003 1787 etiam
1026 1720 1086 1785 nisi
1101 1736 1284 1811 opportune
1307 1721 1437 1804 faceret,
1454 1722 1510 1810 qui
1534 1719 1615 1786 nibil
1636 1722 1820 1811 importune
1842 1720 1947 1785 faeere
1970 1736 2097 1809 potest,

510 1842 655 1932 profecto
674 1862 742 1905 non
757 1838 853 1904 rideo
869 1837 1034 1929 quomodo
1048 1839 1187 1928 peccatis
1206 1840 1405 1906 consentiens
1424 1862 1492 1904 non
1508 1853 1601 1905 esset.
1624 1837 1704 1921 Quis
1718 1837 1806 1904 enim
1819 1839 1999 1904 consentire
2011 1838 2098 1904 malo

512 1958 668 2025 dioendus
690 1973 756 2040 est,
781 1958 840 2022 nisi
859 1958 886 2022 is
906 1980 964 2047 per
985 1979 1080 2047 quem
1104 1958 1202 2023 etiam
1222 1973 1402 2047 opportune
1425 1956 1596 2022 disturbari
1617 1955 1744 2047 posset?
1757 1988 1770 2015 ι
1787 1958 1893 2023 Item:
1915 1956 2100 2022 «Praedion's

512 2080 620 2166 itaque
638 2075 815 2142 rationibus
828 2075 881 2145 vel
896 2075 1096 2161 objectorum
1111 2074 1321 2142 solutionibus
1335 2076 1458 2164 liquere
1472 2098 1547 2143 reor
1561 2076 1764 2163 omnibusea
1777 2072 1982 2155 solummodo
1996 2077 2101 2141 Deum

512 2218 606 2286 posse
622 2193 727 2261 facere
741 2193 793 2260 rel
810 2192 982 2277 dimittere,
997 2194 1048 2260 vel
1063 2216 1104 2260 eo
1120 2194 1221 2259 modo
1236 2209 1373 2277 tannim,
1390 2195 1440 2261 vel
1455 2217 1495 2261 eo
1513 2210 1659 2285 tempore
1674 2217 1739 2284 quo
1755 2194 1843 2276 facit,
1860 2216 1928 2259 non
1945 2193 2018 2259 alio.
2037 2226 2051 2249 ·

617 2501 621 2509 ,
712 2442 761 2500 1v;
773 2439 858 2517 Quod
871 2439 1000 2501 Christus
1015 2458 1074 2500 non
1086 2438 1240 2520 assumpsit
1251 2456 1380 2511 carnem,
1394 2453 1427 2505 nt
1439 2456 1493 2500 nos
1506 2459 1524 2500 a
1537 2440 1614 2521 jugo
1625 2428 1734 2501 diaboli
1751 2440 1899 2502 liberaret.

562 2656 577 2682 ι
593 2625 765 2695 Sciendum
782 2642 849 2709 est,
867 2625 956 2716 quod
970 2625 1197 2695 omnes-nostri
1211 2626 1366 2691 Doctores
1382 2625 1439 2712 qui
1456 2641 1531 2716 post
1543 2626 1715 2716 Apostolos
1729 2628 1834 2710 fuere,
1851 2627 1886 2693 in
1900 2624 1964 2693 boc
1979 2648 2099 2692 conre-

512 2744 606 2815 oiunt
625 2743 713 2832 quod
734 2742 888 2811 Diabolus
908 2743 1090 2811 dorninitrm
1107 2760 1142 2811 et
1159 2759 1351 2833 potestatem
1370 2743 1511 2809 babebat
1539 2765 1635 2834 super
1657 2745 1841 2823 bominem,
1875 2760 1909 2811 et
1923 2746 1995 2831 jure
2024 2767 2099 2810 eum

514 2860 710 2950 possidebat.
729 2891 742 2918 ι
763 2862 806 2925 Et
818 2877 891 2951 post
905 2884 1006 2953 panca
1021 2884 1033 2927 ι
1049 2862 1139 2927 «Nec
1154 2860 1308 2928 Diabolus
1322 2884 1466 2950 unquam
1474 2863 1526 2948 jus
1542 2860 1672 2950 aliquod
1687 2862 1800 2927 habuit
1812 2886 1906 2957 super
1919 2862 2097 2941 hominem,

515 2978 573 3062 ted
578 2982 650 3067 jure
662 3002 735 3044 eum
744 2977 929 3069 possidebat
936 2980 1166 3076 permittente,
1178 2995 1214 3044 ut
1229 2980 1434 3063 carcerarius,
1445 2979 1836 3069 nac[ut,eum]Fi1iusDei
1852 3005 1871 3050 a
1882 2984 1961 3074 jugo
1970 2980 2097 3047 Diaboli

515 3098 678 3178 liberaret,
695 3120 826 3163 earnem
841 3098 1018 3187 assumpsit.
1036 3128 1050 3157 ι
1068 3099 1110 3164 Et
1124 3114 1198 3189 post
1214 3121 1317 3190 pauca
1336 3122 1345 3164 ι
1368 3131 1382 3156 «
1396 3098 1572 3183 Quomodo
1591 3122 1650 3166 nos
1662 3099 1825 3187 justificari
1839 3100 1891 3167 vel
1906 3100 2100 3166 reconciliari

515 3235 575 3304 per
588 3230 727 3279 mortem
741 3214 813 3279 Filii
828 3217 896 3301 ejus
911 3214 988 3279 dicit
1002 3214 1190 3304 Apostolus,
1208 3217 1263 3303 qui
1276 3230 1366 3281 tanto
1383 3214 1517 3308 amplius
1526 3214 1850 3285 adversushominem
1862 3219 1954 3283 irasci
1973 3216 2098 3294 debuit,

517 3347 638 3421 quanto
654 3330 789 3420 amplius
803 3332 838 3396 in
853 3330 1068 3424 crucifigendo
1079 3329 1197 3398 Filium
1211 3355 1306 3398 snum
1322 3332 1504 3424 deliquerit,
1522 3357 1620 3425 quam
1635 3335 1670 3401 in
1683 3334 1948 3426 transgrediendo
1964 3336 2099 3426 primum

517 3466 712 3540 praeceptum
727 3473 819 3515 suum
845 3452 938 3515 unius
961 3452 1050 3541 pomi
1066 3468 1188 3542 gustu:
1215 3452 1381 3541 quomodo
1407 3455 1494 3520 enim
1519 3455 1654 3547 amplius
1674 3458 1794 3542 justum
1817 3455 1939 3522 furerat?
1962 3452 2103 3537 Quodsi

517 3581 643 3633 tantum
659 3568 761 3634 fuerat
778 3567 858 3633 illud
878 3567 959 3635 Adoe
979 3585 1161 3658 peccatum,
1184 3586 1222 3635 ut
1242 3572 1367 3661 expiari
1384 3594 1451 3636 non
1470 3588 1583 3663 posset·
1600 3574 1717 3639 nisiex
1735 3590 1839 3639 morte
1854 3569 1987 3654 OEtristi3
2011 3593 2103 3661 quam

518 3685 735 3773 expiationem
754 3684 889 3752 hebebit
911 3688 1014 3775 ipsum
1033 3685 1255 3763 homicidium,
1280 3687 1369 3778 quod
1391 3690 1425 3753 in
1442 3690 1573 3755 Christo
1588 3685 1791 3756 cometissam
1812 3707 1878 3773 est,
1899 3705 1950 3755 tot
1965 3687 2001 3755 ct
2018 3702 2103 3751 tanta

518 3803 637 3868 seelera
660 3803 694 3866 in
712 3803 817 3890 ipsum
836 3801 887 3866 vel
907 3823 982 3870 suos
997 3803 1185 3868 commissa?
1198 3804 1363 3892 Numquid
1385 3828 1473 3871 mors
1487 3808 1669 3876 innocentis
1682 3806 1754 3873 Filii
1763 3822 1890 3870 unnim
1904 3806 1976 3871 Deo
1990 3781 2104 3895 plumis

519 3935 555 3985 ut
569 3943 627 4010 per
644 3922 752 4009 ipsum
767 3909 1026 3985 reconciliaretur
1044 3909 1156 3998 nob'n,
1174 3918 1229 4006 qui
1247 3918 1312 3983 hoe
1325 3919 1491 4009 peccando
1505 3922 1739 4004 commisinatn,
1756 3935 1889 4012 proptor
1903 3922 1993 4012 quod
2008 3924 2103 3987 inno·

438 4037 440 4048 ⁴
519 4059 594 4103 cens
612 4039 770 4104 Βοιιιίιιιιι
790 4052 838 4104 est
858 4038 996 4119 occisus,
1019 4057 1080 4103 nec
1101 4033 1162 4101 nisi
1178 4038 1242 4103 boc
1264 4038 1439 4103 maximum
1459 4035 1550 4104 fieret
1567 4055 1750 4130 peceatum,
1771 4042 1870 4107 et’mm
1889 4037 1991 4107 levius
2004 4041 2104 4132 potuit

520 4156 684 4247 ignoscere
699 4153 822 4222 multo?
838 4156 907 4222 Nec
928 4156 988 4221 nisi
1003 4155 1218 4245 multiplicatis
1232 4155 1326 4222 malis
1342 4172 1410 4223 tam
1430 4158 1554 4223 bonum
1572 4159 1675 4225 facem
1695 4160 1729 4224 in
1744 4179 1810 4250 quo
1825 4177 1858 4227 et
1868 4159 2103 4248 jmtioraslaui

521 4299 630 4343 sumus
643 4295 702 4364 per
721 4291 858 4341 mortem
874 4273 945 4340 Filii
961 4275 1022 4340 Dei
1037 4293 1135 4363 quarn
1151 4289 1226 4340 ante
1242 4295 1390 4358 eratum,
1410 4292 1446 4340 nt
1461 4299 1481 4340 a
1497 4278 1634 4366 peomne
1646 4280 1717 4365 jam
1732 4278 1861 4345 libet-ari
1880 4277 2099 4346 debeamus·

521 4395 626 4460 Item:
649 4395 734 4459 «Gui
749 4417 825 4460 vero
845 4415 913 4458 non
933 4390 1062 4460 crudele
1083 4406 1117 4460 et
1136 4392 1282 4480 iniquum
1302 4392 1441 4478 videtu,
1464 4411 1505 4461 ut
1522 4397 1708 4487 sanquinem
1725 4398 1903 4468 insomnis
1919 4415 1952 4464 et
1970 4393 2104 4488 pretim

521 4511 652 4602 siquod
666 4514 738 4602 quis
755 4510 950 4602 requisierit,
968 4526 1024 4575 aut
1038 4509 1106 4575 ullo
1128 4508 1233 4575 modo
1250 4509 1281 4576 ei
1299 4506 1455 4602 placuerit
1472 4514 1679 4586 innocentem
1700 4515 1856 4584 interfici?
1873 4513 2006 4588 Nedum
2020 4516 2104 4582 mn
