4559 6100
603 533 920 611 ‹rurnenncno
945 534 1005 607 an
1030 492 1333 608 monemus
1744 533 1789 604 u
1843 515 1874 571 s

197 708 271 763 tom
294 687 503 782 indignetur
520 683 675 781 aliquem
690 683 877 755 alumnum
893 706 999 753 suurn
1014 680 1060 754 ad
1074 681 1317 755 meretriculas
1333 679 1411 751 illas
1426 701 1586 774 unquam
1602 677 1790 769 divertere,

196 812 232 882 in
248 810 327 907 ipso
341 805 442 879 aditu
459 803 541 875 libri
561 801 699 874 Boethii
717 801 761 874 de
772 801 1019 874 Consolatione
1034 800 1271 898 Philosophiae
1285 798 1474 893 diligenter
1489 798 1711 894 exprimitur,
1730 799 1792 870 ubi

196 928 243 999 de
264 929 339 1025 ipse
359 923 407 996 ad
431 921 695 995 consolandum
714 919 973 1019 Philosophum
989 920 1183 992 accedente
1209 934 1245 992 et
1261 919 1470 1017 inspiciente
1490 939 1604 1005 musa,
1630 915 1790 989 Philoso-

197 1046 280 1143 phia
292 1045 361 1143 ipsi
376 1043 574 1134 assistente,
586 1043 737 1139 ipsemet
751 1041 801 1111 ait
816 1038 1071 1137 Philosophus¹
1086 1066 1095 1108 ι
1117 1069 1134 1106 r
1152 1042 1239 1126 Quae
1253 1038 1317 1110 ubi
1329 1038 1487 1136 poeticas
1502 1058 1625 1107 musas
1636 1035 1725 1107 vidit
1738 1061 1793 1109 aa

197 1165 357 1237 sistentes
370 1175 497 1233 nostro
519 1161 649 1253 thoro,
670 1158 882 1257 fletibusque
900 1159 989 1231 meis
1004 1157 1115 1232 verba
1133 1157 1326 1246 dictantes,
1347 1169 1531 1229 commota
1552 1155 1732 1253 paulisper
1752 1181 1793 1229 ac

198 1284 306 1355 torris
321 1280 543 1354 inflammata
559 1278 756 1352 luminibus
774 1305 782 1348 ε
802 1279 941 1369 «Quis,
961 1278 1095 1375 inquit,
1116 1277 1182 1351 has
1198 1278 1355 1349 scenicas
1373 1273 1616 1348 meretriculas
1635 1274 1793 1348 adhunc

198 1426 327 1498 agrum
355 1400 517 1500 permisit
540 1399 725 1486 accedere,
744 1422 823 1496 quae
838 1397 983 1470 dolores
996 1397 1072 1494 ejus
1088 1420 1163 1471 non
1179 1396 1292 1469 modo
1308 1394 1416 1468 nullis
1430 1393 1599 1473 remediis
1616 1393 1791 1486 foverent,

199 1544 322 1594 verum
341 1522 488 1618 insuper
506 1518 676 1590 dulcibus
693 1518 830 1590 alerent
847 1511 1022 1589 venenis?
1041 1520 1104 1588 lie
1124 1530 1210 1589 sunt
1234 1517 1338 1588 enim·
1349 1540 1428 1612 quse
1443 1514 1674 1586 inimatuosis
1686 1514 1794 1588 ailen-

199 1657 300 1713 tuum
316 1640 425 1738 spinis
441 1639 592 1711 uberem
606 1636 780 1710 fructibus
795 1637 947 1729 rationis
960 1650 1114 1731 segetem
1128 1650 1277 1724 necant,
1303 1635 1565 1732 hominumque
1580 1648 1721 1707 mentes
1736 1661 1793 1708 as·

198 1759 393 1833 sueiaciunt
408 1757 562 1848 morbo,
592 1780 668 1830 non
687 1755 854 1829 liberant.
875 1762 918 1827 At
932 1756 962 1827 si
977 1779 1087 1852 quern
1098 1756 1305 1854 profanum,
1324 1768 1368 1826 ut
1383 1753 1490 1851 vulgo
1510 1753 1669 1845 solitum,
1689 1754 1794 1826 nobis

199 1878 375 1951 blanditiae
400 1875 792 1966 vestrmdetraherent,
811 1875 930 1947 minus
957 1873 1106 1948 moleste
1126 1873 1311 1946 ferendum
1333 1888 1515 1971 putarem.
1540 1872 1634 1944 Nihil
1659 1875 1794 1972 quippe

198 1999 234 2068 in
249 2022 293 2070 eo
309 2011 440 2070 nostrae
455 2019 574 2094 opere
589 1994 814 2068 luderentur.
835 1998 942 2064 Hunc
956 2016 1046 2065 veno
1062 1993 1226 2066 Eleaticis
1237 2008 1344 2090 atque
1359 1992 1579 2066 Academicis
1594 1992 1720 2064 studiis
1736 1994 1790 2064 in·

113 2142 120 2159 ·
199 2115 478 2189 nutritum?Sed
493 2113 734 2213 abitepotius,
749 2138 773 2184 o
785 2114 927 2189 Sirenes
942 2137 1058 2211 usque
1068 2112 1284 2193 inexsilium
1295 2113 1430 2203 dulces,
1443 2114 1603 2210 meisque
1615 2098 1702 2184 eum
1714 2137 1817 2197 muz

198 2236 243 2306 sis
258 2235 461 2308 curandum
479 2233 752 2329 sanandumque
768 2231 1001 2328 relinquite.»
1018 2233 1081 2304 His
1098 2232 1159 2321 ille
1175 2232 1308 2305 chorus
1319 2233 1527 2330 increpitus,
1544 2231 1674 2327 dejecit
1692 2232 1793 2304 humi

198 2355 360 2425 moestior
373 2353 531 2444 vultum,
550 2351 805 2447 confessusque
832 2349 965 2424 rubore
981 2350 1255 2444 verecundiam,
1274 2353 1382 2424 limen
1408 2351 1518 2422 testis
1540 2351 1731 2422 excessit.»
1753 2358 1795 2421 at

198 2471 349 2543 fortasse
364 2471 501 2567 inquies
521 2494 596 2542 nnn
613 2470 731 2542 solum
755 2484 965 2567 poetarum,
984 2480 1111 2541 ver'um
1130 2471 1237 2542 etiam
1254 2468 1456 2542 liberalium
1472 2470 1602 2540 artium
1623 2469 1795 2542 lectiones

197 2588 408 2663 Christianis
430 2589 711 2681 interdicendas,
741 2613 825 2660 cum
850 2593 889 2659 B.
910 2588 1150 2686 Hieronymus
1176 2591 1212 2661 in
1236 2590 1393 2688 Epistola
1412 2587 1464 2659 ud
1478 2588 1731 2660 Eurwclrium'
1758 2615 1795 2662 se

198 2709 348 2804 graviter
370 2723 574 2780 correctum
596 2707 882 2781 reverberatum
900 2732 922 2779 a
938 2709 1099 2779 Domino
1116 2732 1183 2807 pro
1198 2709 1351 2781 lectione
1367 2708 1668 2806 philosophorum
1687 2708 1796 2781 libro·

198 2852 277 2898 rum
302 2840 449 2899 asserat.
478 2831 523 2900 at
552 2828 627 2922 jam
648 2826 812 2924 proiecto
846 2850 915 2900 nec
946 2828 1215 2922 grammaticam
1241 2853 1260 2901 a
1288 2828 1490 2900 Christiano
1517 2828 1586 2922 legi
1611 2831 1794 2915 convenit,

196 2948 271 3019 sinc
292 2945 521 3019 documentis
536 2945 638 3042 cujus
659 2968 727 3017 nec
746 2945 869 3021 divina
885 2958 1005 3045 potest
1025 2947 1173 3044 intelligi
1194 2948 1346 3046 pagina,
1369 2972 1437 3020 nec
1457 2949 1632 3045 scriptura
1650 2948 1791 3045 aliqua;

200 3067 249 3138 sic
274 3090 343 3139 nec
369 3066 609 3155 Rhetorieam,
638 3090 718 3163 quae
734 3069 852 3138 omnis
879 3065 1094 3164 eloquentie
1115 3068 1224 3142 tradit
1241 3081 1465 3158 ornamenta,
1487 3068 1619 3165 quibus
1644 3070 1797 3140 maxime

197 3209 295 3258 sacra
316 3187 499 3283 Scriptura
522 3200 577 3257 est
599 3184 744 3277 referta,
773 3210 841 3259 nee
866 3186 942 3282 ejus
960 3186 1072 3259 decor
1088 3189 1156 3260 nisi
1172 3188 1230 3258 his
1246 3188 1433 3283 diligenter
1448 3187 1635 3283 assignatis
1654 3187 1794 3259 elucere

198 3306 338 3399 poterit.
352 3308 475 3392 Quare
488 3306 606 3401 iginrr,
622 3305 782 3401 inquies,
789 3318 940 3402 propter
948 3306 1130 3377 Ciceronis
1146 3304 1257 3377 libius
1269 3305 1459 3404 predictus
1475 3305 1606 3377 doctor
1622 3320 1696 3377 tam
1715 3331 1792 3399 gra·

197 3423 288 3494 viter
309 3423 504 3521 flagellatis
528 3439 565 3496 et
580 3437 763 3496 correctus
780 3438 852 3514 est,
881 3437 922 3493 ut
938 3422 1007 3495 sub
1023 3424 1262 3496 ostentatione
1283 3425 1495 3495 sacramenti
1512 3437 1699 3517 cogeretur
1714 3448 1793 3494 om·

198 3542 284 3613 nino
301 3543 523 3615 secularium
540 3542 715 3615 librorum
732 3541 878 3614 lectioni
895 3540 1174 3615 abrenuntiare?
1191 3543 1355 3614 Proiecto
1372 3543 1547 3639 quianon
1565 3565 1631 3640 pro
1645 3543 1802 3615 utilitate·

198 3659 328 3757 aliqua,
355 3662 421 3734 sed
440 3686 509 3760 pro
529 3661 768 3736 oblectatione
788 3661 1000 3756 eloquentiae
1014 3661 1108 3733 illius
1125 3660 1347 3752 intendebat,
1378 3661 1540 3759 neglecto
1557 3685 1665 3733 saorae
1678 3641 1795 3760 Serip-

200 3794 283 3852 turae
292 3780 427 3871 studio,
441 3781 543 3876 cujus
556 3780 719 3878 quidm,
734 3795 773 3851 ut
789 3780 942 3877 ipsemet
951 3782 1013 3869 ait,
1027 3781 1184 3853 incultus
1198 3782 1231 3852 ei
1245 3801 1364 3854 sermo
1381 3780 1565 3853 horrebat.
1585 3785 1660 3877 Ego
1673 3795 1794 3853 autern

199 3898 330 3972 nullius
356 3901 442 3973 artis
464 3900 655 3973 lectionem
682 3899 886 3995 cuicunque
913 3900 1079 3995 religioso
1102 3898 1386 3972 interdicendam
1410 3900 1582 3992 arbitror,
1610 3901 1679 3971 nisi
1705 3901 1796 3972 sorte

198 4042 261 4113 per
275 4018 348 4090 hoc
364 4020 479 4116 major
492 4020 570 4116 ejus
589 4018 709 4116 aliqua
730 4017 862 4091 utilitas
877 4018 1136 4117 praepediatur,
1154 4020 1244 4091 sicru
1260 4020 1297 4089 in
1314 4021 1448 4091 cereris
1464 4020 1576 4092 literis
1592 4019 1794 4092 iaciendtun

198 4138 348 4228 scimus,
370 4153 409 4210 ut
425 4139 589 4211 videlicet
605 4140 747 4210 minora
764 4162 831 4235 pro
850 4137 1048 4233 majoribus
1063 4152 1126 4210 aut
1142 4139 1437 4223 intermittantur,
1459 4139 1515 4211 rel
1529 4141 1672 4237 penitus
1687 4142 1796 4211 ornit-

198 4269 329 4328 tantur.
348 4259 493 4355 Quippe
508 4281 591 4329 cum
605 4256 705 4329 nulle
716 4258 761 4329 sit
772 4259 808 4328 in
822 4257 986 4329 doctrina
1003 4256 1153 4346 falsitas,
1174 4255 1273 4328 nulla
1288 4259 1324 4327 iu
1340 4257 1459 4329 verbis
1475 4258 1682 4355 turpitudo,
1701 4281 1795 4329 non·

198 4373 294 4448 nulla
309 4375 520 4450 descientia
541 4371 694 4468 utilitas,
713 4375 794 4472 quis
814 4374 886 4446 hoc
901 4374 1058 4447 dicendo
1080 4389 1142 4449 aut
1158 4373 1325 4447 docendo
1343 4376 1479 4475 culpari
1504 4391 1703 4469 mereamr,
1728 4379 1795 4448 nisi

197 4516 299 4567 causa
322 4496 462 4567 venerit
485 4477 714 4593 supradicta,
731 4494 864 4592 potiori
888 4493 1053 4566 videlieet
1074 4494 1175 4567 hono
1202 4493 1363 4590 neglecto
1393 4510 1455 4566 aut
1481 4494 1655 4569 dimisso?
1682 4501 1805 4569 Nemo

197 4614 326 4686 etenim
345 4615 534 4687 sciesrtiam
548 4614 706 4711 aliquam
725 4615 858 4686 malam
874 4638 951 4687 esse
967 4614 1111 4704 dixerit,
1128 4614 1241 4686 etiam·
1253 4613 1349 4686 illam
1361 4638 1440 4711 quae
1456 4616 1615 4689 demalo
1632 4630 1698 4708 est,
1717 4641 1796 4714 que

190 4732 287 4825 justo
305 4732 445 4806 homini
458 4733 582 4806 deesse
598 4758 674 4806 non
689 4747 820 4832 potest.
851 4738 932 4806 Non
949 4750 990 4806 ut
1005 4733 1141 4805 malurn
1157 4747 1256 4829 agat,
1284 4731 1347 4803 sed
1362 4749 1404 4805 ut
1419 4759 1440 4806 a
1456 4735 1551 4808 malo
1565 4738 1795 4835 praecogitato

193 4850 260 4923 sibi
275 4852 477 4950 provideat,
488 4852 589 4949 quod
607 4855 674 4925 nisi
686 4854 886 4950 cognitum,
897 4867 985 4925 teste
1001 4852 1166 4943 Boethio,
1176 4854 1289 4924 vitare
1303 4876 1379 4924 non
1394 4868 1526 4951 posset.
1540 4860 1620 4927 Non
1635 4870 1687 4927 est
1697 4856 1800 4925 enirnr

228 5116 621 5181 ·u0n·01.eur.,ue.r,nae
638 5145 667 5158 ·-
677 5121 686 5151 ¹
696 5120 778 5184 spese
792 5090 877 5182 svin,
890 5121 965 5184 opp..
977 5129 996 5170 r.
1011 5119 1052 5182 u,
1067 5134 1092 5182 ρ.
1109 5125 1135 5180 ι,
1156 5123 1201 5171 eu.
1216 5125 1255 5171 rr.
