4559 6100
456 526 528 603 530
979 602 984 613 ,
1058 520 1189 595 PETRI
1218 520 1456 593 ABAELARDI

454 677 659 778 principita.
688 673 741 749 nd
764 699 802 746 se
820 689 940 749 tamen
969 673 1123 745 invicem
1148 672 1186 742 in
1209 671 1397 760 Trinitate,
1425 671 1455 741 si
1480 670 1628 804 gignens
1654 669 1760 758 adid
1780 668 1882 767 quod
1903 670 2060 766 gignitur

453 795 671 896 principium
696 808 763 886 est‚
782 797 886 866 Pater
902 791 950 865 ad
964 792 1093 863 Filium
1113 790 1333 926 principium
1348 803 1418 881 est,
1437 788 1523 885 quia
1546 788 1658 884 giguit
1674 812 1771 859 eum.
1791 793 1920 863 Utrum
1936 803 2057 862 autem

452 914 551 993 etad
568 914 740 1012 Spiritum
757 912 974 1012 principium
995 911 1040 982 sit
1055 915 1174 1002 Pater,
1194 909 1370 1009 quoniam
1385 907 1523 980 dictum
1541 924 1608 999 est,
1625 938 1644 974 α
1659 907 1705 980 de
1723 912 1826 980 Patre
1841 909 2020 1008 procedit,
2036 941 2053 975 s

450 1060 527 1111 non
548 1059 659 1133 parva
682 1034 832 1169 quaestio
855 1047 921 1105 est
940 1058 958 1100 r
979 1036 1023 1102 Et
1046 1045 1130 1129 post
1150 1053 1265 1129 pauca
1283 1030 1320 1101 iu
1347 1028 1514 1126 sequenti
1536 1027 1722 1125 capitulo:
1743 1010 1811 1099 «Si
1821 1029 1994 1125 ‚inquit‚
2020 1046 2056 1105 et

450 1155 553 1254 quod
566 1153 688 1243 datur,
703 1153 921 1253 principium
941 1149 1053 1227 habet
1070 1175 1156 1225 eum
1172 1174 1193 1222 a
1210 1172 1285 1246 quo
1303 1148 1424 1237 datur,
1443 1148 1630 1221 fatendum
1650 1161 1702 1220 est
1718 1153 1861 1221 Patrem
1876 1162 1912 1221 et
1928 1148 2054 1223 Filium

450 1273 671 1375 principium
697 1297 774 1347 esse
802 1272 956 1370 Spiritus
981 1270 1109 1345 sancti.
1127 1299 1145 1336 r
1171 1269 1243 1342 Sed
1271 1293 1338 1341 nec
1363 1284 1493 1342 natura
1519 1272 1660 1341 Patrem
1684 1293 1762 1345 esse
1786 1269 1947 1365 priorem
1966 1270 2054 1342 Filio

449 1392 685 1469 concedimus
701 1419 711 1462 :
728 1393 842 1463 immo
857 1389 964 1464 simul
986 1414 1064 1462 esse
1079 1403 1224 1478 natura,
1240 1414 1326 1462 cum
1340 1402 1469 1480 mutuo
1487 1387 1633 1461 relative
1649 1388 1698 1463 ad
1710 1389 1869 1461 invicem
1888 1388 2055 1465 dicantur

448 1516 552 1589 Pater
576 1526 612 1589 et
632 1512 765 1602 Filins3
789 1525 824 1582 et
845 1510 947 1607 juxtn
964 1510 1062 1608 ipsos
1087 1507 1512 1608 quoqpephilosophos,
1533 1508 1658 1599 omnia
1673 1508 1721 1583 ad
1737 1508 1891 1583 invicem
1907 1507 2053 1585 relativa

446 1630 552 1704 simul
577 1631 649 1704 sint
669 1644 811 1723 nature,
834 1654 919 1703 cum
943 1642 1094 1727 utraque
1112 1644 1241 1701 mutuo
1267 1628 1315 1701 ad
1337 1628 1493 1700 invicem
1516 1629 1566 1701 ita
1588 1652 1665 1702 sese
1686 1627 1863 1718 habeant,
1887 1641 1930 1698 ut
1950 1628 2052 1701 nullo

445 1750 559 1843 modo
580 1752 734 1827 aiterum
750 1750 828 1825 sine
844 1748 958 1823 altero
974 1762 1085 1845 queat
1104 1773 1194 1821 esse.
1217 1749 1443 1825 Econtrario
1464 1761 1599 1841 autem,
1620 1763 1659 1820 ut
1677 1749 1727 1821 ait
1748 1746 1964 1837 Aristoteles,
1986 1772 2051 1822 ua-

445 1871 606 1965 turaliter
631 1869 732 1968 prius
756 1868 909 1953 alterurn
935 1867 1049 1942 altero
1073 1869 1112 1941 id
1138 1868 1283 1961 dicitur,
1315 1868 1415 1965 quod
1439 1869 1613 1967 consequi
1638 1867 1749 1943 habet
1775 1867 1979 1949 necessario
2004 1868 2052 1942 ad

443 1989 547 2077 illud,
567 1988 634 2062 sed
650 1989 799 2083 minime
822 1987 1047 2077 antecedere,
1067 2003 1106 2061 ut
1122 2014 1238 2061 unum
1253 1986 1399 2081 duobus
1415 1989 1515 2086 prius
1535 2003 1611 2061 est:
1631 2002 1752 2087 potest
1773 1989 1916 2089 quippe
1936 2012 2051 2065 unum

444 2109 614 2199 existere,
644 2109 761 2183 itaut
779 2133 856 2179 non
879 2108 950 2201 sint
971 2106 1061 2199 duoj
1088 2107 1193 2185 sede
1217 2132 1408 2183 converso.
1437 2112 1480 2178 At
1505 2131 1591 2179 vero
1617 2107 1717 2198 nulla
1736 2129 1978 2205 personarum
2001 2107 2051 2183 ita

442 2242 561 2327 potest
586 2252 677 2319 esse,
701 2222 841 2323 utnon
860 2227 906 2300 sit
923 2228 1051 2318 altera3
1076 2253 1162 2301 cum
1183 2228 1285 2313 nulio
1312 2227 1425 2301 modo
1450 2228 1570 2326 aliqua
1592 2252 1636 2300 er
1658 2227 1712 2307 eis
1727 2227 1839 2326 possit
1858 2250 1935 2299 non
1957 2250 2045 2317 esse,

442 2371 527 2420 cum
551 2371 654 2444 aeque
680 2370 808 2419 omnes
831 2371 978 2419 necesse
1004 2347 1050 2418 sit
1074 2372 1165 2438 esse,
1192 2348 1265 2421 hoc
1289 2363 1343 2420 est
1370 2349 1521 2421 omnino
1548 2344 1770 2445 impossibile
1797 2326 1844 2419 sit
1868 2370 1948 2419 uon
1973 2370 2049 2420 esse

440 2465 558 2566 ipsam
572 2491 811 2566 personarum
828 2466 1052 2543 Trinitatem.

489 2586 569 2683 Sed
585 2612 653 2660 nec
677 2586 789 2659 uliam
813 2584 951 2681 hebent
977 2585 1025 2657 ed
1048 2586 1206 2658 invicem
1226 2586 1408 2683 dignitatis
1431 2586 1673 2684 prioritatem,
1688 2600 1740 2677 ⁶ut
1754 2578 1923 2665 uidelicet
1945 2589 2048 2659 Pater

440 2704 583 2804 dignior
605 2708 659 2777 sit.
673 2705 776 2795 Filio,
798 2703 856 2777 vel
882 2705 1019 2802 Spiritu
1040 2719 1165 2801 sancto
1192 2705 1348 2794 dicatur,
1368 2707 1454 2804 quia
1476 2706 1527 2779 illi
1553 2732 1595 2781 ex
1619 2706 1700 2806 ipso
1723 2719 1826 2798 suin,¹
1845 2729 1920 2777 non
1943 2709 2047 2781 Pater

439 2849 482 2897 ex
511 2824 618 2922 ipsis3
648 2838 712 2897 aut
740 2823 849 2895 Filius
875 2823 1004 2899 eadem
1029 2825 1171 2919 ratione
1195 2824 1331 2922 Spiritu
1353 2839 1494 2899 sancto.
1519 2826 1689 2924 Alioquin
1704 2841 1741 2898 et
1760 2823 1893 2899 animal
1915 2823 2045 2897 eadem

439 2944 676 3045 proportione
692 2941 836 3040 dignius
852 2957 942 3039 esset
956 2944 1125 3035 homine;
1145 2970 1229 3017 cum
1244 2947 1366 3044 potius
1380 2962 1510 3019 natura
1525 2947 1686 3021 hominis
1700 2962 1866 3035 naturam
1878 2946 2045 3033 animalis

439 3063 642 3166 praecedere
667 3065 862 3138 videatur:
893 3089 978 3140 cum
1007 3064 1120 3137 homo
1147 3061 1291 3165 ipsoex
1316 3069 1466 3166 propria
1491 3082 1626 3148 natura,
1644 3067 1828 3142 rationalis
1852 3067 1916 3155 sit,
1944 3067 2044 3164 quod

439 3185 574 3260 animal
597 3185 718 3283 ipsum
739 3209 783 3256 ex
799 3207 871 3262 sua,
884 3199 1014 3280 natura
1033 3208 1110 3257 non
1134 3186 1286 3260 obtinet.
1312 3189 1370 3260 Sic
1392 3203 1427 3262 et
1444 3188 1558 3260 homo
1578 3202 1700 3286 posset
1720 3186 1864 3284 dignior
1888 3185 1963 3260 dici
1977 3187 2043 3261 ho·

437 3307 536 3380 ruine
559 3305 681 3403 aliquo
702 3303 913 3403 dignissimo
933 3306 990 3378 vel
1014 3307 1153 3404 optimo
1173 3308 1357 3400 omnium,
1380 3333 1478 3398 cum,
1493 3307 1796 3396 videlicethomo
1822 3308 1985 3406 optimus
1999 3332 2044 3382 ex

435 3422 584 3497 homine
600 3440 706 3517 esset,
727 3450 803 3496 nou
817 3449 860 3495 ex
875 3425 1027 3497 homine
1044 3428 1184 3525 optimo
1202 3428 1329 3500 homo.
1348 3428 1456 3515 Quod
1475 3423 1601 3525 siquis
1618 3427 1656 3499 in
1674 3452 1718 3501 eo
1733 3451 1881 3524 quoque
1898 3431 2041 3499 Patrem

435 3546 561 3624 cete-is
582 3545 746 3643 proeierat
770 3546 952 3642 personis,
980 3546 1084 3643 quod
1107 3552 1212 3620 Pater
1232 3572 1307 3620 non
1332 3563 1385 3620 est
1405 3548 1455 3620 ab
1476 3549 1563 3640 alio,
1585 3572 1669 3620 cum
1698 3559 1775 3620 tam
1798 3548 1908 3619 Filius
1930 3569 2041 3645 qnam

435 3666 586 3770 Spiritus
610 3662 657 3735 ab
680 3662 751 3734 alio
777 3663 860 3755 sint,
887 3661 1023 3763 utpote
1017 3667 1197 3740 aPatre
1188 3663 1288 3764 rpso'3
1313 3666 1483 3766 praeiernt
1503 3668 1645 3741 eadem
1653 3667 1799 3740 ratione
1820 3665 1957 3738 melum
1980 3690 2041 3739 au·

434 3783 554 3879 gelum
568 3782 670 3853 bono
687 3781 833 3876 nnge103
851 3807 935 3855 cum
951 3784 1011 3857 ille
1027 3785 1129 3914 quod
1146 3785 1355 3882 hujusmodi
1367 3800 1433 3870 est
1441 3809 1521 3864 ase
1532 3785 1626 3908 ipso,
1645 3813 1722 3860 non
1739 3787 1786 3860 ab
1799 3783 1871 3861 alio
1884 3781 2035 3860 habeat:

432 3904 498 3975 iste
516 3925 602 3972 vero
617 3926 640 3972 a
657 3904 734 3972 Deo
751 3900 982 3996 bechehem,
1002 3931 1081 4004 quae
1095 3906 1202 3977 etiarn
1221 3906 1375 4004 dignitas
1389 3908 1505 3980 notari
1523 3899 1635 4008 possit
1649 3910 1686 3990 in
1704 3933 1779 3980 non
1794 3932 1871 3982 esse
1886 3903 1945 3980 nb
1949 3905 2035 3996 aiio,

433 4045 516 4093 cum
540 4020 698 4093 maxima
720 4021 876 4104 emineat
898 4023 936 4094 in
959 4048 1035 4096 esse
1060 4049 1081 4100 a
1104 4030 1195 4096 Deo.
1222 4027 1394 4121 Magnum
1416 4029 1552 4126 quippe
1575 4042 1632 4108 εει
1652 4051 1731 4108 esse
1744 4032 1875 4106 Deum
1886 4025 2036 4102 denso

433 4151 476 4212 et‘
489 4143 686 4232 Summum
699 4145 840 4214 Bonum
865 4142 912 4215 de
934 4145 1085 4215 Summo
1111 4148 1229 4217 Bono.
1248 4147 1359 4234 Quasi
1383 4149 1577 4244 ganinatio
1603 4147 1767 4245 quaednm
1788 4146 1972 4243 dignitatis
1995 4148 2035 4218 in

432 4257 504 4328 hoc
525 4257 756 4356 exprimitur3
776 4258 812 4329 in
836 4283 881 4331 eo
906 4258 1008 4357 quod
1024 4258 1155 4331 dicitur
1170 4286 1246 4333 non
1270 4281 1348 4334 esse
1368 4262 1415 4335 ab
1436 4262 1521 4357 aiio,
1547 4289 1627 4380 quae
1647 4263 1849 4336 ostenditur
1865 4260 2032 4359 dignitas,

432 4397 515 4449 cum
530 4377 568 4448 id
586 4376 693 4452 rebus
710 4401 857 4512 quoque
873 4402 949 4450 non
967 4373 1201 4453 existentibus
1211 4381 1383 4480 applicari
1397 4384 1522 4483 possit,
1540 4411 1619 4482 quae
1629 4373 1727 4484 nihil
1741 4373 1884 4481 penitus
1899 4380 2037 4453 habent

430 4495 638 4604 dignitatis?
647 4495 719 4570 Sed
732 4511 767 4568 et
783 4497 812 4570 si
824 4513 945 4596 posset
961 4500 1170 4597 contingere
1183 4514 1225 4572 ut
1239 4499 1366 4601 aliquis
1377 4501 1492 4576 homo
1507 4529 1526 4577 a
1539 4531 1577 4578 se
1564 4506 1668 4603 ipso
1679 4517 1782 4596 esset,
1795 4501 1929 4580 oratius
1942 4516 2036 4574 esset

428 4641 454 4693 a
466 4622 567 4711 Deo;
589 4615 797 4715 numquid'
788 4642 818 4689 rs
833 4619 896 4715 qui
918 4642 940 4690 a
962 4644 1000 4691 se
1023 4635 1115 4696 esset
1139 4620 1268 4700 medior
1289 4640 1382 4700 esset
1397 4639 1459 4700 aut
1482 4624 1626 4721 dignior
1648 4650 1693 4699 eo
1712 4625 1776 4722 qui
1791 4636 1883 4695 esset
1899 4646 1922 4695 a
1938 4626 2031 4712 Deo,

428 4736 683 4835 idcircoquod
697 4737 792 4812 hira
807 4761 845 4809 se
856 4752 960 4830 esset,
980 4752 1015 4810 et
1032 4739 1090 4812 ille
1108 4738 1155 4811 ab
1172 4741 1271 4814 alio?
1289 4748 1368 4816 Non
1386 4741 1523 4844 utique,
1543 4769 1626 4819 mm
1644 4746 1751 4841 longe
1767 4743 1897 4816 melior
1913 4765 1934 4813 a
1952 4745 2031 4814 Deo

427 4855 487 4928 hic
503 4855 580 4928 fieri
591 4871 725 4955 posset,
746 4879 856 4954 quam
870 4857 929 4928 ille
945 4882 1012 4955 per
1027 4883 1154 4966 seesse
1170 4861 1318 4934 valeret.
1339 4867 1521 4936 Ponamus
1535 4865 1641 4937 etiam
1659 4849 1903 4964 quodaiiquis
1916 4860 2030 4933 homo

427 4975 590 5073 genuerit
615 4971 725 5046 alium
747 5000 849 5072 aeque
869 4976 1088 5074 sapientem,
1116 5006 1218 5079 aeque
1246 4997 1446 5081 potentem,
1472 5009 1572 5082 aeque
1599 5010 1664 5085 per
1682 4969 1806 5057 omnia
1833 4979 1974 5054 bonum
1994 4995 2030 5052 et

427 5095 602 5192 aeqnalem
627 5094 694 5193 ipsi
721 5096 813 5193 patri
838 5120 925 5187 su03
953 5122 1146 5196 ponamus,
1166 5102 1329 5200 inquam,
1355 5104 1439 5195 hoc,
1463 5105 1555 5177 sicut
1572 5105 1721 5178 sortasse
1749 5124 2027 5204 nonnumquam
