4559 6100
633 553 825 627 ΕΡΙΤΟΜΕ
845 549 1117 625 THEOLOGlAE
1143 548 1430 622 CHRlSTlANAE.
1762 536 1826 618 5'tt

244 707 333 770 tavit.
351 705 416 787 Qui
430 726 504 768 cum
520 718 666 794 peccaret
682 725 700 765 a
715 699 848 766 domino
865 724 923 767 suo
939 724 997 791 per
1007 715 1176 790 peccatum
1192 713 1354 789 separatus
1371 711 1429 762 est.
1443 695 1540 760 Venit
1555 719 1631 786 ergo
1647 696 1708 761 Dei
1723 688 1834 775 Filius,

244 820 279 868 ut
301 825 461 892 congruus
480 801 639 866 mediator
653 799 817 863 hominem
837 814 1004 889 apeccato
1023 797 1174 862 liberaret
1192 812 1225 862 et
1248 794 1452 861 dilectionem
1469 816 1558 858 suam
1581 794 1611 858 ei
1635 794 1833 858 immitteret.

244 903 316 966 Hoc
340 916 447 965 autem
469 899 557 980 facit,
580 898 744 962 hominem
761 920 857 985 quem
875 896 1020 961 assumsit
1034 896 1118 984 patri
1133 893 1318 976 offerendo,
1337 891 1372 957 id
1394 907 1459 974 est,
1477 893 1615 983 pretium
1630 914 1689 982 pro
1705 891 1836 955 bomine

243 998 408 1063 hominem
434 995 555 1062 dando.
575 994 773 1060 Translative
794 1010 903 1059 tamen
927 996 1066 1083 pretium
1089 1007 1304 1080 nuncupatur.
1329 991 1407 1054 Haec
1431 986 1526 1083 igitur
1548 1005 1635 1054 certa
1657 1003 1689 1053 et
1707 987 1837 1078 propria

245 1094 452 1160 redemtionis
467 1116 573 1175 causa,
592 1110 689 1183 quarn
705 1106 738 1157 et
747 1092 919 1181 Apostolus
934 1090 976 1156 ad
991 1090 1157 1156 Romanos
1172 1105 1205 1154 et
1218 1088 1360 1154 Christus
1370 1087 1405 1151 in
1419 1084 1594 1177 Evangelio
1612 1084 1800 1151 docuerunt.

861 1410 1043 1503 CAPUT
1078 1408 1226 1502 xxlv.

620 1634 664 1688 De
683 1629 808 1688 dirarum
825 1640 997 1688 naturarum
1014 1627 1046 1687 iu
1061 1645 1151 1686 unam
1171 1643 1326 1705 personam
1344 1624 1463 1686 unione.

290 1818 339 1881 De
356 1816 474 1881 unione
491 1814 610 1880 amodo
621 1814 757 1881 duarum
768 1831 954 1879 naturarum
965 1815 999 1879 in
1015 1836 1114 1878 unam
1125 1834 1295 1902 personam
1306 1809 1482 1876 ridendum
1497 1826 1556 1876 est.
1569 1809 1624 1876 Ad
1633 1833 1731 1899 quam
1744 1813 1842 1902 signi·

243 1913 407 1980 ⁴licandam
416 1913 645 2004 expressiorem
660 1912 900 1978 similitudinem
910 1912 1004 1976 aliam
1015 1910 1129 1975 afferre
1145 1933 1212 1975 non
1227 1932 1405 1999 possumus,
1419 1932 1516 1997 quam
1525 1908 1613 1974 illam
1621 1909 1799 1977 notabilem
1808 1927 1841 1977 et

245 2011 449 2091 catholicam,
463 2034 560 2100 quam
571 2011 762 2075 Athanasius
778 2008 894 2074 attulit.
912 2008 1001 2074 Sicut
1013 2031 1100 2089 caro,
1114 2008 1230 2095 inquit,
1240 2023 1273 2073 et
1283 2008 1391 2072 anima
1400 2007 1564 2072 rationalis
1575 2028 1657 2071 unus
1669 2022 1717 2073 est
1728 2009 1841 2089 homo,

245 2111 292 2173 ita
306 2110 392 2173 Deus
408 2124 442 2173 et
455 2110 556 2172 homo
572 2131 654 2172 unus
670 2124 717 2172 est
733 2107 885 2171 Christus.
902 2106 986 2172 Nam
1003 2106 1084 2170 sicut
1096 2127 1171 2170 caro
1185 2122 1218 2169 et
1231 2106 1338 2170 anima
1353 2105 1386 2168 in
1403 2128 1468 2170 una
1482 2125 1621 2194 persona
1632 2108 1840 2191 conveniunt,

247 2208 293 2271 sic
316 2206 350 2270 in
372 2206 497 2269 Christo
515 2204 622 2269 divina
643 2220 676 2270 et
695 2205 837 2269 humana
853 2219 980 2268 natura.
997 2203 1152 2286 Quamvis
1167 2204 1254 2267 enim
1274 2203 1321 2267 ibi
1340 2205 1381 2267 sit
1390 2201 1551 2285 Verbum,
1569 2201 1659 2292 quod
1681 2219 1730 2270 est
1748 2208 1843 2272 tertia

248 2325 384 2392 persona
401 2302 435 2365 in
451 2303 603 2381 trinitate,
622 2325 689 2366 non
706 2317 813 2367 tamen
828 2301 875 2365 ibi
890 2317 937 2366 est
952 2323 1088 2390 persona
1103 2323 1162 2389 per
1177 2322 1223 2381 se,
1241 2300 1316 2388 quia
1331 2300 1376 2366 sic
1390 2324 1527 2390 persona
1539 2304 1608 2386 jam
1623 2316 1704 2366 esset
1721 2302 1756 2365 in
1770 2325 1844 2392 pen·

248 2423 346 2481 sona,
366 2400 459 2464 etita
476 2398 548 2464 duae
564 2422 709 2490 personae
729 2415 833 2465 essent
849 2400 883 2463 in
897 2398 1035 2483 Christo,
1054 2397 1135 2462 sicut
1152 2398 1257 2461 anima
1273 2413 1418 2487 separata
1434 2421 1602 2488 acorpore
1620 2421 1758 2487 persona
1772 2412 1841 2484 est,

249 2520 317 2561 non
342 2512 450 2562 tamen
474 2498 602 2586 corpori
620 2499 731 2582 juncta
754 2519 892 2586 persona
917 2510 1025 2585 potest
1050 2495 1131 2577 dici,
1159 2496 1233 2583 quia
1257 2518 1331 2560 cum
1352 2518 1487 2585 corpore
1502 2496 1537 2559 in
1552 2518 1651 2560 unam
1673 2518 1843 2584 personam

249 2591 482 2658 conficiendam
498 2595 659 2659 convenit.
678 2592 776 2676 Quod
796 2610 904 2660 autem
919 2595 954 2658 in
972 2594 1098 2658 Christo
1114 2616 1182 2657 non
1199 2593 1263 2657 sint
1282 2591 1355 2658 duae
1371 2616 1532 2683 personae,
1551 2609 1583 2658 et
1604 2595 1687 2661 ratio
1705 2592 1844 2663 damon·

249 2707 328 2755 strat
340 2707 372 2755 et
388 2691 559 2755 auctoritas
569 2690 748 2773 confirmat,
767 2715 839 2780 quae
854 2708 902 2756 est
918 2691 1094 2755 :Assumsit
1104 2706 1265 2772 naturam,
1277 2707 1310 2756 et
1321 2714 1388 2757 non
1398 2712 1579 2780 personam.
1591 2691 1722 2757 Boetius
1732 2695 1844 2776 etiam,

250 2804 286 2854 ut
298 2789 366 2874 jam
380 2787 531 2869 diximus,
550 2787 713 2878 disputans
727 2804 839 2854 contm
853 2791 998 2878 Eutycen
1014 2803 1048 2854 et
1062 2788 1248 2853 Nestorium
1261 2787 1404 2854 dicentes
1422 2813 1430 2853 ε
1448 2790 1535 2854 Duas
1550 2788 1597 2853 ibi
1612 2810 1681 2856 esse
1694 2810 1846 2880 personas

251 2900 283 2950 et
301 2885 345 2950 ita
362 2885 443 2950 duos
459 2885 616 2968 Christos,
639 2885 779 2951 ostendit
796 2885 842 2950 ibi
857 2909 956 2951 unam
970 2909 1143 2975 personam
1159 2899 1284 2950 tantum
1301 2909 1380 2967 esse,
1397 2886 1574 2952 secundum
1588 2888 1665 2965 hoc,
1682 2887 1772 2976 quod
1786 2891 1847 2956 ho-

249 2983 330 3046 mini
345 2984 508 3067 convenit,
531 3004 701 3072 personam
723 2982 882 3048 diffiniens
898 2983 1017 3050 scilicet
1038 3006 1046 3047 :
1066 2983 1207 3048 Persona
1223 2999 1270 3048 est
1286 2984 1461 3050 substantia
1483 2985 1646 3051 rationalis
1665 2986 1843 3054 individua.

251 3081 393 3145 Christus
411 3081 506 3169 igitur
526 3103 590 3144 una
607 3096 654 3145 est
670 3104 820 3169 persona.
838 3080 1046 3146 Individuum
1066 3081 1223 3168 siquidem
1243 3081 1297 3145 hic
1312 3083 1470 3171 accipiunt
1491 3105 1558 3145 non
1574 3105 1634 3171 pro
1651 3083 1847 3173 praedicabili

252 3178 294 3242 de
310 3199 376 3242 uno
393 3178 474 3260 solo,
487 3177 545 3241 sed
559 3200 619 3266 pro
635 3177 773 3242 discreto
785 3193 818 3241 et
830 3178 872 3241 ab
884 3177 952 3241 aliis
966 3192 1123 3267 separato.
1139 3178 1201 3242 Per
1215 3178 1279 3241 hoc
1294 3200 1384 3268 ergo,
1400 3178 1489 3267 quod
1499 3178 1643 3244 Verbum
1655 3202 1722 3245 non
1738 3197 1785 3246 est
1800 3183 1846 3247 ibi

253 3274 425 3339 discretum
445 3289 479 3338 et
493 3290 673 3363 separatum
695 3274 736 3338 ab
751 3274 901 3355 homine,
927 3276 1027 3339 immo
1050 3276 1152 3365 magis
1168 3297 1242 3340 cum
1262 3275 1394 3339 homine
1418 3297 1516 3339 unam
1539 3274 1709 3342 discretam
1731 3293 1763 3342 et
1779 3277 1846 3369 [ab]

252 3371 321 3436 aliis
337 3385 514 3459 separatam
535 3393 707 3460 personam
730 3369 842 3452 efficit,
859 3395 918 3461 per
932 3372 1014 3453 hoc,
1033 3372 1177 3460 inquam,
1199 3370 1354 3453 ostendit,
1377 3372 1537 3437 Christum
1552 3396 1648 3438 unam
1664 3373 1766 3439 solam
1779 3399 1846 3443 esse

253 3490 434 3558 personam.
446 3467 509 3534 Sed
525 3491 599 3533 cum
609 3469 696 3533 Deus
705 3469 740 3532 in
750 3468 866 3533 sanctis
878 3468 1064 3532 hominibus
1075 3491 1142 3534 esse
1154 3467 1290 3549 dicatur,
1302 3483 1334 3532 et
1343 3469 1387 3533 sic
1397 3470 1493 3533 etiam
1502 3491 1581 3554 esse,
1594 3487 1631 3535 ut
1646 3495 1700 3536 eos
1710 3472 1844 3561 repleat,

253 3589 309 3632 eos
324 3565 500 3646 inhabitet,
518 3566 600 3631 solet
617 3567 717 3654 quaeri
734 3565 900 3654 quomodo
911 3566 1056 3630 Verbum
1073 3566 1174 3656 magis
1190 3565 1286 3632 fiterit
1304 3561 1350 3630 ibi
1362 3588 1420 3656 per
1436 3566 1602 3650 unionem,
1618 3589 1715 3657 quam
1728 3570 1763 3635 in
1778 3568 1847 3637 aliis

253 3663 368 3728 sanctis
377 3663 573 3728 hominibus.
590 3664 629 3728 ln
645 3662 741 3729 beata
756 3686 896 3752 namque
908 3663 1030 3752 virgine
1046 3664 1091 3729 sic
1106 3664 1167 3728 fuit
1178 3663 1312 3752 Spiritus
1327 3679 1470 3739 sanctus,
1487 3666 1576 3752 quod
1591 3682 1694 3731 totam
1708 3688 1781 3731 eam
1796 3689 1848 3733 re-

252 3759 363 3850 plevit,
381 3775 413 3824 et
427 3760 462 3823 in
477 3759 585 3825 multis
599 3760 679 3843 aliis,
697 3783 738 3825 ex
752 3760 865 3850 spiritu
876 3783 1015 3848 quorum
1025 3777 1058 3825 et
1073 3761 1189 3850 Spiritu
1206 3762 1279 3843 Dei,
1296 3777 1333 3826 ut
1344 3761 1388 3825 ait
1402 3762 1585 3851 Apostolus,
1602 3783 1690 3828 mtus-
1699 3761 1845 3843 effioittm

253 3874 287 3921 et
303 3858 348 3920 ita
359 3857 391 3920 in
410 3858 454 3921 eis
469 3857 603 3947 Spiritus
615 3873 741 3922 sanctus
756 3858 837 3922 sicut
852 3859 886 3921 in
898 3858 1023 3922 Christo
1039 3859 1123 3930 uniri
1132 3857 1271 3926 videtur.
1289 3859 1410 3924 Verum
1422 3860 1565 3948 quamvis
1577 3861 1710 3949 Spiritus
1721 3878 1849 3928 sanctus

255 3968 381 4018 sanctos
395 3954 543 4020 homines
559 3956 682 4045 replere
705 3970 737 4020 et
753 3954 932 4019 inhabitare
950 3953 1086 4033 dicatur,
1103 3970 1213 4020 tamen
1228 3977 1432 4043 nequaquam
1447 3954 1511 4019 dici
1524 3955 1591 4020 ullo
1607 3956 1708 4022 modo
1724 3976 1846 4048 potest,

256 4050 344 4140 quod
368 4073 442 4115 cum
464 4052 509 4116 eis
523 4053 664 4134 uniatur,
685 4074 760 4117 cum
775 4075 836 4118 nec
850 4052 885 4117 in
901 4074 1072 4142 personam
1089 4051 1322 4118 conficiendam
1340 4076 1415 4118 cum
1437 4053 1483 4118 eis
1498 4055 1742 4137 conveniat,·et
1760 4058 1787 4121 si
1807 4058 1857 4132 ad,

255 4167 380 4239 tempus
403 4147 535 4237 aliquod
549 4167 731 4232 remaneat,
758 4150 799 4214 ab
821 4150 866 4215 eis
885 4148 1026 4216 recedat.
1042 4147 1142 4231 Quod
1160 4164 1268 4216 autem
1283 4150 1425 4230 recedat,
1451 4152 1484 4214 in
1506 4153 1677 4242 prophetis·
1684 4153 1850 4221 evidenter

254 4246 441 4336 apparebat,
454 4247 509 4334 qui
520 4246 621 4313 modo
632 4270 707 4313 eum
718 4248 895 4328 habebant,
912 4245 1012 4313 modo
1022 4245 1168 4335 profecto
1178 4269 1219 4314 eo
1231 4246 1395 4314 carebant.
1413 4248 1512 4331 Quod
1517 4272 1596 4315 vero
1610 4252 1655 4315 ait
1665 4252 1847 4341 Apostolus,

256 4342 430 4433 quodcum
444 4343 553 4432 spiritu
572 4368 686 4410 eorum
700 4344 834 4434 Spiritus
849 4344 910 4410 Dei
925 4367 1007 4409 unus
1023 4342 1171 4426 efficitur,
1187 4345 1282 4412 unius
1296 4344 1452 4411 intellexit
1466 4347 1650 4432 voluntatis,
1667 4350 1712 4413 ita
1721 4365 1847 4433 tamen,

258 4440 347 4530 quod
376 4439 593 4531 quodcunque
620 4441 708 4507 aliud
730 4442 845 4507 volunt
868 4458 902 4506 et
923 4458 1079 4532 appetunt
1099 4442 1150 4506 vel
1165 4458 1292 4522 conon,
1319 4444 1454 4531 Spiritus
1475 4461 1604 4510 sanctus
1623 4445 1710 4511 nolle
1729 4441 1852 4514 vellere

256 4536 401 4604 suadeat.
424 4539 527 4603 Aliter
549 4562 626 4628 ergo
641 4538 785 4604 Verbum
805 4541 839 4604 in
855 4540 981 4606 Christo
998 4539 1069 4621 fuit,
1092 4540 1170 4627 quia
1184 4540 1230 4604 sic
1249 4537 1310 4604 fuit
1329 4538 1376 4604 illi
1396 4541 1522 4606 homini
1543 4543 1687 4625 um'turm
1711 4546 1800 4635 quod
1812 4547 1849 4610 in

257 4658 356 4699 unam
370 4658 541 4726 personam
556 4660 631 4701 cum
644 4636 700 4701 illo
716 4637 878 4719 convenit,
896 4651 929 4702 et
944 4635 1045 4723 quod,
1063 4637 1145 4702 sicut
1160 4657 1247 4718 earo,
1266 4637 1381 4700 animm
1396 4638 1539 4723 subjecta
1549 4654 1610 4716 est,
1628 4640 1716 4729 quod
1726 4640 1849 4708 nultum

257 4748 392 4812 motum,
413 4732 534 4798 nullam
552 4735 774 4824 operationem
789 4733 849 4798 nisi
864 4733 905 4797 ab
925 4733 1031 4797 anima
1050 4733 1170 4798 babere
1187 4748 1293 4822 potest
1307 4756 1316 4798 r
1332 4734 1377 4799 sic
1392 4736 1499 4800 anima
1513 4735 1568 4800 illa
1584 4737 1692 4803 Verbo
1708 4737 1850 4822 subjecta

258 4845 340 4922 erat,
354 4829 443 4919 quod
454 4829 576 4894 nullum
592 4846 718 4895 motum
732 4830 777 4894 illi
787 4830 916 4919 corpori
932 4829 1105 4895 attribuere
1115 4846 1254 4919 potemt‚
1267 4831 1327 4896 nisi
1338 4848 1492 4920 quantum
1503 4833 1646 4899 Verbum
1661 4833 1847 4923 inspirabat.

258 4927 299 4991 Et
314 4927 480 4992 sciendum
489 4926 577 5015 quod
592 4929 669 4992 unio
686 4927 738 4991 illa
750 4929 795 4992 sic
811 4927 894 4991 facta
909 4942 966 5006 est,
984 4926 1084 5015 quod,
1101 4928 1182 4992 sicut
1197 4926 1274 4992 dicit
1285 4928 1398 4994 beatus
1411 4930 1610 5010 Ambrosius,
1623 4931 1710 4996 nulla
1725 4932 1851 4999 illarum

259 5039 444 5089 naturarum
465 5024 500 5088 in
523 5024 617 5089 aliam
638 5040 760 5090 mutata
776 5040 835 5089 est.
857 5023 955 5106 Quod
973 5024 1006 5087 in
1028 5024 1160 5089 homine
1178 5047 1305 5113 quoque
1327 5025 1451 5114 liquido
1473 5029 1644 5092 monstrari
1660 5046 1775 5119 potest.
1800 5033 1850 5099 Sic
1915 5069 1921 5078 ⁴

259 5121 347 5185 enim
369 5122 476 5186 anima
496 5137 528 5187 et
544 5144 659 5211 corpus
674 5122 709 5186 in
724 5144 821 5186 unam
839 5144 1009 5211 personam
1024 5122 1236 5204 conveniunt,
1261 5121 1348 5210 quod
1365 5138 1514 5188 neutrum
1535 5126 1653 5191 horum
1669 5129 1803 5195 vertitur
1817 5132 1851 5197 in
