4559 6100
487 545 561 617 tor
789 525 793 532 ’
1091 541 1220 622 terat
1244 540 1476 618 mausum

489 695 585 787 cido,
606 695 662 769 vel
678 694 781 787 rado,
801 708 835 767 et
852 694 983 766 mixtus
1003 694 1193 792 purissimo
1213 695 1357 794 corpori
1376 692 1585 766 remaculos
1602 717 1644 764 ex
1662 716 1704 765 ea
1723 715 1854 789 genero
1872 689 2074 762 Domino.»

489 818 578 888 ltem
595 843 604 888 ε
627 845 645 884 a
664 816 875 914 Cyprianus,
895 815 951 885 vir
965 813 1169 912 eloquentia
1186 813 1324 913 pollens
1341 827 1376 886 et
1392 813 1578 910 martyrio,
1590 813 1781 884 Formiano
1793 824 1961 883 narrante
1979 833 2077 881 mor·

491 936 608 1023 detur,
626 960 692 1007 cur
707 933 877 1007 adversus
896 934 1167 1006 Demetrianum
1186 933 1358 1023 scribens,
1374 933 1587 1006 testimoniis
1609 956 1693 1003 usus
1708 932 1752 1003 sit
1768 929 2025 1029 prophetarum
2042 942 2077 1001 et

489 1054 757 1153 apostolorum,
787 1078 866 1151 quae
890 1052 949 1125 ille
970 1052 1051 1126 licta
1078 1066 1114 1124 et
1137 1054 1381 1125 commentitia
1407 1077 1482 1124 esse
1508 1050 1675 1139 ducebat,
1698 1065 1741 1123 et·
1755 1075 1829 1123 non
1855 1051 1975 1148 potius
1997 1046 2076 1147 phi·

488 1172 725 1272 losophorum
753 1196 796 1245 ac
816 1187 1025 1271 poetarum,
1053 1196 1210 1269 quorum
1232 1172 1434 1244 auctoritati
1455 1185 1497 1243 ut
1521 1171 1685 1244 ethnicus
1710 1170 1887 1246 contraire
1910 1192 1985 1256 non
2009 1193 2075 1266 po·

489 1305 591 1365 terat.
610 1320 627 1358 u
647 1295 733 1364 ltem
754 1318 763 1363 ι
786 1322 802 1358 r
821 1292 998 1390 losephus
1014 1291 1107 1364 duos
1123 1291 1234 1364 libros
1249 1291 1373 1364 scribit
1389 1306 1516 1365 contra
1533 1291 1706 1390 Apiouem
1726 1288 2023 1381 Alexandrinum,
2040 1303 2077 1360 et

488 1427 586 1485 tanta
614 1401 834 1483 saecularium
862 1411 1003 1510 praefert
1031 1411 1254 1498 testimonia,
1284 1425 1324 1481 ut
1351 1410 1438 1481 mihi
1473 1408 1684 1481 miraculum
1712 1407 1858 1500 subeat,
1887 1407 2075 1505 quomodo

488 1529 663 1604 Hebraeus
683 1530 729 1603 ab
754 1530 903 1602 infantia
926 1529 1035 1602 sacris
1058 1528 1183 1602 litteris
1208 1528 1368 1611 eruditus
1394 1542 1562 1600 cunctam
1588 1531 1793 1601 Graecorum
1818 1525 2073 1601 bibliothecam

487 1652 669 1727 evolverit.
684 1682 702 1718 u
713 1655 801 1723 ltem
814 1677 822 1721 τ
835 1680 853 1718 v
865 1652 994 1723 Extant
1004 1654 1065 1722 etl
1069 1650 1178 1722 uliani
1188 1649 1337 1721 Africani
1348 1648 1430 1721 libri
1437 1664 1473 1721 et
1481 1648 1783 1742 Theodoreti,viri
1793 1646 2073 1747 apostolicorum

486 1773 670 1870 signorum
696 1785 803 1868 atque
825 1770 1018 1858 virtutum;
1042 1784 1077 1842 et
1095 1769 1255 1868 Dionysii
1282 1768 1509 1842 Alexandrini
1539 1769 1711 1867 episcopi,
1741 1767 1891 1839 Anatolii
1912 1790 2070 1864 quoque,

487 1890 676 1990 Pamphili,
704 1891 821 1983 Pierii,
850 1890 1009 1977 Luciani,
1041 1889 1263 1982 Malchionis,
1290 1889 1431 1963 Eusebii
1459 1890 1673 1962 Cesarieusis
1698 1887 1877 1990 episcopi,
1906 1901 1973 1959 etc.
2011 1889 2073 1986 qui

485 2034 612 2082 omnes
637 2010 674 2080 in
705 2023 845 2081 tantum
873 2007 1174 2107 philosophorum
1203 2007 1377 2081 doctrinis
1406 2024 1513 2106 atque
1539 2008 1721 2081 sententiis
1746 2031 1830 2079 suos
1857 2005 2071 2079 referserunt

483 2129 609 2220 libros,
634 2142 672 2200 ut
692 2129 827 2201 nescias
849 2127 937 2226 quid
962 2128 998 2199 in
1020 2128 1087 2201 illis
1108 2129 1266 2226 primum
1287 2129 1455 2202 admirari
1474 2127 1620 2220 debeas,
1640 2126 1878 2199 eruditionem
1900 2149 1945 2196 an
1965 2126 2075 2198 scien·

484 2250 570 2321 tiam
606 2249 873 2349 scripturarum.
901 2277 918 2316 u
949 2247 1048 2318 ldem
1081 2247 1127 2320 ad
1156 2249 1385 2345 Vigilantiam
1413 2247 1661 2347 presbyterum
1693 2274 1701 2315 ε
1732 2276 1750 2312 α
1771 2243 1905 2317 Eadem
1935 2243 2071 2318 absenti

483 2366 645 2464 significo
668 2393 748 2466 quae
767 2368 931 2466 praesenti
956 2391 1102 2465 quoque
1123 2365 1267 2439 locutus
1296 2394 1389 2460 sum,
1416 2392 1473 2438 me
1503 2367 1551 2439 ita
1581 2365 1773 2462 Origenem
1794 2363 1917 2462 legisse
1941 2364 1996 2435 vel
2020 2361 2068 2436 le·

483 2513 585 2590 gere,
617 2502 657 2559 ut
684 2475 946 2586 Apollinarem,
981 2501 1020 2558 ut
1045 2500 1184 2559 ceteros
1215 2500 1442 2579 tractatores,
1470 2511 1626 2585 quorum
1653 2486 1690 2557 in
1717 2482 1934 2583 quibusdam
1960 2482 2071 2555 libros

481 2607 628 2709 ecclesia
648 2631 723 2679 nou
741 2606 887 2706 recipit3
912 2606 997 2703 quia
1015 2607 1133 2703 operis
1151 2606 1222 2676 mei
1241 2619 1293 2676 est
1315 2620 1350 2676 et
1371 2604 1478 2678 studii
1496 2606 1628 2677 multos
1644 2602 1773 2703 legere,
1796 2618 1834 2675 ut
1849 2629 1889 2675 ex
1910 2602 2071 2702 plurimis

482 2724 643 2798 diversos
668 2724 774 2797 flores
794 2748 952 2822 carpam,
980 2749 1055 2795 non
1073 2736 1147 2797 tarn
1164 2723 1380 2821 probaturus
1402 2724 1536 2813 omnia,
1557 2748 1667 2821 quam
1687 2748 1766 2821 quae
1782 2722 1879 2794 bona
1899 2735 1981 2792 sunt
1997 2720 2068 2793 ele·

481 2859 615 2916 cturus.
645 2847 793 2914 Assumo
813 2842 946 2914 multos
962 2842 999 2913 in
1016 2866 1141 2935 manu,
1166 2856 1204 2912 ut
1220 2866 1240 2914 a
1260 2843 1381 2914 multis
1403 2843 1515 2914 multa
1533 2842 1675 2940 cognita
1694 2866 1922 2938 cognoscam,
1944 2865 2066 2911 secun

481 2962 567 3038 dum
583 2961 683 3061 quod
696 2963 868 3061 scriptum
883 2966 953 3034 est¹
975 2989 983 3030 :
1006 2991 1024 3029 u
1035 2963 1165 3032 Omnia
1182 2960 1350 3059 legentes,
1369 2961 1468 3061 quod
1485 2961 1623 3034 bonurn
1641 2977 1694 3035 est
1709 2962 1912 3036 retinentes.
1929 2992 1948 3030 n
1966 2960 2069 3033 Unde

480 3084 564 3157 satis
591 3082 703 3155 miror
726 3096 761 3154 te
786 3080 941 3155 voluisse
966 3080 1128 3179 Origenis
1156 3081 1242 3153 mihi
1267 3081 1425 3179 objicere
1457 3082 1637 3179 dogmata.
1665 3083 1836 3181 Origenes
1861 3081 2065 3172 haereticus,

480 3202 570 3307 quid
587 3203 633 3277 ad
655 3228 727 3296 me,
746 3202 809 3301 qui
825 3201 914 3275 illud
932 3203 968 3274 in
990 3201 1169 3303 plerisque
1185 3200 1391 3275 haereticum
1409 3227 1576 3275 essenon
1596 3202 1713 3299 nego?
1736 3202 1874 3297 Erravit
1890 3201 1935 3274 de
1952 3186 2067 3274 resur·

479 3324 637 3397 rectione
657 3324 831 3424 corporis,
848 3322 893 3395 de
910 3323 1110 3395 animarum
1125 3336 1230 3416 statu,
1249 3321 1295 3394 de
1311 3321 1444 3396 diaboli
1459 3322 1680 3423 poenitentia,
1701 3337 1749 3410 et,
1769 3321 1867 3419 quod
1881 3321 1937 3393 his
1954 3321 2068 3419 majus

481 3457 553 3535 est,
579 3444 707 3517 Filium
729 3457 765 3516 et
779 3442 953 3541 Spiritum
969 3457 1134 3514 sanctum
1151 3442 1188 3514 in
1205 3441 1478 3513 Commentariis
1497 3442 1594 3513 lsaiae
1611 3441 1798 3540 Seraphim
1821 3466 1897 3517 esse
1921 3454 2067 3515 testatus

480 3578 574 3636 est.»
588 3566 676 3636 ltem
691 3588 699 3634 ε
719 3592 736 3630 u
756 3564 879 3659 Neque
896 3552 992 3633 enirn
1009 3562 1057 3632 ita
1075 3559 1249 3632 debemus
1265 3559 1361 3632 bona
1377 3560 1452 3655 ejus
1466 3561 1636 3659 recipere,
1657 3575 1696 3633 ut
1714 3560 1807 3633 mala
1826 3584 1972 3659 quoque
1990 3559 2065 3632 sus·

477 3682 596 3780 cipere
615 3704 799 3777 cogamur.
819 3682 855 3752 st
876 3680 984 3775 igitur
1007 3703 1086 3777 quae
1111 3677 1209 3751 bona
1233 3692 1316 3750 sunt
1341 3679 1514 3773 transtuli,
1534 3694 1569 3751 et
1594 3680 1687 3753 mala
1708 3677 1762 3752 vel
1788 3679 1989 3779 amputavi,
2009 3677 2066 3751 vel

478 3801 586 3892 tacui,
605 3800 662 3871 vel
680 3799 834 3891 correxi,
852 3796 1055 3896 arguendus
1071 3822 1165 3886 sum,
1181 3822 1246 3869 our
1265 3821 1339 3868 non
1358 3822 1424 3896 per
1440 3822 1498 3869 me
1510 3798 1622 3872 Latini
1634 3799 1732 3872 bona
1747 3799 1824 3897 ejus
1838 3796 2009 3893 babeant,
2029 3813 2064 3871 et

477 3919 644 4014 ignorent
670 3915 841 4019 malaPRSi
861 3917 933 3989 hoc
948 3916 1083 3988 crimen
1103 3930 1169 4009 est,
1190 3931 1358 4013 arguatur
1376 3917 1560 3991 confessor
1575 3920 1742 4013 Hilarius,
1760 3919 1822 4018 qui
1841 3918 2063 3990 Psalmorum

475 4037 808 4139 interpretationem
827 4049 862 4108 et
883 4035 1054 4108 Homilias
1075 4035 1112 4107 in
1133 4036 1202 4108 Job
1222 4061 1264 4108 es
1287 4036 1388 4109 libris
1406 4038 1482 4137 ejus
1507 4039 1698 4112 transtulit.
1724 4041 1775 4111 sit
1799 4041 1835 4110 in
1854 4038 1960 4138 culpa
1977 4041 2063 4110 Ver·

477 4157 638 4231 cellensis
667 4154 860 4245 Eusebius,
891 4157 954 4254 qui
981 4156 1144 4228 omnium
1174 4155 1395 4256 psalmorum
1421 4160 1698 4232 commentarios
1723 4158 1876 4231 haretici
1905 4156 2064 4229 hominis

477 4277 581 4350 vertit
599 4276 636 4349 in
659 4289 821 4347 nostrum
838 4276 1035 4373 eloquium,
1057 4274 1139 4348 licet
1161 4276 1326 4350 haeretica
1341 4279 1624 4376 praetermittens.
1640 4307 1658 4346 a
1674 4282 1756 4351 Haec
1774 4276 1920 4374 quidem
1937 4278 2063 4370 Hiero·

416 4412 420 4421 ’
475 4420 605 4495 nymus
629 4395 798 4467 adversus
824 4420 950 4467 eorum
973 4394 1167 4468 calumnias
1190 4394 1321 4487 reddit,
1343 4398 1404 4494 qui
1427 4397 1476 4470 ob
1498 4396 1535 4470 id
1556 4397 1751 4471 catholicos
1776 4411 1983 4470 tractatores
2003 4420 2061 4468 re·

476 4513 753 4617 prehendendos
787 4529 992 4609 autumant,
1023 4516 1123 4616 quod
1151 4517 1289 4616 scriptis
1320 4518 1393 4590 suis
1422 4506 1621 4591 infidelium
1652 4518 1854 4591 testimonia
1879 4516 1935 4589 vel
1967 4515 2063 4589 dicta

475 4637 630 4708 inserere
647 4649 873 4733 praesumant,
893 4636 994 4736 quasi
1012 4637 1064 4709 eis
1080 4636 1326 4721 auctoritatem
1345 4635 1514 4728 tribuant,
1534 4639 1597 4737 qui
1613 4637 1712 4712 nulla
1728 4638 1828 4736 digni
1844 4650 1928 4709 sunt
1942 4651 2062 4708 aucto·

472 4755 589 4845 ritate,
616 4768 651 4827 et
676 4755 778 4850 quasi
797 4755 975 4827 maculare
998 4779 1115 4829 sacras
1137 4754 1329 4828 sententias
1351 4756 1463 4855 possit
1486 4758 1615 4829 veritas
1636 4782 1701 4855 per
1725 4755 1885 4851 infideles
1906 4754 2055 4854 prolata.

470 4877 623 4947 Noverat
644 4873 853 4974 quippepvir
866 4873 1136 4949 discretissimus
1160 4898 1270 4973 grana
1292 4874 1329 4946 in
1346 4874 1471 4973 paleis,
1498 4890 1533 4948 et
1554 4876 1781 4974 margaritam
1797 4875 1923 4948 ceteris
1948 4897 2060 4972 quan·

504 5152 630 5204 'Turnat
643 5149 663 5214 l,
675 5165 730 5216 cap.
742 5166 765 5217 v,
777 5167 801 5204 r.
812 5154 852 5235 ²¹5
