4559 6100
747 553 1004 628 tfluotoutt
1031 556 1305 632 fflutsutut.
1755 567 1827 636 507

274 707 467 805 Objectnm
485 726 633 803 quoque
649 717 716 794 est,
735 702 924 799 quomodo
941 703 1096 776 dicimus
1112 710 1275 778 Persona
1291 720 1388 799 sunt,
1409 707 1476 777 nisi
1491 706 1655 781 dicamus
1672 712 1826 784 essentia

225 828 264 900 id
286 843 341 900 est
364 826 525 899 essentiae
546 821 658 895 suut?
693 820 765 894 Sed
789 821 862 894 hoc
884 823 999 896 modo
1024 822 1162 896 dictum
1187 838 1241 896 est
1267 848 1343 922 quo
1363 824 1523 911 dicimus
1551 827 1695 899 Athenae
1724 844 1822 920 sunt,

225 947 282 1020 vel
297 947 357 1018 hic
373 946 477 1019 albus
497 958 535 1016 et
548 942 664 1014 homo
678 941 809 1015 sedens
822 942 922 1015 idem
937 958 1034 1017 sum.
1056 949 1137 1016 Non
1153 945 1251 1017 enim
1274 966 1417 1043 semper
1430 940 1615 1043 pluralitas
1630 946 1687 1017 vel
1704 949 1825 1044 singu-

223 1068 345 1139 laritas
359 1065 462 1137 vocis
478 1061 526 1136 ad
542 1060 843 1158 significationem
853 1064 1017 1161 respicit3
1038 1064 1102 1136 sed
1118 1062 1340 1162 quandoque
1355 1064 1402 1136 ad
1418 1066 1710 1137 terminationem
1725 1069 1826 1141 vocis

224 1185 280 1257 vel
295 1184 625 1272 constructionem,
642 1182 741 1254 velut
761 1207 846 1254 cum
871 1183 1025 1256 dicimus
1049 1209 1223 1256 numerus
1244 1198 1317 1275 est,
1333 1183 1405 1256 hoc
1426 1196 1479 1256 est
1497 1184 1654 1256 unitates
1669 1200 1771 1276 sunt;
1789 1201 1825 1258 et

225 1302 371 1381 Athenae
382 1317 484 1393 sunt,
511 1301 584 1375 hoc
606 1317 661 1375 est
683 1302 760 1374 haec
773 1303 898 1376 civitas
915 1318 981 1376 est.
1000 1302 1230 1401 Quandoque
1250 1302 1358 1376 etiam
1371 1302 1572 1375 secundum
1584 1303 1825 1402 pluralitatem

224 1446 358 1496 vocum
373 1423 513 1522 plurale
529 1421 683 1495 verbum
701 1421 899 1520 significate
912 1424 1144 1522 proferimus,
1164 1426 1240 1497 sive
1258 1424 1367 1496 etiam
1389 1420 1527 1522 plurale
1542 1445 1692 1516 nomen,
1717 1426 1825 1498 etiam

224 1542 374 1641 quando
387 1543 516 1616 eadem
527 1556 582 1615 est
595 1544 740 1641 penitus
750 1542 1015 1619 vocabulorum
1028 1543 1274 1641 intelligentia,
1291 1568 1366 1615 non
1382 1557 1502 1615 tamen
1517 1543 1644 1617 eadem
1657 1547 1823 1635 essentia,

225 1664 336 1736 veluti
360 1689 445 1736 cum
468 1664 621 1737 dicimus
643 1687 768 1736 ensem
788 1678 825 1736 et
849 1664 1009 1763 gladium
1025 1690 1101 1739 esse
1119 1665 1326 1738 multivoca.
1354 1664 1458 1737 Unde
1481 1667 1624 1736 Boetius
1648 1667 1686 1736 in
1703 1666 1826 1764 primo

229 1786 440 1880 Topicorum
459 1810 471 1853 ε
491 1784 682 1871 «Quarum
696 1808 841 1875 rerum,
870 1786 1000 1882 inquit,
1022 1784 1150 1858 eadem
1174 1782 1356 1874 diffinitio,
1381 1785 1466 1882 ipsae
1494 1808 1641 1881 quoque
1661 1780 1722 1857 res
1744 1800 1828 1858 sunt

224 1901 364 1975 eadem.
384 1907 477 1975 Cum
500 1916 622 1977 autem
645 1904 796 2001 figurate
812 1904 967 1977 dicimus
993 1919 1096 1992 sunt,
1117 1905 1338 2002 ubicumque
1358 1903 1490 1975 scilicet
1514 1927 1588 1976 una
1607 1912 1749 1975 tanturn
1770 1928 1827 1977 res

223 2035 387 2114 cst,nnn
408 2036 463 2095 est
483 2048 628 2096 necesse
650 2023 910 2097 dicientiauel
932 2026 1132 2097 essentias:
1152 2027 1238 2123 quia
1254 2048 1347 2123 saepe
1372 2044 1455 2095 cum
1480 2022 1615 2096 eaedem
1632 2024 1706 2096 sint
1721 2044 1827 2098 voces

225 2141 262 2211 in
288 2142 548 2238 significatione
565 2166 631 2241 per
648 2167 686 2214 se
708 2158 876 2242 acceptu,
903 2168 975 2216 uua
991 2168 1117 2216 earum
1133 2145 1441 2217 constructionem
1466 2140 1601 2216 habere
1621 2157 1740 2242 potest
1761 2166 1827 2241 per

226 2259 379 2357 liguram
395 2262 434 2333 in
449 2287 524 2334 uno
541 2286 663 2353 sensu,
681 2286 792 2360 quam
807 2286 885 2334 nnn
901 2262 1011 2336 habet
1028 2260 1145 2336 alia.»

275 2384 328 2450 De
344 2404 390 2452 eo
407 2382 516 2454 etiam
532 2381 687 2456 arbitror
705 2404 782 2455 esse
798 2382 998 2457 discussum
1015 2384 1118 2481 quod
1135 2382 1274 2456 dictum
1290 2400 1344 2457 est
1362 2384 1434 2457 hoc
1450 2408 1584 2456 nomen
1602 2387 1698 2454 Deus
1713 2384 1827 2478 magis

227 2500 427 2575 universae
451 2526 564 2601 quam
597 2503 776 2600 singulare
802 2502 999 2576 dicendum
1021 2528 1111 2599 esse,
1140 2530 1226 2577 cum
1252 2500 1299 2578 de
1327 2505 1457 2577 divinis
1482 2503 1646 2603 personis
1671 2502 1824 2575 dicatur.

226 2620 370 2719 Quippe
397 2621 585 2694 diversitas
608 2621 932 2721 illa=persooarum
962 2646 1040 2696 non
1058 2626 1104 2695 =in
1132 2624 1349 2697 discretione
1380 2625 1730 2709 essentiaeoonstat,
1763 2618 1829 2721 sed

226 2741 339 2836 magis
354 2742 392 2811 in
413 2740 618 2814 diversitate
634 2744 897 2841 proprietatum
914 2742 970 2815 vel
995 2742 1269 2835 diffinitionum,
1289 2757 1329 2815 ut
1342 2743 1510 2833 diximus,
1537 2742 1629 2813 siout
1647 2754 1684 2813 et
1701 2740 1830 2814 diver-

226 2859 313 2932 sitas
333 2884 570 2958 personarum
587 2860 792 2933 secandum
807 2862 1080 2960 grammaticos,
1102 2888 1183 2961 quae
1199 2864 1333 2936 scilicet
1350 2886 1514 2961 persono
1527 2863 1652 2934 insunt
1667 2863 1826 2950 Socrati,

226 2993 375 3081 propter
392 3004 484 3079 quas
501 2995 622 3055 tamen
640 3005 720 3053 nou
734 2982 855 3054 miuus
871 2981 943 3055 hoc
958 3006 1094 3056 nomen
1111 2986 1276 3057 Socrates
1291 2982 1471 3079 singulare
1487 2998 1554 3056 est.

275 3101 347 3174 Sed
372 3101 462 3174 illud
491 3102 564 3174 hoc
591 3102 675 3174 loco
700 3103 899 3174 maximum
927 3104 1229 3202 impedimentum
1260 3106 1438 3196 occurrit,
1467 3103 1567 3200 quod
1596 3101 1829 3175 essentialiter

228 3244 376 3318 quoque
386 3220 433 3292 ab
447 3221 604 3292 inuicem
617 3243 783 3319 personas
789 3243 872 3319 qua
884 3221 922 3294 iit
932 3226 1015 3294 ‘Deo
1029 3221 1289 3296 sunt-discretae
1305 3223 1484 3312 videntur,
1502 3231 1587 3293 cum
1599 3220 1676 3293 hoec
1694 3221 1829 3294 scilicet

227 3364 305 3412 non
320 3340 367 3412 sit
378 3339 452 3433 illa,
469 3339 570 3438 quod
587 3363 664 3412 non
679 3339 787 3412 estin
805 3341 1047 3435 grammaticis
1063 3342 1240 3439 personis.
1257 3342 1312 3413 Ad
1329 3341 1430 3439 quod
1446 3337 1745 3440 respondendum
1760 3354 1826 3430 est,

228 3458 329 3557 quod
355 3484 431 3531 non
458 3460 572 3556 magis
598 3460 673 3531 istae
694 3461 858 3558 persooae
879 3459 1123 3533 essentialiter
1142 3461 1303 3533 discretae
1328 3476 1414 3533 sunt
1430 3485 1539 3559 (pram
1564 3459 1652 3553 illae,
1678 3481 1763 3533 cum
1785 3461 1830 3530 sit

228 3579 359 3652 harum
374 3603 521 3677 quoque
538 3580 630 3651 sicut
640 3577 784 3652 illarum
799 3603 873 3652 una
889 3579 1088 3678 eademque
1104 3582 1249 3681 penitus
1265 3581 1438 3671 essentia,
1454 3579 1503 3652 ad
1519 3579 1828 3677 comparationem

229 3699 376 3771 unitatis
392 3698 516 3795 cujus,
541 3698 614 3771 hoc
630 3712 703 3787 est,
734 3697 867 3780 divina
877 3699 1042 3772 essentiae
1056 3700 1158 3772 nulla
1176 3701 1233 3773 vel
1249 3723 1425 3800 corporea
1438 3701 1497 3773 vel
1516 3697 1712 3798 spiritualis
1727 3721 1828 3770 crea·

227 3832 309 3889 turn
326 3816 550 3891 diceudaeiit
571 3842 658 3913 una,
684 3818 862 3892 cumhtec
881 3819 1034 3892 omnino
1057 3819 1196 3892 nullum
1211 3834 1275 3892 aut
1295 3822 1454 3918 partium
1469 3834 1532 3892 aut
1548 3818 1746 3890 sormamm
1768 3817 1829 3888 di·

227 3937 434 4010 versitatem
447 3938 638 4012 admittere
654 3938 782 4038 possit,
798 3963 868 4013 nec
885 3941 922 4011 in
939 3940 1061 4038 aliquo
1076 3940 1286 4039 permutari.
1309 3941 1527 4029 «Quocirca,
1548 3939 1665 4037 inquit
1686 3937 1829 4009 Boetius

228 4054 272 4126 de
289 4057 478 4148 Trinitate,
497 4058 569 4130 hoo
585 4081 670 4131 uere
689 4061 856 4133 nnumin
872 4083 949 4158 quo
963 4058 1085 4132 nullus
1101 4083 1286 4154 numerus,
1303 4059 1444 4133 nullum
1461 4061 1499 4132 in
1517 4081 1562 4131 eo
1586 4057 1685 4130 aliud
1703 4071 1831 4155 praeter

227 4175 266 4248 id
283 4177 384 4274 quod
396 4190 461 4250 est.
476 4205 495 4246 u
514 4177 727 4252 Undebene
747 4203 829 4252 eam
846 4179 1056 4279 philosophi
1068 4181 1264 4253 monadem
1280 4177 1320 4253 id
1333 4196 1388 4254 est
1400 4181 1576 4252 unitatem
1589 4179 1707 4276 tnagis·
1716 4199 1830 4275 quam

229 4319 340 4368 unam
360 4320 492 4370 vocare
508 4297 714 4372 voluerunt.
740 4303 833 4373 Cum
853 4315 975 4373 autem
998 4301 1097 4372 nulla
1116 4302 1164 4374 sit
1177 4301 1215 4374 in
1236 4303 1400 4401 personis
1416 4277 1584 4373 discretio
1606 4300 1767 4372 essentias
1783 4297 1830 4372 ab

228 4416 398 4509 invicem,
417 4413 492 4489 non
511 4433 632 4491 tamen
652 4434 798 4519 oportet
810 4420 884 4494 dici
905 4422 1009 4494 Pater
1024 4437 1079 4495 est
1094 4422 1206 4495 Filius
1218 4423 1276 4496 vel
1294 4424 1446 4522 Spiritus
1458 4436 1623 4514 sanctus3
1644 4423 1702 4495 vel
1724 4424 1833 4497 Filius

228 4548 283 4607 est
304 4537 457 4634 Spiritus
478 4553 624 4611 sanctus
642 4566 651 4610 ε
670 4542 755 4638 quis
777 4541 843 4613 etsi
867 4543 947 4640 quis
962 4542 1054 4615 forte
1077 4565 1209 4615 sanum
1233 4567 1378 4616 sensum
1404 4545 1443 4615 in
1469 4544 1542 4615 suis
1561 4543 1685 4616 verbis
1698 4544 1831 4617 habere

229 4668 351 4752 queat,
376 4679 421 4727 eo
437 4656 572 4730 scilicet
591 4659 694 4757 quod
718 4659 845 4732 eadem
868 4659 1020 4736 essemia
1038 4687 1119 4761 quae
1140 4669 1246 4736 Pater
1265 4677 1339 4757 est,
1360 4664 1405 4735 sit
1425 4678 1461 4735 et
1485 4662 1592 4735 Filius
1617 4678 1654 4735 et
1678 4663 1830 4762 Spiritus

229 4788 394 4865 mustus,
419 4797 545 4847 senstrs
570 4780 722 4851 omnino
747 4779 855 4852 falsus
872 4794 926 4853 est
941 4781 1143 4854 secundum
1167 4796 1377 4856 sanctorum
1392 4787 1540 4854 Patrum
1556 4784 1826 4882 acceptionem,

230 4917 312 4992 quae
326 4908 382 4967 est
392 4893 616 4992 hujusmodi,
627 4900 711 4971 acsi
725 4898 889 4974 dicamus
904 4923 1098 4999 personam
1112 4906 1357 4999 generantem¹
1369 4925 1446 4974 esse
1459 4881 1653 5001 personam
1669 4902 1826 4999 genitam

264 5180 270 5209 ¹
281 5175 334 5229 Vox
343 5186 506 5242 emunctam
520 5193 535 5233 t
547 5184 668 5246 snrtptcrs
676 5184 780 5245 omissa.
794 5185 883 5249 taum
893 5187 919 5237 tn
931 5186 1041 5248 munus
1051 5187 1152 5248 mmsis,
1164 5187 1277 5252 umbus
1288 5188 1375 5239 tutem
1382 5188 1434 5249 jam
1446 5185 1546 5236 mewa
1557 5197 1587 5235 ae
1597 5184 1693 5235 (tetrus
