4559 6100
756 526 1013 600 Tflttotoott
1040 470 1316 602 cflttts‘tttttt.
1765 528 1838 602 539

239 703 321 778 quae
345 703 387 751 ex
410 678 530 750 verbis
557 674 769 773 evangelicis
802 677 950 748 minime
977 677 1287 777 comprobantur,
1326 677 1419 748 sicut
1441 688 1494 747 est
1527 675 1617 749 illud
1653 676 1702 748 de
1728 676 1840 775 virgi-

242 799 353 871 nitate
368 799 492 869 matris
509 795 656 867 Domini
678 794 786 867 etiam
808 810 891 895 post
909 808 1053 895 partum
1067 796 1200 893 jugiter
1221 808 1434 869 conservata
1462 794 1565 866 etde
1591 795 1670 868 aliis
1692 794 1841 869 fortasse

243 916 376 990 multis.

292 1038 355 1108 His
368 1049 490 1110 autem
502 1034 674 1107 adversus
686 1038 892 1107 Graecorum
908 1034 1152 1132 objectionem
1165 1034 1211 1107 de
1226 1033 1456 1134 processione
1472 1034 1626 1131 Spiritus
1642 1032 1839 1132 responsis,

242 1154 331 1227 libet
353 1156 460 1228 etiam
483 1178 527 1226 ex
550 1155 711 1255 ipsorum
735 1154 947 1228 doctoribus
969 1155 1176 1227 testimonia
1195 1154 1368 1255 prolerre,
1392 1152 1523 1251 quibus
1546 1151 1843 1249 aFilioquoque

243 1275 413 1373 Spiritum
427 1289 592 1347 sancmm
608 1275 807 1374 procedere
823 1275 1035 1348 doceantur.
1057 1274 1269 1348 Athanasius
1284 1275 1322 1346 in
1335 1271 1509 1370 Symbolo
1523 1270 1626 1344 fidei:
1643 1271 1840 1371 «Spiritus,

245 1394 377 1489 iuquit,
407 1410 552 1467 saeuus
578 1421 599 1467 a
626 1400 729 1467 Patre
757 1410 792 1467 et
814 1394 922 1483 Filio,
955 1395 1189 1485 coniectus,
1221 1420 1296 1466 non
1322 1407 1481 1478 creatus,
1505 1393 1749 1490 congenitus,
1779 1389 1845 1463 sed

145 1572 150 1580 .
244 1513 464 1612 procedens,
477 1542 495 1582 u
510 1513 731 1612 ubiquidem
740 1538 824 1586 cum
832 1515 1043 1612 praemiserit
1057 1515 1233 1613 Spiritum
1250 1527 1415 1586 sanctum
1430 1535 1455 1583 a
1472 1516 1574 1585 Patre
1589 1526 1626 1584 et
1644 1511 1733 1583 Filio
1750 1534 1841 1602 esse,

245 1645 354 1730 atque
366 1632 550 1729 subjrmxit
565 1633 811 1731 «procedens,
824 1661 842 1701 u
860 1633 1046 1706 manifeste
1059 1634 1184 1706 docuit
1194 1657 1279 1706 eum
1294 1632 1342 1705 ab
1359 1646 1513 1728 utroque
1530 1629 1740 1730 procedere,
1758 1652 1843 1701 cum

246 1750 293 1822 ad
310 1765 506 1850 utrumque
521 1752 724 1850 procedens
746 1752 908 1826 retulerit
927 1754 1018 1825 sicut
1037 1777 1127 1842 esse,
1155 1753 1351 1853 praesertim
1372 1774 1455 1823 cum
1476 1762 1552 1822 non
1576 1749 1678 1822 aliter
1697 1773 1719 1821 a
1742 1753 1846 1821 Patre

246 1870 398 1968 Spiritus
418 1896 494 1944 esse
511 1871 656 1965 babeat,
675 1895 784 1968 quam
804 1871 1071 1971 procedendo⁸.
1092 1899 1110 1939 u
1129 1873 1185 1943 Ait
1203 1874 1312 1946 etiam
1331 1871 1506 1968 Didymus
1523 1893 1650 1942 eorum
1667 1869 1845 1941 maximus

247 1989 376 2063 doctor
402 1993 441 2063 in
462 1991 555 2063 libro
578 1989 624 2063 de
645 1993 785 2089 Spiritu
808 2009 954 2084 saneto,
974 2014 1081 2088 quem
1107 1991 1234 2065 beatus
1257 1991 1436 2065 transtulit
1457 1990 1712 2087 Hieronymus,
1736 1984 1845 2061 verba

247 2108 377 2181 Christi
407 2109 454 2182 de
481 2109 612 2183 eodem
637 2111 769 2210 Spiritu
798 2113 847 2184 ita
873 2111 1051 2184 inducens
1078 2126 1186 2209 atque
1211 2116 1414 2210 exponens¹
1445 2138 1454 2182 ε
1486 2111 1693 2199 «Salvator,
1721 2109 1784 2206 qui
1811 2123 1848 2180 ει

248 2229 400 2319 Veritas,
422 2230 491 2301 ait⁸
512 2255 521 2299 t
543 2257 561 2297 a
575 2234 657 2302 Non
673 2231 770 2302 enim
786 2229 956 2328 loquetur
971 2254 992 2302 a
1010 2232 1216 2330 semetipso,
1233 2261 1251 2298 r
1268 2231 1342 2303 boc
1364 2244 1508 2303 estnon
1526 2230 1602 2302 sine
1618 2254 1698 2321 me,
1718 2241 1753 2300 et
1769 2229 1846 2299 sine

249 2372 332 2420 meo
357 2363 393 2420 et
414 2350 525 2422 Patris
546 2349 710 2439 arbitrio,
735 2352 819 2448 quia
843 2351 1090 2450 inseparabilis
1112 2366 1166 2423 est
1181 2375 1202 2423 a
1218 2376 1301 2424 mea
1323 2366 1359 2423 et
1385 2351 1497 2422 Patris
1516 2349 1702 2421 voluntate
1726 2376 1735 2420 ε
1761 2348 1848 2447 quia

249 2492 291 2539 ex
310 2492 351 2540 se
367 2484 527 2558 nonest,
546 2469 610 2541 sed
627 2494 670 2541 ex
690 2474 793 2543 Patre
810 2485 847 2543 et
864 2495 923 2542 rne
941 2487 1007 2544 est.
1028 2475 1106 2544 Hoc
1124 2473 1222 2543 onim
1239 2472 1358 2570 ipsum
1376 2470 1476 2568 q'uod
1499 2469 1656 2541 subsistit
1672 2482 1708 2541 et
1723 2467 1843 2565 loqui·

249 2600 321 2680 tur,
349 2593 493 2661 aPetre
516 2601 553 2661 et
568 2613 626 2662 me
649 2589 700 2662 illi
721 2605 785 2662 est.
808 2596 885 2688 Ego
901 2592 1089 2663 veritatem
1107 2590 1252 2688 loquor,
1273 2590 1312 2662 id
1335 2605 1389 2662 est
1410 2590 1547 2689 inspiro
1570 2614 1649 2687 quae
1671 2588 1845 2685 loquitur,

249 2705 429 2804 siquidem
445 2708 599 2807 Spiritus
611 2709 768 2781 veritatis
785 2723 851 2781 est.
879 2710 1007 2782 Dicere
1030 2724 1066 2781 et
1085 2710 1187 2808 loqui
1203 2709 1240 2781 in
1256 2710 1427 2781 Trinitete
1450 2732 1524 2780 non
1543 2706 1743 2781 secundum
1759 2724 1850 2778 con·

248 2826 477 2899 suetudinem
491 2843 654 2901 nostram
669 2828 936 2928 accipiendum,
955 2828 1018 2901 sed
1031 2830 1133 2925 juxta
1150 2829 1305 2902 sennam
1319 2829 1603 2929 incorporalium
1622 2840 1846 2922 naturarum,

249 2960 286 3019 et
312 2948 467 3020 maxime
490 2948 693 3035 Trinitatis,
728 2972 810 3045 quae
836 2948 1059 3020 voluntatem
1085 2973 1186 3022 suam
1216 2950 1345 3047 ingerit
1371 2951 1408 3020 in
1436 2947 1548 3021 corda
1573 2946 1848 3020 credentium.»

252 3070 363 3160 ltem,
385 3068 569 3165 «Spiritus
594 3079 738 3139 sanctus
756 3069 821 3166 qui
845 3083 899 3140 est
920 3069 1072 3167 Spiritus
1092 3069 1270 3159 veritatis,
1299 3069 1523 3168 Spiritusque
1547 3068 1751 3164 sapientie,
1774 3092 1850 3140 non

251 3199 370 3283 potest
392 3186 531 3273 audire,
558 3184 647 3256 Filio
671 3185 857 3282 loquente,
886 3210 965 3283 quae
990 3188 1121 3279 nescit,
1149 3211 1234 3258 cum
1260 3186 1333 3257 boc
1351 3187 1470 3283 ipsum
1485 3185 1530 3256 sit
1552 3184 1653 3282 quod
1669 3185 1851 3282 profertur

250 3303 387 3397 al'ilio,
409 3303 446 3375 id
473 3318 526 3376 est
539 3304 741 3403 procedens
756 3308 854 3377 Deus
878 3305 924 3377 de
939 3309 1033 3391 Deo,
1061 3307 1212 3404 Spiritus
1235 3307 1390 3379 veritatis
1409 3303 1610 3403 procedens
1630 3304 1841 3396 aVeritate,

251 3422 458 3496 consolator
474 3446 627 3496 manens
651 3423 697 3496 dc
723 3425 982 3498 consolatore⁸.
1007 3455 1024 3492 u
1044 3429 1131 3497 Item
1151 3425 1302 3523 Cyrillus
1318 3424 1578 3497 Alexandrinus
1594 3424 1787 3524 episcopus
1810 3425 1848 3496 in

296 3667 308 3697 ¹
331 3663 388 3727 lvo
404 3661 608 3727 carnotensis
622 3661 658 3725 iu
671 3660 826 3728 Sermone
832 3662 1038 3729 Pentecostes
1049 3688 1058 3729 ι
1070 3663 1229 3730 Dominus
1242 3663 1322 3732 dicit
1335 3666 1370 3730 in
1385 3664 1561 3756 Evangelio
1574 3712 1584 3747 ,
1607 3695 1620 3721 «
1634 3666 1717 3729 Cum
1728 3664 1854 3729 venerit

251 3758 385 3848 Spiritus
398 3759 557 3840 veritatis,
575 3760 630 3848 qui
645 3782 665 3823 a
679 3760 775 3825 Patre
791 3760 949 3849 procedit,
966 3760 1020 3827 ille
1041 3784 1099 3827 ros
1115 3761 1246 3828 docebit
1261 3786 1394 3831 omnem
1408 3762 1587 3842 veritatem,
1605 3761 1659 3827 ille
1673 3784 1726 3826 me
1739 3760 1855 3826 clarifi-

252 3856 351 3938 cabit,
369 3857 444 3945 quia
459 3856 501 3921 de
512 3879 585 3921 meo
601 3857 744 3947 accipiet,
756 3872 789 3922 et
805 3858 1009 3923 annuntiabit
1023 3860 1128 3925 robis.
1144 3891 1157 3917 s
1173 3862 1252 3925 Haec
1266 3860 1364 3926 rerba
1379 3861 1423 3925 ita
1439 3861 1664 3950 interpretatur
1675 3858 1851 3947 Didymus:

260 3982 273 4009 a
287 3951 393 4017 Etiam
408 3954 593 4043 separabilis
609 3970 657 4019 est
672 3954 806 4044 Spiritus
822 3978 840 4020 a
856 3978 928 4020 mea
943 3972 975 4021 et
991 3955 1093 4022 Patris
1107 3958 1286 4024 voluntate.
1305 3959 1347 4022 Et
1363 3956 1498 4047 amplius
1514 3958 1589 4046 quia
1606 3980 1673 4022 nun
1690 3979 1730 4021 ex
1744 3978 1777 4020 se
1793 3971 1853 4038 est,

253 4049 310 4114 sed
334 4072 374 4115 er
390 4049 485 4115 Patre
501 4067 533 4117 et
548 4073 601 4115 me
617 4068 676 4116 est.
696 4053 768 4117 Hoc
790 4053 877 4118 enim
892 4054 996 4142 ipsum
1013 4053 1101 4143 quod
1124 4055 1264 4120 subsistit
1285 4071 1318 4120 et
1333 4054 1490 4145 loquitur,
1510 4078 1528 4118 a
1545 4053 1640 4119 Patre
1657 4070 1690 4119 et
1707 4077 1725 4118 a
1741 4076 1794 4118 mc
1811 4052 1855 4118 illi

254 4163 334 4213 est.»
346 4149 445 4213 item:
462 4150 665 4214 «consensus
678 4148 866 4240 significatio
872 4165 932 4216 est.
945 4150 1079 4240 Spiritus
1092 4169 1220 4218 sanctus
1236 4152 1368 4242 quidem
1384 4169 1431 4217 est
1446 4152 1579 4242 Spiritus
1585 4152 1736 4217 Veritatis
1752 4150 1855 4241 Spiri-

255 4259 370 4334 tuaque
391 4246 582 4335 Sapientioe3
600 4270 668 4312 non
683 4263 790 4337 potest
806 4247 930 4329 audire,
947 4247 1029 4313 Filio
1046 4249 1218 4339 loquente,
1241 4274 1314 4340 quae
1329 4251 1449 4333 nescit,
1472 4272 1547 4315 cum
1562 4250 1667 4339 ipsum
1682 4251 1741 4330 sit,
1766 4247 1855 4338 quod

255 4342 416 4431 profertur
432 4367 450 4407 a
467 4343 564 4426 Filio,
582 4344 618 4410 id
633 4362 680 4412 cst
695 4345 874 4436 procedens
883 4349 975 4412 ⁴Deus
991 4346 1032 4412 de
1050 4349 1136 4421 Deo,
1154 4348 1288 4438 Spiritus
1301 4349 1453 4415 Veritatis
1466 4348 1647 4438 procedens
1666 4371 1685 4413 a
1699 4348 1854 4429 veritate,

255 4439 438 4505 consolator
447 4464 579 4507 manens
593 4442 633 4507 de
644 4444 859 4509 consolatore.
873 4446 973 4512 Item:
986 4477 999 4504 a
1008 4446 1100 4511 Idem
1115 4448 1149 4510 in
1167 4445 1321 4536 Symbolo
1338 4447 1489 4536 Ephesini
1503 4446 1642 4523 concilii,
1660 4446 1750 4535 quod
1767 4445 1857 4511 Gre-

255 4559 367 4602 corum
383 4537 477 4603 fuisse
491 4555 627 4623 constat,
642 4540 809 4605 manifeste
826 4542 875 4607 bis
889 4544 995 4609 verbis
1012 4545 1180 4609 astruitur:
1197 4543 1350 4627 Quamvis
1364 4544 1397 4607 in
1409 4565 1466 4608 sua
1479 4543 1655 4608 substantia
1668 4544 1708 4608 sit
1723 4541 1857 4634 Spiritus

256 4632 340 4710 Filii,
355 4651 388 4700 et
402 4635 596 4726 intelligutur
612 4637 799 4727 inpersona
815 4641 1011 4730 proprietas,
1023 4643 1115 4725 juxta
1131 4641 1165 4706 id
1184 4640 1272 4730 quod
1287 4657 1335 4705 est
1351 4640 1497 4730 Spiritus,
1519 4656 1552 4706 ct
1571 4664 1638 4705 non
1658 4639 1772 4721 Filius,
1788 4661 1856 4704 non

254 4746 304 4795 est
316 4747 425 4798 tamen
439 4732 562 4798 ebenus
576 4734 617 4800 ab
633 4736 717 4825 ipso.
734 4733 821 4830 Nam
832 4735 966 4826 Spiritus
982 4737 1160 4830 appellatur
1169 4739 1332 4815 Veritatis,
1349 4754 1382 4804 et
1394 4738 1519 4803 Veritas
1533 4739 1676 4804 Christos
1689 4751 1750 4804 est.
1764 4766 1777 4793 »

288 5059 438 5190 ialytdymus,
460 5061 490 5111 de
509 5060 611 5125 spirtu
632 5071 728 5128 emoto,
746 5065 789 5116 tu.
815 5063 847 5115 tt.
864 5091 896 5103 -
916 5062 1019 5126 ²loen..
1035 5081 1091 5131 cap.
1110 5082 1165 5130 ru,
1185 5082 1208 5120 r.
1224 5071 1262 5120 tt.
1285 5094 1317 5107 -
1336 5070 1408 5131 ’tp
1431 5067 1603 5131 Hieronymum
1628 5081 1732 5118 monent
1751 5081 1770 5118 o
1790 5067 1856 5119 Goo-

257 5151 286 5188 so
325 5153 378 5191 ore.
