4559 6100
760 511 1016 583 THEOLOGlA
1051 511 1322 585 cflutsttlttl.
1768 513 1838 583 555

246 680 362 736 torem
384 688 425 737 ac
441 679 617 737 rectorem
636 663 774 737 mundo
789 688 939 761 praeesse
955 662 1148 735 conveniat
1168 685 1278 758 quam
1299 659 1439 760 plures,
1459 675 1566 758 atquc
1588 686 1703 734 unum
1719 664 1840 760 potius

246 789 364 858 Deum
389 809 431 857 ac
453 786 650 857 Dominum
672 784 838 856 omnium
855 783 1101 882 quamplures
1122 779 1221 853 credi
1242 793 1419 878 oporteat.
1445 783 1589 851 Certum
1613 782 1748 880 quippe
1771 798 1836 875 est,

246 906 369 977 omnia
387 918 487 977 tauto
510 904 638 1001 majori
660 902 854 978 concordia
876 903 965 999 regi,
984 914 1119 999 quanto
1142 899 1373 999 paucioribus
1394 923 1481 972 cura
1506 900 1688 995 regiminis
1712 924 1839 974 eorum

245 1025 437 1096 commissa
461 1037 526 1096 est.
554 1022 648 1096 Nihil
671 1037 790 1097 autem
816 1023 944 1096 melius
969 1036 1032 1094 aut
1056 1019 1186 1114 majori
1209 1018 1402 1091 concordia
1425 1020 1499 1115 regi
1526 1043 1635 1116 quam
1663 1020 1839 1093 mundum

245 1156 386 1215 constat
400 1144 627 1235 universum,
645 1143 736 1215 sicut
759 1166 869 1241 supra
882 1141 1044 1214 Tulliana
1060 1138 1226 1237 exposuit
1244 1139 1349 1211 ratio.
1370 1138 1441 1210 Uni
1457 1138 1564 1234 igitur
1584 1139 1660 1236 ejus
1681 1139 1838 1237 regimen

245 1262 447 1358 subjectum
470 1277 535 1334 est.
562 1262 656 1333 Nihil
682 1264 829 1361 quippe,
858 1277 899 1334 ut
923 1262 1059 1335 dictum
1085 1273 1156 1349 cst,
1178 1259 1306 1355 majori
1328 1256 1524 1331 concordia
1550 1283 1660 1356 quam
1683 1260 1839 1332 mundus

245 1382 392 1476 regitur,
408 1406 475 1454 uec
488 1383 595 1455 ctiam
609 1406 666 1454 res
682 1407 724 1454 ea
738 1381 917 1480 quaelibet,
934 1382 993 1453 cui
1008 1404 1102 1453 unus
1115 1392 1255 1450 tantum
1269 1377 1434 1476 praesidet
1448 1392 1579 1450 rector.
1598 1377 1704 1450 Nullo
1720 1379 1839 1476 itaque

246 1499 358 1572 modo
385 1500 547 1599 pluribus
576 1500 774 1575 rectoribus
799 1500 957 1574 mundus
992 1499 1171 1595 subjacet,
1202 1496 1264 1569 sed
1290 1498 1355 1569 uni
1381 1511 1533 1569 tanturn.
1560 1500 1673 1569 Tanto
1705 1500 1838 1598 quippe

245 1620 362 1716 major
390 1622 428 1691 in
454 1620 625 1693 omnibus
649 1620 852 1693 custoditur
874 1620 1090 1705 concordia,
1120 1632 1256 1713 quanto
1282 1616 1398 1711 major
1423 1630 1564 1689 tenetur
1588 1617 1776 1709 identitas;
1803 1633 1839 1691 et

244 1752 347 1811 tanto
371 1741 525 1838 amplius
546 1764 567 1812 a
592 1740 787 1813 concordia
811 1739 1002 1830 receditur,
1028 1752 1165 1836 quanto
1190 1737 1236 1809 ab
1260 1736 1396 1809 unitate
1420 1737 1532 1833 magis
1555 1735 1770 1810 absceditur.
1792 1743 1839 1810 Ut

241 1881 331 1953 ergo
348 1883 490 1931 summa
512 1860 559 1931 sit
574 1860 783 1951 concordia,
803 1884 944 1932 summa
964 1874 1128 1932 teneatur
1146 1857 1332 1945 identitas,
1352 1879 1393 1927 ac
1411 1857 1590 1955 praecipua
1605 1871 1839 1928 conservetur

243 1977 373 2049 unitas.
399 1978 493 2050 Nihil
510 1992 630 2050 autem
647 2003 731 2051 cum
748 1977 869 2075 aliquo
885 1979 935 2050 ita
950 1992 989 2049 ut
1005 2003 1128 2050 secum
1144 1977 1241 2050 idem
1259 2000 1334 2047 esse
1349 1976 1407 2047 vel
1425 2000 1538 2047 unum
1555 1990 1687 2075 potest,
1706 2001 1773 2049 nec
1790 1979 1839 2049 ita

241 2094 302 2165 alii
321 2096 543 2169 concordare
560 2112 600 2168 ut
619 2096 699 2189 sibi,
718 2122 800 2171 cum
820 2121 842 2169 a
859 2098 976 2194 seipso
994 2096 1082 2169 nihil
1099 2096 1270 2169 dissimile
1286 2095 1343 2165 sit.
1370 2092 1423 2164 Ad
1441 2119 1555 2166 unum
1570 2095 1692 2192 itaque
1707 2111 1838 2168 cuncta
1890 2106 1893 2110 ’

242 2228 404 2310 spectare
438 2240 480 2287 ac
505 2215 630 2289 referri
656 2218 845 2310 convenit,
875 2230 913 2288 ut
939 2215 1040 2313 quod
1067 2241 1189 2289 rerum
1214 2215 1418 2286 diversitate
1443 2216 1574 2310 agitur,
1602 2240 1675 2288 una
1699 2217 1838 2288 ratione

243 2334 475 2408 concorditer
500 2335 783 2419 administretur,
814 2335 925 2408 modo
952 2338 988 2407 in
1015 2336 1185 2408 omnibus
1202 2360 1310 2432 quem
1333 2348 1475 2431 oportet
1500 2348 1653 2406 serrato.
1679 2335 1749 2407 Sed
1771 2359 1839 2408 nec

241 2451 363 2548 plures
380 2454 427 2526 ad
451 2479 571 2526 rerum
589 2457 808 2529 creationem
830 2456 942 2553 magis
957 2481 1068 2553 quam
1085 2456 1132 2528 ad
1150 2453 1313 2551 generale
1329 2477 1453 2525 earum
1470 2455 1627 2549 regimen
1644 2457 1838 2528 convenire

242 2570 466 2645 credendum
485 2589 552 2665 est,
570 2575 633 2648 sed
648 2575 695 2648 ab
711 2601 787 2649 uno
805 2591 950 2648 naturas
965 2600 1091 2647 omnes
1104 2574 1181 2646 lieri
1198 2574 1288 2645 sicut
1303 2586 1339 2644 et
1355 2573 1429 2669 regi
1446 2588 1652 2670 opportune
1667 2574 1836 2668 creditur,

243 2705 283 2760 ut
300 2706 401 2763 tanto
418 2695 639 2767 concordius
654 2698 729 2791 regi
745 2697 900 2786 valeant,
918 2710 1055 2793 quanto
1072 2694 1199 2790 majori
1216 2707 1301 2765 sunt
1316 2716 1487 2764 connexae
1500 2694 1707 2766 concordia.
1726 2698 1839 2767 Tanto

240 2824 362 2883 autem
385 2814 503 2908 major
526 2828 579 2886 est
602 2838 726 2888 earum
749 2814 957 2907 concordia,
984 2829 1120 2913 quanto
1142 2814 1295 2911 amplius
1314 2811 1361 2885 ab
1384 2836 1459 2884 uno
1477 2811 1679 2911 eodemque
1697 2816 1839 2913 penims

240 2953 386 3028 semper
399 2933 578 3032 principio
588 2950 750 3025 manant,
767 2951 936 3008 etearum
951 2934 1074 3008 artifex
1092 2959 1112 3006 a
1131 2932 1392 3033 multiplicitate
1408 2956 1450 3003 ac
1468 2932 1672 3004 diversitate
1689 2934 1837 3007 recedit.

240 3052 348 3120 Facta
361 3063 481 3121 autem
498 3066 583 3122 strnt
598 3056 776 3148 primitus,
796 3073 835 3124 ιιι
850 3056 987 3151 optime
1003 3068 1127 3151 postea
1143 3067 1364 3149 regerentur,
1384 3066 1419 3124 et
1436 3076 1515 3149 quae
1531 3050 1664 3124 fiebant
1680 3068 1721 3124 ut
1738 3078 1838 3151 rege·

239 3182 379 3258 rentur,
399 3166 446 3239 ad
473 3169 671 3265 regendum
694 3173 818 3267 utique
834 3171 923 3244 dum
942 3171 1069 3245 fierent
1085 3171 1389 3270 praeparabantur.
1413 3175 1459 3241 Ut
1482 3195 1566 3267 ergo
1588 3173 1723 3271 optime
1738 3198 1838 3270 rege·

238 3300 367 3357 rentur
392 3287 503 3377 iacta,
532 3290 668 3387 optime
693 3290 782 3363 dum
807 3290 934 3364 fierent
956 3292 1003 3364 ad
1027 3291 1225 3388 regendum
1251 3304 1352 3362 erant
1377 3288 1621 3389 praeparanda.
1640 3292 1839 3379 Quomodo

236 3419 361 3478 autem
379 3408 515 3505 optime
529 3423 775 3507 preparantur
791 3410 879 3483 dum
897 3410 1036 3502 fierem,
1055 3424 1095 3481 ut
1112 3410 1203 3483 sacta
1218 3408 1452 3509 postmodum
1467 3410 1603 3508 optime
1616 3427 1835 3506 regerentur,

238 3524 310 3595 nisi
327 3549 470 3598 summa
488 3528 641 3600 invicem
662 3530 857 3604 concordia
880 3556 923 3604 ex
941 3533 1019 3629 ipsa
1040 3531 1221 3602 creatione
1239 3531 1295 3602 sui
1314 3528 1539 3625 colligentur,
1566 3542 1607 3600 ut
1620 3554 1666 3601 eo
1685 3531 1838 3631 amplius

236 3644 471 3717 concorditer
486 3660 596 3743 atquc
609 3649 736 3721 melius
751 3665 932 3746 regantur,
952 3665 1089 3747 quanto
1105 3648 1323 3721 concordius
1335 3649 1371 3719 iu
1386 3649 1465 3747 ipsa
1486 3671 1614 3719 eorum
1630 3650 1838 3752 conditione

236 3778 377 3836 naturae
393 3766 555 3864 ipsorum
570 3783 654 3839 suut
668 3769 822 3843 invicem
839 3769 1035 3868 colligatae?
1055 3769 1106 3841 ad
1122 3792 1230 3865 quam
1246 3769 1355 3841 ctiam
1371 3766 1589 3840 conditionis
1604 3770 1838 3843 concordiam

234 3883 331 3954 sicut
357 3897 392 3955 et
420 3886 621 3980 regiminis,
649 3890 766 3962 unitas
788 3892 863 3991 ipsa
887 3905 996 3988 atque
1016 3888 1183 3960 identitas
1207 3889 1361 3959 maxima
1388 3885 1587 3959 conditoris
1614 3888 1770 3983 perlicit,
1798 3904 1838 3961 ut

234 4001 326 4073 hinc
347 4027 494 4100 quoque
516 4031 630 4078 uuum
649 4009 889 4108 eumdemque
908 4010 1050 4109 penitus
1071 4007 1298 4081 conditorem
1317 4008 1409 4079 sicut
1424 4021 1461 4078 et
1480 4021 1655 4076 rectorem
1672 4008 1835 4082 omnium

232 4145 316 4193 esse
334 4136 487 4217 constet,
503 4150 611 4222 quem
624 4151 691 4199 nos
705 4132 820 4202 Deum
836 4129 1002 4216 dicimus,
1022 4153 1064 4200 ac
1077 4149 1258 4198 summum
1268 4127 1350 4222 jure
1365 4121 1579 4223 profitemur
1594 4122 1746 4197 bonum.
1766 4132 1837 4216 Qui

232 4240 428 4337 quomodo
446 4267 627 4316 summum
649 4244 829 4320 diceretur
853 4253 1011 4338 Bonum,
1036 4246 1106 4318 nisi
1128 4246 1256 4317 ceteris
1280 4242 1450 4316 omnibus
1467 4243 1684 4341 precelleret
1704 4245 1839 4319 bunis?

229 4359 339 4459 quod
356 4383 442 4432 vero
467 4362 637 4435 omuibus
653 4365 729 4437 aliis
753 4369 941 4466 precellit,
960 4392 1074 4439 unum
1098 4365 1261 4464 prolecto
1279 4379 1315 4436 et
1333 4364 1480 4435 unicum
1497 4387 1573 4435 esse
1594 4367 1781 4460 convenit3
1800 4385 1836 4439 et

229 4477 340 4575 quod
365 4480 402 4549 in
425 4504 463 4550 se
483 4481 678 4578 perlectum
701 4510 777 4558 esse
794 4485 1018 4577 conceditur,
1041 4500 1151 4582 atque
1167 4484 1215 4557 ad
1230 4483 1353 4555 omnia
1376 4507 1456 4579 quae
1478 4481 1643 4556 ladmda
1666 4500 1768 4577 sunt,
1792 4512 1834 4559 ex

227 4595 385 4694 propria
400 4595 585 4672 voluntate
594 4627 659 4700 per
675 4627 713 4675 se
729 4604 922 4696 sufficiens,
942 4631 984 4678 ex
994 4629 1068 4703 quo
1078 4619 1113 4677 et
1127 4604 1358 4702 omnipotens
1371 4600 1514 4695 dicitur,
1527 4627 1677 4701 compar
1688 4606 1835 4700 aliquod

225 4714 378 4787 bonum
387 4714 605 4792 habereuon
623 4736 754 4819 potest.
768 4728 891 4821 Neque
909 4725 1006 4796 enim
1020 4723 1161 4797 bonum
1176 4748 1252 4796 esse
1267 4723 1412 4821 poterit,
1429 4721 1531 4819 quod
1543 4722 1766 4819 superfluum
1774 4726 1832 4797 sit.

226 4834 448 4930 Superssuus
456 4849 577 4909 autem
589 4839 678 4912 alius
685 4842 743 4914 vel
759 4858 899 4915 creator
908 4858 999 4915 esset
1011 4842 1069 4914 vel
1078 4857 1209 4930 rector,
1231 4843 1260 4914 si
1275 4865 1367 4912 unus
1377 4839 1425 4911 ad
1439 4839 1561 4911 omnia
1574 4837 1837 4937 aequesulliciat

226 4972 275 5028 ut
286 4957 423 5055 plures
435 4958 573 5032 Sufficit
581 4978 700 5038 autem
711 4990 794 5037 cum
808 4967 852 5038 sit
866 4992 1047 5039 summum
1060 4989 1103 5040 ac
1116 4965 1328 5065 perfectum,
1337 4979 1445 5060 atque
1456 4961 1503 5034 ad
1512 4964 1635 5034 omnia
1643 4962 1834 5062 sufficiens,

227 5091 275 5150 nt
296 5073 434 5150 dictum
450 5094 516 5173 est,
534 5080 687 5154 bunum.
709 5084 816 5157 Nullo
831 5086 951 5184 itaque
969 5085 1081 5159 modo
1096 5085 1218 5185 plures
1235 5089 1331 5156 Deos
1348 5105 1424 5155 esse
1449 5083 1522 5153 sive
1539 5080 1834 5161 crediconvenit.
