4559 6100
656 613 659 618 y
714 523 757 597 ΙΝ
781 525 1029 598 EPISTOLAM
1053 525 1115 597 AD
1139 527 1365 601 ROMANOS.
1754 532 1827 604 283

233 693 411 773 separare,
426 669 523 766 quia,
542 668 634 741 sicut
649 667 737 742 dicit
756 672 946 771 Propheta,
960 688 1200 771 «propterte,
1215 702 1234 743 u
1252 674 1290 746 id
1306 659 1359 747 est
1372 675 1456 772 quia
1467 675 1750 773 inseparabiliter
1762 680 1826 754 tibi

233 791 475 880 adhaeremus,
496 787 661 886 periculis
677 790 756 860 vitae
776 790 898 864 alllicti
920 790 1161 889 subjacemus,
1179 821 1197 859 ι
1212 805 1289 871 tota
1308 792 1381 885 die,
1397 822 1414 858 n
1433 793 1471 882 id
1494 808 1548 868 est
1569 809 1645 872 toto
1663 809 1824 895 tempore

133 889 141 910 ⁸
232 913 313 1006 vitae
335 921 480 999 nostrae,
501 905 604 1004 quod
624 906 772 1004 quidem
792 908 839 982 ad
856 912 1166 1010 comparationem
1180 911 1261 984 vitae
1277 909 1498 1006 infidelium,
1521 914 1583 1010 qui
1608 914 1646 984 in
1659 916 1824 990 tenebris

233 1028 432 1118 ambulant,
447 1026 523 1098 dies
540 1040 592 1099 εει
606 1025 773 1118 dicenda,
789 1027 859 1103 fide
871 1030 1037 1102 videlicet
1051 1029 1262 1103 illuminata.
1282 1061 1300 1096 a
1313 1031 1502 1123 AEstimati,
1520 1033 1826 1131 »sicutscriptum

234 1158 287 1217 est
294 1143 464 1241 deimpiis
473 1140 675 1214 dicentibus
685 1140 731 1214 de
733 1143 838 1239 justis
850 1171 858 1215 ι
872 1150 967 1217 «Nos
976 1146 1086 1217 vitam
1093 1143 1238 1217 illorum
1245 1145 1509 1222 aestimabamus
1515 1147 1705 1238 insaniam,
1714 1155 1821 1221 etc.¹»

236 1293 253 1332 a
267 1268 360 1336 Oves
375 1261 578 1353 occisionis,
593 1261 662 1333 »id
677 1276 731 1335 est
744 1262 859 1359 dignae
870 1266 1065 1358 occisione,
1078 1280 1114 1337 et
1125 1265 1216 1340 nihil
1228 1266 1372 1339 alterius
1385 1267 1545 1342 utilitatis
1556 1267 1745 1362 babentes,
1758 1295 1826 1343 nec

232 1385 278 1457 de
303 1385 380 1482 ipsa
403 1383 511 1454 etiarn
536 1395 651 1454 morte
678 1407 742 1455 sua
761 1382 917 1457 fructum
939 1386 1095 1484 aliquem
1116 1385 1164 1457 ad
1187 1409 1288 1458 esum
1311 1386 1530 1477 tribuentes,
1556 1412 1623 1461 nec
1645 1388 1826 1465 ullatenus

232 1502 518 1575 interlectoribus
538 1503 610 1574 suis
629 1516 707 1574 tum
724 1528 793 1601 pro
810 1503 1054 1579 imbecillitate
1077 1530 1151 1577 suae
1166 1519 1318 1596 naturae,
1338 1532 1424 1581 cum
1439 1508 1546 1598 etiam
1574 1532 1640 1605 pro
1657 1533 1823 1584 mausue-

232 1620 360 1694 tudine
375 1645 441 1694 sua
459 1622 672 1694 resistentes.
695 1651 711 1690 u
728 1622 801 1694 Sed·
814 1623 850 1693 in
868 1622 937 1696 bis.
954 1651 972 1691 u
993 1623 1093 1694 Dixi:
1116 1627 1197 1696 Non
1225 1638 1398 1723 poterunt
1420 1650 1548 1700 omues
1572 1629 1825 1725 oppressiones

231 1742 306 1812 istae
316 1742 554 1813 constantiam
565 1754 725 1812 nostram
735 1765 916 1838 superare,
931 1757 970 1814 ut
980 1741 1146 1816 videlieet
1155 1766 1177 1815 a
1186 1747 1263 1814 Deo
1277 1748 1515 1841 separemur¹,
1530 1743 1627 1816 sede
1641 1749 1822 1822 contrario

141 1953 155 1959 η
231 1859 307 1931 lraec
328 1861 450 1933 omnia
469 1858 734 1959 perseverando
750 1861 928 1933 vincimus
950 1886 1016 1959 per
1039 1861 1190 1958 gratiam
1213 1862 1279 1936 Dei
1304 1863 1550 1960 potiusquam
1572 1888 1639 1963 per
1662 1880 1822 1939 nostram
1854 1899 1858 1908 ·

232 1982 412 2055 virtutem.
433 1984 476 2053 Et
491 1980 563 2052 hoc
580 1994 633 2053 est
650 1979 752 2078 quod
773 1982 835 2075 ait,
863 1986 1044 2080 «Propter
1061 2005 1145 2054 eum
1165 1981 1228 2079 qui
1247 1980 1352 2054 datus
1369 1982 1496 2076 nobis,
1510 2011 1528 2050 u
1546 1981 1581 2054 id
1606 1997 1661 2055 est
1676 2000 1823 2084 propter

232 2102 306 2197 ejus
322 2101 553 2199 adjuvantem
569 2102 731 2197 gratiam.
754 2106 911 2175 «Certus
927 2127 1020 2174 siun.
1037 2130 1057 2170 a
1076 2101 1163 2174 ldeo
1181 2116 1255 2174 tam
1268 2101 1482 2175 fiducialiter
1494 2102 1627 2200 loquor
1642 2103 1689 2174 de
1699 2104 1821 2178 diviua

234 2224 343 2317 gratia
365 2220 488 2293 fideles
511 2219 723 2318 adjuvante,
750 2235 790 2293 ut
808 2221 914 2293 nullis
941 2220 1107 2293 videlicet
1129 2219 1176 2292 de
1195 2221 1311 2294 causis
1336 2246 1358 2295 a
1380 2226 1457 2293 Deo
1479 2222 1617 2319 possint
1642 2226 1818 2320 separari,

233 2342 403 2438 quiajam
419 2340 465 2413 de
482 2339 538 2412 his
554 2364 630 2413 non
647 2339 765 2412 solum
782 2339 905 2434 fidem,
927 2366 1051 2414 verum
1068 2341 1176 2412 etiarn
1193 2339 1445 2413 certitudinem
1461 2341 1624 2437 imaginis
1641 2359 1821 2416 assecutus

233 2482 313 2528 sum
329 2456 591 2556 experimentis,
607 2453 708 2551 quod
721 2454 885 2526 videlicet
903 2483 921 2523 u
932 2480 1050 2552 neque
1068 2479 1193 2526 mors»
1207 2455 1441 2548 comminata,
1462 2480 1608 2555 «neque
1623 2456 1695 2527 vita
1705 2488 1723 2522 ι)
1736 2482 1820 2555 pro-

233 2577 337 2649 missa
357 2575 488 2649 scilicet
513 2577 549 2647 in
572 2574 643 2647 boc
661 2574 811 2667 mundo,
835 2598 989 2671 «neque
1007 2574 1140 2672 Angeli,
1162 2603 1180 2641 a
1200 2573 1237 2646 id
1258 2590 1312 2647 est
1327 2575 1486 2672 angelica
1508 2574 1676 2673 dignitas,
1692 2601 1713 2649 a
1728 2602 1820 2674 quo-

231 2721 373 2795 cunque
394 2722 461 2769 nos
478 2709 638 2768 tentante
653 2694 760 2766 nobis
784 2694 979 2793 promissa,
998 2693 1090 2765 sicut
1104 2692 1271 2766 diabolus
1288 2699 1369 2765 Evae
1391 2695 1568 2793 promisit,
1587 2693 1686 2792 quod
1704 2713 1820 2770 esseut

232 2817 321 2888 sicut
338 2817 388 2889 dii
400 2820 429 2908 ³3
458 2844 477 2885 u
493 2839 609 2912 neque
624 2815 732 2887 etiam
748 2813 966 2912 principatus
976 2823 997 2901 ,’
1005 2836 1123 2909 neque
1141 2812 1303 2905 virtutes,
1319 2839 1337 2879 u
1353 2810 1389 2883 id
1410 2826 1463 2884 est
1482 2813 1632 2885 istorum
1650 2814 1820 2886 ordinum

231 2935 457 3029 excellentia,
488 2959 566 3030 quae
592 2932 707 3029 major
733 2946 787 3004 est
811 2932 982 3029 dignitate
1006 2930 1165 3028 angelici
1192 2930 1350 3022 ordinis,
1380 2956 1473 3028 quos
1503 2931 1650 3029 quidem
1675 2933 1821 3007 ordines

231 3056 415 3152 diligenter
437 3060 565 3130 Beatus
590 3053 784 3150 Gregorius
809 3051 1055 3147 distinguens,
1081 3053 1177 3123 ait⁸z
1199 3079 1217 3119 u
1239 3055 1363 3124 Graeca
1386 3048 1507 3145 lingua
1534 3052 1656 3147 angeli
1679 3055 1817 3143 nuntii,

231 3175 438 3272 Archangeli
466 3174 596 3249 summi
629 3172 745 3244 nuntii
773 3171 1060 3257 vocantur..Qui
1090 3169 1241 3241 minima
1267 3168 1442 3241 nunciant
1471 3169 1615 3266 Angeli,
1644 3172 1707 3266 qui
1733 3196 1819 3244 vero

230 3320 367 3369 summa
393 3293 602 3390 Archangeli
618 3305 807 3364 vocantur.
831 3290 924 3361 Hinc
949 3287 1120 3385 estquod
1140 3287 1188 3360 ad
1208 3288 1357 3360 Mariam
1378 3311 1454 3360 nou
1475 3286 1627 3384 quilibet
1649 3288 1816 3385 Angelus,

229 3413 291 3486 sed
312 3413 455 3487 Gabriel
477 3412 718 3508 archangelus
741 3410 904 3481 mittitur.
928 3438 945 3473 u
969 3412 1057 3480 Item
1084 3433 1093 3477 ι
1123 3435 1139 3474 ιι
1165 3406 1319 3477 Virtutes
1339 3419 1516 3477 vocantur
1540 3407 1614 3503 illi,
1642 3431 1709 3505 per
1725 3432 1818 3504 quos

229 3534 330 3631 sigua
361 3548 396 3606 et
425 3531 593 3606 miracula
623 3529 844 3628 frequentius
872 3526 977 3599 liunt.
1007 3530 1200 3597 Potestates
1229 3539 1404 3597 vocantur
1435 3528 1497 3621 qui
1532 3525 1605 3597 hoc
1636 3529 1818 3624 potentius

229 3654 363 3727 caeteris
384 3654 422 3724 in
448 3679 515 3726 suo
540 3651 668 3724 ordine
692 3660 943 3747 perceperunt,
967 3660 1151 3716 uteorum
1168 3643 1297 3715 ditioni
1316 3644 1462 3715 virtutes
1477 3642 1634 3717 adversae
1650 3643 1818 3742 subjecta.

229 3775 315 3864 sint,
343 3797 500 3870 quorum
523 3782 698 3871 potestate
724 3767 969 3853 refrenantur,
992 3788 1038 3837 ne
1063 3763 1177 3836 corda
1200 3761 1391 3834 hominum
1411 3776 1552 3835 tantum
1573 3777 1709 3836 tentare
1731 3789 1820 3862 prae·

228 3892 369 3966 valeant
393 3905 569 3990 quantum
601 3888 742 3961 volunt.
777 3885 999 3982 Principatus
1026 3896 1202 3955 vocantur
1227 3884 1289 3978 qui
1321 3882 1406 3980 ipsis
1438 3905 1585 3978 quoque
1615 3882 1721 3955 bonis
1746 3889 1818 3957 Au-

228 4014 390 4111 gelorum
414 4008 598 4111 spiritibus
618 4021 795 4106 praesunt,
828 4004 891 4103 qui
917 4002 1085 4099 subjectis
1106 4001 1184 4075 aliis
1211 3999 1298 4074 dum
1320 4025 1398 4098 quae
1422 4014 1505 4077 sunt
1530 4000 1669 4098 agenda
1695 4003 1817 4102 dispo.

228 4146 340 4224 nunt,
370 4132 422 4203 eis
449 4130 494 4203 ad
521 4126 698 4227 explenda
729 4124 896 4220 mysteria
921 4121 1223 4219 principantur.»
1251 4148 1269 4188 a
1293 4122 1416 4216 Neque
1442 4119 1666 4209 instantia»
1698 4120 1735 4191 id
1766 4136 1819 4193 est

224 4255 413 4353 prasentia
441 4251 540 4325 bona
563 4251 619 4324 vel
645 4248 759 4335 mala,
790 4277 808 4313 ι
831 4268 949 4344 neque
978 4242 1167 4332 tortitudo,
1181 4272 1199 4309 ι)
1233 4240 1269 4312 id
1295 4255 1348 4313 est
1377 4239 1546 4315 violentia
1573 4243 1818 4341 cujuscunque

222 4370 425 4466 potestatis,
444 4397 462 4436 a
488 4390 607 4465 neque
636 4360 812 4451 altitudo,
845 4383 964 4455 neque
989 4355 1266 4457 profundum,»
1295 4354 1333 4427 id
1357 4369 1410 4427 est
1437 4352 1643 4428 sublimatio
1669 4357 1818 4454 alicujus

220 4490 395 4562 humanae
420 4487 561 4584 gloriae,
586 4485 643 4557 vel
668 4482 822 4580 dejectio
853 4494 960 4576 atque
983 4475 1186 4548 humiliatio
1213 4475 1250 4546 in
1277 4498 1530 4573 quamcunque
1558 4475 1750 4569 vilitatem,
1776 4501 1819 4550 ac

215 4611 256 4681 si
269 4608 415 4700 diceret,
434 4631 552 4705 neque
565 4605 782 4705 prosperitas
798 4601 918 4698 aliqua
933 4598 1105 4690 humana,
1121 4619 1240 4692 neque
1256 4594 1471 4684 adversitas;
1491 4625 1508 4661 a
1522 4619 1640 4694 neque
1654 4610 1817 4670 creatura

211 4730 295 4803 alia
318 4758 337 4797 a
355 4751 465 4826 quam
488 4724 652 4799 videlicet
673 4720 927 4821 supraposita,
955 4716 993 4790 id
1016 4731 1070 4790 est
1095 4714 1229 4813 augeli,
1257 4727 1469 4812 potestates,
1495 4727 1565 4788 etc.
1596 4740 1652 4787 aa
1675 4716 1819 4788 caritate

211 4850 322 4921 Dei»
342 4850 428 4947 quia
444 4845 608 4919 videlicet
627 4869 711 4916 eum
731 4841 869 4913 sincere
888 4853 1036 4937 propter
1052 4837 1171 4935 ipsum
1187 4833 1379 4930 diligimus,
1403 4862 1421 4903 u
1435 4858 1513 4931 quae
1537 4848 1590 4906 est
1612 4835 1648 4904 in
1675 4831 1817 4904 Christo

250 5127 260 5157 ¹
277 5123 404 5187 Sapcap.
413 5135 470 5182 ι,ι.
481 5118 754 5180 t.-²amt›.separet.
764 5115 914 5175 -³Geaer.,
925 5125 980 5175 cap.
993 5124 1027 5175 ιιι,
1042 5123 1064 5162 ι.
1077 5114 1101 5163 5.
1110 5090 1156 5150 -l
1167 5111 1242 5163 nom.
1252 5111 1281 5163 ia
1293 5112 1391 5176 Ecuap.
1400 5148 1406 5174 ,
1415 5112 1459 5161 ιιι).
1471 5109 1502 5173 ιι,
1514 5113 1581 5162 horr.
1594 5122 1676 5171 xxxiv,
1687 5113 1736 5163 n·8
1748 5125 1762 5162 e
1782 5113 1811 5163 ιθ
