4559 6100
370 557 390 573 “
471 546 540 617 ll8
1070 538 1199 612 PETRl
1224 535 1459 611 tumulltu!

470 698 661 797 particulae.
695 699 737 767 Et
760 694 817 767 his
842 692 988 793 quidem
1010 694 1067 767 vel
1089 693 1336 767 consimilibus
1361 686 1570 780 rationibus,
1599 683 1721 758 omnia
1746 698 1827 781 que
1855 681 1893 753 in
1921 678 2058 752 mundo

468 833 551 890 suut
571 816 797 889 conditorem
822 815 897 886 sive
920 826 1095 887 tectorem
1113 814 1248 888 habere
1271 812 1497 887 manifestum
1521 807 1697 894 arbitror,
1723 825 1833 900 quem
1850 825 1919 873 nos
1943 803 2060 873 Deum

469 937 632 1011 dicimus.

519 1061 573 1128 De
588 1056 691 1153 cujus
718 1078 817 1128 nunc
843 1055 978 1127 unitate
1003 1070 1164 1152 superest
1181 1053 1376 1152 disputare,
1394 1066 1435 1124 ut
1455 1050 1567 1148 mapa
1583 1046 1749 1119 videlicet
1764 1066 1878 1116 unum
1894 1039 2061 1114 condito·

471 1200 546 1249 rem
564 1200 607 1248 ac
627 1187 804 1248 rectorem
831 1172 969 1247 mundo
989 1198 1140 1273 preesse
1167 1174 1358 1248 conveniat
1375 1195 1486 1272 quam
1509 1169 1651 1269 plures,
1670 1180 1780 1264 atque
1803 1186 1918 1236 uuum
1941 1160 2062 1260 potius

471 1299 587 1369 Deum
604 1319 647 1369 ao
668 1294 857 1367 dominum
877 1295 1057 1385 omnium,
1081 1319 1191 1394 quam
1212 1294 1333 1393 plures
1353 1292 1452 1366 credi
1472 1302 1649 1390 oporteat.
1678 1290 1824 1358 Certum
1844 1282 1977 1381 quippe
1992 1294 2058 1372 est,

381 1424 386 1433 ’
471 1417 594 1489 omnia
609 1428 711 1489 tauto
727 1415 857 1512 majori
876 1413 1073 1487 concordia
1091 1416 1179 1513 regi,
1197 1428 1333 1513 quanto
1359 1408 1589 1514 paucioribus
1615 1431 1701 1481 cura
1728 1403 1909 1503 regiminis
1935 1423 2062 1475 eorum

471 1537 660 1609 commissa
688 1551 753 1609 est.
779 1534 874 1607 Nihil
898 1550 1019 1608 autem
1046 1535 1175 1609 melius
1201 1551 1263 1608 aut
1290 1534 1418 1632 majori
1442 1528 1637 1606 eoncordia
1660 1527 1734 1624 regi
1758 1547 1869 1625 quam
1885 1521 2063 1595 mundum

471 1668 612 1728 constat
624 1655 845 1744 universum,
865 1656 956 1726 sicut
974 1678 1081 1754 supra
1093 1654 1254 1728 Tulliana
1276 1653 1439 1754 exposuit
1458 1652 1564 1725 ratio.
1592 1648 1662 1720 Uni
1677 1647 1783 1744 igitur
1795 1642 1960 1741 regimini
1975 1640 2064 1715 aab·

468 1777 603 1872 jectum
620 1789 686 1848 est.
707 1774 801 1847 Nihil
820 1775 966 1874 quippe,
985 1789 1024 1847 ut
1035 1774 1173 1847 dictum
1192 1791 1258 1869 est,
1279 1775 1407 1872 majori
1423 1768 1739 1865 concordiaquam
1752 1761 2062 1857 mundusregitur,

473 1918 541 1968 nec
553 1895 661 1968 etiam
678 1919 735 1968 res
751 1918 795 1967 ea
810 1892 977 1993 quaelibet
991 1897 1050 1967 cui
1067 1920 1161 1967 unus
1183 1908 1323 1967 tautum
1350 1891 1515 1992 praesidet
1536 1902 1666 1962 rector.
1690 1883 1795 1957 Nullo
1815 1882 1936 1979 itaque
1953 1877 2065 1952 modo

473 2012 636 2112 pluribus
652 2014 852 2088 rectoribus
874 2013 1032 2088 mundus
1055 2014 1237 2112 subjacet,
1257 2014 1320 2088 sed
1343 2015 1408 2087 uni
1431 2025 1582 2085 tantum.
1600 2013 1715 2080 Tanto
1731 2003 1865 2102 quippe
1882 2001 1998 2096 major
2026 2000 2063 2070 iu
2091 2022 2101 2041 ·

475 2133 644 2206 omnibus
659 2133 859 2208 custoditur
874 2133 1082 2227 comoedia,
1108 2149 1245 2233 quanto
1264 2134 1378 2232 major
1391 2146 1533 2205 tenetur
1548 2127 1727 2219 identitas,
1745 2137 1781 2196 et
1797 2135 1897 2195 tauto
1912 2118 2066 2218 amplius

474 2254 719 2329 aconcordia
740 2254 937 2349 receditur,
969 2269 1105 2353 quanto
1132 2255 1180 2327 ab
1217 2255 1354 2329 unitate
1378 2254 1491 2351 magis
1522 2249 1714 2325 receditur.
1746 2249 1792 2316 Ut
1817 2266 1903 2339 ergo
1927 2261 2067 2313 summa

475 2375 521 2445 sit
551 2373 760 2468 concordia,
795 2399 937 2448 summa
970 2388 1134 2448 teneatur
1168 2374 1353 2468 identitas,
1390 2396 1432 2446 ac
1462 2372 1640 2472 praecipua
1670 2377 1902 2440 conservetur
1937 2360 2066 2432 unitas.

475 2492 530 2564 Nil
565 2506 686 2566 autem
723 2516 808 2567 cum
843 2493 965 2591 aliquo
998 2495 1049 2567 ita
1083 2507 1124 2566 ut
1159 2516 1282 2567 secum
1315 2492 1413 2567 idem
1439 2492 1496 2565 vel
1524 2513 1639 2563 unum
1673 2499 1804 2587 potest,
1833 2507 1901 2555 nec
1926 2482 1976 2553 ita
2008 2478 2067 2552 atii

476 2611 697 2685 concordare
724 2627 764 2684 ut
786 2611 871 2704 sibi,
892 2637 975 2685 curn
1009 2637 1031 2685 a
1058 2614 1176 2712 seipso
1201 2610 1291 2686 nihil
1308 2612 1478 2685 dissimile
1500 2612 1557 2683 sit.
1577 2607 1630 2682 td
1647 2630 1761 2679 unum
1789 2604 1907 2700 itaque
1938 2614 2069 2672 cuneta

476 2742 635 2826 spectare
662 2755 705 2802 ac
727 2730 852 2804 referri
880 2733 1061 2825 convenit,
1089 2746 1129 2804 ut
1153 2732 1252 2830 quod
1285 2756 1406 2805 rerum
1433 2729 1636 2804 diversitate
1662 2727 1790 2824 agitur,
1825 2745 1898 2795 uua
1930 2719 2068 2791 ratione

477 2846 703 2920 concorditer
721 2847 1002 2941 administretur,
1028 2848 1140 2923 modo
1165 2874 1274 2949 quem
1300 2852 1337 2923 in
1367 2848 1536 2922 omnibus
1559 2854 1719 2948 oportet,
1740 2855 1895 2916 servato.
1914 2837 1986 2911 Sed
2002 2861 2069 2910 uec

477 2965 597 3065 plures
620 2967 667 3038 ad
693 2991 812 3039 rerum
836 2968 1055 3043 creationem
1078 2971 1190 3068 magis
1218 2992 1327 3069 quam
1353 2968 1400 3042 ad
1420 2968 1586 3068 generale
1608 2986 1732 3039 earum
1753 2961 1913 3060 regimen
1937 2978 2069 3033 couve-

478 3087 556 3158 nire
571 3085 793 3159 credendum
807 3101 874 3180 est,
890 3087 953 3161 sed
967 3088 1013 3162 ab
1026 3113 1103 3162 uno
1120 3105 1265 3164 naturas
1279 3113 1405 3162 omncs
1419 3088 1496 3161 lieri
1508 3088 1599 3160 sicut
1609 3099 1646 3159 et
1654 3085 1727 3182 regi
1741 3094 1945 3182 opportune
1955 3076 2070 3151 credi·

479 3219 547 3296 tur,
578 3220 618 3277 ut
645 3220 747 3279 tanto
770 3207 989 3281 concordius
1014 3210 1089 3308 regi
1116 3209 1274 3304 valeant,
1304 3220 1441 3309 quanto
1471 3207 1599 3305 majori
1631 3227 1800 3278 connexae
1816 3214 1899 3275 sunt
1919 3221 2070 3273 eoncor-

477 3325 547 3397 dia.
562 3329 675 3397 Tanto
692 3340 812 3400 autem
828 3328 944 3425 major
959 3343 1014 3400 est
1029 3353 1156 3402 earum
1171 3328 1382 3421 eoncordia,
1399 3341 1536 3427 quanto
1549 3323 1703 3424 amplius
1719 3322 1765 3396 ab
1779 3343 1856 3395 uno
1869 3317 2070 3415 eodemque

477 3447 620 3543 penitus
628 3470 770 3544 semper
782 3448 961 3546 principio
977 3465 1141 3543 manant,
1161 3466 1198 3522 et
1216 3474 1340 3523 earum
1355 3449 1481 3523 artifex
1496 3469 1518 3520 a
1533 3444 1794 3544 multiplicitate
1809 3463 1851 3514 ac
1867 3438 2071 3522 diversitate

478 3566 623 3638 recedit.
646 3570 750 3638 Facta
764 3581 884 3638 autem
897 3582 981 3640 sunt
997 3570 1177 3667 primitus,
1197 3583 1237 3641 ut
1253 3571 1390 3668 optime
1406 3580 1533 3668 postea
1547 3578 1771 3663 regerentur,
1791 3575 1828 3635 et
1844 3583 1924 3657 quae
1935 3555 2072 3629 fiebant

479 3696 519 3753 ut
535 3697 754 3788 regerentur,
770 3683 818 3756 ad
832 3684 1033 3780 regendum
1049 3687 1173 3783 utique
1185 3685 1273 3760 dum
1291 3688 1431 3778 fierent,
1450 3684 1753 3787 praeparabantur.
1773 3686 1820 3752 Ut
1836 3701 1921 3774 ergo
1936 3675 2072 3774 optime

478 3816 684 3897 regerentur
700 3801 804 3891 lacta,
816 3802 965 3902 optime,
981 3802 1069 3877 dum
1084 3804 1226 3897 fierent,
1239 3805 1286 3878 ad
1302 3806 1500 3903 regendum
1508 3820 1610 3879 erant
1617 3798 1860 3904 praeparanda.
1874 3794 2072 3886 Quomodo

479 3934 598 3992 autern
614 3922 749 4020 optime
761 3937 1045 4021 prepararentur
1054 3924 1142 3997 dum
1152 3924 1292 4016 fierent,
1311 3941 1351 4000 ut
1358 3927 1449 4000 facta
1461 3925 1695 4026 postmodum
1704 3920 1838 4021 optime
1847 3930 2069 4015 regerentur,

479 4040 547 4109 nisi
562 4064 704 4114 summa
720 4043 874 4114 invicem
885 4043 1093 4136 concordia,
1113 4060 1149 4117 et
1165 4046 1242 4144 ipsa
1258 4048 1312 4119 sui
1330 4048 1510 4121 creatione
1524 4045 1790 4143 colligarentur,
1806 4053 1846 4114 ut
1860 4061 1905 4111 eo
1918 4033 2072 4134 amplius

479 4160 707 4232 concorditer
722 4175 830 4259 atque
846 4161 972 4236 melius
984 4180 1166 4262 regantur,
1180 4181 1317 4264 quanto
1334 4165 1554 4240 concordius
1569 4166 1607 4237 iu
1629 4165 1707 4262 ipsa
1721 4183 1850 4234 eorum
1865 4154 2073 4230 conditione

480 4293 614 4352 naturae
643 4282 803 4380 ipsorum
834 4297 918 4354 sunt
945 4285 1101 4358 invicem
1130 4285 1323 4385 colligata?
1341 4287 1392 4360 td
1419 4310 1530 4386 quam
1550 4286 1657 4359 etiam
1677 4279 1902 4356 conditionis
1926 4295 2076 4348 concor

480 4396 599 4489 diam,
618 4401 708 4473 siout
737 4417 774 4474 et
800 4402 998 4500 regiminis,
1019 4406 1136 4477 unitas
1163 4408 1240 4505 ipsa
1264 4421 1372 4506 atque
1397 4405 1564 4479 identitas
1591 4404 1746 4476 maxima
1773 4394 1969 4473 conditoris
1984 4416 2075 4492 pro·

480 4517 571 4609 licit,
595 4535 636 4592 ut
649 4519 735 4594 hine
752 4545 898 4621 quoque
914 4548 1028 4597 unum
1046 4524 1286 4626 eumdemque
1307 4528 1450 4626 penitus
1473 4525 1699 4599 conditorem
1723 4522 1816 4594 sicut
1840 4531 1876 4592 et
1898 4528 2074 4598 rectorem

481 4641 644 4711 omnium
677 4665 753 4713 esse
780 4656 938 4736 constet,
967 4665 1078 4742 quem
1102 4670 1171 4718 nos
1195 4650 1312 4720 Deum
1345 4645 1518 4737 dicimus,
1544 4670 1587 4719 ac
1616 4665 1800 4718 summurn
1820 4639 1901 4737 jure
1929 4631 2075 4735 prolite-

481 4783 562 4832 mur
577 4760 728 4832 bonum.
751 4763 822 4848 Qui
836 4764 1022 4859 quomodo
1037 4787 1220 4837 summum
1236 4766 1427 4856 diceretur,
1444 4768 1512 4839 nisi
1524 4765 1658 4839 caeteris
1674 4759 1843 4833 omnibus
1859 4752 2076 4856 precelleret

481 4879 610 4952 bonis?
622 4879 729 4969 Quod
753 4905 839 4952 vero
857 4881 1023 4954 omnibus
1040 4883 1117 4957 aliis
1142 4884 1321 4984 praecellit,
1350 4910 1463 4958 unum
1489 4885 1651 4984 prolecto
1668 4896 1704 4955 et
1720 4878 1869 4952 unicum
1894 4898 1971 4948 esse
1987 4895 2076 4945 cou-

482 5001 595 5090 venit,
614 5015 650 5073 et
669 5000 769 5100 quod
792 5001 828 5072 in
856 5025 895 5074 se
912 5002 1110 5101 perlectum
1137 5028 1213 5079 esse
1240 5004 1463 5099 conceditur,
1481 5020 1588 5105 atque
1606 5004 1654 5077 ad
1677 4998 1799 5074 omnia
1816 5020 1896 5097 quae
1914 4990 2079 5068 iacienda

482 5133 566 5191 sirut
582 5146 622 5192 ex
637 5122 784 5219 propria
798 5120 982 5195 voluntate
1003 5147 1069 5222 per
1084 5149 1123 5197 se
1137 5126 1339 5218 sufficiens,
1361 5151 1404 5200 ex
1421 5151 1497 5225 quo
1511 5139 1549 5200 et
1564 5126 1795 5223 omnipotens
1811 5117 1954 5205 dicitur,
1973 5135 2077 5185 eom·
