4559 6100
434 353 439 360 ’
500 403 573 474 eor
1104 396 1233 469 10110
1260 396 1494 470 somniant

503 551 572 622 Etsi
589 550 701 638 enim,
723 562 761 619 ut
776 547 911 619 dictum
929 560 995 636 est,
1014 570 1122 645 poena
1139 546 1200 618 illa
1215 547 1260 617 sit
1274 545 1384 634 bona,
1400 570 1473 619 non
1491 544 1574 617 ideo
1594 544 1732 618 bonum
1751 547 1970 646 simpliciter,
1989 551 2025 621 id
2045 566 2104 621 est

500 671 596 742 bona
614 694 671 741 res
688 682 741 741 est
758 667 925 740 dicenda.

548 793 750 861 Cnnrsmn.
771 792 855 859 Esto
871 787 997 876 modu,
1020 800 1058 857 ut
1074 785 1176 872 dicis,
1196 798 1231 855 te
1249 784 1412 858 videlicet
1429 810 1471 856 ex
1490 787 1668 857 concessis
1685 811 1760 857 non
1782 812 1887 886 posse
1903 791 2017 885 argui,
2042 806 2098 880 ut,

501 908 601 1005 quod
625 907 766 979 bonum
789 920 861 994 est,
887 905 1065 978 concedas
1090 928 1274 976 summum
1298 904 1456 976 hominis
1480 904 1614 977 malum
1641 929 1736 995 esse,
1762 907 1925 1004 quamvis
1951 933 2103 1006 poenam

503 1028 598 1102 illam
614 1080 623 1116 ‚
640 1049 719 1122 quae
735 1025 833 1097 bona
848 1038 901 1096 est
914 1040 950 1097 et
961 1026 1069 1120 justa,
1088 1048 1269 1096 summum
1283 1023 1371 1095 illud
1385 1024 1519 1096 malum
1533 1048 1609 1096 esse
1623 1049 1698 1096 11011
1712 1024 1863 1098 abnuas.
1879 1026 1949 1098 Sed
1965 1025 2103 1100 iterum

503 1171 624 1245 quaero
643 1170 726 1217 cum
744 1159 818 1217 tam
834 1142 939 1241 culpa
962 1143 1167 1242 precedens
1189 1168 1298 1240 quam
1315 1167 1424 1242 poena
1440 1142 1524 1214 inde
1538 1144 1752 1241 proveniens
1768 1144 1903 1216 malum
1919 1146 1977 1234 sit,
1995 1149 2102 1242 quod

504 1270 636 1339 horum
654 1265 811 1338 deterius
834 1288 876 1336 ac
893 1265 1008 1360 majus
1027 1263 1187 1336 hominis
1204 1263 1338 1335 malum
1361 1261 1556 1335 dicendum
1574 1263 1637 1349 sit,
1665 1278 1785 1336 utrum
1804 1264 1968 1338 videlicet
1989 1268 2103 1364 culpa

503 1388 592 1482 ejus,
622 1409 701 1483 quae
730 1383 916 1455 hominem
943 1382 1078 1455 malum
1110 1380 1240 1476 efficit,
1264 1405 1310 1453 an
1334 1406 1441 1480 poena
1464 1406 1543 1479 quae
1569 1406 1589 1453 a
1613 1385 1690 1454 Deo
1713 1380 1808 1455 illata
1831 1383 1966 1479 justum
1986 1386 2025 1456 in
2052 1411 2103 1458 eo

502 1506 677 1602 judicium
696 1504 788 1599 agit?

554 1617 694 1696 Prinos.
711 1627 827 1714 Certe,
848 1636 886 1693 ut
902 1622 1052 1714 aesrimo,
1072 1620 1229 1694 deterius
1242 1619 1401 1691 hominis
1417 1618 1552 1691 malum
1565 1633 1617 1692 est
1632 1622 1737 1719 culpa
1754 1624 1843 1718 ejus,
1862 1647 1972 1720 quarn
1989 1651 2101 1723 poeua

504 1746 627 1842 ipsius.
648 1747 740 1815 Cum
757 1742 854 1813 enim
871 1741 963 1813 inter
979 1740 1147 1837 quaelibet
1164 1739 1256 1812 mala
1273 1739 1362 1811 illud
1378 1739 1449 1811 alio
1466 1739 1581 1834 majus
1597 1763 1673 1811 esse
1689 1764 1762 1811 non
1778 1740 1974 1835 dubitetur,
1995 1748 2100 1842 quod

514 1861 669 1961 amplius
698 1865 776 1933 Deo
792 1859 953 1957 displicet
969 1875 1004 1931 et
1026 1884 1135 1959 poena
1153 1860 1302 1957 dignum
1324 1873 1395 1950 est,
1417 1859 1598 1954 110101ιο10ι
1617 1858 1757 1932 dubitet
1778 1862 1923 1961 culpam
1940 1863 2102 1937 deterius

505 2007 580 2055 esse
604 2005 712 2079 quam
736 2003 879 2080 poenam
904 1978 1042 2077 culpae?
1062 1984 1110 2050 Ex
1134 1978 1240 2078 culpa
1267 1979 1401 2078 quippe
1423 1979 1535 2049 homo
1558 1982 1637 2049 Deo
1654 1978 1837 2077 displicet,
1861 1981 1958 2054 unde
1983 1984 2102 2056 malus

504 2102 647 2193 dicitnr,
671 2124 745 2172 non
767 2125 810 2172 ex
835 2122 942 2197 poena
965 2124 1042 2196 quae
1071 2124 1138 2198 pro
1161 2098 1267 2197 culpa
1283 2100 1472 2194 irrogatur.
1498 2097 1559 2170 llla
1580 2099 1714 2198 quippe
1735 2099 1906 2195 injustitia
1930 2117 2002 2191 est,
2022 2104 2100 2175 lraec

502 2223 643 2317 justitiae
660 2220 802 2292 debitus
822 2219 969 2291 ellectus
989 2233 1023 2292 et
1045 2245 1086 2292 ex
1113 2219 1312 2290 intentione
1334 2232 1429 2290 recte
1454 2218 1682 2316 proveniens,
1705 2224 1804 2292 Patet
1825 2221 1946 2318 itaque
1969 2224 2006 2294 in
2030 2223 2098 2296 ho·

507 2342 603 2412 mine
619 2339 658 2411 id
675 2338 831 2411 deterius
850 2362 939 2425 esse,
958 2337 1058 2434 quod
1075 2362 1158 2410 eum
1175 2361 1278 2409 reum
1293 2338 1496 2426 constituit,
1516 2362 1624 2435 quam
1642 2338 1743 2435 quod
1760 2340 1948 2437 puniendo
1960 2344 2097 2438 justum

507 2463 542 2535 in
560 2484 605 2533 eo
618 2458 793 2555 judicium
813 2458 896 2552 agit.
1232 2480 1235 2488 ·
1748 2521 1756 2532 ,

554 2584 754 2650 (1101101110.
774 2580 865 2647 Cum
892 2577 998 2672 igitur
1019 2578 1125 2674 culpa
1147 2576 1307 2648 hominis
1332 2575 1445 2671 majus
1462 2576 1508 2646 sit
1528 2574 1685 2648 hominis
1708 2578 1841 2650 malum
1860 2604 1968 2678 quam
1992 2606 2097 2678 poena

506 2698 637 2796 ipsius,
666 2692 854 2791 quomodo
887 2718 1033 2793 poenam
1060 2694 1216 2765 hominis
1240 2717 1424 2765 summum
1449 2693 1526 2789 ejus
1551 2694 1686 2766 malum
1710 2722 1919 2797 nuncupas,
1944 2723 2027 2797 qua,
2056 2718 2098 2773 01

506 2818 642 2888 dictum
662 2829 729 2904 est,
751 2813 865 2910 majus
880 2812 1015 2886 malum
1032 2827 1083 2885 est
1099 2812 1232 2911 culpa?

557 2940 697 3008 Primos.
721 2931 838 3004 Placet
855 2933 989 3030 itaque,
1014 2933 1044 3004 si
1069 2946 1228 3004 nostram
1250 2932 1286 3002 in
1306 2930 1378 3002 hoc
1400 2931 1585 3030 improbas
1608 2935 1838 3031 opinionem,
1868 2952 1963 3009 tuam
1987 2962 2098 3036 super

506 3059 576 3135 1100
600 3053 725 3128 audire
747 3053 974 3146 sententiam,
1000 3051 1088 3150 quid
1105 3051 1270 3124 videlieet
1289 3076 1471 3127 summum
1487 3052 1644 3126 hominis
1662 3055 1797 3128 malum
1814 3081 1959 3130 censeas
1974 3060 2095 3158 appel·

507 3175 652 3248 landum
665 3173 681 3244 1

553 3300 755 3367 Cnnrsrmn.
777 3291 867 3363 lllud
887 3293 1020 3387 itaque,
1036 3289 1232 3388 quodcum
1250 3289 1466 3363 deteriorem
1483 3290 1623 3363 efficere
1638 3305 1768 3390 potest,
1782 3295 1905 3367 sicute
1916 3301 2095 3369 contrario

495 3430 687 3488 'summum
704 3413 781 3508 ejus
797 3411 935 3484 bonum
954 3434 1016 3508 per
1033 3408 1134 3506 quod
1150 3433 1233 3480 eum
1254 3409 1438 3481 meliorem
1455 3407 1547 3480 effici
1565 3424 1717 3481 constat.

556 3539 697 3606 Panos.
723 3536 766 3602 Et
780 3555 860 3628 quae
875 3529 1027 3601 obsecro
1043 3542 1126 3599 sunt
1140 3526 1227 3598 illa?

554 3645 1210 3743 (3111111111.8011101010010101110111,
1229 3669 1368 3718 summa
1386 3645 1531 3718 dilectio
1548 3647 1584 3717 in
1604 3652 1737 3739 Deum,
1758 3675 1821 3747 per
1839 3676 1919 3748 quae
1935 3652 2094 3725 videlicet

506 3771 580 3841 duo
603 3771 636 3842 ei
663 3770 724 3866 qui
744 3767 950 3866 simpliciter
973 3788 1015 3839 ac
1039 3764 1185 3864 proprie
1205 3788 1386 3836 summum
1407 3764 1547 3836 bonum
1570 3766 1714 3853 dicitur,
1735 3767 1923 3866 displicere
1945 3771 2097 3869 amplius

506 3887 562 3962 vel
585 3881 724 3986 placere
745 3900 898 3958 constat.
915 3888 1081 3972 Quorum
1098 3883 1259 3982 prolecto
1275 3895 1468 3982 utrumque
1487 3897 1568 3982 post
1588 3884 1681 3958 hanc
1699 3887 1809 3958 vitam
1831 3889 2001 3986 sequitur.
2022 3891 2095 3975 Qui

506 4008 603 4078 enim
627 4004 808 4105 perpetuis
831 4018 867 4075 et
894 4003 1056 4075 maximis
1081 4004 1288 4074 cruciantur
1312 4004 1444 4101 poenis,
1473 4019 1610 4101 quanto
1635 4029 1675 4076 se
1700 4005 1854 4104 amplius
1877 4006 1932 4077 bis
1954 4010 2094 4100 gravari

506 4125 675 4214 sentiunt,
699 4135 800 4194 tanto
818 4122 854 4192 in
874 4145 958 4193 eum
974 4121 1076 4216 cujus
1089 4120 1449 4218 puniunturjudicio,
1465 4145 1509 4193 ex
1523 4122 1601 4221 ipsa
1616 4122 1866 4223 desperatione
1879 4125 1988 4197 venia
2002 4124 2092 4197 odio

508 4246 635 4341 majori
661 4240 904 4315 inardescunt.
925 4246 1041 4328 Quem
1058 4240 1201 4338 penitus
1218 4265 1293 4311 non
1310 4265 1386 4313 esse
1402 4241 1553 4334 vellent,
1573 4258 1612 4314 nt
1629 4244 1680 4316 sic
1695 4243 1821 4316 saltem
1838 4270 1859 4318 a
1878 4268 1986 4344 poena
2002 4245 2094 4316 libe-

507 4365 578 4436 rari
594 4376 758 4461 possent,
778 4376 814 4434 et
835 4362 883 4432 ita
899 4358 1006 4456 longe
1021 4359 1217 4432 deteriores
1233 4358 1284 4431 1111
1304 4373 1388 4432 sunt
1403 4359 1564 4434 odiendo
1580 4385 1692 4458 quam
1708 4361 1768 4435 hic
1782 4366 1991 4436 exstitemnt
2007 4388 2094 4437 con·

507 4480 717 4554 temnendo.
745 4481 803 4552 Sic
828 4480 1049 4550 econtrario
1076 4480 1283 4576 quicunque
1303 4477 1364 4550 illa
1387 4480 1453 4551 Dei
1481 4480 1619 4555 visione
1644 4481 1824 4575 fruuntur,
1847 4482 1896 4555 de
1918 4507 1992 4581 qua
2012 4483 2095 4555 dicit

508 4601 728 4701 psalmistar':
744 4627 761 4659 1
774 4598 938 4670 satiabor
947 4623 1027 4670 cum
1037 4598 1243 4698 apparuerit
1258 4598 1372 4694 gloria
1381 4613 1454 4688 tua,
1470 4599 1537 4671 »id
1553 4614 1607 4672 est
1621 4616 1813 4700 postquam
1825 4602 2095 4676 divinitatistuae

507 4721 726 4817 majestatem
748 4739 812 4815 per
834 4717 1058 4814 temetipsum
1078 4716 1168 4789 mihi
1189 4713 1481 4807 manifestaveris,
1497 4718 1587 4791 nihil
1602 4719 1750 4793 ulterius
1766 4721 1963 4820 indigendo
1979 4722 2097 4819 requi·

540 4998 546 5025 ³
564 4990 598 5042 lta
609 4993 709 5054 conjicit
722 4988 870 5043 Rhelnrrald.
883 4988 944 5041 cod.
958 4989 1020 5049 Quis
1031 5002 1090 5040 11011.
1100 5014 1129 5027 -
1142 4990 1151 5019 ²
1163 4987 1260 5038 Prulm.
1274 5000 1337 5049 1111,
1353 5001 1375 5037 1.
1387 4992 1426 5041 15.
