4559 6100
723 567 979 641 THEOLOGlA
1003 566 1276 641 cantatum.
1720 566 1791 641 363

211 713 421 804 intellexi3»
447 715 508 803 ait,
526 679 692 812 inquam,
715 713 980 787 distinctionem
1003 713 1179 786 Trinitatis
1204 727 1367 810 patenter
1390 714 1590 786 insinuans¹
1609 723 1657 784 :n
1672 714 1792 788 Verbo

211 832 355 906 Domini
372 832 453 906 coeli
476 831 604 905 firmati
624 845 719 919 sunt,
747 847 781 903 et
799 833 932 931 Spiritu
955 833 1027 904 oris
1053 856 1179 905 comm
1201 832 1320 902 omnis
1333 832 1455 903 'virtus
1476 855 1619 922 eorum,
1640 862 1658 901 n
1679 835 1795 931 quiet

211 948 295 1022 alibi
317 952 490 1024 unitatem
515 952 646 1050 pariter
668 976 752 1023 cum
770 951 941 1024 Trinitate
962 952 1119 1024 insinuat
1143 949 1312 1023 dicens':
1340 949 1562 1022 «Benedicat
1587 975 1655 1022 nos
1679 955 1791 1038 Deus,

212 1071 309 1141 Deus
325 1078 445 1142 noster
462 1122 473 1159 ,
493 1069 681 1142 benedicat
697 1094 764 1141 nos
779 1072 889 1160 Deus,
906 1085 942 1142 et
961 1083 1123 1143 metuant
1137 1091 1221 1141 eum
1239 1092 1364 1140 omnes
1382 1066 1471 1139 lines
1487 1082 1600 1141 terrae.
1618 1098 1636 1138 u

261 1187 509 1262 Cassiodorus:
524 1192 650 1261 «Dens
666 1213 782 1262 sermo
799 1213 931 1285 graecns
948 1203 1013 1279 est,
1034 1188 1096 1286 qui
1111 1188 1220 1259 latine
1236 1188 1490 1285 interpretatur
1506 1189 1626 1259 timor.
1640 1192 1710 1258 Pro
1727 1212 1798 1286 qua

214 1319 330 1396 re,·nt
350 1306 518 1399 arbitror,
538 1307 691 1402 majores
715 1309 828 1379 nostri
855 1313 971 1381 Deum
995 1332 1017 1381 a
1040 1308 1169 1380 timore
1194 1305 1449 1405 appellandum
1473 1330 1548 1378 esse
1574 1306 1793 1379 voluerunt:

214 1422 312 1496 unde
326 1425 476 1523 quidam
495 1428 543 1499 ait
555 1427 968 1526 Gentilinm⁸poetarum
990 1454 997 1498 :
1019 1456 1035 1495 o
1058 1428 1195 1498 anus
1210 1426 1247 1497 in
1266 1424 1355 1496 orbe
1370 1430 1465 1497 Deos
1482 1425 1562 1498 lecit
1585 1426 1707 1497 timor.
1729 1456 1747 1491 »

261 1543 367 1616 Trina
384 1547 518 1643 qnippe
536 1544 712 1617 consessio
729 1545 808 1636 Dei,
827 1545 1022 1619 trinitatem
1044 1545 1209 1644 exprimit
1223 1567 1473 1642 personarum,
1491 1544 1601 1614 Patris
1618 1542 1795 1634 videlicet,

215 1659 303 1750 Filii,
329 1677 365 1735 et
380 1664 529 1761 Spiritus
551 1666 677 1736 sancti.
704 1668 799 1736 Bene
821 1680 943 1737 autem
959 1664 1086 1738 Filium
1106 1663 1296 1759 designans
1321 1661 1460 1735 addidit
1478 1691 1495 1729 r
1510 1675 1645 1754 noster,
1661 1694 1678 1729 n
1697 1664 1799 1759 qnasi

215 1803 299 1851 eum
321 1805 342 1853 a
364 1786 464 1854 Patre
480 1782 585 1855 nobis
607 1807 683 1855 esse
704 1783 827 1857 datum
842 1784 1048 1872 ostendens,
1067 1807 1151 1856 cnm
1169 1805 1232 1882 per
1249 1781 1535 1853 incarnationem
1551 1780 1659 1852 Verbi
1676 1780 1799 1853 divina

215 1922 283 1970 nos
297 1901 476 1999 Sapientia
493 1903 756 1976 illuminaverit.
772 1905 827 1976 De
839 1928 913 2001 quo
931 1904 1038 1976 etiam
1053 1901 1174 1974 Verbo
1195 1900 1384 2000 Apostolus
1409 1901 1497 1971 ait⁸z
1519 1928 1537 1968 o
1554 1901 1704 1998 Proprio
1724 1899 1798 1971 filio

215 2041 281 2089 suo
299 2042 374 2091 non
390 2023 562 2119 pepercit,
581 2023 643 2094 sed
659 2047 726 2122 pro
743 2022 849 2096 nobis
865 2022 1033 2095 omnibns
1052 2020 1198 2094 tradidit
1216 2021 1330 2093 illum.
1344 2048 1363 2089 n

263 2139 477 2234 Augustinus
507 2143 746 2230 Quaestionum
765 2145 915 2232 LXXIV,
939 2165 1019 2239 cap.
1046 2141 1154 2212 xnv³
1174 2168 1183 2212 z
1204 2171 1221 2206 ι(
1237 2145 1277 2211 ln
1297 2139 1473 2238 principio
1495 2153 1570 2211 erat
1591 2137 1763 2210 Verbum.
1781 2169 1797 2202 a

216 2256 324 2342 Quod
342 2281 452 2352 graece
470 2262 584 2353 Logos
600 2258 744 2351 dicitur,
761 2260 869 2332 latine
886 2275 1006 2332 autem
1023 2272 1060 2331 et
1079 2261 1260 2332 rationem
1281 2273 1318 2330 et
1334 2255 1487 2329 verbum
1511 2256 1706 2353 significat,
1735 2257 1800 2329 sed

216 2374 391 2448 hocloco
414 2377 539 2449 melius
558 2377 718 2449 Verbum
738 2380 1002 2478 interpretatur.
1026 2377 1250 2475 Significetnr
1270 2399 1346 2450 non
1372 2375 1490 2448 solnm
1515 2375 1562 2448 ad
1585 2381 1726 2449 Patrem
1747 2400 1804 2448 re-

216 2507 369 2591 spectus,
384 2495 446 2569 sed
463 2495 509 2569 ad
526 2496 584 2569 illa
601 2498 707 2570 etiarn
725 2522 804 2594 quae
817 2521 882 2597 per
892 2494 1051 2570 Verbum
1068 2496 1160 2570 faeta
1174 2511 1269 2569 sunt.
1286 2497 1386 2568 Ratio
1403 2508 1536 2587 autern,
1551 2497 1615 2568 etsi
1632 2495 1802 2594 nihilper

217 2610 315 2684 illam
339 2615 414 2705 fiat,
440 2631 536 2688 recte
558 2619 649 2689 ratio
663 2618 807 2690 dicitur.
827 2645 846 2685 n
864 2620 951 2714 Cap.
981 2641 1046 2688 xnv
1067 2644 1076 2688 ε
1097 2618 1190 2689 «nei
1210 2615 1391 2714 Sapientia
1406 2614 1565 2686 Christus
1586 2629 1622 2688 et
1639 2618 1675 2687 in
1701 2628 1802 2689 utero

219 2733 438 2828 Manralnit,
458 2748 495 2807 et
518 2736 555 2807 in
572 2735 681 2828 coelis,
702 2759 778 2833 quo
794 2735 907 2808 modo
921 2733 1082 2807 Verbum
1101 2735 1275 2828 hominis,
1301 2732 1401 2831 quod
1419 2733 1483 2804 etsi
1502 2735 1604 2806 multi
1629 2735 1799 2824 audiunt,

218 2863 333 2922 totum
350 2852 503 2925 audiunt
517 2853 660 2951 singuli.
676 2885 695 2922 r
959 2949 962 2954 Ι
1507 2943 1509 2946 Υ
1791 2867 1793 2869 ’

267 2972 444 3044 Unitatem
462 2995 548 3044 vero
564 2974 692 3046 divinae
708 2974 913 3047 substantie
930 2974 1114 3047 Psalmista
1127 2975 1165 3046 in
1185 2973 1316 3047 eodem
1330 2978 1457 3074 aperit,
1476 3000 1560 3047 cum
1576 2987 1658 3074 post
1675 2974 1804 3045 trinam

121 3129 129 3142 ·
218 3088 331 3161 divini
354 3092 511 3164 nominis
533 3092 786 3190 prolationem,
812 3119 927 3168 unum
952 3093 1205 3167 tantummodo
1231 3099 1347 3166 Deum
1368 3096 1404 3166 in
1430 3095 1541 3167 tribus
1561 3093 1722 3192 personis
1747 3095 1803 3163 in·

219 3208 392 3306 telligens,
420 3234 494 3281 non
523 3211 705 3307 subjunxit
738 3236 801 3313 eos
824 3212 1023 3310 pluraliter,
1052 3210 1114 3283 sed
1153 3236 1236 3284 enm
1262 3212 1499 3308 singulariter.
1529 3213 1620 3283 Huic
1651 3224 1686 3282 et
1715 3208 1804 3281 illud

217 3341 395 3400 consonat
408 3329 518 3421 lsaiae,
536 3331 598 3425 qni
614 3329 702 3402 dicit
722 3353 760 3403 se
778 3330 909 3409 vidisse
931 3328 1119 3428 Seraphim
1134 3344 1170 3401 et
1187 3328 1326 3404 audisse
1343 3331 1575 3402 clamantia⁸:
1597 3358 1616 3397 o
1631 3332 1799 3418 Sanctus,

217 3449 380 3537 Sanctus,
397 3449 549 3519 Sanctus
565 3450 740 3520 Dominus
755 3453 851 3521 Dens
868 3449 1038 3523 Sabaoth.
1056 3480 1075 3517 r

269 3568 374 3639 Recte
394 3580 514 3638 antem
532 3567 710 3639 vocabulo
730 3568 906 3639 «Domini
922 3596 939 3636 n
960 3593 1045 3641 usus
1064 3583 1117 3640 est
1137 3567 1314 3669 propheta
1331 3567 1380 3640 ad
1397 3569 1590 3667 potentiam
1609 3565 1804 3661 designan-

219 3685 317 3776 dam,
347 3688 431 3782 quia
453 3686 685 3758 dominorum
711 3702 764 3759 est
788 3710 958 3785 praeeese3
984 3712 1064 3786 quae
1084 3687 1249 3761 videlicet
1273 3689 1433 3787 potentia
1461 3686 1672 3786 plerumque
1698 3687 1804 3758 etiam

219 3804 291 3876 hoc
312 3807 460 3877 nomine
488 3836 505 3871 r
520 3810 646 3878 Deus»
664 3807 873 3902 assignatur,
898 3826 943 3878 eo
968 3805 1134 3879 videlicet
1152 3806 1251 3905 qnod
1267 3807 1383 3881 'l'heos
1406 3830 1529 3904 graece,
1559 3806 1596 3877 id
1621 3821 1673 3877 est
1693 3808 1802 3895 Deus,

221 3938 308 3996 teste
333 3924 485 4018 Isidoro,
511 3927 619 3999 timor
639 3926 906 4026 interpretatur,
931 3941 966 3998 et
985 3940 1142 4025 potestas
1158 3925 1324 4023 quaelibet
1344 3928 1453 4000 timor
1475 3940 1528 3999 est
1544 3925 1801 4022 subjectorum.

884 4283 1043 4365 GlPll'l'
1076 4285 1141 4362 IV·

267 4507 428 4582 Verbum
447 4507 530 4581 ideo
549 4510 728 4611 Sapientia
743 4524 904 4600 vocatur,
923 4509 1095 4583 translato
1111 4508 1245 4582 scilicet
1261 4508 1307 4582 de
1325 4508 1452 4582 ellectu
1470 4507 1517 4580 ad
1533 4532 1678 4580 causam
1697 4531 1804 4580 voca·

221 4627 321 4722 bulo,
340 4629 439 4726 quod
454 4629 608 4705 maxime
622 4653 667 4702 ex
683 4630 803 4703 verbis
820 4630 1099 4728 uniuscujusque
1112 4628 1345 4726 intelligentia
1361 4628 1470 4727 ipsius
1486 4641 1525 4699 et·
1535 4629 1637 4726 cujus
1653 4629 1806 4700 scientiae

221 4747 268 4820 sit
284 4749 541 4823 manifestatur.
570 4748 674 4821 Unde
696 4750 870 4847 scriptum
892 4750 997 4822 estin
1022 4748 1315 4822 Ecclesiastico':
1336 4774 1355 4815 n
1370 4750 1409 4818 ln
1431 4746 1553 4843 lingua
1569 4747 1666 4819 enim
1682 4769 1807 4842 agnos:

255 5000 988 5069 ¹Pratm.mn,v.t.-¹1²sotm.un,v.i.-⁸tn
1042 5005 1152 5058 tionibus
1175 5002 1312 5068 imm,
1339 5016 1393 5067 etp.
1415 5016 1487 5063 nnn,
1508 5002 1621 5068 Opp.,t.
1643 5002 1685 5064 Ἧι
1703 5003 1750 5053 ⁰⁰¹·
1766 5005 1805 5054 ³⁸·

223 5077 294 5129 entus
310 5080 442 5142 cuorum,
469 5097 523 5147 que
548 5097 597 5137 mx
621 5098 651 5135 nc
673 5087 746 5137 latina
768 5086 866 5149 qnldem
891 5093 937 5135 set.
957 5111 989 5122 -
1042 5086 1176 5149 ·-⁸lsat.,
1192 5100 1247 5150 cap.
1260 5100 1293 5149 n,
1302 5099 1326 5137 r.
1339 5083 1526 5148 8.-’E⁶0l²'·‚
1539 5097 1593 5148 ο11)·
1606 5098 1639 5146 Ν,
1651 5096 1675 5134 V·
1688 5085 1728 5135 ²9·

225 5160 327 5224 ‘nom
340 5176 395 5226 cap.
413 5177 471 5226 nn,
493 5178 517 5217 r.
541 5169 581 5219 tt.
594 5167 704 5217 -⁸1.ab.
727 5167 757 5217 de
780 5167 889 5239 dicertis
909 5166 994 5227 Quas·
