4559 6100
748 517 1000 606 rusotoou
1025 528 1307 607 struuntur.
1747 537 1814 611 atu

236 701 381 762 testatus
397 698 462 757 est.
483 714 501 750 s
518 687 567 755 Ac
585 683 614 754 si
631 681 765 755 diceret
782 706 862 756 eam
879 706 954 755 esse
970 681 1131 778 ejusdem
1147 679 1350 753 substantiae
1366 706 1449 753 cum
1466 683 1545 781 ipso
1554 685 1688 779 Verbo,
1708 710 1729 760 a
1747 714 1822 786 quo

234 811 311 907 ipsa
332 820 397 879 est.
428 803 564 875 Puritas
586 803 714 874 mentis
735 801 866 875 dicitur
887 800 1059 874 subtilitas
1085 801 1254 891 rationis,
1283 826 1362 898 quae
1386 801 1568 874 universas
1594 804 1822 881 discutiendo

236 938 398 1026 penetrat
426 938 582 995 naturas.
613 926 694 994 Haec
721 937 841 995 autern
868 935 951 994 sunt
984 919 1043 994 illa
1075 943 1154 1017 quae
1185 920 1439 1018 proposuimus
1467 921 1638 994 Macrobii
1675 925 1782 997 verba
1811 952 1820 996 :

238 1078 255 1114 κ
273 1046 394 1118 Anima
420 1065 530 1139 ergo,
556 1043 684 1139 inquit,
714 1066 839 1114 creans
864 1042 931 1114 sibi
958 1039 1191 1137 condensque
1217 1063 1384 1138 corpora,
1419 1064 1502 1112 nam
1528 1042 1611 1115 ideo
1632 1042 1678 1116 ab
1705 1046 1824 1116 anima

236 1181 361 1238 natura
378 1163 515 1262 incipit,
534 1187 642 1260 quam
659 1163 837 1261 sapientes
859 1160 906 1234 de
921 1165 999 1233 Deo
1020 1175 1055 1232 et
1072 1173 1192 1231 mente
1216 1164 1331 1257 Noym
1349 1161 1552 1250 nominant,
1573 1185 1615 1233 ex
1633 1163 1693 1235 illo
1711 1164 1825 1261 puris-

234 1287 325 1356 simo
353 1284 463 1375 sonte,
494 1305 602 1379 quern
627 1280 810 1353 nascendo
835 1280 881 1353 de
907 1280 1054 1376 originis
1079 1304 1151 1351 suae
1177 1279 1344 1351 hauserat
1366 1280 1484 1378 copia,
1512 1306 1665 1380 corpora
1687 1283 1767 1356 coeli
1791 1301 1827 1355 et

234 1404 404 1501 syderum
431 1427 511 1500 quae
541 1400 706 1473 condidit
730 1401 847 1498 prima
877 1400 1061 1473 animavit.
1090 1430 1107 1463 r>
1140 1403 1183 1469 Et
1210 1413 1293 1497 post
1327 1398 1459 1495 aliqua,
1497 1424 1580 1471 curn
1610 1402 1687 1500 ipse
1716 1404 1827 1501 ipsius

234 1523 361 1594 animae
383 1523 475 1594 vires
497 1520 742 1618 distingueret,
762 1544 852 1618 quas
875 1520 912 1591 in
929 1518 1143 1618 corporibus
1166 1513 1317 1608 exercet,
1337 1519 1537 1591 secundum
1555 1544 1644 1616 quas
1662 1524 1826 1594 omnium

236 1644 477 1715 animatorum
499 1639 665 1713 ordinata
692 1652 745 1711 est
768 1652 909 1729 natura,
934 1652 973 1710 ut
997 1639 1064 1710 alia
1082 1637 1214 1709 scilicet
1235 1637 1313 1709 aliis
1335 1640 1492 1737 praesint,
1520 1637 1647 1734 adjecit
1674 1639 1824 1712 dicens:

240 1767 372 1833 «Hunc
388 1786 510 1834 rerum
527 1759 706 1851 ordinem,
726 1773 761 1830 et
777 1758 943 1854 Virgilius
957 1758 1155 1855 expressit¹.
1176 1760 1266 1828 Nam
1282 1770 1318 1828 et
1331 1757 1470 1829 mundo
1485 1759 1643 1831 animam
1662 1757 1773 1848 dedit,
1793 1776 1828 1830 et

238 1894 277 1952 ut
305 1881 451 1979 puritati
481 1880 558 1976 ejus
586 1892 832 1971 attestaretur,
861 1891 1020 1948 mentem
1047 1876 1201 1948 vocavit.
1237 1876 1374 1948 Coelum
1409 1878 1529 1968 enim,
1563 1879 1623 1968 ait,
1656 1892 1766 1950 terras
1793 1893 1829 1949 et

236 2002 362 2093 maria,
388 2015 424 2072 et
447 1999 575 2097 sydera
597 1999 748 2096 Spiritus
770 1995 832 2069 alit
850 1998 960 2087 intus,
984 1995 1096 2068 idest
1118 1997 1255 2086 anima;
1276 2009 1311 2067 et
1333 2011 1373 2068 ut
1394 1997 1487 2069 illius
1507 1999 1634 2069 animae
1659 2014 1829 2070 assereret

237 2118 460 2214 dignitatem,
480 2133 637 2189 mentem
656 2141 732 2189 esse
749 2130 895 2188 testatus
912 2130 965 2186 est
985 2143 993 2184 ι
1017 2143 1033 2182 u
1047 2118 1147 2186 Mens
1163 2115 1270 2210 agitat
1286 2113 1432 2186 molem.
1446 2145 1464 2180 1>
1487 2120 1636 2188 Necnon
1654 2131 1695 2187 ut
1711 2131 1828 2188 osten-

238 2237 338 2309 deret
364 2262 405 2309 ex
432 2238 509 2335 ipsa
537 2236 656 2309 anima
681 2248 845 2307 constare
866 2247 901 2306 ct
926 2233 1077 2306 animari
1100 2234 1267 2304 universa
1289 2256 1368 2330 quae
1387 2234 1528 2318 vivunt,
1553 2232 1717 2306 addidit:

662 2446 746 2512 Hinc
761 2446 930 2512 bominum
944 2442 1168 2534 pecudumque
1182 2465 1294 2533 genus,
1311 2458 1373 2509 etc.

288 2646 405 2737 thue
428 2653 644 2712 asseveraret
669 2636 838 2710 eumdem
859 2661 934 2708 esse
960 2637 996 2707 in
1025 2638 1146 2709 anima
1170 2660 1310 2733 semper
1336 2638 1509 2733 vigorem,
1539 2637 1600 2710 sed
1632 2663 1736 2710 usum
1752 2639 1828 2735 ejus

236 2760 429 2832 hebescere
454 2760 492 2829 in
517 2756 730 2830 animalibus
756 2755 921 2852 corporis
945 2754 1134 2843 densitate,
1154 2753 1309 2849 adjecit:

866 2950 1032 3033 Quantum
1046 2972 1113 3015 non
1130 2951 1225 3014 noxia
1244 2972 1379 3040 corpora
1394 2950 1538 3016 tardant.

289 3160 371 3227 Haec
408 3153 554 3251 quidem
590 3153 711 3233 omnia
744 3165 816 3223 tam
850 3150 987 3247 Virgilii
1021 3174 1131 3248 quam
1164 3152 1336 3225 Macrobii
1362 3152 1472 3225 verba
1505 3154 1606 3226 facile
1644 3171 1696 3226 est
1730 3157 1831 3250 juxta

235 3274 465 3374 propositum
501 3285 667 3379 nostrum
705 3269 752 3341 ad
786 3283 916 3341 nostrae
953 3267 1037 3339 fidei
1076 3284 1240 3341 tenorem
1276 3270 1575 3362 accommodare3
1614 3265 1689 3343 non
1731 3275 1831 3346 aliter

236 3417 282 3464 ea
318 3391 487 3463 convenit
516 3389 661 3486 exponi.
697 3386 806 3476 Quod
836 3387 956 3483 itaque
982 3388 1032 3458 ait
1058 3411 1164 3458 usum
1190 3388 1318 3460 animae
1339 3388 1530 3461 hebescere
1555 3391 1594 3460 in
1619 3391 1832 3464 animalibus

237 3511 403 3607 corporis
442 3507 637 3591 densitate,
686 3507 755 3578 tale
798 3519 852 3577 est
889 3505 1039 3603 Spiritus
1075 3508 1190 3597 sancti
1220 3509 1369 3603 gratiam
1399 3531 1548 3579 suorum
1574 3507 1832 3583 beneficiorum

235 3628 437 3701 efficaciam
469 3626 589 3697 minus
619 3623 753 3696 habere
779 3625 816 3695 in
842 3622 1046 3696 carnalibus
1070 3638 1106 3697 et
1137 3624 1345 3698 bestialibus
1372 3625 1596 3720 hominibus,
1630 3630 1691 3724 qui
1724 3633 1835 3725 magis

235 3745 404 3818 sensibus
437 3768 545 3842 quam
579 3744 717 3815 ratione
750 3757 937 3839 reguntur,
972 3741 1176 3815 carnalibus
1207 3743 1342 3816 seilicet
1364 3744 1475 3818 dediti
1504 3745 1761 3844 voluptatibus,
1792 3766 1833 3822 ut

234 3870 356 3966 ipsam
393 3864 604 3937 densitatem
647 3862 810 3961 corporis
849 3860 1047 3933 carnatium
1088 3861 1336 3935 illecebrarum
1376 3864 1659 3961 magnitudinem
1698 3867 1834 3940 intelli-

232 4010 378 4083 gamus.
417 3985 488 4072 Qui
521 3982 629 4054 etiam
656 3980 720 4053 ubi
749 3980 800 4071 ait
827 3980 941 4078 ipsam
971 3980 1128 4052 animam
1162 4005 1284 4054 creare
1317 3982 1386 4055 sibi
1415 4008 1569 4083 corpora
1596 3999 1631 4056 et
1657 3987 1832 4078 condere,

232 4130 322 4177 earn
349 4102 548 4176 creatorem
579 4124 720 4191 rerum,
749 4113 786 4173 et
809 4124 875 4199 per
901 4098 973 4171 hoc
1001 4103 1116 4171 Deum
1146 4124 1222 4171 esse
1247 4104 1393 4194 astruit,
1422 4118 1458 4175 et
1486 4080 1684 4176 creatarum
1713 4131 1834 4178 rerum

233 4223 509 4312 ordinatorem,
546 4233 582 4291 et
614 4233 889 4317 praeparatorem
927 4217 971 4290 ad
1007 4217 1104 4291 bona
1137 4244 1268 4317 opera,
1309 4221 1490 4294 donorum
1530 4248 1677 4295 suorum
1717 4225 1835 4298 distri-

230 4343 417 4431 butione,
453 4355 495 4412 ut
524 4338 593 4411 sibi
623 4364 683 4413 eas
712 4338 862 4441 dignum
887 4336 1134 4411 habitaculum
1159 4339 1301 4412 efficiat.
1332 4341 1385 4413 Ab
1411 4343 1531 4414 anima
1560 4357 1723 4417 naturam
1749 4345 1837 4418 dicit

231 4463 425 4558 incipere,
462 4460 546 4558 quia
573 4482 637 4557 per
670 4458 820 4555 gratiam
844 4458 995 4555 Spiritus
1026 4458 1139 4529 sancti
1169 4459 1349 4530 nascimur
1380 4461 1626 4558 spiritualiter,
1663 4477 1702 4535 ut
1724 4465 1835 4535 simus

231 4580 309 4652 filii
340 4580 404 4652 Dei
430 4579 541 4677 magis
567 4601 677 4674 quam
703 4577 807 4649 servi.
843 4577 942 4648 Sicut
973 4577 1069 4648 enim
1100 4576 1291 4649 subtracta·
1305 4578 1373 4650 hac
1406 4583 1517 4675 gratia
1550 4606 1772 4655 moreremur
1798 4585 1834 4652 in

227 4701 359 4790 vitiis,
395 4700 501 4771 itaet
525 4695 720 4770 cucullata
749 4694 931 4768 nascimur
952 4697 990 4767 in
1013 4720 1134 4769 veram
1160 4698 1333 4769 virtutum
1354 4700 1481 4793 vitam,
1517 4726 1607 4798 quas
1634 4727 1699 4799 per
1730 4715 1834 4774 natu·

225 4845 322 4893 ram
343 4818 533 4910 habemus,
557 4831 592 4888 et
618 4829 744 4888 contra
766 4828 931 4887 naturam
955 4816 1058 4908 vitia,
1081 4842 1165 4889 cum
1190 4819 1236 4889 sit
1254 4818 1379 4891 vitium
1401 4822 1586 4918 corruptio
1610 4837 1755 4892 naturae.
1782 4825 1836 4893 De

260 5111 267 5140 ¹
284 5107 393 5159 Bactri.
408 5104 450 5170 vt,
461 5119 484 5156 r.
500 5107 544 5157 'tt't
559 5110 584 5155 et
595 5117 644 5167 sq..
