4559 6100
764 529 1020 605 THEOLOGlA
1044 528 1319 605 cnutstttrta.
1765 530 1837 605 553

242 707 308 781 per
323 706 365 756 ea
383 707 461 781 quae
478 697 552 755 tam
568 679 776 753 mirabiliter
792 695 828 753 et
843 681 927 753 l'acit
942 694 978 753 et
994 679 1152 774 ordinat,
1171 706 1215 753 ex
1231 679 1317 780 ipsis
1341 679 1415 752 suis
1431 694 1587 775 quantus
1605 682 1650 753 sit
1665 678 1838 781 operibus

243 803 434 892 indicaret3
465 804 549 900 quia
570 816 605 874 et
623 824 690 899 pro
714 801 882 898 qualitate
903 825 1054 899 operum
1078 825 1158 897 quae
1180 800 1360 888 videntur,
1389 798 1546 872 absentis
1566 800 1710 873 artificis
1733 798 1837 873 indu·

244 924 365 996 striam
389 921 640 1021 dijudicamus.
668 925 746 993 lloc
770 918 919 1018 quidem
942 919 1052 992 modo
1078 921 1212 1019 etipse
1238 918 1401 1019 perhibet
1429 921 1618 1018 Apostolus
1640 926 1757 993 Deum
1781 920 1837 992 sui

246 1043 410 1115 notitiam
428 1040 591 1140 reprobis
607 1066 753 1139 quoque
769 1039 963 1112 contulisse
983 1067 992 1109 z
1008 1040 1108 1135 juxta
1124 1039 1225 1137 quod
1245 1038 1290 1111 ad
1308 1041 1490 1112 Romanos
1505 1038 1676 1130 scribens,
1695 1041 1838 1112 inexcu-

245 1161 393 1234 sabilem
411 1186 557 1235 omnem
575 1161 761 1233 hominem
778 1185 854 1234 esse
869 1161 1063 1252 convincit,
1083 1175 1119 1232 et
1134 1160 1181 1233 de
1196 1175 1380 1234 contemtu
1399 1162 1454 1233 sui
1471 1160 1672 1234 conditoris
1688 1184 1838 1259 arguen-

246 1280 353 1374 dum,
374 1307 459 1354 cum
475 1283 550 1379 ejus
567 1282 730 1354 notitiam
745 1282 800 1354 lex
827 1282 904 1380 ipsa
919 1279 1106 1372 naturalis,
1126 1304 1207 1377 quae
1223 1281 1260 1353 in
1282 1282 1421 1354 ratione
1437 1281 1614 1365 consistit,
1639 1281 1745 1352 etiam
1763 1281 1839 1352 sine

245 1401 378 1499 scripto
407 1401 443 1471 in
471 1402 549 1499 ipsa
577 1425 730 1500 operum
754 1401 830 1497 ejus
854 1399 1075 1473 exhibitione
1101 1399 1274 1472 omnibus
1300 1400 1453 1473 afferret.
1482 1402 1535 1471 lit
1570 1402 1704 1499 quippe
1730 1396 1800 1471 sic¹
1827 1426 1836 1469 ε

249 1549 266 1584 «ι
285 1520 471 1593 Revelatur
488 1522 541 1592 ira
562 1522 628 1592 Dei
646 1520 692 1593 de
708 1520 800 1594 coelo
817 1545 925 1619 super
939 1545 1086 1593 omnem
1102 1521 1342 1619 impietatem,
1367 1535 1404 1593 et
1419 1521 1628 1617 injustitiam
1648 1520 1839 1592 hominum

247 1663 374 1711 eorum
395 1641 457 1738 qni
470 1641 656 1712 veritatem
672 1642 738 1713 Dei
755 1642 792 1712 in
810 1640 978 1736 injustitia
996 1639 1159 1712 detinent
1176 1668 1185 1712 z
1204 1642 1290 1738 quia
1306 1639 1406 1738 quod
1422 1653 1551 1712 notum
1569 1654 1622 1712 est
1640 1640 1705 1711 Dei
1725 1640 1840 1712 mani·

247 1757 375 1830 festum
397 1775 451 1832 est
474 1759 555 1831 iltis.
582 1765 678 1832 Deus
701 1761 798 1832 enim
816 1760 884 1832 illis
900 1759 1150 1832 manifestavit.
1169 1758 1362 1833 Invisibilia
1384 1759 1481 1831 enim
1503 1759 1613 1857 ipsius
1636 1783 1657 1830 a
1679 1772 1841 1830 creatura

247 1877 374 1948 mundi
397 1903 461 1976 per
482 1903 525 1951 ea
547 1903 627 1976 quae
646 1878 840 1952 factasunt
861 1878 1039 1951 intellecta
1061 1878 1346 1977 conspiciuntur,
1369 1879 1584 1977 sempiterna
1601 1901 1748 1975 quoque
1764 1872 1841 1973 ejus

247 1997 359 2067 virtus
377 2012 411 2069 et
429 1996 608 2090 divinitas,
627 1999 677 2070 ita
692 2014 733 2070 nt
749 1999 819 2069 sint
836 1997 1093 2070 inexcusabiles
1113 2025 1122 2067 t
1143 1999 1226 2095 quia
1243 1994 1329 2071 cum
1344 1998 1598 2095 cognovissent
1613 2001 1743 2086 Deum,
1764 2020 1839 2068 non

247 2115 338 2186 sicut
362 2121 481 2188 Deum
510 2117 817 2213 glorificaverunt,
846 2134 908 2190 aut
930 2119 1058 2216 gratias
1075 2134 1236 2215 egerunt.
1255 2114 1276 2185 »'
1299 2123 1342 2191 Et
1364 2132 1447 2216 post
1469 2110 1634 2215 aliqua':
1657 2116 1674 2185 ri
1691 2116 1841 2216 Propter

246 2236 346 2331 quod
370 2236 618 2309 inexcusabilis
639 2262 692 2329 es,
712 2262 735 2310 o
751 2238 864 2310 homo
879 2239 1013 2325 omnis,
1032 2239 1094 2335 qui
1109 2237 1268 2335 judicas,
1286 2266 1304 2306 n
1322 2238 1394 2309 hoc
1417 2232 1470 2310 est
1489 2240 1552 2337 qui
1569 2237 1716 2308 rationis
1734 2237 1842 2308 uteris

243 2352 380 2448 judicio
408 2355 444 2424 in
466 2353 574 2427 bonis
594 2370 630 2428 et
649 2356 751 2428 malis
773 2356 1036 2447 discernendis,
1061 2372 1169 2453 atque
1186 2360 1222 2428 in
1247 2358 1331 2456 ipsis
1349 2360 1518 2430 creatoris
1538 2372 1574 2430 et
1597 2371 1842 2429 creaturarum

247 2472 492 2546 discernendis
520 2477 668 2549 naturis.
698 2477 801 2549 Unde
829 2491 865 2549 et
886 2476 1058 2549 Salomon
1084 2476 1282 2549 nonnullos
1308 2477 1435 2550 mundi
1463 2470 1640 2577 sapientes
1667 2472 1705 2548 se
1733 2476 1843 2548 vehe-

247 2607 388 2664 menter
414 2595 537 2667 mirari
564 2597 738 2686 insinuat,
764 2597 951 2695 quomodo
973 2596 1107 2668 scilicet
1130 2596 1308 2668 mundum
1334 2598 1473 2669 ratione
1489 2592 1723 2693 vestigarent,
1742 2609 1844 2667 natu·

247 2732 395 2808 ramque
411 2714 523 2811 ipsius
539 2739 604 2811 per
617 2714 775 2812 singulas
787 2708 870 2810 ejus
883 2728 1002 2813 partes
1018 2714 1191 2786 disserere
1211 2717 1332 2789 conati
1348 2717 1432 2806 sint,
1461 2715 1628 2788 nondum
1644 2728 1845 2787 creatorem

247 2828 357 2925 ipsius
377 2833 720 2927 animadvertentes,
752 2824 861 2931 quern
890 2826 1027 2905 facilius
1049 2834 1189 2905 ratione
1215 2834 1399 2933 percipere
1425 2848 1605 2934 poterant.
1637 2833 1841 2923 «sienim,

247 2949 392 3045 inquit⁸,
412 2965 554 3023 tantum
572 2948 768 3051 potuerunt
790 2951 899 3045 seire,
920 2966 960 3023 ut
976 2967 1122 3051 possent
1137 2953 1312 3024 aestimare
1329 2953 1511 3044 saeculum,
1531 2950 1718 3051 quomodo
1733 2950 1845 3050 ipsius

249 3068 374 3139 mundi
402 3074 519 3141 Deum
546 3085 581 3141 et
609 3086 809 3142 creatorem
837 3096 913 3141 non
942 3072 1077 3143 facilius
1106 3073 1376 3145 invenerunti'»
1407 3076 1485 3144 Hoc
1513 3086 1549 3143 et
1564 3070 1623 3143 ille
1635 3071 1845 3143 Latinorum

248 3189 422 3261 maximus
448 3188 749 3288 philosophorum
774 3189 908 3261 Tullius
935 3188 1124 3286 diligenter
1154 3193 1324 3285 intuitus,
1352 3217 1437 3264 eum
1459 3215 1534 3262 non
1566 3191 1684 3263 solum
1709 3191 1845 3289 optime

248 3306 401 3398 factum,
425 3332 552 3380 verum
576 3310 684 3380 etiam
701 3309 838 3407 optime
854 3308 1000 3407 disponi
1020 3311 1199 3382 mundum
1219 3311 1460 3409 conspiceret3
1481 3309 1707 3409 providentia
1724 3309 1762 3381 id
1781 3335 1845 3408 po·

247 3428 317 3499 tius
341 3429 399 3523 agi
416 3452 525 3525 quam
542 3428 691 3500 fortuitu
714 3427 956 3518 confirmans,
988 3443 1061 3500 tam
1090 3453 1194 3501 suam
1219 3428 1327 3501 nobis
1349 3430 1387 3500 in
1412 3428 1484 3501 hoc
1508 3453 1617 3525 quam
1641 3443 1845 3501 ceterorum

248 3548 423 3620 rationem
441 3549 604 3645 exposuit
620 3548 935 3648 philosophorum.
946 3547 1051 3621 Unde
1066 3548 1156 3620 illud
1177 3549 1214 3620 in
1230 3548 1349 3647 primo
1360 3548 1554 3619 Rhetorice
1566 3577 1579 3617 .·
1591 3576 1609 3617 n
1622 3546 1761 3640 Melius,
1780 3550 1844 3619 in-

250 3668 355 3764 quit⁸‚
372 3683 586 3741 accurantur
597 3694 675 3767 quae
692 3668 843 3741 consilio
856 3683 1042 3767 geruntur,
1056 3692 1166 3767 quam
1183 3693 1262 3766 quae
1280 3668 1357 3741 sine
1371 3666 1522 3740 consilio
1534 3668 1841 3739 administrantur.

250 3786 431 3859 Exercitus
449 3789 479 3860 is
498 3790 555 3860 cni
580 3791 792 3888 praepositus
811 3804 865 3863 est
889 3790 1030 3888 sapiens
1047 3803 1083 3861 et
1101 3787 1250 3860 callidus
1268 3789 1475 3886 imperator,
1499 3785 1668 3859 omnibus
1684 3786 1846 3885 partibus

249 3907 477 3982 commodius
499 3911 645 4008 regitur,
666 3934 776 4009 quam
800 3910 830 3982 is
848 3911 910 4008 qui
927 3911 1125 3983 temeritate
1146 3923 1208 3982 aut
1223 3907 1369 3980 stultitia
1392 3907 1541 4005 alicujus
1562 3905 1841 3979 administratur.

251 4027 384 4100 Eadem
401 4031 532 4128 navigii
549 4033 640 4105 ratio
657 4047 722 4105 est.
738 4061 756 4099 a
778 4037 855 4105 Hoc
871 4033 992 4129 itaque
1008 4032 1196 4130 proposito
1214 4028 1408 4102 collatione
1422 4025 1697 4100 similitudinum
1712 4050 1844 4099 conve·

251 4148 390 4220 nienter
401 4163 571 4243 astructo,
589 4154 846 4225 assumtionem
860 4152 978 4224 statim
995 4174 1190 4247 aggregans
1201 4148 1409 4246 syllogismi,
1428 4179 1446 4215 a
1459 4146 1552 4220 Nihil
1562 4162 1697 4237 autem,
1713 4147 1843 4244 inquit,

251 4269 415 4338 omnium
430 4293 551 4342 rerum
574 4271 714 4363 melius,
734 4261 844 4370 quani
862 4272 979 4344 omnis
997 4269 1155 4342 mundus
1170 4268 1450 4341 administratur.
1475 4271 1565 4339 Nam
1586 4282 1622 4339 et
1638 4266 1842 4364 signorum,

251 4386 385 4483 inquit,
405 4402 506 4459 ortus
533 4388 721 4463 definitum
747 4390 943 4490 quemdam
960 4390 1127 4462 ordinem
1144 4402 1306 4481 servant,
1335 4381 1371 4459 et
1395 4412 1524 4461 annuae
1547 4386 1847 4459 commutationes

251 4527 326 4573 non
350 4504 463 4576 modo
488 4508 646 4604 quadam
670 4534 713 4582 ex
731 4512 940 4584 necessitate
957 4533 1098 4608 semper
1116 4507 1247 4580 eodem
1271 4505 1384 4580 modo
1407 4505 1517 4600 fiunt,
1540 4501 1665 4578 verum
1686 4503 1733 4578 ad
1751 4505 1848 4577 utili-

252 4634 341 4694 tates
365 4646 512 4721 quoque
533 4650 654 4698 rerum
671 4630 836 4701 omnium
857 4644 941 4702 sunt
963 4626 1265 4719 accommodatae,
1291 4640 1328 4698 et
1352 4621 1489 4697 diurna
1518 4640 1776 4720 noctumaeque
1792 4625 1848 4693 vi-

251 4741 477 4814 cissitudines
497 4745 597 4818 nulla
612 4746 656 4842 ⁸in
674 4771 713 4818 re
730 4771 901 4845 umquam
919 4761 1062 4819 mutatae
1088 4747 1281 4844 quicquam
1297 4759 1518 4833 nocuerunt,
1537 4767 1617 4842 quae
1642 4739 1743 4837 signo
1764 4756 1847 4813 sunt

253 4861 374 4933 omnia
404 4886 480 4934 non
507 4864 681 4937 mediocri
703 4865 864 4964 quodam
891 4866 1042 4939 consilio
1067 4879 1234 4938 naturam
1260 4862 1388 4935 mundi
1415 4857 1666 4935 administrari.
1686 4858 1794 4948 Quod
1817 4860 1849 4932 si

288 5134 293 5162 ¹
309 5133 392 5196 llum,
415 5148 469 5198 cap.
487 5150 506 5198 1,
518 5151 541 5191 r.
557 5140 593 5191 ta
609 5164 638 5175 -
649 5140 817 5203 ’nomn
836 5152 863 5202 u,
880 5154 905 5190 v.
922 5142 944 5192 1.
959 5165 988 5176 -
999 5139 1100 5203 wop,
1117 5150 1174 5200 cap.
1189 5149 1243 5199 xm,
1260 5149 1284 5188 r.
1301 5141 1327 5189 t.
1343 5162 1376 5175 -
1392 5137 1401 5167 ¹
1416 5134 1529 5199 lucem„
1542 5135 1584 5185 m.
1607 5133 1634 5198 t,
1661 5147 1716 5199 cap.
1733 5147 1818 5187 xxxxv.

414 5261 438 5297 rr
1714 5243 1753 5300 to
