4559 6100
1125 551 1253 624 PE'l'lll
1279 549 1513 625 statuunt

1131 985 1198 1064 EX
1234 984 1508 1068 luctuari.

569 1320 744 1415 Deperdita
770 1335 818 1387 est
842 1318 1008 1410 Apologia
1029 1341 1094 1409 qua
1122 1319 1226 1384 illatas
1253 1342 1272 1383 a
1293 1319 1335 1384 D.
1360 1318 1525 1385 Ber-nardo
1554 1318 1792 1385 criminationes
1818 1317 2031 1409 depellebat
2055 1324 2149 1389 Aba·

524 1421 645 1504 lardus,
662 1442 796 1499 summa,
814 1434 851 1484 ut
866 1417 1054 1509 perhibent,
1071 1417 1274 1483 vehementia
1291 1433 1387 1506 atque
1403 1416 1590 1482 acerbitate.
1604 1416 1725 1483 Verum
1741 1417 1828 1484 Otho
1845 1417 2103 1511 Frisingensis,
2120 1437 2150 1486 nt
2236 1375 2243 1498 1

525 1543 620 1609 snpra
635 1519 829 1600 monuimus,
846 1518 941 1603 hujus
956 1516 1084 1581 initium
1098 1515 1193 1581 nobis
1209 1516 1422 1598 conservavit,
1440 1531 1472 1581 et
1482 1513 1555 1580 loca
1571 1513 1721 1604 quadam
1735 1516 1810 1581 satis
1826 1515 1949 1607 ampla
1968 1521 2147 1609 reperimus
2235 1551 2238 1564 =

525 1618 559 1682 in
574 1616 658 1681 libro
674 1638 771 1705 quem
783 1613 886 1681 edidit
897 1614 930 1678 in
945 1614 1051 1680 lucem
1064 1615 1167 1679 Bertr.
1189 1612 1322 1679 Tissier¹
1343 1613 1403 1679 sub
1418 1613 1482 1678 boc
1497 1613 1591 1680 titulo
1604 1637 1612 1679 :
1625 1614 1811 1703 Disputatio
1827 1612 1973 1679 obbatis
1998 1625 2148 1700 anonymi
2236 1573 2243 1644 1

524 1726 637 1778 contro
662 1735 788 1777 errores
810 1711 991 1778 Abatos-it.
1018 1711 1134 1801 Operae
1158 1710 1308 1776 duximus
1338 1712 1479 1800 pretium
1502 1734 1570 1777 esse
1592 1713 1626 1776 in
1648 1734 1750 1776 unum
1769 1711 1858 1776 varia
1885 1712 1971 1778 haec
2000 1714 2144 1804 colligere

523 1810 714 1902 fragmenta,
725 1833 797 1900 quae
813 1808 977 1875 Aboelardi
993 1808 1200 1898 opinionibus
1221 1824 1255 1875 et
1268 1807 1533 1876 condemnationi
1545 1808 1651 1874 lucem
1666 1807 1840 1898 quamdam
1857 1809 1998 1877 afferre
2016 1811 2141 1902 possint.

524 1907 638 1998 Neque
660 1908 755 1974 nobis
777 1908 913 1974 dubium
935 1923 984 1973 est
1002 1907 1081 1996 quin
1103 1904 1240 1973 fideliter
1260 1907 1378 1973 fuerint
1397 1930 1437 1972 ex
1454 1905 1620 1997 Apologia
1642 1908 1710 1994 ejus
1729 1921 1909 1996 excerpta,
1939 1931 2024 1974 cum
2041 1924 2143 1975 auctor

526 2027 704 2095 anonymus
714 2029 923 2095 quaecumque
936 2004 1108 2071 adduxerit
1123 2029 1142 2072 e
1155 2007 1363 2096 scriptoribus
1374 2004 1456 2085 loca,
1467 2003 1613 2096 religiose
1627 2004 1738 2070 solitus
1754 2005 1795 2070 sit
1809 2006 2060 2073 transcribere.
2079 2006 2142 2072 Hoc

526 2126 626 2168 unum
643 2102 891 2170 desiderandum
906 2101 1032 2168 videtur
1047 2104 1136 2193 quod
1153 2128 1220 2170 non
1236 2105 1350 2194 sapius
1364 2102 1529 2168 Aboelardi
1543 2102 1642 2169 verba
1658 2103 1914 2192 transcripserit.

503 2327 510 2340 »
573 2381 625 2448 Er
636 2376 783 2450 Othone
798 2377 1023 2476 Frisingensi,
1044 2375 1090 2450 de
1112 2375 1197 2450 Rei.
1215 2380 1330 2451 Gestis
1345 2377 1484 2451 Frriler.
1507 2384 1529 2450 Ι
1546 2381 1692 2476 imper„
1707 2376 1772 2450 lib.
1787 2380 1816 2468 l,
1833 2402 1872 2453 c.
1891 2380 1963 2473 49,
1985 2383 2133 2452 lamna.

526 2502 577 2570 Ne
598 2498 700 2594 juxta
716 2497 926 2570 boetianum
952 2496 1058 2591 illud,
1080 2499 1264 2597 prooemiis
1284 2498 1375 2570 nihil
1391 2498 1621 2573 afferentibus
1639 2513 1781 2597 tempus
1801 2511 1973 2591 teratur3
2002 2498 2050 2572 ad
2067 2522 2134 2570 rem

527 2617 642 2714 ipsam
657 2615 878 2689 veniendum
903 2631 976 2710 est,
1002 2633 1042 2690 ut
1058 2618 1303 2691 innocentiam
1326 2643 1446 2692 meam
1468 2620 1546 2719 ipsa
1570 2643 1692 2692 rerum
1713 2618 1846 2691 veritas
1875 2621 2006 2720 potius
2031 2641 2131 2716 quam

526 2733 723 2807 verborum
738 2749 882 2808 excuset
898 2736 1095 2835 prolixitas.

574 2964 608 3031 E
623 2962 728 3060 Disp.
744 2960 879 3034 abbam
893 2964 1078 3061 arronymi.
1098 2966 1183 3062 Pag.
1203 2963 1288 3038 239.
1310 2963 1410 3036 Sicut
1425 2988 1511 3062 ergo
1527 2965 1699 3064 sapientia
1710 2986 1821 3061 quam
1833 2965 1974 3038 Filium
1988 2961 2061 3059 ejus
2074 2960 2129 3032 in·
2232 2985 2235 2996 ·

527 3079 735 3178 telligimus,
755 3081 920 3180 quadam
945 3083 1108 3182 potentia
1129 3098 1200 3175 est,
1226 3085 1283 3157 vel
1306 3083 1455 3159 bcultas
1481 3086 1604 3159 omnia
1627 3084 1863 3159 discernendi
1889 3087 1969 3159 sive
1997 3105 2130 3180 cogno·

526 3199 669 3293 scendi,
687 3225 735 3275 ne
748 3226 814 3301 per
829 3203 1070 3299 ignorantiam
1086 3229 1205 3278 errare
1220 3204 1351 3304 possit3
1371 3205 1421 3278 sic
1438 3229 1541 3279 amor
1558 3205 1669 3304 ipsius
1686 3204 1760 3278 sive
1776 3203 2006 3304 benignitas,
2026 3223 2126 3301 quam

527 3320 698 3418 Spiritum
719 3337 883 3396 sanctum
900 3323 1066 3419 dicimus,
1086 3327 1224 3424 optima
1238 3339 1292 3399 est
1305 3326 1383 3422 ejus
1398 3324 1564 3399 voluntas
1579 3324 1810 3424 potiusquam
1828 3340 2009 3427 potestas.

576 3546 684 3638 lita,
713 3572 796 3647 pag.
828 3550 914 3625 242.
968 3554 1078 3623 Amor
1104 3551 1225 3648 itaque
1251 3551 1317 3622 Dei
1343 3552 1416 3623 sive
1446 3550 1588 3624 bonitas
1615 3564 1669 3622 est
1690 3550 1830 3649 optima
1861 3552 1944 3649 ejus
1969 3548 2120 3621 voluntas

529 3666 682 3740 faciendi
707 3670 862 3768 optime,
880 3668 938 3742 vel
957 3668 1192 3768 disponendi,
1208 3684 1250 3742 ut
1265 3671 1433 3765 diximus,
1453 3672 1594 3763 omnia,
1614 3695 1691 3743 non
1713 3672 1882 3770 potentia
1906 3666 2059 3743 faciendi
2073 3660 2119 3735 rel

527 3783 744 3882 disponendi
759 3788 832 3861 illa.
852 3793 1036 3887 Nusquam
1051 3789 1163 3884 enirn,
1182 3791 1310 3863 sivein
1331 3789 1452 3884 nobis,
1470 3791 1545 3864 sive
1562 3791 1600 3862 in
1614 3794 1707 3878 Deo,
1724 3813 1830 3862 amor
1848 3791 1910 3865 vel
1926 3784 2115 3883 benignius

527 3900 636 3976 debet
659 3904 730 3977 dici
752 3909 932 4005 potentia;
958 3934 1043 3982 cum
1068 3935 1297 4010 nequaquam
1319 3934 1440 3984 amare
1461 3910 1519 3983 vel
1539 3909 1738 4007 benignum
1761 3932 1839 3984 esse
1874 3911 1924 3983 sit
1945 3917 2114 4010 potentem

528 4045 621 4111 esse;
650 4047 734 4094 cum
761 4049 853 4125 saepe
882 4026 922 4098 hi
950 4029 1012 4126 qui
1040 4032 1152 4126 magis
1180 4032 1335 4128 diligunt
1363 4031 1418 4104 vel
1446 4029 1675 4128 benigniores
1699 4043 1806 4124 sunt,
1840 4030 1968 4102 minus
1996 4020 2117 4125 posslssl
2229 4054 2232 4067 ¹

528 4139 677 4240 implere
701 4143 963 4239 quodvolun13
987 4161 1024 4219 et
1044 4149 1163 4220 minus
1184 4150 1256 4222 sint
1276 4163 1460 4248 potentes,
1488 4150 1551 4249 qui
1571 4148 1654 4249 plus
1674 4163 1760 4223 sunt
1779 4148 1955 4223 benevoli
1975 4174 1984 4219 ε
2003 4139 2114 4217 divise
2225 4098 2231 4267 1

526 4259 674 4353 affectu,
693 4286 869 4364 pauperes
884 4264 1029 4338 ellectu.
2225 4282 2230 4385 1

574 4486 682 4582 lbra,
702 4515 783 4591 pag.
803 4492 889 4567 246.
907 4494 999 4564 Curn
1019 4516 1080 4566 me
1097 4495 1215 4592 arguis
1232 4494 1333 4594 quod
1349 4518 1425 4569 non
1439 4495 1521 4570 dico
1542 4498 1628 4596 quia
1645 4500 1742 4568 Deus
1762 4508 1799 4567 et
1814 4492 1934 4564 homo
1957 4507 2026 4561 una
2040 4487 2110 4552 sunt

525 4606 563 4679 in
579 4608 748 4682 'irinitate
766 4635 935 4709 persona,
953 4626 1117 4713 patenter
1137 4628 1172 4687 te
1189 4615 1227 4688 id
1243 4616 1375 4688 sentire
1396 4613 1587 4717 profiteris.
1609 4615 1720 4705 Quod
1734 4625 1916 4714 quantum
1933 4627 2026 4682 sana
2040 4591 2111 4670 fidei

526 4730 747 4802 eontrarium
765 4732 821 4823 sit,
841 4732 927 4805 volo
944 4748 1047 4806 tuum
1064 4759 1225 4809 errorem
1241 4760 1513 4834 recognoscere.
1532 4738 1722 4810 Nouenirn
1737 4740 1835 4808 Deus
1852 4747 1891 4804 et
1909 4715 2109 4814 homoduas

526 4846 599 4917 istae
618 4863 766 4944 naturae,
789 4850 863 4924 sive
881 4851 1033 4947 singula,
1058 4853 1132 4928 sive
1155 4855 1260 4928 simul
1285 4856 1524 4955 accipiantur,
1543 4879 1618 4929 una
1635 4855 1707 4928 dici
1725 4865 1882 4953 possunt
1904 4850 1943 4920 in
1958 4838 2109 4916 Trinitas

561 5158 567 5187 ¹
579 5154 735 5212 Bibliotheca
743 5158 853 5210 Potnias
864 5159 1071 5227 cumunilam,
1085 5160 1132 5226 up.
1145 5160 1224 5216 heru.
1235 5160 1335 5226 bustu,
1346 5160 1495 5228 Βουοῐοαιο,
1512 5164 1632 5228 induti,
1644 5163 1726 5215 inici.
1739 5169 1758 5213 t.
1771 5160 1811 5212 lv.
