4559 6100
745 560 1000 634 tttuutuutt
1035 558 1306 633 tflutsttarvt.
1749 559 1821 631 445

232 712 402 812 elephans
435 729 554 808 natat,
582 729 617 788 et
645 739 759 814 agnus
789 713 1110 809 ambulatl'Cujus
1139 712 1288 809 quidem
1317 709 1547 806 intelligentia
1578 711 1626 784 ita
1657 712 1821 784 omnium

231 834 484 907 alimentorum
511 848 546 907 et
574 833 780 906 deliciarum
806 834 919 932 copiis
945 832 1137 923 exuberat,
1168 847 1207 903 ut
1234 831 1309 902 sola
1335 832 1412 928 ipsa
1438 829 1568 928 triplici
1598 831 1821 929 expositione

230 953 485 1050 perfectionem
509 958 626 1026 teneat
647 954 832 1045 doctrinae,
857 954 893 1024 in
917 975 988 1050 qua
1005 950 1173 1050 quislibet
1190 965 1227 1022 et
1245 949 1448 1022 dictaminis
1465 950 1687 1040 suavitatem,
1706 952 1820 1023 multo

230 1072 382 1172 amplius
402 1088 509 1171 atque
533 1072 681 1166 facilius,
706 1098 814 1171 quam
837 1072 935 1172 apud
958 1087 1083 1171 poetas
1105 1070 1318 1156 addisceret,
1344 1084 1386 1142 et·
1404 1068 1511 1141 simul
1536 1093 1679 1140 morum
1704 1070 1822 1142 hone·

229 1206 369 1281 statem,
387 1208 420 1265 et
438 1192 712 1266 aedificationem
723 1195 852 1266 animae
865 1195 971 1292 plene
985 1192 1195 1291 perciperet.
1208 1190 1504 1281 Quisenim,.nou
1519 1189 1601 1260 dico
1617 1202 1818 1288 poetarum,

228 1313 478 1384 verumetiam
500 1313 799 1412 philosophorum
823 1313 1029 1385 maturitate
1052 1311 1256 1383 dictaminis
1277 1309 1423 1383 beatum
1446 1310 1719 1406 Hieronymum,
1741 1312 1821 1408 quis

228 1430 263 1499 in
292 1433 465 1504 suavitate
488 1432 634 1506 beatum
663 1434 898 1530 Gregorium,
927 1434 1067 1530 quisita
1093 1430 1287 1502 subtilitate
1309 1431 1454 1502 beatum
1481 1431 1676 1528 aequiparet
1702 1436 1820 1528 Augo-

227 1551 378 1622 stinum?
409 1558 447 1623 ln
474 1552 534 1624 illo
561 1552 708 1650 quidem
737 1554 923 1626 Ciceronis
951 1552 1212 1651 eloquentiam,
1244 1551 1279 1622 in
1310 1552 1384 1623 istis
1411 1551 1522 1622 Boetii
1551 1554 1759 1623 suavitatem
1785 1568 1820 1624 et

230 1670 421 1743 Aristotelis
450 1672 609 1744 invenies
630 1672 883 1762 subtilitatem
909 1687 958 1767 et,
986 1674 1024 1745 ni
1048 1672 1170 1765 fallor,
1200 1671 1314 1743 multo
1343 1671 1512 1770 amplius,
1539 1672 1567 1742 si
1595 1672 1817 1768 singulorum

226 1789 388 1862 conferas
405 1792 548 1890 scripta.
568 1792 666 1880 Quid
683 1793 729 1867 de
747 1795 954 1892 eloquentia
970 1793 1138 1890 Cypriani
1159 1793 1231 1864 sive
1248 1791 1411 1886 Origeuis
1427 1806 1462 1863 et
1478 1791 1631 1861 aliorum
1649 1790 1818 1863 innume-

227 1907 392 1980 rabilium
429 1910 750 1985 ecclesiasticorum
780 1912 996 2000 doctorum,
1029 1926 1103 1982 tam
1128 1914 1335 1982 Graecorurn
1371 1935 1481 2007 quarn
1519 1910 1746 2000 latinorum,
1780 1912 1816 1982 in

225 2028 393 2100 omnibus
419 2029 618 2102 liberalium
645 2032 776 2103 artium
802 2032 928 2103 studiis
954 2029 1539 2128 eruditissimorumleprianum
1564 2029 1601 2100 in
1625 2028 1818 2102 dictamine

224 2172 349 2219 omues
366 2149 627 2222 transcendisse
644 2150 804 2246 gentiles,
827 2138 989 2249 ipsorum
1011 2174 1158 2247 quoque
1180 2149 1363 2245 gentilium
1378 2148 1529 2247 judicio,
1548 2147 1674 2220 beatus
1695 2151 1818 2222 asserit

224 2268 450 2363 Augustinus.
483 2268 551 2339 Ubi
579 2270 743 2366 quaedam
777 2269 873 2343 dicta
900 2270 1086 2366 cujusdam
1121 2269 1278 2366 epistolae
1305 2269 1473 2366 Cypriani
1510 2267 1656 2338 inducta
1685 2283 1815 2341 sunta

223 2386 431 2459 Christianis
447 2390 483 2460 in
499 2389 616 2487 ipsum
632 2390 836 2461 certaminis
852 2390 1062 2462 conflictum
1079 2390 1174 2461 inter
1187 2388 1401 2459 christianos
1417 2402 1451 2457 et
1470 2385 1619 2482 gentiles
1635 2386 1811 2475 habitum,

223 2508 285 2602 qui
310 2506 356 2578 de
381 2533 507 2580 eorum
531 2508 742 2582 doctoribus
768 2513 805 2581 in
827 2508 997 2581 dictando
1025 2508 1302 2606 prevaluissent.
1326 2511 1417 2578 Sunt
1435 2522 1555 2579 autem
1575 2506 1651 2578 haec
1673 2507 1731 2580 illa
1747 2513 1811 2605 Cy·

224 2627 336 2720 priani
364 2626 472 2699 verba
497 2628 649 2700 dicentis
673 2628 833 2726 quodam
859 2628 968 2700 loco:
999 2659 1016 2695 u
1033 2634 1198 2700 Petamus
1225 2627 1320 2699 hanc
1346 2626 1497 2700 sedem:
1523 2625 1612 2698 dant
1638 2651 1814 2699 secessum

224 2746 336 2819 vicina
361 2761 506 2838 secreta,
537 2745 600 2818 ubi
621 2746 710 2821 dum
732 2747 873 2820 erratici
896 2747 1083 2846 palmitum
1108 2746 1230 2844 lapsus
1252 2747 1419 2845 pendulis
1445 2744 1594 2816 nexibus
1621 2771 1685 2843 per
1706 2771 1813 2819 aruu-

222 2865 322 2938 dines
338 2865 476 2964 bajulas
492 2880 636 2965 repunt,
657 2867 788 2939 viteam
807 2867 987 2965 porticum
1005 2866 1157 2940 frondea
1172 2882 1266 2939 tecta
1281 2867 1453 2938 fecerunt.
1467 2897 1484 2930 n
1502 2869 1556 2937 De
1572 2890 1647 2963 quo
1665 2866 1812 2962 quidem

220 2984 411 3059 verborum
435 2987 588 3059 istorum
612 3000 755 3079 ornatu,
770 2985 897 3059 beatus
913 2989 1126 3083 Augustinus
1148 2987 1185 3059 in
1206 3001 1335 3086 quarto
1363 2984 1407 3058 de
1424 2987 1598 3057 Doctrina
1616 2984 1813 3058 christiana

222 3106 396 3197 meminit,
413 3106 551 3177 dicens¹
571 3132 580 3176 ι
600 3106 760 3201 «Exigua
776 3120 813 3178 et
827 3105 961 3203 fragilia
979 3106 1078 3178 bona
1095 3131 1246 3205 spumeo
1261 3102 1454 3177 verborum
1471 3104 1607 3177 ambitu
1622 3120 1809 3178 ornantur.

220 3227 280 3294 Est
304 3223 373 3296 tale
399 3222 532 3320 aliquid
558 3225 595 3295 in
621 3224 771 3322 epistola
798 3225 982 3322 Cypriani.
1013 3227 1068 3296 Ait
1094 3249 1180 3321 ergo
1207 3223 1368 3322 quodam
1390 3224 1473 3295 loco
1498 3254 1507 3295 ε
1532 3229 1695 3296 Petamus
1718 3223 1812 3296 harre

218 3342 363 3430 sedem,
385 3357 453 3415 etc.
477 3373 495 3411 n
520 3343 628 3432 Quod
643 3344 672 3414 si
689 3344 725 3414 in
743 3342 844 3415 brevi
873 3344 1012 3441 assequi
1035 3343 1135 3439 juvat
1158 3343 1372 3415 christianos
1398 3343 1551 3415 lectores
1578 3358 1652 3414 tam
1682 3366 1812 3438 genera
1861 3383 1867 3406 ι

218 3462 527 3533 constructionum
556 3485 665 3557 quam
692 3476 838 3533 ornatus
860 3460 1072 3551 verborum,
1099 3462 1203 3560 plene
1224 3461 1262 3534 id
1279 3463 1478 3561 percipient
1494 3486 1537 3533 ex
1554 3462 1639 3561 ipsis
1653 3460 1809 3554 artibus,

218 3604 297 3675 quae
310 3582 376 3652 ista
395 3605 438 3652 cx
457 3582 594 3678 integro
611 3594 647 3652 ct
662 3595 785 3680 aperte
801 3581 963 3674 tradunt,
979 3583 1210 3677 grammatica
1225 3581 1371 3674 scilicet,
1387 3581 1584 3671 dialectica,
1605 3581 1783 3656 rhetorica
1800 3614 1807 3653 :

185 3730 192 3744 ·
217 3725 284 3772 nec
310 3725 402 3799 opus
424 3714 479 3772 est
498 3700 561 3772 diu
578 3700 731 3773 detineri
747 3702 784 3773 in
805 3701 976 3773 sabulosis
995 3716 1197 3801 poetarum,
1219 3715 1258 3773 ut
1278 3702 1354 3773 haec
1370 3702 1558 3799 colligant,
1578 3727 1658 3800 quae
1682 3700 1733 3774 ibi
1751 3717 1812 3775 aut

216 3844 312 3911 raro,
336 3834 397 3892 aut
416 3818 582 3908 obscure,
602 3835 664 3893 aut
687 3821 894 3921 imperfecte
910 3835 1092 3894 notantur.
1112 3820 1215 3893 Unde
1235 3845 1303 3893 nec
1317 3821 1451 3893 Tullius
1467 3822 1504 3893 in
1523 3822 1709 3894 Rhetorica
1727 3848 1810 3895 cunr

216 3939 261 4010 de
288 3940 493 4013 elocutione
519 3939 625 4039 plene
651 3942 855 4030 instrueret,
883 3942 1032 4040 poeticis
1056 3941 1107 4011 uti
1131 3939 1245 4011 voluit
1272 3940 1454 4040 exemplis,
1486 3942 1549 4014 sed
1577 3943 1744 4042 propriis,
1773 3944 1810 4015 in

215 4059 346 4156 quibus
371 4059 525 4158 plenius,
547 4074 587 4132 ut
609 4061 761 4160 ipsemet
782 4061 844 4152 ait,
870 4084 927 4132 ars
951 4062 1136 4134 emineret.
1158 4058 1255 4148 Quid
1278 4084 1362 4156 ergo
1389 4061 1550 4158 episcopi
1571 4075 1607 4133 et
1629 4063 1811 4158 religionis

216 4179 415 4251 christianae
431 4176 598 4251 doctores
611 4193 735 4277 poetas
751 4202 772 4251 a
789 4178 931 4252 civitate
947 4181 1013 4252 Dei
1029 4204 1103 4253 non
1120 4193 1256 4269 arcent,
1276 4203 1369 4276 quos
1383 4202 1405 4251 a
1421 4179 1560 4252 civitate
1574 4180 1691 4253 saculi
1711 4181 1809 4254 Plato

215 4299 393 4372 inhibuit?
410 4305 524 4372 lmmo
540 4299 628 4398 quid
641 4300 677 4372 in
696 4299 919 4372 solemnibus
935 4325 1148 4397 magnarum
1165 4301 1396 4374 festivitatum
1412 4300 1553 4393 diebus,
1574 4326 1653 4399 quae
1668 4303 1810 4400 penitus

214 4422 249 4489 in
267 4419 433 4494 laudibus
446 4421 512 4493 Dei
527 4419 680 4519 expendi
697 4418 844 4511 debent,
859 4420 1090 4517 joculatores,
1112 4419 1310 4510 saltatores,
1332 4422 1587 4513 incantatores,
1608 4437 1809 4495 cantatores

214 4540 372 4636 turpium
398 4540 540 4612 acciunt
565 4539 612 4612 ad
639 4565 814 4630 mensam,
841 4555 953 4613 totam
980 4541 1075 4612 diem
1101 4555 1137 4612 et
1163 4554 1307 4613 noctem
1336 4565 1419 4612 cum
1449 4541 1517 4613 illis
1543 4541 1684 4635 feriant,
1702 4558 1809 4641 atquc

212 4656 448 4747 sabbatizant,
473 4660 611 4757 magnis
629 4657 865 4759 postmodum
885 4683 947 4731 eos
965 4674 1195 4733 remunerant
1216 4661 1384 4759 praemiis,
1404 4685 1484 4757 quae
1501 4659 1547 4733 de
1564 4661 1809 4735 ecclesiasticis

213 4778 356 4877 rapiunt
385 4775 583 4871 beneficiis,
606 4777 651 4852 de
677 4778 921 4852 oblationibus
948 4802 1162 4878 pauperum,
1195 4794 1234 4851 ut
1264 4779 1453 4852 immolent
1472 4794 1575 4853 certe
1603 4780 1807 4854 daemoniis?

213 4901 312 4983 Qum
333 4920 423 4969 snm
446 4911 531 4969 sunt
552 4897 640 4971 tales
663 4898 867 4989 histriones,
893 4898 961 4969 nisi
979 4921 1174 4996 praecones,
1199 4912 1233 4970 et
1263 4912 1300 4969 ut
1326 4900 1372 4971 ita
1399 4899 1531 4989 dicam,
1558 4900 1711 4997 apostoli
1734 4900 1807 4973 dae-

244 5176 364 5236 'stimat
378 5177 408 5228 de
418 5180 485 5229 Dect.
501 5177 609 5244 carrea,
633 5178 666 5230 ib.
680 5175 723 5240 tt,
738 5190 792 5240 cap.
805 5189 854 5226 ru.
