4559 6100
616 515 809 589 ΕΡΙΤΟΜΕ
831 516 1101 589 THEOLOGlAE
1133 516 1424 595 ClllllSTlANAE.
1748 520 1819 591 573

224 669 366 758 quamvis
382 667 515 732 diversae
535 689 543 730 :
562 667 636 754 quia
657 665 749 747 licet,
767 667 822 754 qui
838 665 1013 756 scripserit,
1031 689 1097 730 uno
1113 665 1215 731 modo
1230 681 1356 731 tantum
1374 664 1583 749 intellexerit,
1599 683 1707 733 tamen
1723 684 1756 733 et
1772 683 1821 733 tot

224 785 256 831 et
271 783 339 831 tam
352 764 484 831 diversis
499 762 604 828 modis
620 785 712 852 posse
727 764 955 829 convenienter
969 762 1090 853 exponi
1106 761 1240 851 Spiritus
1255 778 1382 829 sanctus
1396 764 1557 853 cognovit.

268 863 332 930 Sed
348 864 435 929 dicat
451 861 645 952 Augustinus
660 860 857 928 voluntatem
875 884 977 940 suam,
994 883 1054 926 nos
1069 882 1148 925 vero
1167 860 1314 940 dicimus,
1334 861 1422 949 quia,
1448 861 1529 926 sicut
1543 883 1653 926 veram
1667 863 1820 928 humaui·

223 977 323 1027 tatem
343 961 500 1039 assumsit,
515 961 561 1024 ita
580 960 730 1024 humanae
745 958 937 1024 infirmitatis
956 981 1050 1025 veros
1069 957 1211 1024 delectus
1229 956 1402 1024 habuerit:
1425 957 1515 1047 quod
1533 973 1567 1023 et
1585 960 1686 1023 sancti
1706 962 1822 1024 unani·

224 1058 319 1123 miter
333 1074 488 1123 asserunt.
506 1059 572 1121 Leo
587 1080 672 1146 papa
684 1081 692 1121 ι
703 1058 871 1135 Dominus,
889 1058 1005 1146 inquit,
1023 1056 1112 1120 lesus
1121 1056 1262 1120 Christus
1278 1056 1386 1120 omnia
1402 1071 1511 1120 nostra
1527 1070 1644 1143 praeter
1654 1071 1821 1143 peccatum

225 1156 381 1220 assumsit.
400 1154 493 1219 Idem
504 1176 632 1242 quoque
649 1155 842 1244 Augustinus
857 1154 1085 1219 :Voluntatem
1095 1168 1239 1217 nostram
1256 1152 1401 1217 assumsit
1414 1168 1447 1218 et
1462 1151 1622 1217 tristitiam
1640 1152 1822 1219 :tristitiam

225 1251 422 1317 confidenter
433 1250 519 1332 dico,
533 1251 607 1340 quia
619 1274 747 1316 crucem
759 1251 913 1341 praedico.
925 1249 1083 1315 Habuerit
1094 1249 1191 1339 igitur
1197 1271 1309 1314 veram
1316 1250 1476 1315 tristitiam
1487 1265 1521 1315 et
1530 1272 1624 1315 veros
1636 1247 1775 1331 dolores,
1790 1268 1822 1316 et

225 1373 291 1414 non
306 1349 530 1415 simulatorios.
544 1349 592 1412 De
604 1350 669 1414 hoc
681 1349 780 1429 enim,
799 1348 887 1438 quod
896 1348 1035 1413 Hilarius
1049 1346 1138 1428 dicit,
1157 1369 1232 1412 eum
1244 1370 1310 1411 non
1324 1347 1415 1413 aliter
1428 1348 1559 1412 sensisse
1568 1346 1673 1412 clavos
1686 1347 1823 1437 pedibus

225 1464 257 1512 et
272 1447 420 1513 manibus
436 1446 563 1528 infixos,
580 1470 676 1537 quam
693 1447 719 1511 si
735 1470 815 1512 cerae
825 1445 1043 1536 infigerentur,
1064 1467 1184 1512 errasse
1200 1446 1354 1537 arguitur.
1366 1445 1434 1511 Nisi
1449 1446 1537 1511 enim
1553 1460 1635 1511 esset
1649 1444 1821 1533 ibipassio,

225 1568 291 1610 non
306 1562 388 1611 esset
404 1546 451 1610 ibi
467 1543 586 1634 aliquid
602 1561 714 1609 contra
730 1545 941 1609 voluntatem.
959 1542 1054 1607 Unde
1071 1543 1105 1607 in
1124 1542 1232 1607 futura
1246 1544 1332 1621 vita,
1349 1542 1406 1607 ubi
1426 1542 1513 1607 nulla
1529 1543 1590 1607 erit
1604 1543 1721 1632 passio,
1744 1544 1823 1608 nihil

225 1658 336 1707 contra
343 1641 541 1708 voluntatem
551 1640 617 1707 fiet.
626 1641 783 1707 Voluntas
796 1643 884 1707 enirn
893 1664 1058 1730 nunquam
1073 1643 1191 1707 estnisi
1200 1664 1274 1708 cum
1285 1642 1520 1723 delectatione3
1538 1642 1655 1731 quippe
1666 1640 1756 1730 quod
1766 1641 1824 1706 de-

225 1736 569 1821 lectatilludvolumus,
575 1737 664 1828 quod
672 1762 750 1804 vero
757 1737 904 1804 molestat
912 1739 1084 1804 abhorrere
1091 1738 1242 1807 solemus.
1251 1740 1371 1804 Contra
1377 1738 1574 1804 voluntatem
1583 1738 1823 1826 itaquedolores

225 1831 394 1925 illosatque
404 1837 884 1925 molestiaspatiebatumneque
895 1837 982 1901 enim
1000 1834 1131 1925 aliquod
1140 1836 1344 1901 meritumibi
1358 1835 1543 1901 haberetur.
1552 1836 1666 1900 Passus
1674 1851 1721 1900 est
1732 1858 1821 1926 ergo,

226 1954 291 1995 non
302 1932 391 2020 quod
401 1935 498 2000 vellet
504 1936 571 2025 pati
582 1933 684 2025 [quod
691 1933 717 2022 P]
724 1934 758 1997 in
767 1949 872 1999 morte
879 1932 1086 2013 formidabat,
1097 1933 1154 1999 sed
1164 1934 1238 2022 quia
1246 1935 1374 1999 Patrem
1385 1933 1549 2024 diligebat,
1564 1956 1661 2022 quem
1671 1933 1823 1999 hocvelle

225 2027 356 2111 sciebat,
371 2046 405 2094 et
420 2031 494 2118 quia
509 2053 567 2120 per
582 2045 719 2094 mortem
730 2050 821 2093 suam
835 2028 970 2094 salutem
982 2030 1120 2118 proximi
1134 2029 1203 2095 fieri
1219 2031 1380 2121 cupiebat.
1398 2032 1467 2096 Neo
1479 2031 1633 2119 sequitur,
1652 2029 1677 2094 si
1693 2046 1825 2121 propter

225 2125 288 2189 boc
310 2127 377 2215 pati
392 2126 510 2209 voluit,
533 2149 610 2218 ergo
630 2126 698 2215 pati
718 2126 832 2191 voluit.
850 2124 937 2189 Sicut
956 2125 997 2191 de
1014 2126 1121 2215 aliquo
1137 2127 1266 2193 infirmo
1282 2127 1385 2194 videri
1400 2144 1522 2219 potest,
1540 2128 1595 2215 qui
1610 2125 1699 2192 nullo
1724 2128 1824 2192 modo

225 2223 329 2286 sanari
354 2239 479 2313 potest,
505 2223 565 2288 nisi
585 2223 745 2289 incidatur
764 2222 816 2287 vel
837 2238 1004 2311 coquatur.
1020 2223 1100 2289 Vult
1119 2247 1197 2315 ergo
1221 2225 1320 2290 incidi
1336 2241 1373 2290 ut
1388 2241 1528 2306 sanetur,
1545 2248 1606 2290 nec
1628 2240 1737 2289 tamen
1755 2225 1825 2289 vult

226 2317 336 2399 incidi,
350 2321 449 2386 immo
465 2320 653 2386 incisionem
669 2319 871 2386 reformidat.
887 2319 926 2385 ld
940 2321 1045 2411 ipsum
1062 2320 1103 2387 de
1121 2322 1228 2412 aliquo
1241 2323 1437 2388 incarcerato
1450 2321 1513 2387 dici
1528 2337 1646 2411 potest,
1665 2321 1720 2410 qui
1733 2320 1825 2386 aliter

227 2439 386 2482 carcerem
407 2417 543 2484 evadere
560 2419 688 2507 nequit,
707 2419 766 2483 nisi
787 2416 886 2484 lilium
906 2442 1000 2484 suum
1019 2419 1086 2509 ipse
1109 2419 1144 2483 in
1164 2442 1325 2485 carcerem
1344 2436 1456 2509 ponat.
1480 2420 1560 2484 Ideo
1581 2417 1650 2482 vult
1669 2416 1770 2483 filium
1790 2420 1824 2483 in

227 2536 387 2580 carcerem
403 2539 537 2605 ponere,
558 2532 595 2581 ut
612 2517 680 2606 ipse
696 2513 813 2581 evadat
831 2540 839 2581 ε
858 2539 925 2581 non
941 2532 1049 2581 tamen
1065 2516 1150 2600 vult,
1168 2515 1268 2582 filium
1283 2517 1488 2595 incarcerari,
1506 2516 1613 2607 potius
1629 2513 1705 2580 inde
1721 2514 1822 2582 dolet.

227 2610 291 2674 Ubi
308 2634 386 2677 vero
404 2628 452 2678 est
467 2610 561 2678 dolor
572 2613 623 2678 vel
635 2613 752 2702 passio,
770 2612 816 2678 ibi
829 2636 896 2678 non
911 2630 971 2696 est,
984 2629 1021 2679 ut
1036 2613 1187 2698 diximus,
1199 2614 1359 2680 voluntas.
1373 2614 1487 2703 Neque
1498 2636 1641 2703 unquam
1653 2614 1688 2677 in
1699 2613 1825 2679 Christo

227 2706 318 2772 aliter
337 2706 398 2774 fuit
418 2709 460 2775 de
480 2711 544 2775 hoc
560 2733 658 2799 quam
677 2710 711 2774 in
732 2710 943 2800 martyribus,
966 2712 1021 2799 qui
1042 2710 1173 2800 quidem
1195 2712 1260 2801 pati
1279 2711 1449 2792 nolebant,
1474 2710 1560 2776 unde
1584 2726 1823 2800 persecutores,

227 2821 382 2891 quantum
404 2821 569 2897 poterant,
594 2808 777 2897 fugiebant3
802 2808 956 2873 volebant
975 2824 1084 2874 tamen
1106 2809 1175 2898 pati
1196 2823 1328 2900 propter
1352 2807 1559 2874 dilectionem
1584 2808 1712 2873 Christi.
1735 2807 1826 2874 Velle

229 2919 333 2968 autem
344 2900 480 2994 lapidari
494 2905 545 2970 rel
561 2906 720 2986 comburi,
738 2905 765 2969 si
777 2906 841 2970 boc
851 2903 921 2970 fieri
933 2922 1051 2995 posset,
1067 2905 1186 2971 nullius
1197 2907 1310 2971 meriti'
1319 2923 1412 2971 esset.
1427 2906 1562 2996 Propter
1575 2906 1735 2970 Christum
1747 2906 1825 2995 pati,

227 3016 358 3090 propter
374 2999 580 3069 dilectionem
596 3003 656 3069 Dei
676 3002 758 3069 velle
775 3003 927 3087 truncari,
945 3003 1095 3069 meritum
1111 3004 1223 3069 habet.
1242 3003 1307 3068 Ubi
1324 3003 1465 3069 Christus
1484 3004 1519 3067 in
1534 3002 1746 3069 fundamento
1766 3026 1827 3093 po·

227 3097 326 3180 uitur,
344 3099 401 3163 ubi
425 3100 511 3165 Deus
527 3123 674 3190 suprema
689 3117 723 3166 et
736 3103 839 3185 major
858 3122 955 3164 cansa
970 3101 1185 3182 constituitur,
1204 3100 1249 3164 ibi
1266 3102 1415 3166 meritum
1433 3100 1588 3165 duntaxat
1605 3100 1754 3168 babetur.
1772 3102 1828 3165 Di·

227 3194 327 3259 cimus
343 3197 446 3275 enim,
471 3196 559 3284 quod
575 3198 764 3286 martyrium
784 3195 989 3261 dilectionem
1005 3198 1070 3263 sive
1088 3197 1211 3262 bonam
1229 3197 1428 3263 voluntatem
1450 3220 1518 3262 non
1541 3196 1660 3277 donat,
1678 3196 1735 3261 sed
1753 3219 1826 3261 eam

227 3291 372 3356 habitam
383 3308 416 3358 et
427 3292 568 3358 ostendit
579 3309 611 3358 et
627 3309 813 3384 augmentat
826 3292 1032 3383 quandoque.
1046 3293 1145 3376 Quod
1158 3309 1266 3359 autem
1282 3296 1469 3384 martyrium
1484 3317 1587 3383 perse
1603 3293 1698 3359 alicui
1706 3292 1824 3358 volun·

229 3390 344 3455 tarium
362 3390 496 3473 nonsit,
514 3388 591 3456 inde
605 3407 694 3481 patet
708 3392 783 3479 quia
795 3390 976 3477 jucundum
986 3414 1054 3456 non
1070 3406 1130 3456 est.
1150 3391 1249 3473 Quod
1263 3416 1332 3457 non
1348 3393 1388 3457 sit
1400 3390 1593 3478 jucundum,
1608 3391 1826 3480 Hieronymus

229 3486 370 3552 ostendit
382 3511 477 3577 super
491 3488 574 3552 Ecce
590 3511 686 3578 quam
702 3488 827 3553 bonum
842 3503 875 3553 et
891 3510 988 3577 quam
1000 3488 1191 3574 jucundum,
1209 3488 1266 3552 ubi
1286 3489 1364 3554 dicit
1382 3512 1390 3554 t
1408 3490 1464 3554 Est
1479 3489 1566 3553 enim
1581 3489 1718 3571 bonum,
1736 3488 1825 3576 quod

228 3606 296 3648 non
313 3600 359 3650 est
379 3584 577 3670 jucundum,
599 3601 635 3649 ut
654 3586 854 3674 martyrium.
871 3587 944 3651 Hoc
959 3609 1088 3674 quoque
1109 3586 1266 3651 Dominus
1288 3587 1384 3652 Petro
1403 3585 1570 3652 manifeste
1594 3587 1733 3676 aperuit,
1751 3609 1825 3651 cum

230 3678 310 3745 dixit
328 3704 336 3745 ε
355 3683 397 3746 Et
412 3680 507 3748 ducet
520 3698 565 3765 te,
582 3706 647 3772 quo
663 3700 699 3748 tu
715 3706 781 3748 non
797 3683 856 3748 ris.
870 3684 904 3748 si
920 3699 1103 3774 opponatur
1122 3706 1130 3748 :
1149 3683 1283 3748 Oblatus
1301 3699 1361 3757 est,
1376 3683 1451 3773 quia
1466 3684 1534 3774 ipse
1547 3683 1661 3763 voluit,
1677 3682 1822 3758 didmus,

228 3780 303 3868 quia
318 3779 433 3861 voluit,
450 3779 484 3846 id
500 3796 559 3862 est,
578 3781 787 3846 necessariam
802 3797 941 3847 mortem
953 3781 1144 3871 approbavit
1157 3781 1209 3846 vel
1219 3781 1385 3866 judicavit.
1404 3782 1456 3846 Sic
1472 3798 1505 3846 et
1517 3781 1688 3872 Apostolus
1707 3780 1827 3862 :Quod

229 3877 316 3940 enim
326 3876 402 3942 volo
418 3878 483 3942 hoc
498 3901 566 3942 non
582 3900 656 3969 ago,
676 3876 734 3943 sed
750 3876 839 3968 quod
853 3878 931 3943 nolo
946 3877 1027 3943 illud
1042 3878 1137 3945 facio.
1158 3878 1256 3962 Quod
1271 3879 1358 3961 volo,
1377 3879 1432 3962 ait,
1451 3878 1486 3944 id
1501 3896 1560 3960 est,
1576 3876 1664 3966 quod
1681 3877 1826 3968 approbo

229 3969 413 4039 faciendum
432 3997 440 4038 ε
459 3973 548 4064 quod
563 3975 655 4060 nolo,
673 3975 783 4060 idest,
802 3999 868 4041 non
886 3976 1043 4067 approbo.

829 4295 1029 4389 -ctPtJr
1061 4299 1211 4391 llllVI.

875 4517 920 4574 De
941 4515 1091 4574 voluntate
1113 4516 1181 4575 Dei.

275 4689 359 4776 Quia
382 4694 424 4761 de
448 4698 613 4762 voluntate
638 4698 699 4763 Dei
721 4696 921 4763 mentionem
941 4699 1087 4779 fecimus,
1114 4701 1291 4765 circaeam
1311 4696 1568 4788 pertractandam
1597 4695 1829 4786 aliquantulum

231 4790 420 4856 insistamus.
434 4791 593 4858 Voluntas
608 4794 704 4884 igitur
719 4796 780 4860 Dei
792 4793 919 4860 duobus
934 4796 1041 4861 modis
1051 4796 1181 4862 dicitur.
1199 4797 1281 4859 Cum
1297 4794 1369 4860 dico
1384 4796 1473 4860 enim
1493 4819 1501 4860 z
1519 4796 1606 4860 Dens
1617 4793 1684 4859 vult
1701 4795 1764 4858 hoc
1774 4793 1827 4859 vel

230 4886 322 4968 illud,
339 4887 468 4954 duobus
484 4889 589 4955 modis
600 4893 721 4981 exponi
736 4907 841 4980 potest
855 4914 863 4956 ε
879 4891 958 4956 Vult
972 4894 1049 4974 hoc,
1067 4892 1101 4958 id
1117 4909 1177 4972 est,
1197 4891 1359 4983 disponit:
1377 4892 1429 4957 vel
1443 4891 1512 4956 vult
1527 4893 1602 4971 hoc,
1619 4891 1654 4956 id
1670 4906 1729 4972 est,
1748 4913 1827 4956 con·

230 4983 315 5049 sulit.
334 4986 392 5051 llis
403 4984 530 5052 dnobus
545 4987 652 5054 modis
666 5004 793 5054 tantum
807 4990 842 5052 in
857 4988 967 5056 divina
983 4993 1139 5080 scriptura
1155 4991 1302 5056 voluntas
1319 4990 1378 5054 Dei
1395 4990 1496 5078 accipi
1511 4987 1682 5064 invenitur,
1699 5003 1737 5053 ut
1751 4986 1796 5052 ibi
1816 5012 1825 5053 τ

230 5079 346 5146 Omnia
363 5105 561 5173 quaecunque
577 5086 679 5151 voluit
690 5084 777 5168 fecit,
794 5085 906 5169 idest,
926 5087 1091 5179 disposuit.
1111 5089 1153 5152 Et
1165 5086 1241 5152 alibi
1260 5086 1449 5156 :Voluntati
1466 5088 1533 5170 ejus
1546 5085 1617 5174 quis
1632 5084 1778 5152 resistet?
1793 5083 1829 5150 id
