4559 6100
538 498 697 570 etfltcl
723 498 804 571 SEU
828 498 956 568 LlBEll
983 496 1134 570 DlOE'US
1155 525 1165 569 a
1187 496 1310 570 sciro
1334 497 1533 569 TElPSUM.
1758 496 1822 569 60⁴

243 641 466 738 prodessent.
488 646 650 743 Denique
669 659 704 717 et
721 647 910 737 Dominus,
930 644 1094 717 ciborum
1111 670 1258 743 quoque
1272 659 1429 731 creator,
1449 649 1540 715 sicut
1554 657 1591 716 et
1611 666 1827 742 corporum,

241 773 339 832 extra
361 762 503 861 culpam
527 787 602 835 uon
624 778 729 855 esset,
754 767 784 837 si
804 766 891 837 tales
907 765 958 836 eis
980 788 1125 863 sapores
1140 767 1359 853 immitteret,
1378 764 1440 860 qui
1461 764 1662 835 necessario
1684 762 1730 835 ad
1746 787 1830 860 pec·

241 891 360 951 catum
383 883 440 953 sui
465 883 700 956 delectatione
724 884 921 956 nescientes
941 898 1122 981 cogerent.
1142 883 1339 972 Quomodo
1356 884 1453 955 enim
1478 881 1525 953 ad
1541 905 1644 953 esum
1665 895 1831 953 nostrum

242 996 325 1071 talia
346 999 530 1089 conderet,
548 1002 605 1074 vel
623 1026 724 1074 esum
745 1026 872 1074 eorum
892 1002 1119 1092 concederet,
1144 1005 1172 1074 si
1191 1001 1267 1073 baec
1289 1024 1357 1072 nos
1376 999 1483 1071 edere
1503 1000 1580 1070 sine
1595 1011 1744 1096 peccato
1761 1000 1831 1071 im·

241 1117 410 1212 possibile
435 1121 549 1193 esset?
572 1123 767 1210 Quomodo
789 1124 896 1196 etiam
919 1124 957 1194 in
979 1122 1143 1220 eoquod
1166 1135 1220 1193 est
1241 1144 1465 1210 concam,
1491 1118 1562 1191 dici
1586 1131 1705 1217 potest
1728 1143 1834 1191 com-

241 1237 332 1306 mitti
358 1240 572 1334 peccatum?
589 1245 679 1313 Nam
695 1255 732 1313 et
747 1240 806 1315 illa
821 1265 900 1338 quae
918 1239 1137 1338 quandoque
1158 1239 1278 1311 illicita
1300 1239 1445 1310 luerunt
1464 1251 1574 1334 atque
1589 1235 1782 1335 prohibita,
1802 1238 1831 1307 si

240 1355 474 1449 postmodum
496 1359 764 1453 concedantur,
778 1374 814 1432 et
829 1361 880 1431 sic
901 1358 997 1431 licita
1021 1356 1121 1450 liant,
1143 1358 1219 1452 jam
1237 1358 1390 1429 omnino
1412 1355 1547 1454 absque
1563 1371 1712 1454 peccato
1731 1380 1832 1428 corn·

242 1473 453 1565 mittuntur,
473 1492 512 1549 ut
527 1502 609 1550 esus
625 1480 786 1551 carnium
807 1478 1004 1568 suillarum,
1024 1491 1060 1547 et
1076 1476 1247 1574 pleraque
1267 1475 1335 1549 alia
1355 1475 1485 1547 ludaeis
1511 1475 1699 1573 quondam
1723 1477 1828 1548 iuter·

240 1589 357 1682 dicta,
386 1618 484 1668 nunc
509 1620 595 1669 vero
633 1597 739 1671 uobis
767 1621 949 1669 concessa.
977 1598 1070 1672 Cum
1106 1597 1227 1694 itaque
1251 1595 1416 1668 videmus
1439 1594 1581 1666 Judaeos
1615 1618 1761 1691 quoque
1785 1594 1832 1667 ad

240 1708 420 1784 Christum
443 1738 636 1787 conversos
653 1714 863 1812 hujusmodi
886 1714 989 1807 cibis,
1015 1738 1108 1811 quos
1131 1715 1187 1786 lex
1207 1714 1449 1803 interdixerat,
1474 1713 1588 1786 libere
1609 1714 1717 1804 vesci,
1742 1738 1831 1811 quo

241 1826 352 1900 modo
370 1854 432 1902 eos
452 1832 686 1931 inculpabiles
702 1832 939 1920 defendimus,
959 1834 1027 1904 nisi
1043 1833 1128 1930 quia
1141 1834 1217 1928 jam
1232 1834 1284 1905 eis
1298 1832 1371 1905 boc
1390 1856 1413 1904 a
1428 1836 1507 1903 Deo
1527 1856 1603 1903 esse
1621 1854 1831 1903 concessum

239 1949 453 2021 asserimus?
472 1952 508 2022 Si
529 1977 615 2048 ergo
636 1955 673 2024 in
694 1978 756 2026 esu
771 1953 835 2025 tali
852 1953 939 2024 olim
957 1952 1009 2023 eis
1025 1951 1223 2049 prohibito,
1244 1953 1307 2024 sed
1328 1975 1427 2023 nuuc
1442 1974 1628 2040 concesso,
1646 1951 1723 2048 ipsa
1739 1975 1832 2023 con-

238 2064 351 2136 cessio
379 2081 567 2163 peccatum
592 2084 749 2157 excusat,
777 2084 814 2143 et
835 2083 1085 2167 contemptum
1099 2071 1166 2142 Dei
1191 2083 1366 2161 removet,
1389 2070 1469 2166 quis
1494 2069 1700 2165 quempiam
1725 2070 1763 2140 in
1786 2094 1830 2141 eo

239 2206 388 2278 peccare
411 2185 519 2279 dicat,
539 2188 639 2283 quod
661 2190 695 2260 ei
709 2188 847 2261 licitum
871 2189 993 2261 divina
1015 2191 1202 2261 concessio
1227 2188 1330 2261 fecit?
1346 2188 1382 2259 Si
1405 2210 1492 2284 engo
1511 2186 1725 2259 concubitus
1746 2212 1829 2260 cum

238 2324 368 2394 uxore,
393 2304 450 2375 vel
474 2330 555 2377 esus
576 2307 684 2380 etiam
703 2305 921 2380 delectabilis
945 2307 1016 2379 cibi
1041 2308 1202 2406 aprimo
1228 2307 1287 2379 die
1311 2319 1441 2378 nostrae
1462 2306 1665 2395 creationis,
1692 2331 1766 2404 quo
1792 2308 1830 2378 in

237 2420 404 2515 paradiso
424 2424 501 2496 sine
524 2440 673 2522 peccato
695 2424 897 2517 videbatur,
922 2424 1029 2497 nobis
1055 2448 1247 2498 concessus
1263 2438 1334 2515 eat,
1357 2424 1438 2521 quis
1459 2447 1526 2494 nos
1546 2424 1583 2495 in
1604 2424 1675 2496 lroc
1693 2426 1831 2522 peccati

237 2554 373 2633 arguat,
392 2543 423 2613 si
437 2546 679 2616 concessionis
697 2560 834 2617 metum
850 2569 925 2617 non
942 2544 1182 2617 excedamus?

285 2658 357 2731 Sed
381 2684 524 2732 rursum
549 2663 715 2759 inquiunt
742 2666 824 2759 quia
853 2662 1050 2760 conjugalis
1069 2661 1217 2761 quidem
1234 2663 1350 2734 coitus
1368 2673 1404 2734 et
1417 2660 1638 2734 delectabilis
1657 2661 1728 2734 cibi
1749 2688 1830 2735 esus

238 2775 283 2846 ita
309 2800 501 2851 concessam
522 2796 588 2869 est,
614 2796 655 2852 ut
672 2781 861 2853 delectatio
885 2782 963 2878 ipsa
987 2804 1062 2852 non
1090 2778 1321 2871 concedatur,
1347 2779 1409 2851 sed
1435 2791 1474 2850 ut
1497 2780 1563 2852 ista
1583 2781 1734 2853 omnino
1755 2784 1830 2854 sine

238 2893 473 2971 delectatione
487 2914 650 2996 agantur.
670 2900 740 2973 Sed
755 2900 917 2998 prolecto
930 2900 961 2971 si
973 2900 1021 2971 ita
1035 2914 1100 2990 est,
1121 2900 1172 2972 sic
1185 2898 1262 2971 lieri
1283 2913 1369 2971 sunt
1382 2922 1566 2987 concessa,
1585 2900 1772 2996 quomodo
1788 2926 1831 2974 ea

238 3011 440 3088 nullatenus
456 3015 533 3089 lieri
550 3034 701 3116 posstmt
719 3044 727 3088 t
751 3043 817 3091 nec
834 3016 1056 3091 rationabilis
1075 3017 1140 3089 fuit
1162 3017 1361 3115 permissio,
1380 3041 1459 3114 quae
1475 3018 1524 3089 ita
1541 3014 1618 3089 lieri
1633 3019 1826 3112 concessit,

236 3133 423 3227 quomodo
441 3159 523 3207 eam
538 3151 677 3208 certum
693 3152 747 3208 est
763 3161 839 3208 non
854 3161 960 3234 posse
976 3134 1066 3207 lieri.
1086 3140 1169 3223 Qua
1185 3137 1332 3233 insuper
1349 3136 1487 3208 ratione
1500 3136 1557 3207 lex
1576 3135 1623 3207 ad
1640 3137 1830 3209 matrimo-

236 3252 337 3321 nium
357 3252 444 3322 olim
460 3253 631 3348 cogebat,
652 3268 692 3326 ut
706 3255 953 3350 unusquisque
976 3277 1098 3325 semen
1120 3255 1338 3349 relinqueret
1357 3254 1395 3324 in
1414 3253 1540 3342 lsrael;
1559 3252 1616 3323 vel
1640 3253 1829 3351 Apostolus

236 3369 407 3464 conjuges
428 3369 592 3444 debitum
609 3373 763 3445 invicem
786 3373 924 3445 solvere
947 3371 1144 3470 compellit,
1163 3373 1192 3443 si
1214 3371 1290 3442 baec
1309 3371 1513 3443 nullatenus
1528 3370 1663 3467 absque
1680 3387 1828 3469 peccato

235 3486 311 3559 fieri
328 3489 508 3585 possunt?
520 3492 718 3578 Quomodo
734 3494 771 3564 in
786 3493 860 3564 hoc
875 3490 1037 3564 debitum
1052 3490 1151 3581 dicit,
1167 3489 1229 3561 ubi
1243 3491 1318 3587 jam
1335 3490 1533 3561 necessario
1550 3504 1603 3562 est
1615 3492 1827 3588 peccatum?

188 3596 200 3610 ⁵
237 3612 304 3677 Aut
315 3609 504 3702 quomodo
517 3613 597 3707 quis
612 3611 741 3684 adhoc
755 3611 934 3708 agendum
948 3625 1002 3683 est
1017 3609 1214 3708 cogendus,
1232 3609 1269 3679 in
1285 3633 1359 3705 quo
1370 3608 1509 3704 agendo
1523 3613 1642 3680 Deum
1655 3610 1699 3681 sit
1715 3609 1828 3682 oflen-

235 3726 365 3797 surus?
380 3731 431 3799 Ex
448 3729 518 3816 his,
538 3743 578 3801 ut
592 3731 759 3822 arbitror,
778 3730 957 3827 liquidum
972 3743 1037 3820 est,
1057 3728 1194 3799 nullam
1209 3728 1408 3798 naturalem
1422 3728 1539 3799 carnis
1554 3726 1825 3801 delectationem

235 3858 384 3940 peccato
410 3846 684 3921 adscribendam
711 3873 808 3937 esse,
835 3873 903 3920 nec
930 3847 1044 3944 culpae
1072 3844 1301 3918 tribuendum
1325 3846 1363 3915 in
1388 3822 1433 3917 eo
1457 3868 1519 3917 eos
1544 3844 1724 3935 delemmi,
1752 3871 1827 3944 quo

236 3986 318 4034 cum
335 3980 546 4062 pfflentum
569 3968 627 4057 sit,
645 3968 921 4041 delectationem
941 3990 1087 4038 necesse
1106 3979 1160 4036 est
1176 3963 1320 4053 sentiri3
1340 3964 1451 4035 veluti
1467 3964 1496 4035 si
1517 3964 1599 4061 quis
1621 3962 1826 4061 religiosum

236 4082 388 4178 aliquem
405 4084 556 4156 vinculis
572 4087 802 4158 constrictum
819 4088 911 4158 inter
926 4084 1075 4157 laminas
1087 4084 1206 4180 jacere
1222 4081 1427 4179 oonrpellat,
1447 4081 1554 4154 atille
1570 4081 1714 4155 mollitie
1730 4083 1824 4175 lecti,

235 4213 270 4268 et
295 4201 602 4275 circumstantium
627 4204 842 4278 feminarum
868 4219 1038 4277 contactu
1065 4205 1103 4275 in
1126 4201 1415 4293 delectationem,
1444 4224 1518 4272 non
1546 4201 1583 4271 in
1611 4225 1827 4274 consensum

236 4318 416 4411 trahatur3
435 4323 515 4419 quis
538 4322 632 4395 hanc
649 4322 937 4415 delectationem,
958 4347 1067 4421 quam
1082 4335 1212 4394 natura
1234 4320 1318 4392 iacit
1333 4321 1581 4407 necessariam,
1599 4319 1743 4417 culpam
1762 4344 1827 4419 ap-

236 4440 369 4534 pellare
386 4442 604 4538 praesumat?

284 4560 441 4646 Quodsi
462 4559 626 4658 objicias,
649 4578 688 4634 ut
707 4563 921 4660 quibusdam
944 4561 1098 4652 videtur,
1124 4560 1399 4633 delectationem
1420 4559 1551 4648 carnis,
1576 4560 1614 4630 in
1631 4560 1825 4633 concubitu

234 4703 380 4776 quoque
394 4678 553 4774 legitimo
569 4696 757 4779 peccatum
771 4683 952 4780 imputari,
971 4705 1055 4752 cum,
1072 4680 1187 4751 David
1205 4679 1316 4751 dicat¹
1334 4704 1342 4747 :
1362 4707 1379 4742 r
1393 4681 1483 4750 Ecce
1497 4679 1647 4750 enimin
1664 4679 1828 4775 iniquita-

234 4798 329 4871 tibus
345 4813 541 4897 conceptus
556 4823 649 4871 sum.
674 4831 691 4867 a
717 4806 758 4873 Et
786 4799 977 4900 Apostolus
997 4824 1080 4872 cum
1106 4798 1268 4871 dirisset'
1288 4825 1297 4867 ε
1315 4827 1333 4862 α
1353 4801 1484 4869 lterum
1501 4798 1720 4868 revertimini
1736 4799 1772 4868 in
1788 4797 1824 4870 id

1365 4942 1407 4966 α

267 5078 272 5103 ¹
284 5073 381 5124 Psolm.
393 5089 416 5133 a,
431 5089 453 5125 r.
467 5078 490 5125 t.
501 5076 548 5110 -²
561 5074 676 5125 Corinth.
691 5074 710 5136 l,
721 5089 774 5138 cap.
788 5089 831 5138 ru,
840 5089 863 5122 r.
876 5075 901 5125 5.

356 5184 379 5221 11
