4559 6100
443 503 513 574 tta
1041 487 1177 574 'turm
1202 503 1438 577 tumetum

441 650 567 748 pluviae
581 652 753 724 idoneum
766 664 910 744 censet,
927 649 1088 750 quadam
1103 653 1227 750 utique
1239 652 1443 727 rationabili
1455 652 1501 727 de
1518 676 1650 746 eausa,
1669 652 1751 725 licet
1767 650 1872 725 uobis
1883 652 2037 727 occulta.

440 767 477 859 Si
491 765 597 864 igitur
608 766 767 863 pluviam
784 788 883 838 nunc
898 765 1014 839 facere
1026 767 1139 864 possit
1150 783 1212 840 aut
1227 767 1330 857 velit,
1349 792 1394 841 eo
1409 769 1533 869 utique
1550 781 1712 867 tempore
1725 765 1764 838 id
1779 764 1893 839 lacere
1908 781 2037 872 potest,

440 886 623 958 autetiam
640 885 734 976 vult,
746 886 783 957 iu
801 910 876 983 quo
892 885 931 959 id
945 910 1029 959 eum
1045 885 1162 959 lacere
1173 911 1250 959 nou
1262 903 1405 985 oportet
1418 887 1518 987 quod
1531 887 1577 961 ab
1590 888 1692 961 omui
1709 886 1869 960 dissonat
1884 888 2037 961 ratione.

440 1010 624 1093 Quantum
640 1004 747 1100 igitur
763 1005 920 1096 aestimo,
940 1029 1024 1078 cum
1036 1005 1074 1077 id
1092 1019 1231 1079 tantum
1247 1005 1472 1080 Deuslacere
1484 1008 1596 1106 possit
1606 1005 1706 1105 quod
1724 1030 1809 1078 eum
1825 1004 1941 1080 faeere
1954 1032 2041 1087 eon·¹

440 1124 549 1215 venit,
566 1147 634 1196 nec
650 1148 735 1196 eum
750 1124 949 1222 quidquam
968 1125 1082 1201 lacere
1102 1125 1272 1197 convenit
1287 1124 1389 1222 quod
1406 1124 1521 1199 lacere
1536 1126 1798 1230 praetermittam
1820 1125 1983 1223 prolecto
2002 1124 2041 1198 id

439 1242 558 1315 solum
574 1268 659 1316 eum
675 1268 780 1342 posse
794 1243 908 1317 faeere
920 1244 1075 1317 arbitror
1089 1245 1192 1343 quod
1205 1244 1427 1344 quandoque
1449 1246 1548 1336 lacit,
1567 1245 1650 1320 lieet
1668 1245 1744 1319 baec
1758 1258 1878 1318 nostra
1894 1235 2040 1345 opinio¹

441 1387 574 1460 paucos
588 1377 650 1437 aut
664 1361 783 1436 nullos
796 1362 927 1438 habeat
936 1379 1193 1457 assentatores,
1207 1377 1242 1436 et
1253 1363 1449 1463 plurimum
1462 1365 1566 1438 dictis
1579 1368 1814 1456 Sanctorum,
1829 1376 1866 1437 et
1877 1363 2039 1471 aliquau-

441 1481 555 1554 tulum
578 1506 600 1556 a
624 1484 764 1555 ratione
791 1481 978 1557 dissentire
995 1483 1172 1556 videatur.
1194 1488 1272 1556 Hoc
1295 1485 1451 1584 quippe,
1469 1486 1657 1584 inquiunt,
1676 1485 1867 1576 aestimare,
1886 1483 2039 1557 multum

439 1601 588 1701 derogat
605 1602 734 1676 divinae
750 1603 983 1695 excellentiae,
996 1618 1036 1676 ut
1047 1603 1209 1677 videlicet
1218 1603 1255 1677 id
1267 1604 1500 1679 solummodo
1513 1606 1628 1679 iacere
1638 1606 1749 1705 possit
1762 1603 1864 1703 quod
1873 1601 2038 1702 quando·

439 1747 510 1820 que
531 1722 633 1815 facit,
653 1738 687 1796 et
710 1721 747 1795 id
769 1722 889 1796 solum
911 1722 1090 1798 dimittere
1106 1723 1209 1823 quod
1229 1723 1396 1798 dimittit:
1422 1704 1505 1798 oum
1523 1750 1590 1799 nos
1606 1726 1714 1798 etiam
1736 1724 1826 1823 ipsi,
1845 1723 1909 1821 qui
1932 1721 2039 1831 longe

440 1842 711 1941 impotentiores
725 1867 866 1938 sumus,
880 1842 991 1917 multa
1007 1845 1114 1918 etiam
1131 1845 1247 1919 facere
1259 1860 1294 1918 et
1303 1844 1481 1919 dimittere
1499 1868 1798 1945 possumus,quae
1810 1866 2038 1942 nequaquam

440 1964 587 2036 iacimus
600 1963 658 2037 vel
674 1964 898 2039 dimittimus.
917 1964 1058 2053 Quibus
1073 1966 1221 2065 quidem
1236 1965 1457 2066 responden,
1475 1991 1551 2038 non
1568 1965 1651 2038 ideo
1668 1989 1736 2037 nos
1751 1963 1971 2064 potentiores
1981 1961 2039 2035 vel

439 2083 604 2158 meliores
618 2086 795 2173 ⁴aestimari
823 2085 973 2179 debere,
995 2088 1082 2185 quia
1102 2088 1267 2187 quaedam
1296 2087 1411 2160 lacere
1435 2110 1628 2186 possumus
1644 2110 1723 2183 quae
1739 2083 1805 2171 ,ille
1829 2083 1942 2155 lacere
1962 2106 2036 2154 non

439 2217 577 2301 potest,
590 2219 630 2276 nt
653 2204 866 2300 comedere,
885 2208 941 2280 vel
959 2207 1162 2300 ambulare,
1181 2208 1237 2281 vel
1252 2207 1409 2306 denique
1427 2230 1598 2305 peecare3
1618 2204 1719 2302 quod
1736 2202 1930 2303 apoteutia
1947 2200 2038 2273 divi·

439 2323 558 2396 uitatis
574 2324 717 2423 penitus
731 2339 784 2398 est
799 2340 1001 2418 remotum,
1015 2341 1051 2401 et
1067 2327 1114 2402 ab
1130 2329 1208 2425 ejus
1223 2327 1394 2425 dignitate
1409 2351 1557 2425 prorsus
1573 2325 1750 2417 alienum3
1765 2322 1866 2422 quod
1881 2321 2037 2419 denique

440 2444 565 2516 attinet
575 2443 623 2518 ad
630 2447 764 2536 Deum,
778 2444 839 2520 illa
848 2446 956 2519 etiam
971 2472 1078 2546 posse
1092 2447 1301 2551 facereque
1312 2470 1502 2546 nunquam
1515 2445 1633 2539 faeiat,
1647 2444 1705 2517 vel
1716 2469 1795 2542 quae
1806 2442 1906 2515 huuc
1922 2440 2037 2514 lacere

439 2564 586 2637 minime
597 2566 802 2639 conveniat.
817 2570 907 2639 Nam
923 2581 960 2640 et
976 2568 1076 2666 quod
1095 2593 1164 2645 nos
1178 2567 1343 2666 quaedam
1367 2568 1483 2640 facere
1505 2590 1715 2666 possumus,
1730 2589 1809 2662 quae
1829 2562 1944 2636 lacere
1961 2584 2036 2633 non

440 2680 632 2774 debemus,
645 2683 840 2758 infirmitati
855 2688 975 2786 potius
996 2701 1127 2759 nostrae
1144 2711 1254 2784 quam
1269 2685 1433 2783 dignitati
1449 2683 1703 2759 ascribendum
1715 2699 1786 2777 est,
1807 2682 1868 2780 qui
1885 2680 2036 2753 omniuo

439 2802 604 2874 meliores
620 2827 795 2897 essemus,
809 2804 839 2876 si
850 2828 893 2877 ea
909 2828 988 2901 quae
1005 2818 1145 2879 tantum
1156 2806 1271 2879 lacere
1286 2804 1481 2895 debemus,
1496 2804 1611 2878 lacere
1627 2798 1830 2904 possemus,
1849 2825 1918 2874 nec
1934 2798 2037 2898 quid·

438 2943 548 3017 quam
573 2920 761 2996 inhoneste
789 2947 811 2995 a
836 2921 943 2996 nobis
961 2922 1037 2997 lieri
1061 2939 1195 3025 posset.
1222 2923 1331 3014 Quod
1356 2906 1475 2997 tanmu
1499 2923 1592 2997 male
1613 2921 1767 2997 faciendi
1789 2919 1846 2994 vel
1862 2917 2035 3019 peccandi

439 3054 650 3138 potestatem
677 3039 875 3131 babemus,
894 3068 970 3117 uon
993 3043 1130 3144 absque
1154 3045 1293 3119 ratione
1319 3043 1435 3117 haeca
1459 3048 1536 3118 Deo
1559 3044 1666 3118 nobis
1691 3057 1847 3143 potestas
1867 3064 2036 3114 concessa

437 3175 519 3233 est:
546 3176 586 3234 ut
616 3163 749 3237 scilicet
774 3165 1043 3265 comparatione
1068 3179 1199 3239 nostrae
1226 3164 1442 3239 infirmitatis
1465 3164 1522 3238 ille
1548 3164 1737 3263 gloriosior
1759 3176 1946 3263 appareat,
1971 3161 2035 3258 qui

436 3284 586 3355 omnino
602 3307 752 3383 peecare
768 3309 842 3358 non
860 3300 997 3386 potest3
1017 3301 1148 3360 etcum
1162 3269 1550 3387 apeocatocessamus‚
1565 3311 1640 3358 non
1652 3284 1724 3358 boc
1738 3297 1874 3357 nature
1890 3295 2032 3372 nostrae,

435 3402 498 3475 sed
517 3404 593 3501 ejus
619 3403 785 3504 adjutrici
807 3407 925 3504 gratiae
947 3404 1167 3498 tribuamus,
1190 3407 1253 3506 qui
1269 3407 1317 3481 ad
1334 3405 1485 3506 gloriam
1511 3407 1566 3479 sui
1591 3430 1667 3477 nou
1690 3404 1810 3478 solum
1831 3402 1951 3494 bona,
1968 3400 2033 3474 sed

436 3523 542 3598 etiarn
560 3523 655 3598 mala
670 3523 842 3624 disponit.
861 3528 953 3600 Sunt
968 3551 1055 3600 vero
1072 3527 1134 3625 qui
1153 3526 1236 3600 ideo
1251 3531 1369 3600 Deum
1395 3528 1571 3600 estimant
1595 3549 1637 3598 ea
1658 3525 1766 3597 etiam
1788 3547 1895 3623 posse
1918 3522 2034 3595 iacere

433 3666 513 3736 qua
525 3667 601 3716 uon
616 3642 718 3737 lacit,
735 3643 836 3742 quod
850 3660 987 3718 eertum
1001 3647 1047 3720 sit
1063 3645 1152 3718 nihil
1163 3647 1196 3718 ei
1213 3669 1318 3745 posse
1331 3646 1516 3736 resistere,
1534 3645 1565 3719 si
1578 3670 1620 3719 ea
1641 3645 1749 3719 etiam
1766 3668 1846 3741 quae
1859 3665 1933 3714 non
1949 3639 2034 3712 iacit

433 3759 539 3866 vellet
558 3760 690 3853 lacere,
706 3763 807 3859 juxta
823 3762 911 3835 illud
929 3790 938 3836 ε
958 3793 977 3832 u
992 3763 1179 3836 Voluntati
1194 3764 1291 3836 enim
1312 3765 1389 3862 ejus
1404 3765 1485 3863 quis
1505 3765 1703 3838 resistit¹ir
1726 3762 1827 3835 Unde
1846 3774 1881 3834 et
1905 3759 2032 3832 beatus

435 3881 596 3955 meminit
614 3884 830 3982 Augustinus
846 3910 854 3955 :
877 3885 1150 3985 «Omnipotens
1168 3889 1264 3957 Deus
1280 3909 1355 3958 non
1371 3887 1454 3983 quia
1468 3886 1591 3958 omnia
1603 3899 1735 3986 potest,
1754 3882 1817 3956 sed
1834 3882 1919 3981 quia
1935 3903 2033 3977 quae·

433 4024 576 4097 currque
601 4001 676 4074 vult
702 4016 839 4101 potest,
865 4026 933 4076 nec
959 4001 1138 4078 ullatenus
1156 3989 1350 4078 voluntatis
1375 3989 1452 4102 ejus
1479 4004 1667 4105 praepediri
1690 4016 1807 4104 potest
1835 4000 2028 4076 effeetus.»

433 4117 591 4218 ideoque
610 4120 787 4220 quidquid
801 4121 905 4196 vellet
920 4124 1121 4197 necessario
1135 4121 1237 4197 fieret
1253 4149 1336 4197 cum
1351 4125 1470 4216 vellet,
1487 4126 1572 4223 quia
1587 4125 1753 4198 videlieet
1771 4124 1848 4221 ejus
1865 4122 2032 4194 voluntas

432 4237 558 4312 effectu
583 4264 704 4315 carere
730 4241 934 4316 nullatenus
963 4257 1096 4343 posset.
1128 4242 1201 4316 Sed
1231 4242 1300 4318 hae
1327 4244 1492 4345 proiecto
1525 4269 1653 4318 eorum
1684 4244 1841 4335 ratione,
1871 4253 1908 4315 et
1928 4239 2030 4340 qnasi

431 4356 500 4430 sub
522 4360 680 4457 quadam
704 4361 898 4436 voluntatis
925 4363 1001 4459 ejus
1029 4349 1256 4453 conditione,
1280 4388 1365 4437 eum
1382 4366 1490 4438 etiam
1510 4388 1616 4463 posse
1635 4386 1804 4464 peceare,
1824 4361 1880 4435 vel
1897 4358 2032 4458 aliquid

433 4476 622 4553 inhoneste
649 4504 771 4578 agere,
792 4481 911 4556 dicere
931 4507 1136 4582 possemus;
1162 4508 1247 4557 cum
1273 4484 1320 4556 sit
1340 4499 1478 4558 certum
1503 4484 1594 4557 nihil
1628 4484 1737 4556 etiam
1759 4484 1793 4555 ei
1817 4484 1855 4555 in
1877 4480 1950 4553 hoc
1978 4504 2033 4551 re·

434 4600 557 4672 sistere
581 4625 707 4701 posse,
730 4602 760 4673 si
782 4615 818 4674 et
845 4599 882 4673 id
907 4600 1025 4676 lacere
1043 4602 1149 4676 vellet
1170 4601 1269 4701 qnod
1295 4627 1371 4677 non
1393 4619 1589 4704 oporteret.
1609 4608 1780 4675 Praeterea
1802 4625 1886 4675 eum
1906 4599 2034 4673 dicum

434 4718 520 4792 inde
544 4745 628 4794 eum
651 4722 938 4819 omnipotentem
962 4721 1055 4816 dici,
1083 4722 1167 4821 quia
1191 4721 1368 4821 quidquid
1393 4723 1471 4798 vult
1498 4738 1635 4825 potest,
1658 4720 1842 4796 manifeste
1874 4722 1923 4794 ita
1955 4720 2034 4817 ejus

466 5032 601 5084 ¹Adrersus
610 5033 681 5084 tetam
692 5034 833 5097 opinionem
844 5034 1135 5088 numunianum.
1147 5034 1204 5086 Ber·
1258 5036 1400 5089 lutardus
1411 5043 1525 5088 nutent
1537 5038 1562 5088 ln
1573 5035 1731 5090 mutatum
1746 5047 1796 5086 sna
1811 5032 1879 5084 mou
1899 5045 1954 5095 qna
1968 5030 2033 5083 tuln

434 5112 561 5164 nudurtu
575 5114 677 5177 epistola
692 5116 724 5167 sd
741 5129 863 5168 aunuum
881 5114 1022 5170 Pontttteern
1038 5125 1064 5169 et
1081 5118 1134 5183 lpse
1149 5129 1204 5168 eam
1257 5120 1354 5181 tessttur.
1367 5118 1500 5184 -moet,
1511 5133 1565 5183 rap.
1579 5132 1616 5181 rx.
1628 5134 1654 5173 v.
1667 5122 1705 5173 ts.
