4559 6100
605 581 899 658 tutuonuctto
924 583 985 657 el)
1011 582 1318 659 THEOLOGIAM.
1709 592 1754 661 ts

160 738 338 814 malitiose
352 734 431 810 fieri
447 732 640 807 videretur.
655 735 770 830 Aquo
786 729 894 805 etiam
913 730 1066 829 amplius
1082 732 1196 805 amari
1211 736 1328 805 Deum
1344 754 1453 829 quam
1466 753 1487 805 a
1502 734 1662 829 muliere,
1678 739 1757 835 quis

161 880 235 933 oon
250 853 473 931 consentiat?
482 849 679 941 Quomodo
694 850 793 922 enim
808 849 869 923 illa
884 862 971 923 tunc
983 854 1102 924 Deum
1115 875 1199 924 vere
1212 850 1396 943 dilexerit,
1413 875 1521 949 quem
1534 853 1602 924 sibi
1613 854 1651 926 in
1667 854 1754 928 dolo

161 974 442 1052 fidsselocutum
453 971 664 1063 crediderit,
682 993 767 1043 cum
781 970 956 1070 serpentis
967 971 1184 1068 acquieverit
1199 971 1375 1044 consilio?

209 1093 320 1184 Quod
335 1108 459 1168 autem
470 1090 619 1164 nomine
634 1089 745 1162 Patris
760 1087 881 1161 diviua
893 1089 1068 1187 potentia,
1079 1090 1325 1162 nominevero
1338 1088 1415 1160 Filii
1432 1112 1497 1161 seu
1507 1089 1619 1163 Verbi
1635 1091 1756 1164 divina

162 1214 348 1313 sapientia,
367 1210 517 1285 nomine
528 1208 683 1310 Spiritus
697 1207 811 1280 sancti
830 1206 909 1306 ipsa
924 1208 990 1280 Dei
1005 1205 1211 1306 benignitas
1227 1231 1291 1280 seu
1307 1206 1462 1280 charitas
1479 1207 1680 1306 specialiter
1697 1235 1757 1283 ex·

161 1330 355 1430 primatur,
378 1352 449 1403 nec
471 1352 541 1402 nos
558 1327 753 1400 auctoritas
767 1348 836 1398 nec
851 1326 941 1398 ratio
958 1324 1182 1425 subterfugit.
1216 1326 1418 1399 Potentiam
1442 1324 1591 1423 quidem
1609 1329 1757 1402 nomine

163 1449 275 1525 Patris
294 1446 495 1548 specialiter
517 1445 688 1544 exprimi,
705 1468 748 1516 ex
765 1443 887 1516 multis
901 1443 1080 1542 colligitur
1097 1445 1324 1519 testimoniis.
1351 1443 1455 1517 Unde
1478 1448 1654 1518 Maximus
1678 1449 1756 1548 epi·

162 1567 343 1668 seopusiu
354 1565 584 1664 expositione
596 1560 751 1661 symboli
767 1560 870 1660 quod
885 1561 1016 1636 dicitur
1031 1563 1302 1663 Apostolorum,
1315 1588 1394 1661 quae
1409 1563 1558 1660 legitur¹
1576 1566 1613 1637 in
1630 1567 1756 1664 quinta

162 1685 441 1783 quadragesimae
456 1681 660 1775 Dominica,
676 1680 735 1755 his
748 1681 869 1755 verbis
881 1682 1063 1756 insinuat:
1079 1711 1098 1751 u
1114 1682 1238 1756 Credis
1255 1683 1292 1755 in
1309 1687 1443 1776 Deum,
1463 1684 1579 1781 inquit
1588 1737 1598 1775 ,
1616 1700 1756 1783 patrem

163 1805 462 1903 omnipotentem.
487 1808 530 1876 lu
551 1806 629 1874 Deo
655 1813 785 1874 natura
800 1799 1039 1891 innmcibilis,
1062 1801 1101 1874 in
1120 1806 1224 1876 Patre
1242 1801 1391 1899 ingeniti
1408 1803 1557 1895 veritas,
1577 1804 1613 1875 iu
1634 1807 1756 1879 omni·
1779 1830 1784 1853 ¹

163 1936 310 2022 potente
324 1921 518 2022 plenitudo
531 1921 676 1994 virtutis
691 1918 905 1992 ostenditur.
917 1923 981 1993 Est
994 1943 1153 2020 namque
1166 1946 1233 2022 per
1245 1922 1440 2019 ingenitam
1454 1920 1624 1995 deitatem
1638 1927 1756 1998 omui·

162 2055 307 2141 potens,
325 2055 363 2115 et
385 2065 452 2141 per
474 2039 776 2139 omnipotentiam
792 2041 909 2112 Pater.
925 2040 1209 2114 »innascibilem
1231 2040 1420 2132 hocloco,
1439 2040 1638 2115 increatum
1654 2044 1753 2134 dicit,

162 2160 353 2257 ingenitam
369 2157 543 2232 deitatem
558 2157 671 2230 Putris
683 2155 853 2255 appellat,
866 2155 939 2229 hoc
951 2171 1007 2230 est
1021 2182 1106 2232 eum
1121 2159 1242 2232 solum
1257 2158 1426 2233 extribus
1439 2162 1604 2258 personis
1620 2163 1756 2261 ingeni·

164 2292 237 2351 tum
252 2302 332 2352 esse
343 2277 554 2378 profitetur,
571 2299 657 2349 cum
668 2274 852 2366 videlicet,
868 2289 909 2350 ut
920 2277 997 2373 jam
1013 2302 1124 2378 supra
1140 2280 1390 2371 meminimus,
1410 2279 1509 2352 solus
1524 2281 1600 2378 ipse
1616 2306 1692 2355 non
1711 2287 1755 2356 sit

162 2395 208 2469 ab
222 2396 309 2471 olio.
334 2399 466 2470 Ceterae
477 2420 566 2470 vero
583 2418 745 2494 personae
760 2392 808 2466 ab
823 2393 904 2493 ipso
919 2410 1019 2470 emt.
1036 2397 1147 2486 Quod
1162 2422 1250 2470 vero
1268 2397 1399 2470 dicitur
1410 2399 1485 2495 ipse
1498 2403 1603 2471 Pater
1619 2424 1684 2497 per
1699 2402 1756 2472 in·

162 2516 319 2611 genitam
329 2514 495 2588 deitatem
510 2538 586 2588 esm
602 2514 848 2611 omnipotens,
865 2511 939 2589 hoc
951 2527 1007 2587 est
1021 2538 1088 2614 per
1102 2514 1176 2589 boc
1191 2515 1292 2614 quod
1307 2538 1392 2588 cum
1410 2517 1455 2587 sit
1464 2520 1574 2604 Deus,
1593 2517 1752 2616 insuper,

163 2647 202 2707 ut
214 2631 354 2707 dictum
366 2647 435 2725 est,
448 2634 527 2732 ipse
542 2633 641 2706 solus
652 2632 700 2705 sit
712 2631 905 2729 ingenitus,
924 2645 961 2706 et
972 2656 1095 2706 rursus
1109 2658 1177 2735 per
1191 2634 1487 2733 omnipotentiam
1506 2638 1621 2727 Pater,
1635 2653 1756 2735 aperte

163 2751 335 2843 innuitur,
353 2750 457 2850 quod
469 2751 563 2824 sicut
572 2750 775 2848 ingenitum
790 2773 867 2824 esse
879 2752 1070 2851 proprium
1083 2766 1138 2825 est
1152 2752 1219 2826 Dei
1236 2753 1361 2846 Patris,
1374 2752 1425 2823 ite
1440 2763 1476 2824 et
1493 2751 1540 2825 ed
1556 2757 1754 2853 proprieta-

163 2884 235 2945 tem
248 2870 328 2967 ejus
342 2869 544 2969 specialiter
558 2868 720 2943 divinam
734 2869 934 2968 potentiam
945 2871 1141 2971 pertinere,
1166 2869 1250 2945 licet
1265 2893 1490 2968 unaquaque
1505 2871 1657 2945 aliarum
1672 2898 1755 2972 per·

163 3012 334 3064 sonorum
354 3012 440 3063 cum
460 2990 507 3063 sit
527 2988 689 3087 ejusdem
704 3009 790 3061 cum
806 2991 910 3063 Patre
928 2987 1152 3081 substautiae,
1172 2988 1335 3088 ejusdem
1350 2989 1396 3061 sit
1414 2991 1556 3088 penitus
1575 2994 1753 3091 potentiae.

164 3111 263 3182 Juxta
289 3109 529 3209 proprietates
555 3107 828 3207 quippextrium
848 3131 1108 3208 personarum,
1127 3107 1294 3206 quaedam
1307 3107 1509 3207 specialiter
1525 3133 1568 3181 ac
1585 3123 1755 3211 tanquam

164 3227 308 3327 pmprie
327 3226 375 3301 de
389 3226 510 3325 aliqua
527 3250 653 3300 eanum
672 3223 746 3299 dici
761 3224 819 3298 vel
835 3227 950 3326 accipi
969 3227 1105 3321 solent,
1128 3245 1208 3325 quae
1223 3239 1344 3299 tameo
1357 3225 1459 3323 juxta
1479 3251 1603 3300 earum
1623 3245 1758 3303 naturae

163 3347 367 3439 unionem¹‚
384 3344 535 3442 singula
553 3343 669 3417 inesse
690 3366 766 3416 non
790 3343 1024 3439 ambigimus,
1045 3359 1087 3417 ut
1111 3345 1288 3443 sapientia
1310 3345 1413 3433 Filio,
1436 3344 1589 3417 charitas
1611 3347 1756 3443 Spiritui

162 3478 287 3538 sancto
301 3463 501 3563 specialiter
520 3462 746 3555 attribuitur,
764 3487 850 3537 cum
865 3477 986 3537 tamen
1005 3476 1079 3536 tam
1099 3467 1204 3534 Peter
1218 3484 1329 3557 quam
1345 3461 1497 3560 Spiritus
1515 3476 1674 3557 sanctus,
1694 3489 1756 3537 seu

162 3582 272 3682 etiem
291 3595 364 3657 tots
379 3583 531 3658 Trinitas
547 3580 724 3682 sapientia
736 3580 797 3676 sit,
817 3564 854 3654 et
869 3580 1029 3655 similiter
1046 3594 1121 3654 tem
1138 3585 1245 3654 Pater
1259 3580 1336 3679 ipse
1353 3602 1464 3677 quam
1479 3577 1587 3653 Filius
1604 3569 1757 3656 charites

161 3697 235 3774 dici
249 3702 374 3799 possit.
405 3702 464 3775 Sic
478 3701 587 3778 eriam
597 3699 700 3798 juxta
716 3722 954 3800 personarum
971 3701 1228 3800 proprietates,
1247 3698 1413 3797 quaedam
1432 3723 1544 3798 opera
1558 3702 1759 3801 specialiter

21 3869 22 3876 κ
160 3817 267 3892 elicui
283 3843 448 3917 persone
460 3818 727 3912 attrilrountur,
752 3818 917 3917 quarm
937 3818 1092 3892 indivisa
1108 3817 1218 3891 totius
1236 3817 1418 3891 Trinitatis
1433 3841 1546 3916 opera
1562 3818 1758 3917 praedicen-

159 3947 233 4029 tur,
243 3951 281 4010 et
297 3936 477 4037 quidquid
492 3937 541 4013 ab
556 3961 630 4014 una
639 3960 766 4012 cerum
779 3936 834 4030 tit,
847 3960 870 4012 a
883 3937 1032 4036 singulis
1044 3937 1123 4011 fieri
1135 3950 1290 4011 constet.
1305 3936 1381 4012 Soli
1392 3938 1528 4037 quippe
1537 3939 1626 4011 Filio
1641 3941 1760 4012 carnis
1819 3959 1822 3972 ·

156 4059 342 4156 susceptio
359 4058 582 4157 assignatum
599 4071 694 4133 etex
709 4077 806 4157 aque
819 4072 856 4131 et
870 4058 997 4157 spiritu
1011 4070 1173 4150 tautum,
1193 4080 1269 4130 uon
1285 4080 1331 4129 es
1346 4079 1441 4155 aqua
1456 4059 1567 4130 etiam
1580 4061 1639 4131 οι*
1656 4064 1760 4133 Patre

157 4174 217 4247 rel
229 4175 323 4248 Filio
336 4178 537 4275 regmereri
548 4177 730 4269 dicuntur,
741 4199 828 4250 cum
838 4189 958 4250 tamen
969 4177 1008 4249 in
1023 4177 1098 4249 istis
1112 4175 1222 4248 totius
1237 4175 1400 4274 operatio
1410 4176 1591 4250 Trinitatis
1603 4176 1757 4251 alluerit.

155 4294 217 4368 Sic
231 4311 271 4369 et
279 4295 382 4392 juxte
397 4297 513 4397 ipsam
531 4296 644 4372 Petris
659 4295 915 4395 proprietatem
929 4293 1129 4394 specialiter
1143 4295 1178 4367 ei
1193 4308 1230 4368 et
1239 4296 1393 4369 maxime
1408 4319 1490 4392 quae
1503 4296 1551 4369 ed
1560 4298 1758 4396 potentiam

154 4415 345 4510 pertinent
355 4417 529 4514 assignem
542 4414 673 4507 solent,
697 4438 782 4487 cum
798 4438 843 4488 ex
859 4414 983 4513 ipsius,
1006 4427 1048 4486 ut
1062 4413 1201 4487 dictum
1216 4429 1283 4506 est,
1302 4415 1466 4508 nomine,
1484 4413 1607 4489 diviua
1622 4417 1758 4515 specia-

154 4529 241 4606 liter
257 4534 422 4632 potentia
436 4534 659 4631 designetur,
681 4546 719 4607 et
739 4555 786 4606 eo
801 4533 882 4632 ipso
896 4532 999 4631 qued
1013 4531 1112 4606 solus
1124 4533 1201 4631 ipse
1217 4531 1396 4628 ingenitus
1411 4531 1563 4625 dicitur,
1581 4533 1653 4606 hoc
1669 4547 1722 4607 est
1737 4560 1759 4607 a

152 4650 301 4750 seipso,
318 4675 396 4724 non
411 4651 458 4726 ab
474 4652 559 4743 elio,
576 4652 744 4742 existens,
760 4650 925 4749 quedam
945 4650 980 4724 ei
1004 4649 1205 4725 secundum
1221 4648 1426 4725 substantie
1444 4650 1596 4725 modum
1612 4654 1758 4752 propria

152 4783 306 4843 maneat
325 4771 507 4868 potentia,
530 4784 573 4844 ut
590 4792 676 4845 cum
699 4767 865 4844 videlieet
885 4771 962 4871 ipse
976 4774 1080 4843 Pater
1099 4770 1223 4846 omnia
1239 4755 1355 4845 lacere
1372 4773 1577 4869 possitque
1593 4771 1699 4844 Filius
1723 4785 1758 4841 et

149 4888 314 4987 Spiritus
328 4904 485 4982 sanctus,
505 4888 579 4962 hoc
592 4889 740 4988 insuper
753 4886 897 4982 habeat,
912 4900 954 4960 ut
969 4909 992 4961 a
1007 4912 1045 4962 se
1062 4889 1142 4987 ipso
1160 4886 1258 4963 solus
1275 4889 1352 4988 ipse
1366 4904 1474 4987 queat
1491 4890 1669 4982 exsistere,
1689 4911 1756 4958 nec

184 5147 250 5197 'stc
261 5148 325 5198 eod
338 5147 402 5200 un
416 5151 504 5216 terrm
515 5151 587 5206 tub.
600 5154 647 5193 -¹
657 5155 696 5205 stc
709 5153 769 5206 eoo.
783 5152 845 5206 tltct
858 5151 983 5205 Notescet
995 5152 1066 5202 emb.
