4559 6100
413 440 485 515 648
1015 440 1143 514 PETRI
1168 438 1408 514 ABAELAnot

413 616 477 691 per
501 613 612 688 quarn
635 613 721 663 eum
741 589 929 663 salubriter
950 591 1065 689 possis
1088 591 1265 665 invenire.
1292 595 1397 664 Nunc
1415 614 1474 663 ma
1496 588 1544 663 ad
1560 591 1791 689 interrogata,
1814 605 1925 691 prout
1938 592 2014 692 ipse

412 709 641 803 concesserit,
662 702 825 811 superest
840 710 1073 808 respondere.

461 834 601 903 Panos.
621 832 680 903 Sic
695 830 858 929 profecto
874 831 1045 903 convenit
1056 830 1158 927 juxta
1173 830 1349 931 propositi
1365 830 1480 903 nostri
1495 829 1717 903 condictum.

462 954 617 1025 lunens.
643 954 780 1024 Omnes
804 948 952 1046 quidem
977 949 1147 1024 homines
1172 950 1261 1022 dum
1286 950 1426 1049 parvuli
1442 964 1527 1023 sunt
1549 974 1617 1023 nec
1642 948 1762 1023 adhuc
1788 949 2016 1023 discretionis

413 1084 519 1144 aetate
545 1069 703 1169 pollent,
725 1085 867 1143 constat
889 1096 1017 1144 eorum
1039 1071 1230 1144 bominum
1256 1070 1366 1146 fidem
1386 1069 1443 1144 vel
1469 1070 1772 1145 consuetudinem
1794 1071 1912 1170 sequi,
1926 1095 2016 1144 cum

414 1189 548 1289 quibus
563 1204 835 1285 conversantur,
856 1205 892 1263 et
910 1216 1037 1264 eorum
1053 1192 1222 1284 maxime,
1246 1217 1338 1289 qnos
1355 1191 1509 1293 amplius
1527 1189 1693 1290 diligunt.
1717 1194 1912 1290 Postquam
1930 1216 2015 1265 vero

415 1309 529 1383 adulti
547 1325 645 1396 sunt,
671 1324 711 1382 ut
730 1309 806 1407 jam
822 1312 972 1412 proprio
990 1311 1065 1409 regi
1086 1313 1226 1410 possint
1243 1312 1404 1403 arbitrio,
1427 1337 1504 1385 non
1526 1310 1646 1384 alieno
1662 1310 1726 1383 sed
1747 1312 1898 1411 proprio
1914 1334 2017 1384 com·

415 1430 508 1501 mitti
541 1428 681 1525 judicio
714 1428 870 1521 debent,
903 1455 972 1503 nec
1007 1445 1082 1503 tam
1110 1432 1322 1531 opinionem
1348 1432 1474 1506 sectari
1508 1455 1619 1530 quam
1647 1431 1834 1504 veritatem
1868 1430 2019 1505 scrutari

415 1540 600 1621 convenit.
624 1552 706 1621 llaee
728 1564 850 1623 autem
871 1550 956 1624 ideo
978 1552 1176 1650 praelibavi,
1207 1532 1293 1650 quia
1316 1552 1465 1626 sortasse
1486 1552 1606 1651 primo
1626 1549 1674 1624 ad
1695 1550 1792 1624 banc
1814 1549 1924 1622 fidem
1949 1572 2018 1622 nos

415 1669 570 1745 carnalis
594 1668 742 1765 originis
766 1668 916 1743 affectus
941 1671 1121 1744 induxerit
1143 1687 1179 1746 et
1202 1667 1429 1746 consuetudo
1455 1695 1566 1770 quam
1579 1672 1715 1773 primo
1744 1671 1923 1743 novimus.
1947 1668 2017 1741 Sed

413 1787 489 1884 jam
508 1811 577 1860 nos
592 1788 653 1860 hic
669 1788 761 1861 ratio
778 1788 916 1863 detinet
931 1792 1053 1890 potius
1072 1815 1183 1889 quam
1199 1793 1340 1890 opinio,

468 1912 609 1979 Pinnos.
630 1912 731 1980 Hanc
748 1906 868 1998 nobis,
888 1909 1053 1997 obsecro,
1075 1912 1254 1984 rationem
1270 1911 1383 2011 aperi,
1403 1924 1440 1983 et
1454 1910 1599 1985 sufficit.

466 2031 621 2099 lunens.
648 2031 720 2100 [ex
744 2028 812 2101 ista
836 2054 946 2127 quam
969 2031 1180 2129 sequimur,
1207 2031 1256 2121 si,
1283 2046 1324 2103 ut
1350 2030 1549 2121 credimus,
1578 2056 1600 2105 a
1624 2030 1695 2104 deo
1718 2026 1826 2102 nobis
1850 2026 1935 2100 data
1959 2027 2017 2117 sit,

418 2145 591 2245 arguendi
616 2172 691 2220 non
716 2173 840 2221 sumus
862 2151 895 2222 ei
917 2151 1219 2251 obtemperando,
1244 2152 1357 2224 immo
1381 2151 1428 2224 de
1451 2151 1658 2226 obedientia
1680 2146 1957 2238 remunerandi,
1984 2161 2021 2219 et

418 2268 482 2367 qui
506 2292 588 2340 eam
615 2281 856 2342 contemnunt
877 2270 1111 2344 vehementer
1133 2285 1275 2365 errant,
1301 2270 1402 2369 quod
1428 2272 1456 2344 si
1482 2295 1551 2343 nos
1574 2295 1655 2344 eam
1680 2291 1810 2366 cogere
1835 2291 1912 2339 non
1935 2289 2020 2364 pos·

299 2460 309 2483 ,
420 2413 545 2460 sumus
566 2411 589 2459 a
610 2393 689 2460 Deo
708 2388 829 2462 datam
847 2388 966 2481 fuisse,
985 2415 1054 2464 uec
1079 2416 1143 2464 vos
1162 2391 1234 2464 hoc
1250 2390 1411 2463 refellere
1435 2389 1570 2464 valetis.
1594 2395 1639 2462 Ut
1654 2403 1778 2461 autem
1793 2411 1838 2459 ex
1854 2385 2022 2459 humanae

420 2507 684 2581 consuetudine
699 2509 780 2580 vitae
794 2533 980 2582 sumamus
993 2510 1213 2609 exemplum,
1224 2509 1271 2584 da
1284 2510 1387 2601 mihi,
1398 2509 1564 2601 obsecro,
1576 2508 1780 2582 consilium.
1796 2509 1927 2578 Servus
1941 2528 2022 2577 sum

421 2625 609 2721 cujusdam
633 2627 791 2720 domini,
815 2644 953 2701 etcum
974 2608 1409 2703 ollendere'vehementer
1424 2632 1554 2723 timeo,
1575 2643 1612 2702 et
1634 2626 1769 2700 multos
1793 2623 1914 2698 babeo
1933 2649 2023 2707 con·

422 2768 545 2815 servos
567 2745 697 2816 eodem
721 2746 851 2818 timore
873 2746 1056 2821 sollicitos.
1084 2750 1217 2822 Dicunt
1234 2750 1285 2822 illi
1307 2750 1416 2840 mihi,
1438 2748 1629 2821 dominum
1654 2760 1820 2819 nostrum
1845 2743 2023 2843 quiddam

423 2863 632 2960 praeeepisse
657 2863 826 2937 omnibus
842 2866 953 2938 servis
973 2868 1046 2939 suis
1065 2893 1124 2940 me
1142 2869 1301 2957 absente,
1321 2867 1423 2966 quod
1439 2892 1507 2966 ego
1529 2891 1604 2939 non
1622 2867 1770 2963 ignoro,
1792 2863 1895 2962 quod
1915 2878 1953 2936 et
1973 2863 2025 2936 illi

425 2994 641 3080 operantur,
670 2996 706 3056 et
732 2982 778 3056 ad
807 2985 1079 3084 cooperandum
1104 3012 1162 3061 me
1187 2988 1390 3062 hortantur.
1427 2988 1524 3078 Quid
1549 2985 1639 3059 mihi
1666 2983 1792 3059 laudas
1817 2982 2024 3057 faciendum

425 3125 517 3188 esse,
535 3101 565 3174 si
582 3103 629 3175 de
646 3128 691 3176 eo
707 3103 946 3178 dubitaverim
963 3122 1157 3208 praecepto,
1176 3111 1235 3183 cui
1253 3134 1321 3208 ego
1337 3135 1414 3184 non
1433 3107 1602 3182 interfui?
1619 3112 1700 3178 Non
1716 3105 1827 3177 credo
1841 3104 1901 3177 vel
1915 3117 1952 3176 te
1967 3104 2024 3177 vel

426 3222 536 3296 alium
557 3222 645 3295 milri
662 3224 869 3319 consulere,
889 3241 931 3298 ut
948 3232 1136 3301 servorum
1164 3231 1329 3303 omnium
1347 3230 1497 3303 consilio
1514 3242 1649 3327 spreto,
1668 3250 1815 3318 sensum
1834 3224 2024 3323 proprium

426 3366 580 3437 sequens
616 3367 730 3416 unum
755 3370 815 3416 me
840 3362 1062 3444 sequestrem
1084 3349 1199 3423 abeo
1229 3350 1327 3448 quod
1352 3351 1404 3423 illi
1429 3347 1671 3423 communiter
1686 3358 1827 3442 agunt,
1856 3358 1893 3416 et
1924 3342 2025 3442 quod

426 3486 554 3535 omnes
576 3465 786 3561 praeeepisse
808 3465 999 3539 dominum
1022 3482 1218 3562 testantur,
1243 3471 1399 3543 maxime
1416 3493 1501 3542 cum
1523 3468 1594 3541 tale
1609 3465 1773 3540 videatur
1787 3477 2023 3563 praeceptum,

426 3582 527 3677 quod
548 3581 648 3654 nulla
668 3584 781 3681 possit
797 3586 936 3659 ratione
952 3586 1090 3660 refelli?
1104 3586 1202 3676 Quid
1224 3589 1315 3661 mihi
1337 3613 1484 3663 necesse
1500 3603 1560 3679 est
1570 3586 1616 3659 de
1630 3584 1792 3685 periculo
1809 3581 1987 3673 dubitare,
2003 3606 2025 3656 a

426 3724 500 3797 quo
527 3724 676 3798 possum
699 3727 846 3775 securus
866 3705 1042 3779 existere?
1059 3708 1097 3779 si
1111 3706 1185 3781 boc
1201 3707 1372 3782 dominus
1391 3708 1576 3808 praecepit,
1596 3705 1697 3805 quod
1713 3702 1912 3776 multorum
1928 3702 2025 3774 testi·

426 3819 552 3889 monio
576 3812 823 3914 corifumatur,
842 3837 878 3896 et
895 3825 1091 3924 plurimum
1106 3828 1217 3901 babet
1232 3830 1394 3920 rationis,
1412 3824 1663 3900 inexcusabilis
1681 3823 1834 3897 omnino
1849 3846 1942 3908 sum,
1961 3821 2025 3918 qui

427 3962 504 4010 non
529 3935 675 4022 obedio.
702 3942 739 4013 Si
763 3956 884 4015 autem
909 3948 1061 4020 consilio
1087 3947 1145 4020 vel
1164 3949 1415 4022 exhortatione
1436 3961 1473 4021 et
1498 3943 1664 4044 exemplo
1686 3964 1945 4017 conservorum
1961 3938 2027 4011 de·

427 4072 565 4155 ceptus,
583 4055 684 4155 quod
700 4076 918 4160 praeceptum
934 4090 1011 4136 non
1031 4067 1078 4138 sit
1092 4092 1239 4165 operor,
1261 4069 1326 4140 etsi
1343 4065 1569 4167 operandum
1597 4089 1671 4155 non
1688 4063 1806 4155 luerit,
1824 4060 1893 4134 illis
1905 4058 2026 4159 potius

427 4199 537 4271 qnam
554 4177 644 4250 mihi
660 4193 716 4250 est
732 4180 998 4279 imputandum,
1018 4210 1128 4282 quem
1146 4186 1194 4259 ad
1211 4187 1283 4259 hoc
1299 4187 1500 4259 reverentia
1515 4184 1656 4258 domini
1670 4182 1789 4255 traxit.

477 4301 621 4380 annos.
645 4300 753 4382 ¹Certe
781 4313 819 4374 tu
844 4301 920 4399 ipse
943 4303 1135 4378 consilium
1160 4307 1329 4405 aperuisti
1353 4306 1454 4405 quod
1474 4305 1878 4404 requisisti,nemoque
1896 4312 2028 4372 contra

361 4495 366 4504 ,
426 4416 499 4492 hoc
523 4417 699 4492 discretus
719 4421 886 4512 senserit3
911 4421 977 4496 sed
1000 4440 1084 4524 apta
1101 4427 1295 4525 propositoe
1319 4425 1564 4500 similitudinis
1579 4422 1786 4522 exemplum
1801 4420 1849 4494 ad
1864 4419 1937 4492 boc
1952 4441 2025 4516 quo

428 4535 624 4612 tendimus.
937 4555 940 4560 ’
1057 4555 1060 4560 ’
1568 4572 1574 4588 ·

472 4661 628 4732 lunens.
646 4659 777 4751 Multa,
798 4662 891 4736 sicut
911 4664 988 4763 ipse
1003 4668 1121 4760 nosti,
1147 4669 1416 4767 generationes,
1438 4678 1696 4770 pneoesserunt
1716 4688 1762 4737 ex
1777 4685 1852 4761 quo
1868 4656 2028 4760 populus

428 4792 551 4858 noster
570 4778 642 4854 hoc
662 4794 936 4873 testamentum,
963 4787 1063 4883 quod
1079 4788 1151 4862 sibi
1173 4789 1299 4863 datum
1321 4815 1343 4864 a
1359 4794 1437 4862 Deo
1454 4800 1657 4877 autumant,
1679 4779 1892 4859 obediendo.
1904 4792 2027 4853 custo·

427 4895 593 4991 dierum,
623 4915 660 4973 et
685 4926 813 4978 omnes
843 4905 1049 5003 pariterde
1072 4909 1325 4984 observatione
1345 4910 1466 5010 ipsius
1486 4924 1561 4982 tam
1586 4905 1699 4983 verbo
1724 4925 1835 5005 quam
1861 4896 2025 4999 exemplo

427 5033 592 5116 posteros
616 5021 879 5116 instruxerunt,
899 5025 1040 5099 estem
1061 5029 1102 5101 in
1127 5029 1200 5103 hoc
1216 5033 1403 5105 universus
1425 5030 1605 5104 consentit
1626 5026 1805 5120 nmndus,
1827 5019 1930 5122 quod
1951 5019 2028 5092 hnc
