4559 6100
0 4981 9 5244 i

0 5285 13 5448 t

0 5485 17 5636 t

753 580 796 653 ΙΝ
822 579 1067 654 epistotam
1093 583 1154 657 lu
1170 583 1405 656 ‘Ronanus
1812 586 1876 657 tat

295 726 512 825 particulam,
523 751 599 838 non
612 726 731 802 cordis
746 727 1027 803 immunditiam.
1045 729 1212 830 Alioquin
1225 757 1302 806 non
1316 730 1452 806 diceret
1465 760 1483 800 «
1500 731 1726 836 reputabitur
1742 758 1883 834 praepu-

297 845 426 922 tiumiu
439 845 760 924 circumcisionem.
777 877 795 918 a
814 849 851 920 Si
866 849 1095 948 preputium,
1109 850 1148 926 id
1165 864 1219 925 θεῖ
1235 853 1314 951 ipsa
1327 851 1537 951 praeputiata
1553 851 1754 943 Gentilitas‚
1773 878 1882 952 quam

296 991 356 1040 ros
370 966 498 1044 scilicet
510 967 624 1044 ludaei
636 969 739 1066 quasi
751 967 798 1042 ad
811 969 1049 1066 ignominiam
1062 972 1282 1072 praeputium
1294 972 1444 1065 vocatis,
1461 998 1480 1040 a
1494 970 1672 1045 custodiat
1684 971 1771 1069 legis
1779 972 1882 1070 justi·

293 1087 354 1162 tias
372 1117 388 1153 u
406 1089 526 1187 potius
542 1112 652 1186 quam
668 1086 814 1186 ligures,
830 1086 935 1162 idest
949 1089 1096 1190 impleat
1112 1090 1264 1166 moralia
1279 1092 1435 1166 caritatis
1448 1105 1640 1190 praecepta,
1658 1115 1738 1188 quae
1754 1116 1882 1166 unum·

291 1229 462 1306 quemque
474 1206 686 1305 justificant,
702 1231 826 1282 nonne
843 1210 1182 1308 praeposuerimus,
1196 1209 1234 1284 id
1251 1223 1305 1284 θεῖ
1320 1212 1399 1310 ipsa
1413 1209 1601 1283 Gentilitas
1613 1210 1803 1312 proprium
1819 1210 1881 1285 ha·

288 1324 376 1400 bens
386 1328 612 1427 preputium,
624 1326 941 1406 carnalevidclicet
954 1354 1040 1404 cum
1050 1355 1126 1430 quo
1137 1331 1216 1431 ipsa
1227 1330 1397 1423 nascitur,
1409 1329 1635 1429 reputabitur
1645 1352 1668 1402 a
1678 1333 1757 1403 Deo
1772 1329 1881 1429 digna

286 1447 430 1544 premio
446 1471 529 1520 vere
545 1461 582 1520 et
596 1446 839 1547 spiritualiter,
854 1463 894 1521 ut
909 1447 1046 1526 dictum
1063 1466 1130 1546 θεῖ,
1146 1451 1461 1543 circumcisomm,
1477 1463 1513 1522 θῖ
1529 1449 1648 1550 ipsum
1665 1451 1878 1549 preputium

282 1565 395 1662 legem
409 1590 678 1658 consummans,
690 1567 729 1644 id
742 1582 797 1644 θεῖ
811 1566 1035 1672 adimplens?
1049 1569 1241 1648 Plenitudo
1258 1570 1356 1644 enim
1367 1568 1469 1668 legis,
1481 1584 1521 1642 ut
1534 1568 1815 1669 postcadicitur‚
1825 1585 1878 1643 θεῖ

283 1683 435 1759 dilectio.
448 1685 557 1775 Quod
568 1685 734 1764 videlicet
742 1711 996 1764 consummare
1005 1688 1135 1787 legem,
1152 1704 1207 1764 est
1221 1690 1254 1764 ci
1265 1704 1460 1783 exnatura,
1476 1687 1513 1761 id
1524 1703 1628 1762 estex
1642 1689 1877 1763 instructione

280 1804 366 1903 legis
380 1801 552 1882 naturalis
567 1806 645 1895 illa,
664 1831 745 1905 quae
760 1806 836 1881 dno
854 1806 1026 1901 dicimus,
1047 1810 1269 1884 continentis
1288 1823 1466 1910 praecepta
1484 1809 1639 1883 caritatis
1655 1835 1663 1879 ε
1684 1808 1793 1898 Quod
1811 1809 1875 1883 tibi

279 1948 353 1997 non
369 1927 436 2019 uis,
453 1940 539 2020 etc,
560 1957 577 1993 α
595 1925 773 2024 judicabit
794 1942 843 2018 ῖθ,
863 1956 882 1995 a
902 1927 943 2002 id
962 1942 1028 2023 est,
1046 1954 1150 2002 reum
1167 1929 1354 2004 manifeste
1370 1930 1575 2018 convincet,
1594 1929 1657 2028 qui
1673 1927 1751 2026 lege
1768 1929 1874 2002 edam

275 2046 407 2144 scnpta
422 2047 632 2137 insuuetus,
656 2044 704 2120 de
721 2070 791 2144 qua
817 2046 992 2143 gloriaris,
1010 2047 1104 2124 bene
1121 2074 1226 2148 agere
1242 2049 1403 2146 negligis.
1423 2053 1473 2121 Te
1494 2048 1591 2143 dico,
1619 2047 1753 2139 Judae,
1774 2078 1791 2115 a
1812 2051 1874 2148 qui

274 2166 525 2264 prevaricator
540 2191 579 2242 es
592 2165 730 2263 legis.»
748 2165 857 2244 idest
879 2181 1120 2267 transgressor
1135 2194 1202 2269 per
1216 2169 1372 2244 litteram
1389 2167 1630 2260 occidentem,
1652 2165 1690 2240 id
1710 2181 1764 2240 θεῖ
1780 2169 1874 2241 litte·

206 2277 211 2296 ’
271 2284 384 2358 ralem
398 2310 563 2379 sensum,
579 2285 723 2362 carnale
738 2286 883 2382 signum
900 2288 939 2362 iu
958 2287 1091 2386 quibus
1108 2289 1277 2377 confidis,
1302 2286 1591 2386 significantibus
1607 2287 1776 2376 maxime,
1796 2312 1872 2361 non

269 2404 479 2503 significatis
492 2404 702 2499 amanus,
718 2405 759 2482 id
772 2420 826 2482 θεῖ
842 2404 965 2503 ligmia
975 2408 1097 2507 potius
1113 2433 1223 2510 quam
1239 2408 1347 2484 rebus
1372 2409 1472 2510 ipsis,
1494 2422 1539 2479 ‘et
1563 2405 1789 2480 similitudini
1804 2433 1871 2506 po·

269 2524 340 2596 tius
355 2550 468 2623 quam
484 2526 636 2600 veritati.

319 2674 338 2712 a
352 2649 434 2718 Non
452 2646 550 2720 euim
565 2646 641 2744 qui.
661 2675 678 2712 r
705 2650 799 2722 nere
823 2643 908 2718 dico
923 2646 1138 2745 praeputium
1154 2671 1219 2745 per
1242 2646 1428 2720 bonorum
1444 2670 1597 2745 operum
1610 2643 1869 2719 exhibitionem

263 2766 427 2862 reputari
438 2766 475 2838 in
492 2765 819 2858 circumcisionem,
834 2779 871 2837 et
883 2763 979 2839 bene
994 2764 1077 2838 dico
1093 2766 1405 2842 circumcisionem
1418 2790 1483 2865 per
1492 2763 1587 2840 mala
1598 2787 1711 2863 opera
1718 2766 1869 2840 transire

260 2883 302 2955 in
317 2885 552 2984 preputium.
584 2888 674 2958 Nam
697 2883 748 2956 illi
769 2884 960 2958 carnaliter
975 2885 1178 2962 circumcisi
1195 2886 1261 2958 etsi
1282 2887 1321 2960 in
1346 2884 1533 2958 manifesto
1556 2882 1723 2957 dicantur
1740 2882 1866 2977 ludaei,

259 3027 340 3076 non
366 3018 490 3079 tamen
517 3029 615 3095 vere,
641 3004 679 3079 id
696 3018 751 3079 est
766 3001 878 3079 corde
900 3017 986 3079 suut
1008 3002 1134 3099 ludaei,
1159 3003 1225 3079 sed
1246 3006 1368 3106 potius
1394 3004 1446 3081 illi
1470 3001 1666 3104 supradicti
1694 3003 1865 3098 Gentiles,

258 3149 477 3223 quanquam
492 3124 595 3199 nullo
613 3124 726 3199 modo
752 3138 1006 3224 reputarentur
1031 3124 1149 3199 ludaei
1173 3126 1231 3201 vel
1251 3126 1465 3203 circumcisi.
1489 3124 1667 3198 Manifesti
1684 3123 1797 3196 Judaei
1812 3125 1867 3197 di·

256 3257 410 3335 amau,
429 3245 495 3342 qui
513 3246 592 3319 solo
608 3245 758 3317 nominc
783 3259 819 3318 et
840 3244 988 3317 nodone
1009 3243 1108 3317 ludae
1130 3244 1244 3318 Judaei
1264 3258 1535 3345 nuncupantur,
1556 3243 1643 3316 soris
1666 3243 1864 3316 Dominum

254 3388 352 3436 voce
368 3363 599 3456 confitentes,
616 3380 652 3438 et
670 3378 790 3439 mente
805 3362 853 3437 ab
868 3387 914 3437 eo
932 3363 1155 3437 recedentes.
1173 3368 1227 3437 De
1240 3363 1375 3470 quibus
1393 3364 1567 3437 dicitur¹:
1591 3384 1609 3430 a
1631 3361 1787 3461 Populus
1803 3362 1862 3436 hic

253 3481 365 3577 labiis
379 3509 442 3556 me
458 3483 630 3574 honorat,
649 3509 714 3558 cor
731 3498 853 3585 autern
869 3507 998 3557 eorum
1015 3482 1123 3579 longe
1138 3497 1192 3556 θεῖ
1206 3508 1229 3556 a
1245 3506 1316 3556 me.
1339 3514 1357 3551 n
1381 3512 1399 3549 a
1416 3482 1488 3555 Sed
1504 3482 1568 3580 qui
1585 3482 1623 3553 in
1646 3479 1862 3556 abscondito
1969 3575 1975 3585 Ι

250 3601 403 3675 Judaeus
420 3619 487 3677 est.
505 3633 523 3672 u
537 3602 759 3677 Confitentes
772 3607 891 3676 Deurn
901 3603 939 3675 in
957 3601 1069 3676 corde
1085 3602 1148 3675 ubi
1164 3606 1263 3674 Deus
1279 3602 1391 3693 videt,
1402 3616 1439 3675 et
1454 3602 1518 3700 qui
1529 3604 1608 3673 Deo
1624 3602 1758 3673 servire
1774 3613 1862 3676 sata-

249 3736 361 3818 gunt,
381 3748 461 3797 non
475 3722 523 3797 ad
533 3723 725 3799 hominum
740 3736 938 3821 aspectum.
961 3751 979 3790 a
992 3725 1115 3820 Neque
1136 3746 1216 3821 quae
1237 3723 1275 3796 in
1302 3721 1494 3795 manifesto
1513 3734 1568 3793 est
1585 3720 1825 3811 circumcisio,
1840 3752 1858 3790 a

250 3840 289 3914 id
299 3856 361 3915 θεῖ
379 3867 464 3940 (μεθ
482 3843 689 3919 manufacta
703 3855 769 3932 est,
791 3870 810 3912 c
822 3842 860 3917 in
878 3866 1001 3935 carne,
1014 3870 1032 3910 a
1045 3840 1084 3915 id
1095 3856 1148 3915 est
1159 3843 1198 3915 in
1212 3843 1331 3917 carnis
1342 3840 1536 3933 ablatione,
1555 3864 1631 3913 non
1645 3854 1699 3912 est
1709 3841 1862 3914 circum·

249 3962 361 4053 maio,
376 3961 419 4035 id
438 3976 494 4037 est
509 3987 586 4039 non
601 3988 685 4038 vera
701 3962 874 4039 vitiorum
889 3962 1074 4037 damnatio
1096 3976 1133 4036 et
1148 3961 1450 4064 concupiscentia
1469 3960 1677 4051 destructio,
1694 3959 1757 4035 sed
1774 3985 1859 4034 vera

247 4081 488 4156 circumcisio
505 4096 561 4157 θεῖ
574 4082 635 4161 illa
649 4107 729 4181 qrrae
749 4080 952 4173 essemus,
968 4079 1006 4153 id
1023 4094 1075 4155 est
1091 4105 1156 4180 per
1175 4106 1287 4181 quam
1311 4081 1358 4157 ab
1380 4082 1504 4155 animo
1528 4080 1616 4153 vitia
1633 4094 1670 4152 et
1685 4083 1859 4180 concupi·

247 4201 401 4274 mentia
417 4216 665 4301 amputantur.
675 4202 925 4295 ‹Circumcisiq
942 4200 1040 4294 dico,
1054 4202 1091 4273 in
1105 4202 1249 4302 spiritu,
1264 4226 1340 4276 non
1357 4202 1490 4289 littera,
1504 4199 1543 4274 id
1555 4214 1622 4290 θεῖ,
1637 4200 1741 4297 juxta
1755 4201 1858 4300 spiri·

248 4320 390 4395 tualem
407 4334 445 4394 et
459 4322 663 4419 mysticum,
677 4346 753 4395 uon
764 4319 954 4397 litteralem
965 4345 1112 4397 sensum
1124 4321 1228 4399 laem.
1249 4323 1402 4421 «Cujus,
1418 4353 1435 4391 n
1450 4322 1584 4396 scilicet
1598 4320 1778 4394 Judaeivel
1792 4323 1859 4394 cir·

249 4439 491 4515 enesionis
502 4442 708 4541 spiritualis,
722 4470 742 4515 a
751 4442 830 4517 laus
841 4457 895 4515 θεῖ
906 4466 953 4519 ex
960 4445 1067 4515 Deua
1077 4442 1166 4541 quia
1177 4447 1276 4517 Deus
1291 4467 1372 4517 eam
1387 4442 1580 4545 approbat,
1589 4466 1665 4514 non
1674 4441 1855 4530 homines,

250 4557 553 4653 ideatmnales,
569 4562 631 4659 qui
649 4559 816 4637 uidelicet
837 4561 954 4659 legem
979 4561 1171 4637 carnaliter
1193 4577 1347 4657 tantum,
1374 4587 1451 4636 non
1478 4561 1708 4663 spiritualiter
1729 4561 1858 4636 intelli·

252 4695 358 4773 gunt,
371 4693 412 4753 et
427 4705 542 4782 opera
555 4682 792 4781 magisquam
808 4682 973 4761 animum
988 4699 1156 4782 pensam,
1173 4683 1382 4759 videntesin
1399 4682 1501 4778 facie,
1519 4708 1594 4757 non
1606 4684 1644 4756 in
1656 4682 1779 4758 corde.

299 4828 319 4869 a
336 4799 442 4888 Quid
458 4826 545 4899 ergo
562 4803 730 4903 amplius,
747 4818 819 4879 etc.
838 4833 858 4871 a
875 4804 1155 4904 Oppositionem
1170 4827 1283 4902 quarn
1298 4817 1446 4904 possent
1461 4803 1577 4881 ludaei
1597 4803 1713 4878 lacere
1729 4815 1854 4876 contra

256 4920 463 5013 mmm
482 4925 663 5000 rationem
677 4924 802 5023 objicit
816 4924 883 5001 sibi
899 4928 1104 5026 Apostolus,
1124 4940 1166 5000 ut
1178 4951 1259 5002 earn
1273 4925 1402 5002 solvat.
1421 4926 1590 5000 Dicerent
1606 4926 1705 5002 enim
1717 4920 1849 4998 ludaei:

291 5193 404 5260 tm..
416 5211 471 5263 cap.
483 5214 524 5262 rr,
542 5214 564 5251 r.
578 5204 604 5252 8.
