4559 6100
1727 0 1835 38 ar
1846 0 1888 34 r
1900 0 2208 37 numa·
3448 0 3469 37 c
3487 0 3533 43 ο
3545 0 3571 47 a

371 111 714 179 criminum
777 111 1146 181 diademate
1194 130 1391 206 caput
1450 113 1813 179 innocentis
1864 113 2172 179 honorat.
2221 110 2459 194 Aiunt,
2510 107 2691 199 quod
2734 108 2954 200 lingua
3013 132 3161 187 mea
3227 110 3587 200 inquietum

369 223 617 299 malum
646 248 765 315 est,
799 250 869 300 ct
909 234 1140 301 mentis
1171 230 1434 317 invidia,
1462 255 1606 323 qum
1637 230 1936 301 adversus
1967 230 2295 301 Abbatem
2321 228 2704 303 clarevallis
2732 228 2972 304 librum
2993 231 3299 301 evomuit.
3328 231 3583 324 Quippe

369 367 569 422 tantae
599 353 947 420 sanctitatis
975 355 1187 420 virum
1218 376 1354 421 esse
1385 351 1770 420 confirmant
1783 401 1802 435 ,
1841 367 1918 417 ut
1939 353 2076 437 jam
2107 349 2268 418 coelo
2300 351 2723 441 propinquus»,
2760 350 3097 426 hominum
3129 351 3400 429 evaserit
3428 356 3578 443 opi-

368 471 624 540 niones.
658 472 789 556 Qui
816 472 943 540 hoc
982 471 1231 556 dicunt,
1263 472 1380 540 etsi
1411 471 1711 562 religioso
1738 468 1973 536 vellere
2007 468 2354 554 albescant,
2388 484 2607 541 tamen
2641 467 2797 544 dum
2825 468 2962 544 sine
2992 487 3284 560 serpente
3312 473 3581 563 cupiunt

370 613 510 658 esse
552 588 874 658 columbae
892 641 909 671 ‚
964 593 1255 659 fatuitate
1300 590 1589 683 linguam
1632 589 1948 659 inficiunt.
2004 588 2242 660 Nonne
2289 587 2512 657 Abbas
2555 589 2758 660 homo
2803 587 2935 656 est?
2978 610 3195 659 nonne
3241 591 3579 661 nobiscum

369 713 632 804 navigat
666 734 788 802 per
828 712 958 779 hoc
1000 735 1177 779 mare
1217 735 1528 804 magnum
1567 727 1636 779 et
1678 711 2041 801 spaciosum
2066 707 2432 789 manibusd,
2482 710 2653 779 inter
2700 709 2954 799 reptilia
2998 732 3276 799 quorum
3317 735 3454 781 non
3485 729 3582 790 est

349 834 716 900 'numerusl
761 834 956 920 Cujus
1000 822 1180 900 navis
1217 835 1335 901 etsi
1369 832 1760 924 prosperiori
1801 831 2046 898 feratur
2083 831 2343 922 navigio
2360 879 2382 914 ,
2430 846 2647 901 tamen
2692 831 2994 896 severitas
3034 831 3228 899 maris
3268 831 3339 897 in
3380 831 3581 909 dubio

369 967 493 1018 est.
525 951 699 1023 Nam
733 975 856 1019 nec
881 953 1117 1019 Auster
1141 951 1353 1019 adhuc
1383 951 1446 1018 ei
1473 950 1673 1018 fidem
1702 948 1912 1033 dedit,
1947 972 2032 1018 ne
2059 965 2267 1019 ratem
2296 952 2431 1037 ejus
2464 948 2813 1022 concutiat.
2844 949 2982 1016 Nec
3013 951 3289 1016 Boream
3314 950 3585 1030 calcavit

369 1068 510 1160 ipoe
538 1071 668 1138 mh
696 1071 999 1162 pedibus.
1029 1071 1170 1137 Nec
1201 1072 1359 1137 Euri
1411 1070 1693 1160 Notique
1723 1068 1930 1137 minas
1979 1068 2200 1136 evasit.
2236 1069 2376 1136 Nec
2407 1070 2492 1139 ab
2520 1068 2717 1136 AEolo
2766 1092 2918 1160 rege
2947 1083 3292 1140 ventorum
3319 1073 3585 1147 extorsit
3632 1119 3644 1132 .

369 1189 689 1257 inducias.
725 1190 925 1279 Quod
962 1191 1188 1257 vinum
1231 1205 1445 1281 potest
1487 1190 1781 1257 habitare
1833 1189 1903 1257 in
1932 1190 2113 1279 pice,
2160 1204 2229 1254 et
2267 1210 2566 1278 saporem
2597 1190 2737 1273 'ejus
2774 1210 2909 1256 non
2953 1186 3241 1257 mutare?
3277 1188 3472 1259 Unde
3518 1206 3585 1263 et

368 1309 721 1400 Apostolus
765 1308 1003 1378 Paulus
1058 1309 1285 1375 vinum
1333 1332 1526 1376 snum
1577 1332 1617 1373 a
1663 1308 2002 1377 consorcia
2056 1308 2214 1398 picis
2267 1308 2589 1374 removeri
2639 1308 2943 1397 optabat,
2986 1322 3052 1374 et
3103 1307 3176 1372 in
3216 1330 3329 1373 vas
3362 1307 3584 1399 gloria

368 1429 819 1510 transversari,
868 1451 1020 1496 cum
1065 1428 1310 1498 diceret
1348 1451 1367 1495 2
1419 1459 1452 1487 κ
1506 1428 1736 1496 Infelix
1783 1451 1907 1520 ego
1949 1430 2179 1510 homo,
2225 1406 2366 1518 quis
2414 1451 2521 1494 me
2572 1425 2873 1492 liberabit
2917 1425 2999 1491 de
3046 1448 3317 1517 corpore
3359 1429 3585 1501 mortis

368 1546 663 1632 hujus&
682 1548 779 1616 Ac
810 1548 863 1614 si
906 1550 1185 1639 apertius
1212 1548 1586 1639 loqueretur
1621 1572 1640 1617 ι
1675 1548 1920 1615 Vinum
1955 1549 2091 1617 Dei‘
2107 1570 2289 1629 sum,
2324 1561 2390 1614 et
2424 1547 2494 1625 in
2520 1547 2663 1637 pice
2696 1569 2874 1629 sum,
2911 1544 3028 1620 sed
3049 1547 3173 1613 nisi
3204 1548 3362 1638 picis
3392 1548 3586 1623 soda-

366 1664 582 1735 litium
625 1666 1069 1758 derelinquam
1082 1716 1100 1751 ,
1137 1667 1338 1736 timeo
1377 1692 1468 1735 ne
1524 1670 1737 1759 picem
1779 1670 2024 1759 sapiam
2064 1666 2409 1735 conditori.
2455 1667 2676 1735 Potest
2705 1665 2897 1756 igitur
2937 1666 3161 1733 Abbas
3198 1683 3263 1733 et
3300 1653 3373 1732 ut
3416 1669 3585 1758 ignis

373 1782 462 1853 de
496 1783 627 1852 alto
657 1785 950 1870 subvehi,
985 1802 1053 1854 et
1084 1802 1160 1853 nt
1182 1803 1354 1854 terra
1377 1786 1680 1860 deorsum
1707 1785 1963 1856 cadere.
2001 1785 2315 1854 Nondum
2354 1786 2451 1853 sol
2481 1802 2604 1867 est,
2639 1786 2936 1858 nondum
2965 1784 3129 1859 fixus
3149 1788 3337 1855 estin
3367 1787 3588 1854 firma-

369 1919 598 1972 mento
636 1928 653 1970 ε
700 1906 851 1973 satis
893 1922 990 1973 est
1032 1908 1087 1974 si
1115 1886 1266 1974 lu'na
1310 1923 1443 1975 est-
1468 1908 1697 1999 Neque
1743 1909 2012 1977 aestimet
2051 1929 2158 1975 me
2198 1907 2518 1996 quispiam
2562 1904 2648 1972 ad
2677 1906 2978 1992 injuriam
3019 1908 3154 1992 ejus
3193 1907 3428 1997 stylum
3469 1932 3586 1998 per

369 2044 588 2088 ceram
633 2025 888 2091 trahere
907 2073 927 2110 ,
961 2026 1075 2115 qui
1111 2049 1262 2093 meo
1288 2025 1560 2113 judicio,
1594 2042 1964 2095 nostrorum
1985 2041 2354 2115 temporum
2396 2042 2495 2091 est
2533 2025 2873 2091 Martinus.
2910 2023 3294 2115 Simpliciter
3337 2043 3405 2095 et
3446 2030 3585 2098 sine

368 2140 568 2232 vulpe
607 2143 893 2214 candido
929 2136 1198 2235 pectori'
1206 2162 1421 2213 vestro
1460 2145 1717 2236 loquor.
1763 2145 1904 2236 Ego
1943 2145 2036 2212 ita
2063 2146 2268 2213 sentio
2306 2144 2390 2211 de
2420 2144 2679 2212 Abbate
2726 2144 2909 2234 quod
2941 2146 3024 2212 sit
3062 2143 3319 2215 lucerna
3349 2146 3588 2219 ardens

369 2275 441 2327 et
470 2260 691 2327 lucens
739 2286 756 2328 ε
803 2263 923 2331 sed
953 2281 1172 2331 tamen
1213 2267 1284 2332 in
1328 2280 1493 2332 testa
1533 2280 1655 2331 est.
1692 2263 1891 2348 Quod
1938 2263 2220 2336 dedecus
2258 2261 2542 2355 infigitur
2586 2287 2745 2332 auro
2785 2288 2936 2333 cum
2968 2261 3307 2348 laudatur,
3359 2267 3414 2331 si
3456 2269 3589 2353 ejus

368 2381 579 2446 scoria
619 2383 1058 2473 improbetur?
1088 2385 1391 2454 Laudatis
1433 2385 1784 2468 Abbatem,
1832 2384 2036 2474 magis
2086 2405 2209 2473 ego
2262 2382 2487 2450 laudo.
2538 2385 2670 2450 Cur
2723 2385 2917 2474 igitur
2965 2384 3312 2474 inquietius
3361 2402 3588 2455 contra

369 2520 522 2564 eum
553 2501 799 2586 scribis,
836 2501 919 2569 de
952 2526 1084 2592 quo
1120 2521 1252 2571 tam
1279 2506 1448 2572 bene
1481 2502 1718 2570 sentis?
1750 2501 2067 2591 Pol-rigite
2098 2501 2351 2591 patulas
2383 2524 2592 2583 aures,
2628 2518 2704 2567 ut
2736 2503 3005 2571 ebibant
3035 2504 3380 2574 rationem.

459 2618 890 2691 Damnaverat
927 2621 1345 2689 Abaelardum
1375 2637 1844 2713 praeceptorem
1873 2641 2093 2687 meum
2111 2667 2130 2702 ,
2164 2619 2383 2686 virum
2411 2618 2562 2685 fidei
2596 2619 2937 2686 buccinam
2955 2667 2975 2704 ,
3011 2620 3173 2712 legis
3210 2620 3583 2707 armarium,

305 2812 317 2823 ί
367 2736 441 2802 in
470 2759 726 2807 morum
754 2741 858 2806 via
888 2741 1057 2831 pede
1084 2743 1264 2832 regio
1294 2741 1722 2833 gradientem.
1758 2742 2226 2822 Damnaverat,
2265 2739 2533 2833 inquam
2551 2787 2569 2822 ,
2606 2738 3051 2819 Abaelardum,
3089 2755 3156 2805 et
3190 2763 3418 2816 vocem
3452 2745 3588 2829 ejus
3712 2750 3715 2756 ’

371 2857 509 2924 sine
556 2856 882 2926 audientia
923 2858 1453 2952 strangulaverat.
1507 2862 1703 2928 Eram
1744 2882 1825 2927 ea
1867 2874 2246 2950 tempestate
2304 2856 2678 2926 adolescens
2694 2907 2714 2943 ,
2763 2858 3188 2952 nondumque
3223 2860 3586 2951 impuberes

369 2975 574 3042 malas
604 2976 810 3044 nubes
838 2976 1159 3071 lanuginis
1189 2978 1657 3063 adumbrabat,
1693 2995 1958 3070 eratque
1988 2979 2149 3051 mihi
2178 2974 2358 3052 velut
2385 2977 2766 3051 scholastico
2826 2978 3076 3044 animus
3104 2977 3324 3044 inficta
3354 2981 3583 3047 crebro

370 3096 641 3161 materia
679 3094 1034 3170 declinare⁸
1048 3148 1064 3164 .
1096 3099 1303 3165 Porro
1351 3100 1492 3165 veri
1544 3099 1912 3167 certaminis
1958 3098 2283 3168 arridente
2336 3120 2501 3165 vena
2518 3147 2538 3184 ,
2589 3102 2824 3189 pectus
2860 3096 3078 3188 appuli
3127 3114 3201 3163 ut
3244 3078 3587 3191 purgarem

366 3212 787 3282 Abaelardum
805 3264 825 3300 ,
870 3216 1268 3308 Abbatisque
1317 3217 1727 3286 confutarem
1776 3217 2138 3287 audaciam.
2183 3217 2316 3287 Sed
2379 3240 2516 3288 non
2539 3264 2559 3302 ,
2615 3216 2919 3306 inquiunt
2935 3264 2954 3300 ‚
3010 3240 3050 3283 a
3099 3232 3165 3283 te
3210 3218 3588 3310 theologum

370 3330 571 3398 talem
601 3334 783 3424 argui
814 3336 1184 3426 oportebat.
1221 3338 1323 3410 Tu
1368 3338 1545 3404 enim
1581 3337 1788 3406 bestia
1827 3360 1931 3421 es,
1976 3354 2045 3405 et
2072 3354 2367 3405 montem
2396 3352 2661 3428 tangere
2696 3359 2832 3403 non
2864 3334 3085 3403 debes.
3135 3336 3393 3403 Parcius
3425 3339 3583 3423 ista,

371 3448 623 3522 fratrem
659 3452 1062 3522 Mementote
1096 3479 1216 3524 vos
1247 3457 1377 3523 hoc
1410 3455 1693 3548 objicere
1727 3456 1892 3523 viro.
1929 3458 2007 3522 In
2038 3479 2169 3547 quo
2209 3454 2407 3526 audet
2449 3455 2718 3523 Abbas?
2743 3455 2963 3526 Audet
2990 3456 3061 3522 in
3091 3455 3339 3539 litteris,
3375 3457 3589 3532 audeo

373 3584 443 3639 et
494 3593 641 3662 ego.
694 3569 916 3640 Audet
945 3574 1016 3639 in
1059 3573 1473 3666 theologicis,
1529 3576 1742 3648 audeo
1783 3592 1852 3643 et
1897 3599 2049 3667 ego.
2097 3576 2319 3648 Audet
2357 3577 2426 3642 in
2476 3576 2640 3661 fide,
2668 3574 2882 3644 audeo
2934 3590 3000 3641 et
3044 3598 3192 3667 ego.
3251 3576 3470 3643 Audet
3518 3578 3589 3645 in

374 3690 710 3757 sanctitate
730 3740 750 3773 ,
787 3694 896 3759 hic
932 3717 1069 3760 non
1109 3694 1322 3763 audeo
1368 3719 1517 3788 ege.
1550 3696 1732 3781 Quid
1775 3718 1935 3787 ergo
1965 3697 2258 3788 peccavi,
2294 3698 2350 3766 si
2388 3695 2595 3765 fidelis
2624 3693 2918 3775 fidelem,
2971 3694 3188 3760 minor
3236 3697 3586 3791 majorem,

373 3806 674 3874 secularis
700 3808 1072 3901 religiosum
1094 3813 1435 3905 redargui?
1464 3816 1820 3900 Momordi,
1857 3817 2090 3900 fateor,
2125 3840 2263 3882 non
2291 3814 2864 3904 contemplativum
2878 3859 2898 3895 ,
2934 3813 3054 3877 sed
3082 3812 3539 3904 philosophum
3565 3838 3585 3883 ι

375 3946 516 3994 non
564 3926 1032 4012 confessorem,
1093 3930 1210 4000 sed
1261 3934 1638 4024 scriptorem
1672 3959 1689 4001 :
1744 3959 1880 4002 non
1929 3950 2216 4004 mentem
2233 3981 2254 4016 ,
2291 3932 2409 4000 sed
2437 3932 2727 4023 linguam
2774 3954 2791 3997 ε
2833 3953 2969 3995 non
3024 3930 3421 4021 praecordia,
3476 3934 3591 4003 sed

373 4045 612 4134 stylum
648 4070 665 4113 ς
712 4070 847 4114 non
889 4045 1341 4119 meditationes
1391 4053 1546 4137 viri,
1593 4053 1712 4123 sed
1742 4077 2069 4124 somnum.
2111 4056 2360 4145 Legant
2408 4050 2644 4120 eruditi
2689 4050 2809 4116 viri
2853 4048 3344 4143 Apologeticum
3398 4077 3592 4144 quem

372 4162 587 4251 edidi,
627 4181 694 4232 et
734 4166 789 4232 si
835 4165 1174 4236 dominum
1221 4168 1549 4238 Abbatem
1568 4173 1737 4260 juste
1778 4196 1916 4244 non
1967 4173 2180 4265 argui,
2229 4170 2500 4236 licenter
2551 4192 2656 4236 me
2697 4168 3111 4260 redarguant.
3147 4171 3428 4256 Quaerite
3475 4197 3594 4265 per

370 4296 580 4353 totam
606 4287 838 4360 seriem
868 4287 1331 4378 scripmrarum
1372 4288 1457 4357 ab
1489 4307 1634 4360 ortu
1674 4292 1827 4361 solis
1869 4314 2077 4383 usque
2110 4290 2201 4360 ad
2247 4312 2551 4357 occasum
2589 4312 2607 4357 ι
2648 4304 2716 4356 et
2744 4288 3046 4362 videbitis
3075 4292 3146 4366 in
3178 4314 3409 4384 campo
3439 4294 3595 4384 phi-

442 4556 464 4593 ¹
489 4560 668 4615 Palm.
713 4573 773 4616 e·
809 4574 864 4615 ν.
900 4568 982 4618 25.
1007 4567 1110 4606 —¹
1135 4565 1217 4619 Slc
1238 4566 1546 4624 Ambceslus.
1569 4568 1883 4620 Locuscerte
1903 4574 2190 4632 cot-mvn„-
