4559 6100
456 30 503 100 ita
526 43 562 100 et
586 52 671 100 curn
693 27 860 114 dicitur:
888 28 1076 124 «intelligo
1102 29 1254 102 alterum
1279 32 1430 103 istorum
1453 56 1611 123 currere,
1627 59 1644 98 u
1665 30 1718 103 vel
1740 60 1757 98 a
1774 30 1857 103 dico
1872 30 2080 103 bominem

454 172 597 219 currere
615 148 823 245 quemdam,
843 179 860 215 >³
881 147 954 220 duo
972 151 1194 221 0001000000
1211 149 1247 219 in
1266 150 1414 245 singulis
1436 176 1444 220 :
1468 176 1562 222 unus
1585 148 1752 246 quidem,
1779 148 1878 247 quod
1901 151 2078 249 intelligo

453 267 555 365 quod
578 268 667 340 alter
686 270 818 358 currit,
844 270 900 340 vel
924 268 1024 366 quod
1050 268 1133 339 0100
1158 268 1258 365 quod
1282 268 1429 366 quidam
1454 269 1586 361 currit,
1606 269 1696 341 alius
1721 270 1823 368 0000
1839 270 2001 366 intelligo
2022 272 2076 347 de

453 386 566 459 altero
582 386 683 485 0000
701 389 824 477 currit,
845 387 980 460 honest
998 388 1051 460 vel
1068 388 1168 458 huuc
1185 387 1343 484 intelligo
1356 412 1514 478 currere,
1532 388 1588 460 vel
1605 388 1706 460 illum
1720 388 1881 485 intelligo
1898 415 2070 484 currere,

454 507 510 579 vel
528 507 611 578 dico
627 506 791 579 similiter
808 508 853 579 de
870 507 1031 605 quodam
1048 506 1149 605 qnod
1165 506 1288 578 currit.
1310 511 1352 577 Et
1374 506 1575 579 secundum
1591 508 1750 607 priorem
1766 533 1909 581 sensum
1925 534 2071 582 conce·

453 626 615 699 dendum
632 640 685 700 cst
702 626 803 724 qnod
826 625 1063 724 quaerebatur,
1091 640 1127 698 et
1147 650 1221 697 000
1249 613 1448 697 secundum
1465 625 1629 699 alterum.
1648 627 1717 699 Sed
1735 640 1769 699 et
1787 627 1958 718 fortasse,
1975 654 2071 703 cum

366 805 371 818 .
453 747 586 819 dicitur
597 778 615 815 u
627 762 797 819 neutrum
812 745 970 844 intelligo
987 770 1160 819 currere»
1180 745 1234 816 vel
1256 778 1273 812 α
1284 742 1422 816 nullum
1439 745 1626 819 hominem
1643 747 1725 819 dico
1742 772 1897 837 currere,
1910 778 1926 814 u
1938 748 2072 846 plures

451 882 535 938 sunt
552 892 676 939 sensus
693 868 728 937 10
747 865 909 962 singulis,
930 890 1024 936 unus
1044 864 1193 961 quidem
1210 863 1443 936 affirmativus
1467 880 1504 938 et
1526 865 1601 938 000
1626 867 1793 965 negativi.
1822 868 1859 938 Si
1884 868 1984 940 enim
2012 870 2069 942 ita

451 989 647 1094 accipiatur
667 1023 679 1100 ²,
696 994 887 1091 «intelligo
906 993 1009 1092 0000
1025 1008 1151 1067 neuter
1164 993 1303 1065 currit»
1326 991 1381 1064 vel
1396 992 1506 1065 «dico
1524 993 1624 1091 0000
1642 994 1762 1067 001100
1780 997 1903 1086 currit,
1921 1026 1937 1060 »
1958 996 2069 1068 affir-

452 1117 605 1222 mativus
621 1130 673 1187 est
689 1140 830 1189 sensus.
850 1116 886 1186 Si
901 1139 986 1186 vero
1001 1115 1048 1186 ita
1066 1114 1168 1213 quod
1180 1144 1197 1182 v
1211 1113 1547 1209 neutrumintelligo
1563 1138 1721 1206 currere,
1737 1145 1755 1182 1
1768 1115 1924 1187 honest:
1947 1146 1966 1182 α
1981 1141 2065 1190 000

451 1235 609 1331 intelligo
626 1235 727 1333 0000
741 1236 828 1308 01101
844 1236 967 1328 currit,
978 1264 995 1303 u
1007 1235 1065 1306 vel
1082 1236 1130 1307 ita
1144 1262 1152 1305 :
1168 1265 1184 1302 u
1195 1259 1312 1332 neque
1329 1233 1488 1330 intelligo
1497 1233 1597 1307 hunc
1613 1259 1756 1307 currere
1775 1260 1891 1332 neque
1908 1234 2027 1329 illum,
2042 1270 2062 1307 n

451 1355 526 1427 000
551 1370 636 1427 0001
657 1356 814 1451 negativi
839 1380 980 1445 sensus;
1011 1368 1047 1427 et
1072 1354 1212 1454 primus
1237 1353 1386 1451 quidem
1410 1378 1535 1425 sensus
1560 1369 1613 1426 est
1641 1355 1838 1450 negationis
1864 1354 2063 1429 dividentis

450 1474 525 1570 ejus
543 1474 789 1546 affirmationis
811 1500 919 1572 quam
944 1498 1052 1574 supra
1076 1474 1329 1546 concessimus.
1356 1471 1525 1544 Similiter
1541 1473 1856 1547 determinandum
1873 1490 1926 1547 est
1941 1477 1989 1549 de
2010 1503 2061 1549 eo

450 1594 552 1693 quod
572 1594 781 1681 0101001001
801 1621 809 1664 z
834 1625 851 1660 «
863 1593 1003 1666 nullum
1023 1593 1209 1673 hominem
1227 1594 1311 1665 dico
1329 1618 1484 1665 currere.
1503 1622 1521 1661 u

500 1714 609 1803 Quod
626 1739 712 1787 vero
737 1714 927 1813 quaesitum
949 1728 1002 1786 est
1018 1728 1138 1786 utrum
1156 1739 1239 1813 cum
1255 1712 1386 1785 dicitnr
1404 1711 1598 1785 «chimaera
1616 1729 1765 1809 quaeest
1787 1715 1899 1787 alba»
1923 1717 2058 1791 intelli·

449 1859 530 1932 gam
554 1835 759 1908 chimaeram
776 1859 856 1933 quae
874 1848 926 1906 est
942 1833 1044 1924 alba,
1064 1835 1165 1906 nullo
1185 1833 1298 1905 modo
1323 1830 1600 1905 concedendum
1626 1848 1697 1924 est,
1716 1835 1800 1907 licet
1815 1836 1852 1908 id
1869 1861 1992 1909 verum
2009 1840 2056 1911 sit

448 1953 548 2052 0000
575 1953 731 2025 habeam
756 1954 956 2025 intellectus
980 1953 1088 2050 hujus
1115 1953 1316 2025 orationis:
1339 1983 1355 2018 1(
1369 1952 1535 2024 chimaera
1562 1976 1642 2049 quae
1664 1967 1718 2024 est
1741 1953 1973 2027 albatiate
2000 1973 2055 2029 est

447 2075 544 2146 enim
565 2099 573 2142 ι
596 2072 781 2169 «intelligo
796 2073 965 2145 chimaera
978 2097 1056 2168 quae
1073 2088 1126 2144 est
1139 2072 1233 2163 alba,
1246 2102 1263 2137 »
1281 2096 1322 2143 ac
1340 2071 1368 2141 si
1386 2071 1525 2143 dicatur
1542 2097 1550 2141 t
1574 2100 1592 2138 v
1603 2071 1723 2144 habeo
1740 2090 1957 2173 conceptum
1973 2101 2051 2173 000

447 2192 612 2288 excogito
638 2192 842 2264 chimaeram
867 2207 903 2265 et
924 2193 1001 2290 ipsa
1026 2206 1079 2263 est
1105 2190 1200 2264 alba.
1216 2219 1235 2259 »
1255 2191 1291 2261 Si
1315 2203 1435 2261 autem
1461 2190 1601 2263 dicatur
1628 2192 1821 2290 «intelligo
1847 2194 2048 2267 cbimaeram

447 2311 566 2385 albam
578 2342 595 2381 u
627 2336 750 2384 verum
776 2337 851 2385 esse
877 2325 1015 2412 potest,
1042 2312 1072 2383 si
1095 2309 1259 2383 videlicet
1284 2309 1438 2382 babeam
1466 2311 1687 2385 intellectum
1712 2313 1820 2410 hujus
1846 2315 2045 2387 orationis:

450 2462 467 2501 α
485 2432 652 2505 chimaera
669 2446 722 2504 est
738 2431 833 2504 alba.
849 2460 866 2500 u

496 2552 588 2625 11100
605 2567 723 2626 autem
744 2553 1021 2626 concedendurn
1044 2553 1165 2652 aliquo
1182 2556 1295 2628 modo
1312 2555 1451 2628 videtur
1467 2554 1578 2651 quod,
1598 2579 1681 2626 cum
1700 2555 1809 2627 audio
1826 2555 1897 2627 hnc
1914 2581 2047 2629 nomeu

450 2698 556 2744 «000
583 2673 837 2771 intelligibile»
857 2673 1017 2771 intelligo
1039 2699 1114 2745 1100
1133 2674 1374 2771 intelligibile,
1394 2673 1465 2746 hoc
1483 2688 1535 2744 est
1559 2672 1678 2745 habeo
1703 2675 1811 2748 talem
1832 2691 2049 2775 conceptum

446 2792 575 2889 inquo
593 2795 755 2890 excogito
773 2794 907 2891 aliquid
922 2808 1093 2891 tanquam
1114 2818 1187 2865 000
1204 2793 1437 2889 intelligibile.
1456 2793 1493 2863 Si
1506 2815 1595 2864 vero
1613 2794 1662 2865 ita
1676 2793 1830 2887 dicatur,
1852 2826 1868 2860 t
1889 2796 2049 2895 intelligo

446 2935 521 2984 non
539 2913 774 3010 intelligibile,
789 2942 807 2981 »
819 2914 892 2985 hoc
909 2928 963 2985 est
976 2943 993 2982 «
1006 2912 1123 2984 babeo
1138 2913 1359 2985 intellectum
1370 2913 1416 2984 de
1426 2911 1546 3010 aliquo
1563 2928 1599 2985 et
1615 2938 1688 2985 non
1704 2928 1822 3013 potest
1838 2915 1927 2987 11100
1943 2916 2047 2988 intel-

445 3030 524 3130 ligi,
542 3063 559 3101 »
580 3032 707 3106 salsum
722 3048 776 3105 est
796 3034 967 3124 omnino,
991 3048 1026 3106 et
1041 3033 1197 3106 fortassis
1214 3032 1274 3105 hic
1291 3046 1345 3105 est
1360 3032 1471 3131 magis
1486 3033 1653 3132 proprius
1664 3060 1802 3108 sensus.
1821 3034 1891 3108 Sed
1908 3050 1943 3109 et
1960 3062 2045 3109 cum

445 3151 597 3225 dicimus
617 3184 634 3221 «
649 3179 725 3226 non
743 3153 919 3227 divisibile
936 3153 1035 3227 aliud
1055 3154 1141 3246 hoc,
1159 3150 1257 3226 aliud
1271 3153 1372 3243 illud,
1390 3182 1407 3221 u
1427 3155 1455 3224 si
1473 3154 1553 3251 quis
1576 3153 1625 3226 ob
1643 3154 1715 3228 boc
1732 3156 1828 3229 dicat
1846 3155 1947 3253 0000
1971 3181 2045 3228 000

445 3271 622 3344 divisibile
640 3272 823 3367 dividitur,
845 3301 920 3347 000
935 3275 1075 3347 videtur
1092 3274 1243 3344 omnino
1260 3298 1366 3345 verus
1382 3298 1458 3346 esse
1472 3298 1609 3345 sensus.
1630 3275 1799 3349 Similiter
1814 3291 1849 3347 et
1866 3277 1894 3347 si
1912 3275 2043 3367 dicam,

448 3423 465 3459 a
487 3395 650 3464 Socrates
668 3408 720 3465 est
737 3419 811 3466 000
828 3394 1064 3495 predicabilis
1081 3393 1125 3465 de
1142 3391 1328 3491 pluribus,
1348 3423 1365 3460 1
1384 3393 1441 3464 vel
1461 3424 1478 3459 (1
1499 3393 1668 3491 estquod
1685 3420 1761 3466 000
1776 3396 1986 3494 predicatur
2000 3395 2046 3467 00

318 3574 324 3583 .
445 3511 621 3610 pluribus,
639 3543 656 3579 »
676 3528 712 3585 et
729 3514 889 3588 similiter
908 3515 1022 3586 Plato.
1040 3512 1077 3581 Si
1093 3511 1176 3582 1000
1194 3510 1356 3583 dicamus
1373 3536 1449 3583 000
1467 3510 1705 3609 praedicabilis
1724 3514 1770 3586 00
1787 3515 1970 3615 pluribus,
1989 3513 2044 3586 vel

444 3632 628 3729 0000000
639 3634 853 3731 praedicatur
868 3632 913 3705 de
929 3630 1091 3731 pluribus
1108 3628 1292 3728 praedicari
1307 3628 1352 3700 de
1370 3629 1547 3728 pluribus,
1565 3630 1665 3703 nullo
1686 3632 1800 3703 modo
1817 3633 1981 3706 veredici
1993 3635 2045 3704 vi·

443 3750 565 3846 detur3
584 3756 612 3825 si
631 3779 716 3826 vero
734 3755 923 3847 addamus,
942 3752 1014 3829 hoc
1032 3749 1232 3824 universale
1250 3774 1324 3823 non
1341 3748 1519 3823 divisibile
1536 3749 1720 3846 dividitur,
1740 3752 1796 3825 vel
1813 3752 1886 3825 boc
1904 3756 2044 3825 uuiver-

443 3873 515 3945 sale
541 3896 616 3943 non
640 3872 866 3972 praedicabile
894 3871 939 3943 de
962 3870 1126 3970 pluribus
1152 3869 1365 3968 praedicatur
1388 3870 1433 3943 00
1458 3869 1639 3969 pluribus,
1663 3871 1799 3945 additio
1821 3873 1898 3945 baec
1919 3897 2042 3944 verum

444 4016 553 4089 quem
571 3993 792 4065 intendimus
810 3991 965 4066 ostendit
983 4015 1141 4062 sensum.

494 4114 627 4199 Quaerit
653 4127 688 4183 et
713 4112 803 4184 illud
821 4112 978 4183 fortassis
1002 4109 1145 4207 aliquis,
1171 4122 1292 4180 utrum
1315 4110 1463 4206 quando
1483 4109 1643 4206 intelligo
1670 4110 1892 4201 chimaeram,
1912 4126 1947 4183 et
1963 4111 2040 4182 talis

443 4247 496 4303 est
512 4258 637 4304 sensus
659 4231 759 4330 quod
776 4232 892 4304 babeo
915 4245 1132 4328 conceptum
1148 4227 1370 4326 hujusmodi,
1388 4232 1499 4328 possit
1516 4230 1588 4303 dici
1608 4230 1707 4330 quod
1723 4231 1880 4329 intelligo
1895 4229 2037 4303 chimae·

444 4377 534 4446 ram,
556 4354 619 4452 001
644 4367 695 4424 001
720 4349 933 4426 10101100100.
952 4355 1086 4425 Verum
1103 4350 1238 4449 quippe
1261 4363 1315 4422 est
1337 4350 1437 4446 quod
1457 4350 1576 4424 habeo
1595 4367 1812 4452 conceptum
1834 4346 2033 4447 hujusmodi
