4559 6100
456 544 527 615 280
1055 543 1183 616 rarat
1213 544 1447 619 afflatur

456 693 492 763 id
510 704 564 763 est
579 689 762 789 postulare
779 714 846 761 nos
861 689 957 780 lacit,
972 691 1073 789 quod
1086 690 1218 764 scilicet
1230 691 1477 765 nesciebamus
1490 688 1671 782 docendo,
1691 690 1816 786 atejus
1829 687 2047 761 desiderium

458 811 652 898 maximum
681 809 904 908 inspirando.
927 840 944 878 a
960 812 1031 898 Qui
1051 827 1217 885 autem.»
1237 814 1314 886 Dixi
1337 811 1437 910 quod
1458 836 1527 883 nos
1552 810 1734 909 postulare
1761 810 1843 881 iacit
1859 807 2048 905 gemitibus

458 928 769 1018 inenarrabilibus,
794 930 830 1001 id
851 945 904 1002 est
920 931 1028 1003 tantis
1048 931 1234 1004 desideriis
1253 945 1292 1003 ut
1312 932 1433 1030 potius
1459 930 1582 1002 sentiri
1601 953 1710 1026 quam
1735 928 1882 1001 edisseri
1897 941 2043 1026 queant.

457 1047 526 1119 Sed
554 1046 635 1119 lieet
661 1047 734 1119 sint
757 1048 1033 1139 inenarrabiles,
1062 1050 1096 1122 ei
1121 1064 1242 1122 tamen
1271 1064 1354 1121 srmt
1379 1049 1535 1144 cogniti,
1562 1048 1625 1146 qui
1651 1062 1829 1120 scrutatur
1853 1046 1984 1140 corda,
2015 1060 2050 1119 et
2145 1105 2149 1114 .

459 1169 640 1266 inspector
671 1180 724 1239 est
745 1167 883 1260 cordis,
916 1192 958 1241 ea
984 1167 1150 1244 videlicet
1178 1167 1298 1267 potius
1324 1168 1513 1240 attendens
1540 1193 1619 1266 quae
1644 1182 1832 1241 versantur
1860 1169 1897 1239 in
1923 1166 2052 1257 corde,

458 1310 568 1384 quam
587 1311 665 1384 quae
681 1287 910 1384 proferuntur
930 1287 977 1360 de
993 1311 1070 1360 ore.
1081 1318 1112 1355 ε
1131 1287 1229 1375 Quid
1245 1287 1434 1360 desideret.
1453 1317 1471 1355 »
1489 1286 1529 1359 ld
1543 1300 1598 1359 est
1612 1286 1814 1359 desiderare
1837 1309 1904 1357 nos
1925 1284 2046 1375 iaciat,

459 1406 541 1503 quia
561 1406 717 1503 postulat
731 1430 797 1505 pro
814 1407 957 1497 sanctis,
978 1406 1014 1478 id
1031 1420 1084 1478 est
1099 1420 1243 1479 sanctos
1263 1405 1444 1505 postulare
1465 1406 1560 1500 facit,
1582 1403 1812 1477 «secundum
1829 1409 1957 1495 Deum,
1972 1435 1988 1468 u
2011 1403 2050 1475 id

459 1539 509 1596 est
528 1507 727 1599 secundum
747 1524 817 1597 hoe
834 1524 933 1622 quod
952 1527 1028 1623 ipse
1044 1526 1196 1625 Spiritus
1214 1526 1282 1597 Dei
1300 1549 1322 1597 a
1338 1529 1416 1597 Deo
1430 1525 1589 1624 accepit,
1612 1525 1674 1622 qui
1692 1548 1713 1597 a
1727 1528 1804 1596 Deo
1826 1522 1936 1595 habet
1950 1548 2047 1617 esse,

461 1642 692 1739 procedendo
708 1644 840 1716 scilicet
859 1642 906 1716 ab
919 1645 1012 1742 ipso,
1030 1659 1067 1716 et
1081 1643 1282 1717 secundum
1299 1645 1400 1743 quod
1418 1647 1454 1716 in
1473 1645 1549 1743 ipsa
1570 1644 1636 1715 Dei
1655 1638 1890 1741 dispositione
1904 1643 2051 1718 ordina-

460 1777 535 1834 tum
552 1788 629 1835 esse
647 1764 760 1837 novit.
781 1765 886 1838 Unde
904 1780 1044 1838 certum
1064 1779 1116 1837 est
1133 1769 1249 1835 Deum
1269 1787 1344 1836 uon
1364 1789 1468 1863 posse
1484 1764 1594 1837 latere
1615 1762 1702 1860 quid
1726 1776 1806 1860 agat
1823 1764 1988 1862 Spiritus,
2006 1787 2049 1835 eo

460 1882 686 1982 disponente.

510 2031 529 2080 u
543 2004 683 2076 Solutus
697 2003 809 2076 enim.
821 2034 838 2070 a
850 2010 1033 2103 Tanquam
1050 2004 1177 2103 aliquis
1187 2029 1378 2105 opponens
1390 2005 1538 2096 diceret,
1548 2003 1736 2103 quomodo
1753 2002 1896 2102 adjuvet
1910 2003 2052 2102 spiritus

459 2148 551 2219 quos
573 2137 627 2195 tot
645 2122 811 2196 videmus
826 2124 1081 2197 afflictionibus
1096 2123 1276 2216 laborare,
1296 2125 1382 2198 dicit
1400 2126 1485 2224 quia
1508 2140 1544 2198 et
1566 2126 1660 2224 ipsas
1677 2123 1888 2195 afflictiones
1910 2136 1946 2194 et
1962 2147 2052 2219 quae·

460 2265 602 2338 cunque
627 2242 797 2315 accidunt
823 2245 970 2337 saneris,
1000 2260 1073 2316 tam
1099 2268 1272 2342 prospera
1293 2243 1427 2316 scilicet
1448 2266 1559 2342 quam
1583 2242 1754 2331 adversa,
1776 2243 1814 2313 in
1837 2241 1975 2313 boum
2004 2241 2054 2313 eis

433 2361 655 2452 convertit,
685 2376 720 2434 et
746 2361 792 2435 ad
816 2387 942 2435 eornm
971 2362 1157 2435 utilitatem
1189 2363 1365 2463 perducit.
1394 2365 1466 2452 Qui
1494 2386 1580 2436 vero
1604 2364 1676 2435 sint
1701 2361 1888 2458 diligentes
1912 2363 2051 2450 Deum

459 2481 632 2580 supponit
652 2481 777 2554 dicens
796 2509 804 2552 ε
827 2512 844 2551 r
856 2484 919 2556 His
936 2485 999 2582 qui
1021 2484 1138 2556 vocati
1154 2497 1238 2556 sunt
1252 2485 1378 2573 sancti,
1397 2489 1418 2549 ε’
1435 2482 1471 2555 id
1490 2490 1544 2555 est
1562 2483 1710 2556 iuternae
1727 2481 1927 2554 vocationis
1946 2479 2055 2579 inspi-

460 2601 598 2672 ratione
615 2600 838 2686 sanctifieati‚
856 2631 874 2670 a
884 2601 1084 2675 secundum
1100 2604 1328 2701 propositum
1340 2603 1405 2675 Dei
1418 2631 1436 2670 u
1451 2603 1571 2702 potius
1587 2625 1696 2699 quam
1715 2601 1912 2673 secundum
1930 2624 2055 2672 eornm

461 2717 696 2813 praecedentia
714 2721 854 2806 merita,
875 2721 911 2792 id
935 2736 988 2793 est
1008 2723 1208 2795 secundum
1230 2721 1302 2792 hoc
1321 2722 1441 2819 potius
1455 2720 1557 2818 quod
1575 2721 1704 2793 divinae
1727 2721 1846 2817 gratiae
1867 2719 2054 2819 placuerit,

461 2860 569 2932 quam
592 2837 793 2909 secundum
814 2838 887 2910 boe
909 2838 1008 2936 quod
1029 2840 1097 2938 ipsi
1120 2854 1342 2912 meruerunt.
1366 2845 1600 2938 ‹Namquos
1621 2841 1842 2940 praescivit.»
1863 2838 2057 2935 Exequitur

461 2955 649 3054 diligenter
672 2956 862 3054 quomodo
886 2957 1085 3048 secundum
1109 2959 1337 3060 propositum
1361 2961 1440 3051 Dei,
1468 2959 1504 3031 id
1529 2979 1581 3032 est
1602 2960 1730 3032 divinae
1755 2960 1873 3057 gratiae
1888 2958 2057 3059 placitum

462 3077 533 3146 siut
549 3075 773 3166 sanctificati,
795 3076 918 3150 dicens
938 3081 1024 3177 qnia
1045 3104 1138 3178 quos
1153 3080 1340 3179 praescivit,
1363 3080 1598 3180 postmodum
1615 3095 1650 3153 et
1667 3078 1953 3179 praedestinando
1970 3102 2057 3152 con·

464 3194 596 3293 formes
609 3196 756 3269 Christo
769 3196 939 3270 reddidit.
958 3200 1055 3272 Scire
1068 3200 1200 3272 dicitur
1217 3204 1312 3272 Deus
1332 3225 1375 3272 ea
1392 3225 1471 3298 quae
1487 3201 1680 3300 approbat,
1696 3215 1732 3272 et
1745 3214 1825 3298 quae
1842 3200 1919 3296 ejus
1932 3199 2059 3272 notitia

463 3314 698 3413 suntdigua,
724 3316 824 3413 juxta
848 3315 951 3393 illud¹
969 3346 1002 3390 :r
1017 3319 1126 3392 Novit
1147 3321 1326 3393 Dominus
1352 3321 1446 3391 viam
1465 3320 1661 3416 justorum,
1675 3350 1693 3386 »
1715 3321 1806 3392 sicut
1833 3344 1853 3391 e
1878 3320 2058 3392 contrario

464 3433 557 3506 mala
574 3435 739 3531 ignorare
754 3435 810 3507 vel
826 3439 963 3510 nescire
981 3438 1125 3511 dicitur.
1144 3444 1247 3512 Juxta
1264 3439 1365 3537 quod
1384 3441 1460 3538 ipse
1477 3438 1586 3512 Filius
1603 3437 1765 3539 reprobis
1782 3439 1850 3511 ait'
1869 3465 1876 3508 :
1900 3468 1917 3506 n
1933 3438 2057 3510 Nescio

464 3580 581 3629 vos.»
610 3554 692 3627 illos
717 3557 836 3653 itaque
865 3559 1044 3654 praseisse
1073 3559 1217 3653 dieitur,
1245 3584 1401 3658 quorum
1430 3572 1624 3655 antequam
1650 3573 1766 3632 essem
1794 3560 1950 3630 futuram
1971 3557 2061 3631 elec·

464 3675 602 3748 tionem
615 3673 841 3773 approbavit.
858 3680 1104 3775 Quoseunque
1120 3679 1241 3775 itaque
1259 3678 1310 3749 sie
1324 3679 1511 3776 prescivit,
1529 3704 1593 3752 eos
1607 3677 1842 3777 postmodum
1857 3674 2059 3777 «pradesti-

466 3795 577 3883 navit,
602 3821 619 3859 u
647 3792 752 3864 idest
772 3793 877 3865 donis
891 3795 1009 3893 gratiae
1027 3821 1097 3867 suae
1115 3798 1338 3896 preparavit.
1361 3797 1627 3872 Praedestinatio
1644 3800 1777 3898 quippe
1794 3799 1916 3870 divina
1931 3796 2062 3869 dicitur

464 3911 679 4008 praeparatio
696 3913 828 4007 gratiae,
846 3918 925 4010 quae
949 3915 986 3985 in
1007 3915 1127 3986 electis
1144 3930 1285 3988 tantum
1306 3931 1370 3989 est.
1392 3917 1701 4010 «Praedestinavit,
1722 3949 1739 3986 ε
1759 3919 1922 4016 inquam,
1944 3949 1961 3984 α
1974 3942 2061 3990 con·

465 4030 596 4102 formes
613 4028 702 4101 lieri.
718 4060 734 4099 u
752 4031 791 4103 ld
806 4047 859 4104 est
871 4032 919 4105 ad
932 4033 1005 4106 hoc
1019 4049 1059 4106 ut
1071 4035 1204 4108 similes
1220 4035 1359 4130 fierent,
1371 4039 1562 4135 «imaginis
1580 4040 1657 4112 Filii
1671 4040 1769 4130 sui,r
1786 4038 1823 4111 id
1838 4053 1889 4111 est
1905 4037 2061 4128 Christo,

465 4149 529 4249 qui
550 4163 603 4220 est
621 4150 738 4245 imago
755 4152 836 4243 Dei,
857 4151 893 4224 id
917 4168 970 4225 est
989 4178 1155 4254 expressa
1179 4156 1376 4230 similitudo
1406 4159 1537 4247 Patris,
1559 4160 1594 4230 in
1614 4157 1782 4230 omnibus
1806 4157 1939 4230 scilicet
1957 4155 2064 4229 bonis

465 4269 497 4340 ei
523 4268 670 4366 aequalis
692 4269 892 4343 secundum
911 4270 1156 4368 divinitatem,
1180 4275 1279 4371 juata
1305 4276 1393 4348 illud
1409 4276 1510 4375 quod
1528 4278 1622 4350 ait¹:
1650 4308 1667 4346 a
1686 4277 1867 4377 Philippe,
1887 4278 1948 4375 qui
1968 4273 2065 4347 videt

467 4411 525 4457 me
535 4386 640 4460 ¹videt
661 4403 697 4460 et
724 4392 876 4481 Patrem,
890 4419 911 4459 ε
928 4415 970 4464 ac
991 4392 1185 4482 adiceret,
1205 4395 1290 4492 quia
1307 4420 1349 4467 ex
1375 4421 1433 4468 me
1458 4397 1593 4495 integre
1615 4399 1784 4494 cognosci
1810 4411 1927 4497 potest
1949 4393 2067 4491 qualis

470 4505 528 4578 rel¹
546 4531 656 4604 quam
680 4507 801 4581 bonus
819 4510 895 4609 ipse
916 4512 962 4584 sit
985 4516 1218 4585 Patauinae
1239 4528 1359 4587 autem
1376 4514 1518 4589 Christo
1542 4516 1825 4607 conformamur,
1851 4519 1879 4588 si
1907 4532 2066 4590 veterem

468 4626 655 4700 bominem
692 4653 775 4700 cum
806 4629 944 4704 actibus
979 4634 1055 4705 suis
1083 4632 1330 4732 deponentes,
1361 4637 1480 4735 ipsum
1511 4637 1703 4709 induamus
1735 4636 1942 4726 Christum,
1973 4635 2068 4708 slcut

467 4746 641 4853 scriptum
669 4751 768 4820 est⁶z
790 4751 896 4838 uQui
920 4749 1006 4823 dicit
1029 4776 1067 4824 se
1089 4752 1126 4824 in
1144 4750 1286 4826 Christo
1308 4778 1473 4843 manere,
1492 4754 1600 4827 debet
1623 4758 1714 4828 sicut
1737 4757 1795 4829 ille
1813 4755 2010 4828 ambularit
2030 4770 2068 4827 et

468 4867 543 4962 ipae
560 4866 793 4942 ambulare.»
812 4874 882 4963 lta,
904 4871 1066 4970 inquam,
1094 4872 1300 4946 conformes
1327 4872 1417 4965 lieri,
1450 4905 1467 4943 a
1483 4891 1522 4947 ut
1546 4876 1591 4948 sit
1616 4875 1692 4975 ipse
1718 4872 1882 4949 videlicet
1906 4874 2069 4948 Christus

500 5149 505 5170 ¹
522 5143 617 5194 Proto.
633 5158 649 5201 t,
662 5158 685 5194 r.
697 5147 721 5195 6.
741 5145 788 5180 -¹
802 5143 900 5203 batth..
914 5157 967 5206 rap.
987 5158 1046 5205 ur,
1060 5159 1082 5195 v.
1099 5148 1136 5194 u.
1156 5170 1180 5182 -
1195 5144 1282 5196 ’luam
1293 5186 1297 5195 .
1308 5159 1363 5210 cap.
1378 5158 1427 5205 stu,
1440 5161 1463 5198 r.
1474 5150 1498 5199 9.
1510 5174 1541 5213 -;
1552 5146 1642 5198 *luam
1656 5148 1676 5206 t,
1688 5159 1743 5210 cap.
1756 5161 1783 5209 u,
1797 5162 1819 5200 r.
1831 5151 1856 5199 n.
