4559 6100
759 556 1014 631 THEOLOGIA
1038 558 1313 633 (Illlils'l'lde.
1762 558 1834 630 tta

240 727 323 803 qnae
345 718 451 795 sunt;
478 706 651 804 atqneeis
670 719 801 779 cuncta
826 707 998 779 veraciter
1021 706 1211 800 discernit,
1234 709 1293 780 cui
1319 731 1362 781 ea
1383 731 1529 805 quoque
1552 731 1632 805 quae
1654 702 1728 779 nnn
1753 723 1835 781 sunt

240 825 344 924 quasi
369 827 556 924 praesentia
577 827 757 917 assistunt,
784 824 881 898 unde
902 840 938 899 et
958 829 1174 900 enumeratis
1189 827 1297 901 donis
1311 827 1463 928 Spiritus
1478 827 1567 924 ejus,
1589 828 1666 926 ipse
1684 827 1836 924 Spiritus

246 945 402 1019 scientiae
416 969 493 1017 esse
507 944 651 1017 dicitur.
669 945 768 1017 Sient
780 959 898 1017 autem
917 945 1003 1018 mali
1022 971 1172 1045 quoqne
1188 947 1333 1019 scientia
1348 946 1445 1018 bona
1462 960 1528 1038 est,
1555 944 1602 1018 ad
1629 944 1834 1017 evitandum

243 1063 375 1137 scilicet
403 1065 540 1138 malum
568 1065 784 1154 necessaria3
809 1066 857 1137 ita
873 1078 1086 1163 potestatem
1113 1066 1221 1138 etiam
1249 1064 1335 1139 mali
1355 1065 1492 1137 bonam
1521 1088 1597 1136 esse
1619 1076 1772 1156 constat,
1801 1078 1836 1136 ct

241 1182 288 1256 ad
307 1183 590 1281 promerendum
614 1186 860 1258 necessariam.
883 1184 1033 1257 sienim
1049 1209 1199 1284 peccare
1214 1209 1289 1257 non
1315 1206 1515 1282 possemus,
1544 1182 1635 1254 nihil
1658 1206 1734 1255 noo
1751 1207 1837 1281 pec·

240 1300 359 1375 cando
386 1326 690 1401 promereremur,
711 1317 748 1376 et
772 1304 805 1376 ei
829 1305 892 1402 qui
915 1303 1068 1378 liberum
1092 1330 1168 1378 non
1191 1302 1301 1378 habet
1324 1302 1523 1393 arbitrium,
1544 1302 1684 1374 nullum
1712 1324 1754 1373 ex
1780 1301 1836 1375 bia

242 1443 322 1519 quae
345 1436 492 1495 coactus
516 1423 588 1520 agit
605 1421 759 1495 debetur
773 1423 973 1521 praemium.
998 1428 1041 1495 At
1066 1448 1152 1497 vero
1173 1448 1194 1496 e
1216 1437 1357 1516 contra,
1377 1436 1416 1495 ut
1431 1423 1483 1495 ait
1504 1419 1716 1520 propbeta¹‚
1738 1421 1835 1518 «qui

241 1540 359 1639 potuit
376 1541 574 1638 transgredi
590 1555 625 1614 et
642 1566 718 1615 oon
738 1555 791 1613 est
806 1557 1065 1640 transgressum
1087 1541 1203 1616 lacere
1225 1543 1332 1636 mala,
1348 1556 1384 1614 et
1402 1566 1477 1614 non
1496 1541 1577 1613 fecit
1596 1567 1605 1610 ε
1625 1538 1709 1612 ideo
1725 1535 1834 1612 stabi·

241 1657 303 1731 lita
327 1674 411 1732 sunt
434 1659 533 1734 bona
559 1661 652 1733 illius
680 1661 716 1732 in
743 1660 952 1733 Domino.»
983 1665 1036 1733 Ex
1060 1661 1116 1733 his
1152 1663 1272 1760 itaque
1300 1658 1477 1758 liquidum
1504 1672 1579 1749 est,
1611 1657 1747 1730 nnllam
1773 1671 1836 1730 aut

241 1778 426 1850 scientiam
459 1793 521 1851 aut
547 1794 761 1879 potestatem
786 1780 917 1853 malam
954 1804 1052 1874 esse,
1081 1794 1413 1878 quantumcumque
1443 1779 1514 1850 sint
1547 1775 1641 1849 mala
1669 1776 1836 1850 exercitia

242 1898 413 1995 ipsarum,
433 1922 517 1972 cum
535 1915 569 1973 et
585 1905 683 1974 Deus
698 1925 845 1973 omnem
863 1899 998 1973 tribuat
1015 1900 1213 1990 scientiam,
1231 1913 1267 1973 et
1282 1924 1428 1972 omnem
1444 1897 1588 1971 ordinet
1602 1909 1830 1996 potestatem.

241 2016 312 2104 Qui
335 2017 443 2089 etiam
464 2017 511 2090 de
530 2032 702 2118 potestate
724 2019 936 2117 iniquissimi
960 2019 1061 2091 Pilati
1082 2016 1253 2091 adversus
1274 2042 1312 2090 se
1335 2018 1407 2090 ait'
1424 2045 1433 2089 ε
1448 2021 1529 2090 Non
1544 2007 1696 2089 haberes
1715 2016 1753 2087 in
1777 2040 1834 2088 me

240 2148 467 2231 potestatem,
494 2139 564 2209 nisi
587 2124 714 2210 datum
737 2137 801 2209 tibi
823 2151 915 2210 esset
939 2136 1105 2236 desuper.
1123 2166 1142 2206 a
1161 2137 1332 2211 Scientias
1349 2137 1469 2234 itaque
1490 2133 1748 2235 approbamus,
1771 2134 1834 2207 aed

240 2252 386 2326 fallaciis
405 2253 629 2328 abutentium
647 2257 855 2330 resistimus.
876 2259 956 2327 Non
981 2257 1093 2348 enim,
1118 2270 1208 2329 teste
1222 2257 1350 2346 Tullio,
1374 2256 1603 2329 mediocriter
1620 2268 1753 2344 errant,
1772 2254 1835 2350 qui

241 2396 282 2444 ex
308 2373 395 2445 vitio
422 2372 579 2447 hominis
594 2376 777 2449 scientiam
794 2374 955 2475 culpant.
978 2376 1036 2448 Sic
1059 2375 1156 2448 enim
1173 2400 1257 2448 cum
1274 2375 1321 2448 de
1344 2374 1623 2475 reprehensione
1642 2396 1834 2470 argumen-

241 2491 414 2564 tationem
437 2492 475 2563 in
506 2492 694 2566 Rhetorica
718 2494 877 2579 doceret,
901 2494 951 2567 ait
974 2494 1069 2567 inter
1084 2508 1211 2567 caetera
1235 2521 1278 2566 :a
1303 2498 1384 2567 Non
1401 2493 1449 2567 ad
1465 2492 1504 2566 id
1519 2491 1619 2591 quod
1640 2491 1835 2564 instituitur

241 2608 575 2683 accommodabitur
597 2613 716 2710 aliqua
735 2637 817 2712 pars
841 2613 1174 2710 argumentationis,
1201 2614 1231 2685 si
1255 2638 1313 2686 res
1335 2638 1378 2686 er
1405 2613 1565 2686 hominis
1586 2612 1674 2685 vitio
1694 2610 1833 2711 vitupe-

244 2728 394 2819 rabitur,
413 2743 453 2800 ut
469 2730 497 2801 si
516 2727 596 2827 quis
613 2730 816 2804 doctrinam
833 2756 874 2806 ex
892 2729 1041 2830 alicujus
1057 2731 1155 2805 docti
1172 2732 1266 2804 vitiis
1283 2731 1535 2831 reprehendat.
1551 2761 1568 2799 a
1583 2720 1834 2802 Nullosautern

242 2849 350 2921 sacris
365 2847 489 2920 litteris
511 2849 669 2923 eruditos
685 2851 850 2947 ignorare
866 2850 1033 2942 arbitror,
1052 2850 1134 2949 plus
1150 2850 1187 2922 in
1205 2873 1304 2923 sacra
1322 2850 1485 2924 doctrina
1502 2849 1702 2950 spirituales
1718 2849 1831 2940 viros,

240 2990 283 3039 ex
310 2968 389 3067 ipso
411 2968 564 3040 scientiae
582 2969 717 3064 studio,
744 2994 855 3068 quam
877 2994 920 3042 ex
944 2969 1125 3068 religionis
1149 2969 1276 3042 merito
1296 2970 1500 3070 proiecisse,
1525 2984 1561 3042 et
1586 2993 1660 3067 quo
1685 2968 1834 3067 quisqnc

241 3102 447 3160 sanctorum
475 3104 558 3161 ante
582 3091 856 3164 conversionem
881 3114 983 3163 suam
1007 3090 1220 3189 ampliorem
1246 3091 1469 3163 saecnlarium
1495 3089 1693 3162 litterarum
1718 3089 1835 3161 scien·

244 3206 331 3279 tiam
354 3205 549 3299 habuerat,
580 3224 662 3309 post
694 3210 968 3284 conversionem
996 3233 1098 3282 suam
1129 3233 1214 3281 eum
1239 3208 1392 3307 amplius
1418 3208 1455 3280 in
1481 3222 1604 3280 sancta
1632 3206 1834 3279 eruditione

243 3324 405 3399 valuisse.
432 3326 561 3401 Paulus
583 3330 718 3429 quippe
734 3328 929 3429 apostolus,
956 3329 1038 3402 licet
1061 3354 1136 3402 non
1158 3327 1277 3425 major
1293 3328 1421 3399 merito
1442 3351 1550 3425 quarn
1571 3330 1698 3398 Petrus
1713 3325 1834 3398 ridea-

241 3457 320 3534 tur3
340 3443 523 3517 consessor
538 3449 753 3545 Augustinus
768 3473 879 3548 quam
892 3449 1065 3521 Martinus
1084 3478 1092 3520 z
1113 3460 1215 3520 tanto
1232 3460 1352 3519 tamen
1365 3460 1515 3544 uterque
1530 3446 1642 3519 altero
1657 3438 1833 3539 majorem

241 3563 278 3634 in
295 3561 459 3637 doctrina
484 3567 633 3662 gratiam
655 3582 738 3667 post
754 3569 1026 3642 conversionem
1043 3566 1188 3655 habuit,
1208 3580 1344 3665 quanto
1364 3581 1469 3638 antea
1484 3564 1620 3661 majore
1634 3563 1833 3636 litterarum

241 3683 387 3754 scientia
411 3683 582 3782 pollebat.
606 3690 655 3757 Ex
679 3711 753 3785 quo
769 3689 948 3787 praecipue
964 3686 1188 3760 saecularium
1209 3708 1355 3782 qunque
1379 3685 1575 3758 litterarum
1599 3681 1757 3755 studium
1776 3679 1833 3753 di·

242 3801 326 3873 rina
349 3800 615 3906 dispensatione
631 3805 879 3880 commendari
894 3805 1063 3898 arbitror,
1088 3830 1163 3879 non
1179 3803 1298 3876 solnm
1316 3828 1381 3902 per
1393 3802 1581 3876 utilitatem
1597 3824 1706 3900 quam
1723 3800 1835 3873 conti·

243 3934 343 4014 nent,
366 3945 491 3994 rerum
512 3947 600 3997 nea
622 3924 728 3998 donis
749 3925 827 4022 ejus
851 3926 974 3998 alienae
994 3925 1216 4013 viderentur,
1242 3923 1272 3995 si
1293 3923 1341 3995 ad
1365 3922 1506 3994 nullum
1526 3922 1578 3994 eis
1598 3917 1833 3992 commodum

241 4054 448 4113 verteretur.
477 4044 650 4117 Novimus
672 4060 791 4117 tamen
816 4060 852 4118 et
877 4044 924 4118 ab
941 4044 1111 4144 Apostolo
1136 4042 1274 4116 dictum
1300 4042 1405 4138 quia⁸
1422 4072 1440 4112 a
1455 4041 1600 4113 scientia
1622 4038 1736 4133 inflat,
1754 4069 1772 4105 s
1796 4038 1833 4110 id

241 4171 294 4229 est
321 4158 525 4259 superbiam
552 4178 711 4259 generat.
739 4163 807 4235 Sed
834 4189 878 4237 ex
901 4162 973 4236 hoc
997 4162 1176 4262 praecipue
1199 4160 1296 4233 bona
1321 4184 1399 4233 esse
1424 4160 1662 4244 convincitur,
1690 4158 1774 4255 qnia
1796 4158 1833 4229 in

241 4276 377 4350 malum
401 4279 577 4379 superbiae
602 4283 788 4355 conscium
814 4283 869 4354 sui
895 4280 1015 4353 trahit.
1052 4282 1151 4353 Sicut
1172 4281 1269 4353 enim
1292 4278 1469 4353 nonnulla
1497 4293 1581 4352 sunt
1606 4277 1727 4368 bona,
1755 4298 1835 4374 quac

241 4397 386 4470 nonnisi
410 4423 453 4471 er
476 4400 573 4472 malo
597 4404 842 4499 proveniunt:
864 4402 914 4474 ita
938 4401 1113 4473 nonnulla
1138 4415 1223 4473 sunt
1247 4399 1339 4472 mala
1360 4425 1440 4497 quae
1464 4425 1509 4473 ex
1533 4398 1633 4472 bono
1659 4398 1835 4493 originem

240 4514 408 4608 trahuot3
440 4519 651 4617 paenitentia
678 4523 833 4621 quippe,
864 4545 925 4593 seu
952 4519 1185 4592 correctionis
1212 4520 1403 4591 satisfactio
1433 4543 1517 4591 cnm
1542 4517 1648 4591 bonae
1669 4517 1760 4610 sint,
1785 4516 1835 4589 ita

240 4631 375 4705 malum
394 4634 525 4708 lactum
542 4639 774 4733 comitantur,
793 4654 833 4711 ut
849 4639 995 4712 nonnisi
1013 4637 1059 4711 ab
1074 4663 1118 4711 eo
1139 4637 1237 4711 nasci
1254 4638 1405 4737 possint.
1424 4640 1454 4707 E
1470 4637 1651 4710 contrario
1668 4635 1835 4735 superbia

241 4751 315 4824 sive
338 4752 474 4826 invidia
492 4779 576 4828 cum
602 4758 675 4830 sint
693 4757 868 4857 pessima,
889 4758 1073 4830 nonnisia
1095 4757 1202 4829 bonis
1227 4756 1368 4828 initium
1388 4754 1538 4848 habent.
1566 4760 1679 4827 Nemo
1704 4755 1838 4853 quippe

240 4870 308 4942 nisi
334 4894 378 4944 ex
403 4870 509 4945 bonis
529 4897 609 4969 quae
628 4900 665 4949 se
685 4876 819 4949 habere
835 4877 1033 4972 dignoscit,
1056 4876 1092 4948 in
1110 4874 1314 4975 superbiam
1335 4873 1528 4966 extollitur,
1554 4887 1590 4946 et
1610 4897 1719 4946 nemo
1736 4870 1836 4945 alteri

273 5160 278 5187 ¹
291 5153 371 5220 uret,
384 5167 518 5222 capam,
529 5172 555 5211 r.
569 5161 638 5212 tu-
647 5158 657 5189 ²
666 5156 748 5221 toan,
757 5170 811 5221 cap.
822 5170 875 5221 ru,
886 5172 911 5210 r.
924 5159 961 5210 tl.
975 5183 1005 5197 -
1016 5159 1026 5192 ¹
1037 5157 1152 5212 anna.
1163 5157 1188 5223 1,
1204 5170 1258 5221 rap.
1276 5168 1331 5221 rnr,
1343 5169 1367 5208 r.
1382 5159 1403 5208 t.

1675 5252 1711 5306 57
