4559 6100
698 531 743 605 ru
767 531 1017 607 srrsrouru
1036 534 1098 608 lu
1123 533 1347 610 uouruos.
1747 531 1819 604 aar
1867 513 1877 528 “

235 674 389 770 proximi
409 676 629 766 retinebunt,
649 680 678 750 si
700 679 878 776 quosdam
899 706 974 754 non
991 682 1159 779 diligant„
1181 696 1244 755 aut
1265 679 1452 779 quomodo
1468 680 1519 754 ibi
1535 704 1651 779 quam
1661 679 1721 753 bic
1738 705 1822 778 per·

235 791 396 882 lectiores
413 795 605 889 habentur,
624 796 654 869 si
670 799 707 870 iu
724 798 775 871 eis
791 797 935 872 dilectio
953 800 1109 899 proximi
1130 801 1177 873 sit
1199 814 1384 874 contracta
1403 799 1461 873 vel
1484 798 1682 872 diminuta?
1699 803 1821 897 Neque

235 915 438 1000 enimcum
468 932 611 991 sanctos
636 917 789 1017 Angelos
815 919 1020 1017 diligamus,
1050 945 1237 1020 perversos
1264 920 1411 1018 diligere
1422 918 1606 993 debemus.
1626 920 1820 1007 Quomodo

235 1036 553 1131 ergorationabilis
564 1052 618 1111 est
626 1037 682 1111 rel
691 1063 818 1112 corum
834 1039 1026 1114 velnostra
1040 1041 1199 1133 dilectio,
1210 1043 1288 1115 siin
1301 1040 1500 1140 ipsaetiam
1513 1038 1649 1113 diaboli
1659 1039 1820 1111 membra

235 1155 542 1253 complectamur?
558 1158 742 1256 Numquid
765 1160 851 1257 quia
868 1160 907 1233 in
928 1159 997 1233 bac
1022 1162 1103 1233 vita.
1121 1162 1185 1258 qui
1208 1160 1447 1260 praedestinati
1471 1159 1543 1232 sint
1569 1158 1626 1232 rel
1650 1182 1735 1231 non:
1751 1158 1821 1230 siut

233 1272 453 1369 ignoramus,
469 1275 553 1350 ideo
569 1276 827 1351 rationabiliter
841 1302 968 1352 omnes
984 1278 1180 1376 diligimus,
1196 1280 1253 1352 vel
1267 1305 1335 1379 pro
1349 1279 1520 1352 omnibus
1535 1280 1643 1351 etiam
1656 1279 1820 1352 oramus?

232 1407 302 1482 aut,
317 1394 440 1476 sihoc
458 1395 536 1474 fieri
557 1397 769 1488 rationabile
785 1423 860 1471 non
882 1413 949 1491 est,
974 1398 1163 1497 quomodo
1185 1398 1222 1471 id
1246 1396 1547 1495 sacerejubemur
1573 1422 1640 1497 pro
1663 1398 1759 1497 ipsis,
1786 1410 1822 1468 et

234 1515 534 1614 nonpotiuspro
557 1515 676 1607 nobis,
695 1542 780 1594 curn
804 1517 911 1591 nobis
932 1519 1046 1615 magis
1062 1541 1172 1616 quarn
1190 1518 1275 1616 ipsis
1290 1517 1480 1618 proficiat?
1497 1516 1694 1607 Quomodo
1714 1515 1819 1588 etiarn

234 1632 859 1734 recraintentioquaeerronearQuta
872 1639 970 1711 enirn
980 1638 1018 1711 id
1030 1638 1081 1711 eis
1092 1638 1324 1737 profuturum
1332 1662 1407 1711 esse
1417 1636 1610 1727 credimus,
1620 1636 1817 1733 idagimus,

232 1753 339 1836 aursi
354 1777 423 1826 nos
439 1753 558 1828 adhuc
580 1756 780 1853 ignorantia
794 1773 952 1851 excusat,
973 1758 1064 1856 quid
1078 1756 1125 1829 de
1140 1755 1214 1830 boc
1231 1758 1503 1857 respondemus,
1523 1756 1623 1857 quod
1643 1779 1727 1829 cum
1745 1779 1820 1826 non

232 1895 358 1945 omnes
379 1871 569 1947 salvandos
584 1898 668 1952 esse,
683 1876 848 1966 sciamus,
875 1874 933 1949 vel
957 1875 1206 1974 paucissimos,
1222 1877 1325 1974 juxta
1346 1876 1435 1950 illud
1459 1874 1658 1967 Veritatis¹,
1686 1872 1821 1944 «Multi

232 1993 364 2084 vocati,
380 1995 487 2092 pauci
502 2019 594 2073 vero
609 1993 735 2069 electi:
754 2027 771 2062 n
786 1997 849 2088 οῖ’,
867 2025 885 2065 r
900 2001 1005 2068 breta
1022 2009 1075 2068 est
1088 1997 1148 2069 via
1163 2021 1243 2095 quae
1260 1997 1360 2070 ducit
1376 1996 1423 2070 ed
1443 1999 1566 2090 vitam,
1581 2011 1648 2068 erc.
1666 2022 1684 2064 u
1698 2006 1818 2065 tamen

231 2133 358 2196 ornnes
377 2110 504 2185 salvari
523 2112 704 2208 volumus,
724 2129 760 2187 et
777 2139 847 2214 pru
865 2113 1035 2191 omnibus
1054 2138 1213 2208 oramus,
1239 2117 1390 2189 scientes
1418 2115 1552 2189 scilicet
1572 2138 1640 2187 nec
1661 2125 1820 2186 nostram

230 2230 449 2305 voluntatem
473 2256 540 2307 nec
554 2236 754 2322 orationem
770 2234 942 2309 effectum
955 2236 1130 2332 consequi
1142 2234 1300 2309 debere?
1314 2234 1387 2307 Sed
1402 2235 1490 2308 dicis
1504 2233 1593 2307 illud
1611 2231 1817 2330 Augustini:

233 2378 251 2414 u
264 2347 364 2423 Habe
378 2352 579 2442 caritatem,
597 2368 634 2426 et
649 2353 704 2426 lac
722 2354 895 2453 quicquid
906 2355 981 2432 ‚vis
1000 2385 1018 2421 »
1034 2358 1078 2439 Et
1090 2353 1291 2429 recordaris
1304 2353 1393 2427 illud
1408 2353 1632 2450 Hieronymi,
1654 2352 1821 2423 «Caritas

231 2492 433 2543 mensuram
448 2472 655 2556 nonhabet.
669 2500 687 2540 n
701 2472 807 2552 Unde
819 2498 910 2574 saepe
921 2475 1051 2548 caritas
1060 2473 1213 2547 modurn
1229 2498 1297 2547 nos
1313 2475 1363 2546 ita
1378 2471 1550 2546 excedere
1564 2468 1762 2568 compellit,
1782 2484 1821 2538 ut
1950 2513 1954 2521 .

228 2580 306 2657 lieri
329 2585 480 2661 velimus
500 2588 601 2687 quod
618 2587 696 2662 fieri
712 2613 941 2689 nequaquam
955 2590 1096 2664 bonum
1108 2603 1179 2682 est,
1191 2604 1261 2671 ¹aut
1273 2590 1423 2688 justum,
1442 2603 1479 2661 et
1493 2613 1514 2661 e
1527 2585 1708 2660 contrario
1724 2584 1821 2657 nolle

229 2701 305 2776 lieri
320 2707 421 2803 quod
438 2706 514 2780 fieri
534 2707 673 2782 bonum
691 2723 759 2800 est,
785 2711 878 2783 sicut
890 2708 1042 2784 interfici
1057 2723 1201 2783 sanctos
1217 2707 1280 2781 vel
1292 2707 1416 2805 affligi,
1434 2732 1514 2805 quae
1529 2707 1638 2781 etiam
1658 2705 1709 2777 eis
1728 2728 1821 2776 cuo-

229 2839 401 2917 perantur
412 2827 448 2898 iu
466 2825 618 2901 bonum.
632 2828 707 2914 ,Sed
721 2828 817 2903 hauc
830 2829 963 2901 Erlu'cae
978 2844 1111 2902 nostrae
1127 2851 1351 2904 reservamus
1363 2827 1637 2901 discussionem.

253 3033 254 3036 Ἴ
279 2974 296 3010 α
314 2949 356 3018 Et
370 2947 443 3021 boc
454 2950 617 3023 scientes.
634 2979 653 3019 n
668 2951 726 3022 Sic
738 2967 908 3024 construe
924 2979 934 3021 ε
952 2954 999 3022 Et
1016 2951 1088 3024 hoc
1101 2951 1254 3024 scientes
1271 2965 1425 3050 tempus,
1444 2949 1530 3048 quia
1547 2946 1666 3020 «hora
1679 2943 1820 3037 estjam
1947 2991 1954 3008 ·

228 3084 296 3155 nos
313 3059 360 3133 de
375 3084 506 3133 somno
520 3087 677 3158 surgere,
694 3099 712 3131 a
732 3071 940 3160 objiciamus
955 3095 1067 3162 opera
1082 3069 1329 3153 tenebrarum,
1352 3077 1422 3135 etc.
1441 3061 1487 3134 de
1503 3085 1633 3135 somno
1652 3077 1689 3134 et
1704 3061 1821 3159 negli-

227 3179 348 3275 gentia
369 3179 425 3271 vel
448 3193 595 3277 torpore
610 3177 701 3252 boni
724 3183 855 3280 operis.
871 3185 967 3263 ‚Cum
982 3180 1082 3274 dicit,
1096 3262 1099 3267 ,
1112 3212 1130 3250 u
1143 3180 1266 3254 hora»
1294 3204 1372 3277 quae
1390 3178 1575 3252 modicum
1591 3191 1645 3252 est
1664 3194 1816 3276 tempus,

226 3323 301 3394 non
316 3297 404 3371 dicit
419 3299 474 3387 vel
488 3296 760 3372 hebdomadam
774 3324 837 3373 seu
851 3324 1014 3374 mensem
1031 3299 1088 3373 vel
1102 3323 1260 3391 annum,
1278 3299 1355 3372 siue
1368 3296 1548 3371 dilatione
1562 3322 1631 3370 nos
1649 3296 1686 3369 id
1704 3297 1819 3370 facere

226 3416 449 3509 adhortatur,
470 3422 552 3511 Quo
572 3418 670 3490 enim
688 3417 834 3505 brevius
856 3431 909 3491 est
926 3432 1071 3517 tempus
1086 3443 1161 3516 quo
1175 3417 1312 3515 aliquid
1334 3431 1389 3491 est
1412 3414 1604 3514 agendum,
1629 3415 1733 3489 citius
1748 3416 1819 3488 hoc

227 3537 428 3611 laciendum
443 3552 507 3611 est.
528 3542 658 3610 «Nunc
672 3538 782 3626 enim.
798 3568 816 3603 n
836 3536 922 3611 ldeo
940 3536 1101 3613 celeriter
1116 3535 1336 3634 surgendum
1348 3535 1453 3609 nobis
1469 3549 1523 3608 est
1538 3558 1716 3627 asomno,
1734 3535 1819 3632 quia

228 3687 323 3734 nunc
332 3662 426 3760 jam³
439 3661 524 3753 lidei
538 3676 668 3735 nostrae
680 3660 788 3747 bonis
800 3662 970 3761 operibus
982 3686 1090 3761 super
1103 3661 1235 3733 additis
1248 3661 1525 3761 propinquiores
1540 3684 1664 3733 sumus
1677 3658 1724 3732 ad
1737 3682 1816 3756 per·

223 3779 429 3878 cipiendum
443 3798 585 3869 aetenrae,
596 3779 869 3873 vitaebrarium,
887 3812 904 3851 u
922 3806 1030 3880 quam
1049 3786 1175 3855 cum‘»
1193 3782 1312 3880 primo
1330 3781 1551 3872 «credimus,
1565 3808 1584 3849 u
1602 3780 1733 3877 inipso
1749 3780 1818 3850 sci·

225 3900 307 3973 licet
321 3915 461 3983 ,nostrae
478 3902 723 3974 conversionis
743 3900 906 3974 exordio.
925 3900 1135 4001 Metaphora
1150 3925 1229 3999 quae
1249 3900 1394 3974 ducitur
1416 3923 1596 3991 asomno,
1616 3898 1692 3995 jam
1713 3896 1818 3969 nobis

225 4019 444 4117 surgendum
464 4045 539 4096 esse
558 4019 857 4097 convenientibus
871 4021 1102 4121 prosequitur
1126 4019 1258 4110 verbis,
1277 4018 1402 4092 dicens
1414 4020 1490 4117 jam
1507 4032 1652 4091 noctem
1668 4040 1816 4115 praeces·

225 4141 324 4233 sisse,
346 4163 430 4237 qnae,
448 4139 676 4213 dormitionis
706 4153 761 4212 est
787 4152 943 4239 tempus,
959 4154 996 4213 et
1019 4139 1117 4213 diem
1139 4138 1338 4213 advenisse.
1357 4142 1461 4211 ‚Nor
1475 4135 1677 4235 ignorantia
1697 4132 1819 4208 salutis

226 4273 290 4350 est,
311 4257 387 4332 dies
403 4259 562 4356 cognitio
577 4257 633 4332 vel
650 4258 886 4343 illuminatio⁰¹
898 4263 979 4333 Non
1005 4261 1151 4350 mirum,
1169 4258 1268 4335 dum.
1281 4258 1350 4331 hac
1372 4270 1479 4330 nocte
1503 4254 1768 4356 premebamur,
1789 4255 1818 4327 si

226 4383 316 4477 pigri
331 4362 615 4482 adoperandum
628 4408 782 4457 eramus.
801 4384 958 4485 Expulsa
976 4392 1030 4458 est
1049 4386 1188 4458 caecitas
1211 4381 1493 4457 infidelitatisde
1510 4379 1692 4471 cordibus,
1712 4378 1818 4451 adve-

226 4501 346 4583 niente
367 4500 530 4581 doctrina
549 4503 680 4576 Christi
702 4504 875 4600 quiait⁸=
896 4508 1007 4604 «Ego
1030 4528 1111 4578 sum
1134 4503 1195 4577 lux
1217 4503 1358 4576 mundi.
1375 4530 1393 4570 u
1413 4505 1486 4574 Nec
1505 4515 1578 4572 tam
1594 4523 1663 4570 nos
1685 4496 1731 4570 ab
1750 4496 1818 4569 bac

225 4633 345 4711 ⁰90102
371 4644 480 4717 quam
496 4622 573 4722 ipsa
594 4619 741 4701 &euobis
755 4625 913 4715 recessit,
931 4647 1007 4697 ‚nec
1031 4638 1103 4697 tam
1125 4647 1194 4694 uos
1211 4624 1246 4694 ei
1269 4645 1377 4718 quam
1394 4620 1472 4718 ipsa
1487 4617 1593 4691 nobis
1615 4616 1816 4716 appropin-

224 4741 347 4836 quavit
366 4766 374 4809 :
394 4740 480 4837 quia
491 4739 607 4821 ,nobis
622 4740 910 4837 nequaquamid
934 4741 1205 4840 requirentibus.
1221 4740 1417 4815 divinasie
1437 4750 1583 4835 operata
1608 4748 1661 4809 est
1679 4732 1813 4831 gratim

224 4861 317 4942 sicut
340 4858 679 4965 deripso‚scriptum
695 4868 750 4937 est
763 4858 947 4937 Domino:
973 4866 1184 4934 uterentur·
1198 4882 1325 4931 suma
1345 4854 1599 4951 querentibus.
1611 4878 1687 4939 me,
1709 4866 1778 4924 etc.
1795 4877 1833 4916 n

259 5126 1803 5201 'llattumpuuntl.f-²llattlr,mp.rrr,v.thmuis.dmjom.-·⁴lnb.qutoenmprtmo.-⁸loan,cap.uun-lt.
