4559 6100
628 652 921 728 lN'l'RODUCTlO
947 653 1008 726 AD
1033 650 1339 730 annotootttt.
1704 667 1775 737 tta

184 814 266 912 par¹
282 804 431 905 aliquod
447 804 588 878 bonum
602 801 737 875 habere
752 826 827 875 non
844 818 974 902 potest.
992 808 1114 903 Neque
1132 804 1231 878 enim
1249 805 1389 877 bonum
1416 831 1492 880 esse
1513 813 1658 908 poterit,
1677 816 1777 911 quod

185 926 406 1030 superfluum
427 926 486 998 sit.
505 923 717 1022 Superssuus
742 937 863 999 autem
879 924 969 997 alius
982 924 1038 996 rel
1060 938 1203 999 creator
1217 938 1310 998 esset
1326 926 1383 998 vel
1396 941 1528 1022 rector,
1556 931 1586 1002 si
1613 955 1707 1005 unus
1733 935 1778 1010 ad

186 1049 307 1124 omnia
322 1069 422 1146 aeque
440 1043 594 1119 sufficiat
609 1058 649 1115 ut
665 1044 798 1143 plures.
818 1043 956 1118 Sufficit
977 1058 1098 1118 autem
1122 1068 1207 1118 cum
1234 1046 1280 1119 sit
1300 1070 1482 1120 summum
1505 1071 1548 1122 ac
1568 1049 1777 1149 perlectum,

187 1183 292 1268 atque
317 1166 364 1241 ad
390 1167 513 1239 omnia
537 1163 731 1256 sufficiens,
750 1177 791 1235 ut
811 1161 949 1238 dictum
977 1179 1044 1259 est,
1071 1165 1225 1239 bonum.
1253 1166 1359 1242 Nullo
1378 1150 1501 1267 itaque
1521 1167 1633 1242 modo
1657 1169 1778 1270 plures

187 1289 272 1362 deos
294 1310 386 1381 esse,
410 1287 486 1360 sisa
508 1284 607 1359 credi
628 1287 810 1359 convenit.
1839 1383 1842 1387 .

231 1409 303 1483 Sed
320 1409 492 1500 fortassis,
511 1408 664 1507 inquies,
682 1407 768 1504 quia
791 1431 865 1505 quo
890 1407 1021 1480 melius
1045 1421 1099 1481 est
1118 1407 1310 1505 quodlibet
1332 1410 1472 1485 bonum
1492 1410 1583 1507 ejus,
1595 1411 1779 1512 ,multipli-

187 1531 278 1603 catio
291 1529 368 1627 ejus
377 1527 506 1601 melior
522 1541 626 1619 esset,
643 1541 751 1626 atque
765 1527 814 1600 ita
830 1525 919 1600 iliud
932 1548 1114 1599 summum
1123 1527 1264 1602 bonum
1277 1528 1378 1629 quod
1388 1528 1636 1624 dicierem,
1652 1530 1780 1605 melius

188 1647 263 1720 lore
274 1647 551 1746 multiplicatum
567 1670 678 1745 quam
693 1648 857 1736 unicum,
875 1661 912 1720 et
923 1650 952 1720 si
964 1649 1084 1748 ipsum
1097 1647 1269 1723 extollere
1282 1650 1448 1750 cupimus
1472 1674 1516 1723 ac
1537 1651 1775 1750 magnificare,

187 1769 297 1863 magis
316 1769 436 1866 ipsum
451 1767 638 1867 multiplex
655 1750 934 1867 quamsimplex'
946 1768 1217 1868 praedicandum
1232 1793 1322 1843 esse.
1341 1768 1413 1843 Sed
1433 1768 1481 1842 ad
1496 1768 1567 1844 hoo
1583 1773 1701 1870 primo
1724 1799 1779 1847 rs·

186 1885 439 1987 spondendum
455 1910 533 1960 esse
549 1886 716 1981 arbitror,
733 1887 833 1985 qnod
844 1888 945 1986 juxta
955 1888 1051 1963 hanc
1066 1890 1257 1981 rationem,
1279 1905 1417 1987 quanto
1437 1890 1558 1989 plures
1571 1892 1781 1991 praedicave·

185 2006 295 2079 umus
308 2003 410 2100 deos,
427 2020 530 2079 tanto
547 2005 700 2106 amplius
723 2006 853 2079 divinae
882 2007 1033 2105 gloriam
1055 2010 1271 2083 excellentiae
1287 2000 1598 2110 amplificabimus.
1619 2011 1780 2087 infinitos

187 2126 304 2225 itaque
319 2122 506 2226 praedicari
523 2140 667 2225 oportet
681 2125 783 2216 deos,
798 2141 838 2199 ut
848 2126 1023 2202 infinitam
1033 2128 1109 2225 ejus
1125 2127 1277 2226 gloriam
1293 2128 1574 2226 magnificemus,
1586 2134 1779 2230 praesettim

188 2244 378 2319 cumnulla
388 2246 433 2319 sit
447 2245 551 2337 ratio,
564 2269 636 2343 qua
647 2243 695 2318 ad
705 2260 844 2319 certum
854 2268 1047 2323 nnmerum
1057 2246 1214 2346 aliquem
1227 2273 1269 2321 ea
1282 2247 1407 2322 reduci
1419 2264 1539 2347 queat.
1556 2253 1675 2338 Quam
1679 2251 1779 2347 juxta

187 2364 391 2463 prodictam
403 2366 578 2439 rationem
594 2378 695 2438 tanto
708 2367 820 2464 magis
838 2365 1151 2466 amplificabimus,
1165 2382 1304 2465 quanto
1325 2367 1479 2466 amplius
1500 2392 1692 2442 numerum
1704 2372 1779 2467 ejus

77 2542 83 2552 .
189 2483 461 2558 extenderimus.
475 2489 591 2583 Atque
605 2484 652 2556 ita
669 2484 773 2584 plura
789 2508 865 2558 esse
881 2509 1020 2558 summa
1036 2484 1135 2558 bona
1151 2510 1261 2583 quam
1276 2486 1448 2560 inferiora
1463 2489 1686 2579 conveniret,
1705 2490 1779 2560 imo

187 2604 340 2675 omnino
352 2602 489 2677 infinita
505 2626 596 2695 esse,
615 2617 656 2675 ut
670 2626 739 2676 nac
755 2627 883 2677 eorum
898 2604 1044 2677 scientia
1055 2628 1132 2678 asse
1147 2604 1261 2703 possit
1280 2627 1437 2702 quorum
1456 2603 1575 2677 nullus
1598 2605 1636 2677 in
1652 2620 1781 2679 natura

186 2721 359 2794 terminus
384 2723 598 2815 occurrerit,
622 2747 691 2795 nec
711 2723 786 2822 ipse
811 2724 920 2797 otiam
946 2729 1044 2797 Deua
1065 2746 1109 2797 ea
1132 2734 1199 2824 per
1222 2724 1409 2798 scientiam
1435 2723 1778 2822 comprehenderet,

187 2865 265 2938 qoae
279 2841 381 2914 nullo
398 2854 533 2915 naturae
548 2844 703 2915 termino
720 2841 1092 2942 comprehenduntur.
1115 2848 1287 2915 Praeterea
1303 2841 1332 2914 si
1349 2841 1470 2940 plures
1489 2857 1573 2915 sunt
1593 2841 1659 2933 dii,
1683 2868 1782 2942 qno-

187 2958 296 3033 modo
329 2962 526 3033 Dominum
544 2984 797 3060 quemcunque
814 2986 996 3037 summum
1024 2960 1165 3034 bonum
1188 2961 1362 3051 dicemus,
1383 2985 1468 3034 cum
1485 2962 1582 3035 aliud
1605 2964 1650 3035 sit
1667 2963 1782 3062 majus

187 3081 276 3178 ipso,
292 3081 368 3180 ipsa
376 3079 704 3155 scilicetbonorum
712 3081 919 3174 multitudo,
936 3107 1045 3181 quam
1055 3082 1222 3181 quislibet
1234 3107 1328 3154 unus
1342 3106 1384 3155 ex
1395 3083 1675 3156 eamultitudine
1687 3083 1702 3153 i
1712 3082 1783 3156 Sed

189 3221 253 3272 nec
273 3199 416 3273 bonum
436 3200 632 3274 dicandum
656 3217 761 3292 esset,
788 3201 909 3300 qnod,
928 3216 968 3274 ut
989 3202 1064 3299 jam
1082 3201 1326 3292 ostendimus,
1346 3202 1570 3301 superfluum
1586 3218 1689 3275 esset.
1711 3206 1782 3275 De·

187 3319 294 3417 nique
325 3321 445 3394 omnis
470 3320 663 3394 multitudo
694 3335 811 3394 totum
838 3321 985 3418 quidem
1009 3335 1075 3411 est,
1099 3336 1135 3394 et
1164 3345 1274 3395 omne
1299 3333 1417 3393 totum
1442 3322 1597 3422 propriis
1621 3319 1783 3420 partibus

186 3439 361 3535 posterius
383 3463 460 3514 esse
474 3441 683 3515 naturaliter
704 3455 858 3532 constat,
877 3456 985 3540 atque
1001 3464 1110 3514 omne
1126 3439 1227 3536 quod
1240 3438 1436 3538 simplicius
1451 3453 1517 3530 est,
1536 3452 1637 3510 tanto
1647 3437 1783 3511 firmius

187 3578 261 3630 etse
273 3582 419 3633 necesse
433 3574 500 3654 est,
514 3585 599 3633 cum
610 3584 720 3634 omne
736 3563 977 3660 compositum
993 3574 1121 3634 natura
1133 3557 1342 3632 dissolubile
1358 3559 1416 3646 sit,
1426 3569 1462 3630 et
1478 3570 1579 3628 tanto
1593 3555 1780 3644 infirmius,

187 3691 321 3772 quomo
340 3677 568 3752 dissolutioni
596 3681 709 3776 magis
738 3679 954 3752 obnoxium..
970 3680 1058 3768 Quis
1074 3679 1183 3752 etiam
1206 3676 1395 3777 quodlibet
1415 3676 1556 3748 bonnm
1580 3689 1682 3748 tauto
1701 3700 1784 3775 prs·

185 3795 310 3870 tiosius
330 3820 407 3871 esse
433 3797 598 3898 deneget,
622 3810 760 3897 quanto
783 3800 917 3891 rarius3
935 3814 972 3870 et
986 3821 1031 3872 ao
1049 3799 1161 3896 magis
1182 3797 1392 3896 gloriosum,
1411 3819 1487 3894 quo
1504 3794 1617 3891 magis
1632 3808 1688 3868 est
1703 3796 1785 3866 uni·

186 3916 292 3989 cum?
303 3917 408 3992 Unde
418 3934 454 3992 et
466 3919 679 4018 plerumque
695 3941 826 4015 eaquae
841 3920 961 3994 minus
976 3933 1060 3992 sunt
1074 3919 1272 3992 necessaria
1279 3917 1369 4010 aliis,
1384 3916 1527 3989 raritate
1537 3928 1658 3988 tamma
1669 3915 1785 3987 auieis

186 4037 340 4110 omnino
353 4033 603 4137 praeferuntur,
622 4052 663 4110 ut
672 4043 803 4111 aurum
812 4037 920 4133 ferro,
934 4040 1038 4138 piper
1053 4037 1247 4112 iumento.
1267 4034 1507 4109 Commendat
1521 4035 1642 4130 itaque
1657 4034 1786 4108 divinae

88 4183 98 4194 ·
185 4154 338 4251 gloriam
353 4158 569 4232 excellentiae
578 4160 655 4258 ipsa
665 4182 812 4258 quoque
821 4159 898 4256 ejus
914 4158 1152 4256 singularitas,
1166 4183 1246 4256 quae
1260 4180 1413 4256 operum
1428 4178 1575 4252 quoque
1584 4155 1696 4252 ipsius
1714 4153 1794 4223 ma?

185 4274 284 4349 xima
308 4289 364 4349 est
389 4277 669 4371 commendatio,
699 4291 772 4351 tam
800 4278 838 4349 in
856 4277 913 4350 his
938 4278 1122 4369 iaciendis,
1142 4301 1253 4377 quam
1275 4279 1314 4349 in
1343 4277 1395 4348 eis
1417 4272 1653 4373 disponendis
1676 4286 1787 4368 atque

185 4394 365 4492 regendis.
386 4391 488 4469 Nulla
509 4399 655 4496 proprie
671 4411 771 4471 tanta
787 4395 866 4469 lieri
891 4397 1088 4472 concordia
1103 4396 1161 4472 vel
1186 4398 1260 4495 regi
1285 4409 1449 4495 possunt,
1469 4406 1604 4492 quanta
1620 4391 1682 4464 illa
1707 4415 1787 4489 qua

186 4537 282 4586 uuus
299 4528 439 4587 tantum
453 4532 489 4589 et
501 4515 627 4589 condit
643 4530 678 4590 et
692 4517 796 4613 regit.
811 4515 1049 4614 Haecquidem
1066 4517 1112 4591 ad
1124 4515 1356 4590 astruendam
1367 4514 1497 4587 divinae
1508 4511 1787 4610 singtdaritatem

187 4631 406 4706 excedentia
420 4634 711 4733 procationibus
734 4635 858 4710 induci
886 4637 970 4710 satis
994 4660 1079 4710 esse>
1095 4635 1265 4730 arbitror,
1291 4632 1423 4733 quibus
1449 4648 1485 4706 et
1505 4632 1609 4705 facile
1625 4630 1788 4706 assentiri

189 4775 445 4851 quemcunque
470 4753 612 4827 bonum
639 4755 824 4846 existimo,
852 4758 914 4854 qui
933 4756 1029 4829 nulli·
1043 4755 1198 4850 invidus,
1226 4756 1533 4828 omniumrerum
1549 4748 1787 4825 commenda·
1812 4779 1817 4784 ·

188 4869 280 4943 tioni
294 4869 492 4970 plurimum
519 4873 736 4972 congaudet.
762 4878 874 4976 Magis
890 4891 1011 4950 autem
1037 4875 1199 4954 honestis
1222 4898 1332 4974 quam
1354 4872 1563 4950 necessariis
1587 4867 1788 4944 rationibus

191 4989 342 5083 utimur,
355 4994 529 5089 quoniam
545 4996 642 5094 apud
652 4994 773 5069 bonos
787 4994 828 5069 id
843 5020 989 5096 semper
1001 4998 1226 5097 praecipuum
1237 4995 1416 5085 statuitur,
1436 4991 1535 5089 qnod
1548 5014 1591 5063 ex
1600 4986 1787 5059 honestate

224 5260 282 5314 ‘Sic
299 5263 383 5317 Tittoi.
399 5266 493 5321 Oltam.
508 5268 570 5319 Cum
579 5281 643 5332 porr
653 5269 716 5320 mala
726 5269 785 5331 tsgtt
797 5269 868 5321 amb.
