4559 6100
482 524 530 598 52
1092 525 1217 599 PETRI
1241 523 1471 597 ABAEIARDI

479 673 660 747 nuntiabit
673 669 792 745 vobis.
806 704 825 741 s
846 672 952 746 Unde
968 687 1005 746 et
1016 674 1170 773 Spiritus
1184 676 1365 775 sapientiae
1379 677 1452 748 sive
1466 672 1680 765 intellectus,
1698 673 1772 747 sive
1788 673 1942 746 scientie
1958 671 2076 746 dialis

480 808 547 868 est.
576 791 686 882 Quod
710 818 797 865 vero
822 791 959 866 dictum
984 809 1038 867 est
1059 819 1069 862 ε
1092 797 1223 867 «Mens
1243 795 1353 893 agitat
1375 793 1556 887 molem,»
1578 794 1652 866 hoo
1672 807 1727 866 est
1750 793 1860 865 totius
1882 791 2075 865 mundana
2185 802 2189 808 '

480 911 623 985 sabricae
634 913 870 1010 quantitatem
887 914 990 1012 quasi
1008 927 1136 986 cuncta
1154 914 1192 986 in
1209 911 1347 985 mundo
1363 911 1519 986 vivificet
1531 927 1593 986 aut
1607 925 1765 1002 moveat,
1784 911 1950 1011 superius
1966 937 2077 1012 expo·

480 1033 584 1105 sitam
613 1031 774 1105 Platonis
804 1033 1020 1106 sententiam
1045 1034 1277 1131 prosequitur
1307 1032 1354 1106 de
1380 1033 1507 1133 spiritu
1532 1032 1619 1126 Dei,
1647 1031 1749 1130 quod
1782 1030 1919 1105 seilicet
1945 1042 2076 1105 uincta

479 1152 616 1251 optime
632 1151 815 1251 disponit,

931 1355 1122 1448 Stabilisque
1136 1379 1272 1423 maneus
1286 1355 1344 1423 dat
1357 1370 1473 1424 cuneta
1486 1351 1644 1423 moveri¹.

1623 1506 1635 1543 Ι

478 1617 596 1703 Quam
625 1613 773 1712 quidem
800 1615 1033 1716 agitationem
1060 1615 1189 1688 animae
1213 1614 1385 1690 Salomon
1413 1637 1562 1713 quoque
1587 1615 1626 1687 in
1652 1613 1867 1688 Ecclesiaste
1889 1612 2079 1710 diligenter

477 1721 681 1819 exprimens
697 1723 766 1795 ait¹
784 1750 794 1796 a
816 1754 834 1791 o
852 1724 976 1796 Oritur
991 1723 1046 1796 sol
1065 1737 1102 1795 et
1124 1721 1277 1815 occidit,
1295 1736 1332 1795 et
1348 1721 1394 1794 ad
1410 1721 1533 1794 locum
1553 1746 1660 1794 suum
1674 1723 1876 1813 revertitur,
1900 1719 2080 1792 illustrans

478 1840 659 1915 universa.
685 1844 726 1913 lu
744 1841 896 1916 circuitu
920 1842 1036 1942 pergit
1050 1842 1216 1941 Spiritus,
1235 1843 1325 1914 etin
1341 1840 1479 1914 circulo
1505 1866 1572 1913 suo
1588 1842 1790 1914 revertitur.
1806 1871 1825 1909 »
1844 1840 1934 1930 Quis
1949 1853 2003 1912 est
2020 1839 2081 1914 ille

477 1960 646 2054 circulus,
666 1962 735 2035 uisi
753 1962 911 2035 ambitus
926 1961 1069 2060 globosi
1086 1977 1124 2035 et
1140 1964 1261 2035 teretis
1276 1961 1390 2053 orbis,
1409 1960 1546 2059 dequo
1563 1962 1737 2060 scripturn
1753 1975 1823 2055 est,
1840 1960 1942 2065 quia·
1960 1989 1980 2030 s
1994 1960 2081 2059 Spi-

476 2083 566 2154 ritus
581 2083 730 2156 Domini
748 2083 899 2182 replevit
915 2082 1045 2157 orbem
1061 2083 1264 2156 terrarum?
1277 2115 1294 2151 ι)
1313 2083 1450 2156 Divinae
1468 2084 1604 2182 quippe
1617 2080 1789 2156 bonitatis
1805 2082 1919 2180 gratia
1935 2081 1986 2153 sic
2002 2105 2080 2154 om·

475 2202 538 2274 nia
555 2201 690 2302 replet,
710 2217 751 2275 ut
766 2202 857 2275 nihil
875 2205 1019 2302 penitus
1034 2202 1082 2277 ab
1097 2203 1317 2303 operationis
1332 2228 1404 2276 suae
1421 2202 1732 2277 administratione
1753 2216 1871 2293 vacet,
1892 2226 1972 2300 quae
1988 2201 2081 2273 sieut

476 2321 591 2393 solem
615 2321 750 2394 visibus
776 2323 909 2396 nostris
935 2324 1022 2396 oriri
1048 2322 1133 2396 lacit
1159 2348 1222 2395 seu
1248 2322 1429 2415 occidere,
1456 2323 1507 2395 sic
1528 2336 1567 2396 et
1591 2335 1717 2395 coetera
1740 2347 1891 2421 qumque
1920 2321 2081 2420 disponit

477 2441 627 2539 optime.
660 2441 760 2515 Adeo
788 2457 910 2517 autem
934 2442 1104 2542 praedicta
1128 2442 1266 2538 Virgilii
1287 2442 1400 2516 verba
1427 2442 1474 2518 de
1496 2443 1616 2515 anima
1639 2441 1767 2514 mundi
1797 2443 1945 2516 veritate
1970 2440 2080 2541 plena

475 2559 656 2654 videntur,
673 2577 724 2635 xut
741 2586 785 2635 ea
800 2588 947 2661 quoque
963 2564 1065 2661 quasi
1083 2563 1121 2634 in
1138 2563 1388 2635 auctoritatem
1402 2586 1584 2636 assumere
1600 2562 1768 2635 doctores
1783 2562 1897 2635 sandi
1914 2585 1989 2633 uon
2008 2559 2080 2634 ab·

473 2663 695 2740 horruerint.
718 2668 823 2742 Unde
846 2683 883 2741 et
905 2669 1148 2767 Hieronymus
1177 2693 1261 2742 curn
1286 2669 1387 2742 illum
1407 2669 1599 2743 Ezechielis
1621 2667 1744 2742 locum
1770 2681 1985 2768 exponeret,
2011 2665 2079 2739 ubi

478 2787 653 2886 scriptum
671 2788 769 2860 est⁸=
791 2817 810 2857 ι(
830 2788 1033 2860 introduxit
1061 2788 1099 2859 iu
1117 2789 1248 2861 atrium
1266 2789 1415 2861 interius
1429 2815 1496 2888 per
1511 2791 1606 2862 viam
1622 2789 1854 2882 orientalem,
1869 2819 1888 2857 »
1908 2789 1958 2860 ait
1976 2813 1986 2859 t
2009 2816 2028 2853 α
2040 2785 2080 2858 si

476 2921 597 2978 autem
620 2908 774 2980 exterius
798 2923 833 2981 et
857 2909 1008 2982 interius
1029 2907 1226 3006 accipimus
1248 2908 1397 3001 atrium,
1416 2910 1468 2981 sic
1484 2909 1774 3006 intelligendum,
1798 2907 1898 3006 quod
1922 2913 2019 2980 Deus
2042 2921 2081 2981 et

476 3017 715 3093 circumtusus
731 3020 778 3092 sit
796 3032 833 3092 et
848 3020 1008 3110 inlusus,
1027 3017 1154 3092 diceus
1174 3043 1239 3118 per
1257 3020 1495 3120 Prophetam⁸
1515 3050 1524 3093 ε
1545 3022 1650 3112 «Qui
1671 3034 1769 3096 tenet
1784 3020 1916 3094 coelum
1932 3019 2079 3121 palma,

476 3145 513 3209 'et
532 3152 667 3213 tenum
683 3141 838 3239 pugillo,
854 3170 872 3209 o
891 3155 931 3213 ut
945 3141 1138 3214 videantur
1153 3142 1277 3215 omnia
1291 3141 1337 3216 ab
1353 3141 1415 3215 illo
1432 3141 1622 3234 concludi;
1640 3157 1677 3217 et
1694 3144 1883 3216 rursum⁶z
1903 3139 2078 3213 «Coelum

476 3271 595 3331 autem
608 3260 763 3333 thronus
781 3274 847 3354 est,
866 3274 962 3334 terra
973 3273 1095 3334 autem
1112 3260 1308 3336 scabellum
1324 3262 1460 3363 pedum
1476 3287 1680 3352 meorum»
1696 3275 1735 3334 ut
1750 3262 1848 3335 intra
1864 3261 1987 3334 omnia
2002 3284 2080 3334 esse

475 3376 699 3453 credendum
714 3381 772 3474 sit,
787 3380 892 3478 juxta
909 3380 999 3452 illud
1017 3380 1300 3477 Virgilianum⁷t

788 3668 950 3759 Principio
966 3670 1082 3736 coelum
1098 3687 1133 3736 et
1147 3686 1288 3746 mnam,
1304 3693 1498 3761 camposque
1509 3669 1677 3761 liquentes,

789 3774 1026 3864 Lucentemque
1041 3775 1176 3867 globum
1188 3775 1290 3859 luuae,
1307 3778 1495 3868 Titaniaque
1510 3795 1593 3845 astra

791 3880 924 3971 Spiritus
938 3882 1024 3948 intra
1038 3883 1113 3966 alit,
1130 3899 1297 3973 tuumque
1312 3883 1416 3950 minsa
1431 3909 1490 3976 per
1504 3902 1591 3952 aruis

788 3985 883 4053 Mens
898 3987 998 4080 agitat
1012 3987 1149 4073 molem,
1166 4004 1200 4056 et
1214 4013 1333 4083 magno
1347 4014 1382 4057 se
1396 4014 1531 4083 corpore
1544 3992 1668 4059 miscet.

478 4261 580 4336 Idem
595 4263 634 4336 iu
650 4265 806 4365 Epistola
824 4267 938 4340 Pauli
948 4267 1001 4339 ud
1012 4267 1197 4366 Ephesius,
1215 4268 1279 4341 lib.
1296 4273 1343 4342 11·
1361 4298 1369 4342 ι
1389 4301 1408 4338 α
1422 4272 1616 4346 Diversitas
1632 4283 1754 4346 autem
1768 4267 2080 4371 propositionum,

478 4381 516 4456 in
527 4384 660 4482 quibus
670 4384 821 4459 dicitur⁰
835 4415 845 4460 z
861 4417 880 4458 a
893 4392 995 4461 Unus
1004 4389 1102 4464 Deus
1112 4404 1149 4462 et
1157 4403 1260 4489 pater
1268 4392 1450 4484 omnium,
1463 4393 1527 4491 qui
1537 4417 1646 4493 super
1658 4393 1794 4485 omnia,
1811 4405 1849 4466 et
1860 4415 1925 4491 per
1936 4416 2079 4482 omnes,

482 4529 501 4571 u
525 4518 562 4575 et
583 4504 621 4577 in
644 4504 829 4600 omnibus,
844 4536 863 4574 n
880 4507 1059 4581 diversam
1079 4508 1351 4606 intelligentiam
1373 4512 1480 4611 sapit.
1503 4514 1620 4612 Super
1642 4513 1764 4585 omnia
1786 4511 1888 4586 enim
1910 4524 1963 4583 est
1983 4514 2082 4582 Deus

480 4626 585 4697 Pater
600 4626 665 4724 qui
679 4641 808 4699 auctor
824 4643 879 4700 est
892 4629 1069 4704 omnium.
1089 4632 1159 4702 Per
1172 4654 1300 4704 omnes
1315 4630 1423 4704 Filius
1437 4634 1501 4731 qui
1518 4648 1649 4708 cuneta
1665 4632 1891 4723 transcurrit,
1910 4629 2084 4729 vaditque

512 4934 629 4989 mosot
648 4934 734 4999 stit,
756 4935 801 4989 uu.
823 4934 1112 5001 ffi-'Eecbamn
1124 4938 1179 5001 1,r.
1192 4940 1256 4991 6.-
1306 4952 1361 5003 esp.
1384 4952 1457 5003 urr,
1472 4953 1497 4992 r.
1510 4938 2083 5006 1.-²AEsetu.‚uu.vt,v.tatsteq,-

479 5014 572 5080 wop,
586 5030 642 5079 can.
658 5029 678 5078 r,
701 5030 724 5067 r.
747 5015 1064 5081 r.-⁸1tnet.,np.xu,
1076 5032 1100 5070 r.
1112 5022 1153 5072 ⁸2.
1175 5020 1253 5084 Onu,
1305 5020 1404 5086 'om
1421 5027 1442 5085 t,
1460 5019 1503 5084 111,
1520 5023 1570 5074 cot.
1590 5025 1646 5075 tua„
1658 5020 1824 5086 -tlpltsn,
1839 5033 1895 5084 erp.
1907 5032 1978 5084 mv.
1991 5019 2017 5071 6.

477 5104 497 5149 t.
519 5096 848 5161 111‚ootsao.-⁶1mt.‚
870 5110 926 5161 cap.
946 5110 989 5160 ru,
1012 5110 1037 5149 r.
1060 5097 1252 5163 iuditia,
1749 5106 1756 5119 '
