4559 6100
621 503 813 576 EPlTOllE
840 504 1100 577 THEOLOGlAE
1125 502 1411 577 CHRlS‘llANAE.
1758 501 1831 577 569

239 655 335 720 etiam
359 653 593 744 predestinavit
615 654 702 721 bunc
722 651 898 733 advitam,
920 653 984 718 tale
1007 669 1055 719 est
1077 676 1114 718 ac
1134 654 1164 719 si
1189 652 1313 719 dicatur
1330 675 1338 717 r
1356 651 1409 716 Ab
1427 667 1547 718 eterno
1564 653 1729 743 providet,
1745 655 1835 744 quod

240 752 359 841 aliquid
385 752 508 816 bonum
534 750 627 816 daret
646 751 741 828 hnic,
766 774 824 841 per
844 749 933 839 quod
957 750 1142 816 salvaretur.
1169 752 1286 815 Utrum
1306 750 1400 839 plura
1422 750 1522 841 possit
1544 749 1712 841 disponere
1736 775 1835 841 quam

237 848 399 938 disponat,
417 849 466 915 rel
481 849 582 938 possit
596 849 688 927 scire,
706 847 755 912 vel
772 848 869 914 etiam
883 848 990 937 plures
1001 846 1043 913 ad
1058 848 1158 912 vitam
1173 845 1413 936 praedestinare,
1430 848 1505 912 satis
1516 863 1564 913 ost
1577 849 1613 912 in
1628 864 1770 938 promtu.

861 1180 1042 1272 CAPUT
1074 1181 1211 1269 XXII.

662 1396 709 1454 De
723 1393 786 1465 his,
804 1412 868 1472 quae
884 1393 921 1453 ad
937 1392 1096 1451 bonitatem
1113 1391 1241 1451 divinam
1254 1390 1408 1472 pertinent

286 1579 380 1645 Dicto
399 1579 439 1645 de
456 1582 600 1670 potentia
617 1597 651 1645 et
668 1581 821 1670 sapientia
836 1582 1013 1670 hucusque,
1033 1581 1074 1646 de
1087 1579 1234 1645 bonitate
1248 1579 1353 1670 aliqua
1368 1577 1585 1645 subnectenda
1597 1595 1670 1643 sunt
1684 1577 1834 1644 breviter.

241 1677 340 1761 Deus,
358 1692 394 1741 ut
412 1675 561 1759 diximus,
580 1676 737 1769 benignus
753 1694 812 1761 est,
831 1693 864 1743 et
879 1679 1069 1761 misericors,
1088 1694 1121 1743 et
1135 1677 1314 1742 miserator.
1331 1678 1434 1764 Hujus
1447 1676 1652 1765 benignitatis
1668 1674 1835 1757 effectum,

241 1775 396 1863 cumipse
412 1774 512 1839 nihilo
527 1773 681 1865 indigeat,
699 1791 811 1865 utpote
828 1774 883 1865 qui
894 1776 954 1840 sibi
968 1799 1025 1865 per
1041 1775 1151 1840 omnia
1166 1772 1324 1840 sufficiens
1336 1791 1394 1849 est,
1408 1775 1442 1837 in
1458 1773 1609 1840 creaturis
1620 1773 1683 1838 suis
1697 1789 1835 1838 exercet.

241 1872 322 1936 Cum
344 1873 440 1962 igitur
455 1872 488 1935 in
506 1894 539 1937 se
556 1873 626 1938 solo
651 1874 690 1937 sit
713 1873 831 1939 affectu
847 1873 1022 1963 benignus,
1040 1874 1074 1936 in
1101 1873 1255 1937 creaturis
1276 1871 1350 1937 solis
1365 1870 1481 1951 efficit,
1508 1870 1597 1961 quod
1618 1871 1761 1936 bonitate
1783 1869 1839 1934 tali

241 1985 365 2034 constat
381 1967 598 2036 efficiendum.
620 1973 664 2035 At
680 1993 775 2050 vero,
793 1972 848 2060 qui
864 1994 986 2036 summe
1003 1970 1193 2049 bonusest,
1212 1970 1253 2033 ab
1270 1992 1310 2035 eo
1328 1993 1426 2059 porro
1443 1970 1548 2034 omnis
1563 1967 1683 2033 invidia
1699 1967 1839 2058 relegata

242 2082 300 2146 est,
325 2068 429 2132 omnis
452 2067 563 2133 itidem
588 2068 653 2149 ira,
681 2069 784 2132 omnis
806 2069 895 2133 furor
911 2068 952 2133 ab
969 2092 1009 2134 eo
1030 2082 1173 2134 remotus
1194 2083 1252 2131 est.
1276 2066 1363 2150 Quid
1384 2067 1491 2156 igitur,
1517 2066 1607 2156 quod
1628 2065 1743 2131 dicitur
1762 2065 1838 2131 :Ne

241 2165 392 2228 irascatur
408 2165 578 2228 furortuus
590 2188 685 2254 super
703 2166 783 2230 nos?
800 2165 887 2249 Quid
902 2166 999 2229 etiam
1015 2182 1164 2255 precatur
1179 2165 1341 2254 Propheta
1356 2188 1364 2228 ι
1382 2165 1533 2246 Domine,
1551 2187 1592 2228 ne
1610 2164 1644 2227 in
1658 2164 1765 2227 furore
1780 2179 1837 2227 tuo

242 2283 355 2351 arguas
370 2260 443 2326 me?
458 2262 499 2326 Et
513 2262 698 2348 hujusmodi
715 2262 890 2328 affectuum
907 2262 1090 2327 nominibus
1100 2261 1283 2326 translative
1298 2262 1429 2343 utimur,
1447 2285 1521 2328 cum
1531 2260 1572 2326 de
1581 2262 1650 2326 Deo
1664 2260 1837 2348 loquimur,

241 2372 278 2420 ut
295 2358 470 2423 secundum
492 2358 659 2441 ellectum,
678 2376 711 2426 et
732 2384 799 2424 non
824 2360 1001 2426 secundum
1024 2359 1177 2425 allectum
1194 2358 1234 2424 de
1256 2384 1295 2424 eo
1311 2359 1537 2450 intelligamus.
1553 2359 1631 2423 Tale
1651 2374 1698 2422 est
1713 2358 1809 2447 igitur
1828 2380 1836 2422 t

241 2456 326 2519 Deus
341 2456 439 2519 iratus
456 2471 515 2538 est,
532 2457 583 2521 rel
603 2459 715 2522 :Deus
730 2474 860 2547 pacatus
878 2474 944 2532 est,
964 2479 1001 2521 ac
1018 2457 1044 2522 si
1061 2458 1186 2523 dicatur
1206 2480 1214 2521 :
1231 2458 1317 2522 Deus
1332 2458 1426 2551 punit
1441 2456 1549 2537 illum,
1569 2454 1621 2521 vel
1636 2457 1722 2520 Deus
1736 2455 1839 2543 parcit

240 2549 298 2616 illi.
311 2551 426 2617 Nullus
443 2553 530 2618 enim
545 2553 728 2639 hujusmodi
740 2555 885 2636 affectus,
900 2553 1003 2618 nullus
1018 2572 1125 2620 motus
1140 2556 1174 2619 in
1186 2578 1260 2619 eum
1278 2553 1375 2636 cadit,
1389 2555 1445 2642 qui
1460 2554 1494 2616 in
1510 2551 1737 2641 tranquillitate
1749 2549 1837 2617 facit.

242 2648 422 2722 Misericors
432 2673 509 2740 ergo
526 2649 642 2715 dicitur
652 2652 685 2715 in
698 2675 744 2734 se,
760 2653 841 2717 sicut
858 2668 890 2717 et
900 2652 1070 2742 benignus,
1082 2653 1250 2716 miserator
1261 2651 1296 2714 in
1305 2649 1513 2715 exhibitione.
1527 2649 1560 2713 Si
1572 2672 1649 2740 ergo
1665 2671 1732 2713 non
1744 2664 1837 2743 esset,

241 2748 292 2810 cui
302 2748 515 2828 misereretur,
528 2770 588 2812 nec
600 2748 768 2814 miserator
777 2764 871 2814 esset.
883 2749 944 2822 Hic
954 2748 1035 2814 solet
1045 2749 1156 2839 quaeri,
1174 2763 1282 2811 utrum
1290 2747 1462 2836 benignior
1475 2769 1542 2811 esse
1553 2747 1665 2835 possit,
1676 2745 1726 2810 vel
1739 2746 1840 2836 magis

241 2845 419 2910 miserator.
446 2846 556 2910 Posset
573 2846 659 2910 enim
679 2845 825 2935 pluribus
842 2845 929 2911 dona
946 2845 1108 2926 conferre,
1127 2860 1160 2910 et
1180 2868 1235 2909 eos
1250 2843 1384 2909 salvare.
1409 2844 1520 2910 Posset
1540 2843 1683 2934 pluribus
1698 2843 1841 2908 misereri

242 2957 274 3006 et
289 2964 432 3032 parcere.
451 2943 503 3008 Sic
518 2943 615 3032 igitur
630 2943 800 3033 benignior
815 2959 848 3009 et
864 2945 965 3033 magis
981 2944 1158 3023 miserator,
1176 2942 1226 3007 vel
1243 2943 1349 3006 minus
1363 2958 1470 3031 posset
1485 2965 1571 3023 esse,
1588 2957 1642 3007 aut
1658 2942 1755 3006 etiam
1771 2963 1839 3005 non

241 3040 421 3121 miserator,
439 3064 514 3106 cum
530 3041 627 3105 etiam
642 3058 751 3130 posset
769 3066 835 3106 non
852 3041 959 3121 fuisse,
978 3040 1029 3105 cui
1042 3041 1255 3105 misereretur.
1274 3038 1338 3104 Sed
1350 3037 1427 3127 quid
1443 3039 1496 3104 hic
1511 3063 1639 3128 quoque
1656 3035 1841 3128 responderi

241 3135 357 3217 valeat,
376 3161 416 3202 ex
431 3138 646 3226 superioribus
661 3140 811 3229 cognosci
825 3154 944 3227 potest.
963 3138 1038 3203 Non
1054 3139 1141 3203 enim
1155 3163 1214 3228 pro
1231 3138 1355 3201 ratione
1369 3137 1526 3227 assignata
1536 3138 1679 3227 superius
1693 3135 1840 3226 pluribus
1929 3145 1934 3152 “

241 3233 329 3296 bona
345 3233 503 3314 conferre,
522 3233 573 3298 rel
590 3233 733 3325 pluribus
748 3236 903 3316 misereri,
917 3234 967 3299 vel
985 3235 1089 3317 aliter,
1104 3258 1200 3328 quam
1217 3234 1323 3313 faciat,
1342 3232 1446 3299 facere
1458 3249 1576 3328 potest.

814 3531 1028 3663 'esrur
1075 3574 1237 3663 xxrn.
1306 3562 1309 3566 ’

896 3790 955 3847 Cur
981 3788 1053 3847 deus
1079 3788 1186 3850 homo?

288 3966 380 4032 Dicto
398 3966 439 4033 de
455 3968 553 4033 altera
569 3985 659 4059 parte
675 3969 769 4049 fidei,
787 3993 858 4058 quoe
875 3972 972 4035 estin
988 3971 1173 4061 cognitione
1196 3971 1268 4047 Dei,
1285 3969 1327 4033 de
1344 3970 1466 4032 unitate
1485 3968 1604 4034 scilicet
1619 3968 1734 4034 dirinae
1758 3973 1837 4037 sub·

243 4067 368 4129 stantiae
389 4081 422 4129 et
441 4067 581 4131 trinitate
605 4089 834 4155 personarum,
860 4084 893 4131 et
916 4066 957 4132 de
979 4067 1211 4156 pertinentibus
1237 4064 1279 4131 ad
1295 4081 1474 4155 utramque,
1500 4081 1654 4154 quantum
1673 4072 1837 4135 memorie

244 4163 380 4227 ocemrit
399 4187 407 4227 ε
429 4185 515 4228 nunc
535 4161 576 4228 de
593 4163 693 4229 altem
708 4180 819 4252 parte,
838 4165 956 4229 scilicet
978 4164 1019 4228 de
1035 4162 1199 4229 beneficiis
1215 4163 1309 4228 nobis
1325 4162 1366 4227 ab
1389 4186 1429 4228 eo
1445 4163 1568 4228 collatis
1583 4165 1721 4231 breviter
1736 4190 1836 4258 expe·

244 4256 368 4325 diamus
388 4282 395 4323 :
414 4283 551 4348 quorum
567 4260 656 4350 quod
672 4284 833 4327 summum
842 4277 876 4327 et
888 4262 1063 4327 maximum
1080 4261 1152 4344 fuit,
1171 4259 1259 4350 quod
1271 4260 1425 4351 sapientia
1439 4261 1497 4325 Dei
1513 4284 1643 4326 carnem
1658 4261 1699 4328 de
1713 4265 1836 4356 virgine

241 4466 309 4526 tam
321 4451 525 4520 dilectionem
535 4456 669 4520 haberet
680 4457 765 4520 circa
776 4479 847 4536 nos,
862 4455 1015 4538 ostendit,
1030 4458 1085 4545 qui
1095 4457 1248 4537 animam,
1262 4478 1358 4543 quam
1369 4457 1524 4535 assumsit,
1536 4479 1596 4546 pro
1611 4457 1705 4521 nobis
1714 4464 1833 4549 posuit.

242 4547 337 4612 Unde
356 4548 444 4614 idem
464 4574 471 4616 :
490 4552 648 4638 Majorem
667 4554 729 4618 bac
751 4551 957 4618 dilectionem
982 4575 1079 4618 nemo
1094 4553 1213 4634 habet,
1236 4567 1273 4615 ut
1294 4554 1434 4615 animam
1456 4574 1547 4616 suam
1569 4554 1638 4642 quis
1653 4575 1754 4647 ponat
1774 4582 1833 4648 pro

243 4644 352 4710 amicis
366 4645 441 4710 suis.
461 4648 524 4712 Pro
541 4648 711 4714 dilectione
727 4647 899 4736 siquidem,
917 4672 1015 4739 quam
1035 4672 1111 4739 erga
1125 4673 1187 4714 nos
1206 4647 1336 4730 habuit,
1354 4664 1391 4712 ut
1404 4670 1464 4713 nos
1481 4651 1589 4740 ajugo
1605 4657 1727 4742 peccati
1744 4656 1832 4721 redi·

242 4757 354 4819 meret,
372 4765 502 4810 carnem
520 4746 675 4811 assumsit.
693 4747 724 4808 A
739 4769 804 4834 quo
820 4746 917 4835 igitur
932 4769 992 4810 nos
1005 4746 1190 4828 redemerit,
1212 4760 1245 4809 et
1262 4744 1428 4832 quomodo
1441 4744 1598 4813 redemtio
1614 4750 1668 4816 illa
1682 4752 1764 4817 facta
1780 4755 1831 4832 sit,

243 4836 411 4928 diligenter
435 4842 662 4930 inquirendum
685 4865 753 4907 esse
773 4842 855 4906 ratio
876 4841 1059 4930 persuadet.
1077 4842 1219 4926 Quidam
1242 4840 1369 4920 dicunt,
1393 4840 1482 4929 quod
1500 4866 1519 4907 a
1534 4860 1691 4931 potestate
1713 4849 1832 4919 diaboli

242 4932 378 5001 redemti
397 4961 517 5021 sumus,
537 4941 592 5029 qui
606 4940 772 5004 hominem
788 4937 980 5028 decipiendo
996 4939 1101 5029 ipsum
1117 4939 1179 5004 sibi
1194 4937 1343 5022 subiecit,
1361 4954 1395 5002 et
1413 4953 1616 5027 potestatem,
1634 4967 1730 5032 quam
1745 4952 1832 5037 prius

243 5053 308 5095 non
332 5035 505 5115 habuerat,
545 5060 657 5103 neum
673 5038 804 5127 recepit.
824 5036 979 5126 Ideoque,
997 5054 1034 5102 ut
1056 5037 1180 5119 dicunt,
1196 5036 1308 5101 missus
1331 5051 1379 5101 est
1404 5034 1500 5100 Filius
1516 5038 1587 5118 Dei,
1610 5056 1657 5122 ut,
1680 5048 1833 5132 quoniam

359 5196 383 5234 ¹¹
989 5243 994 5249 .
1678 5194 1714 5250 72
