4559 6100
706 474 751 548 ΙΝ
775 473 1021 547 EPISTOLAM
1045 476 1107 548 ΑΙ)
1131 477 1362 551 ROMANOS.
1760 488 1833 557 257

132 676 135 682 -
239 620 427 696 derabaut.
456 625 499 693 Et
524 645 681 718 quorum
706 622 854 720 quidem
880 621 1000 717 laude,
1037 626 1278 723 promissione
1309 640 1345 698 et
1371 651 1435 726 spe
1458 628 1610 728 amplius
1635 630 1673 701 in
1705 656 1833 706 eorum

237 741 457 815 desiderium
482 739 785 834 accendebantur,
814 767 926 840 quam
949 744 980 816 si
997 766 1041 817 ea
1063 744 1212 816 minime
1232 759 1429 843 sperarent,
1451 746 1508 819 vel
1525 761 1623 820 tanta
1644 773 1721 822 esse
1742 749 1836 824 didi·

238 863 382 936 cissent.
402 861 579 960 liquibus
599 863 698 935 enim
718 863 802 935 ideo
819 862 1070 964 desperamus,
1089 889 1166 938 non
1183 865 1339 940 multum
1354 881 1417 938 aut
1434 865 1497 938 diu
1513 890 1641 939 eorum
1657 866 1835 944 desiderio

237 997 416 1055 tenemur.
436 1012 454 1048 a
470 982 720 1081 operabantur
738 984 776 1056 in
802 982 972 1056 membris
997 984 1144 1077 nostris,
1170 999 1211 1057 ut
1234 983 1488 1058 fructificarent
1513 987 1634 1078 morti,
1649 1017 1667 1053 a
1686 986 1757 1060 hoc
1784 1004 1837 1062 est

239 1104 482 1179 damnationis
508 1105 697 1179 mortalem
712 1106 819 1179 nobis
835 1106 1070 1206 acquirebant
1087 1108 1237 1182 exitum.
1256 1109 1561 1207 Concupiscentia
1577 1124 1775 1210 operantur
1798 1114 1837 1183 iu

239 1225 424 1320 membris,
448 1226 595 1325 quando
608 1239 835 1327 'conceptum
857 1243 977 1300 mente
1005 1226 1223 1302 desiderium
1245 1253 1311 1328 per
1329 1228 1477 1327 aliquod
1502 1228 1707 1302 membrum
1728 1254 1838 1330 opere

144 1359 146 1363 “
238 1343 444 1442 implemus,
469 1360 510 1418 ut
530 1370 596 1445 per
620 1346 785 1443 genitalia
810 1345 1012 1441 libidinem,
1038 1373 1105 1446 per
1130 1372 1260 1421 manus
1284 1348 1421 1420 lurtum
1443 1362 1504 1421 aut
1525 1349 1703 1447 rapinam.
1735 1354 1839 1422 Nunc

238 1477 361 1537 autem
385 1463 541 1539 absoluti
566 1489 690 1538 sumus
715 1464 763 1538 ab
789 1465 997 1540 obedientia
1023 1468 1083 1540 illa
1110 1468 1219 1565 legis,
1249 1493 1329 1567 quae
1355 1491 1423 1569 pro
1451 1469 1766 1561 remuneratione,
1799 1483 1839 1542 ut

241 1581 380 1656 dictum
405 1598 478 1675 est,
505 1584 760 1685 temporalium
779 1587 1068 1686 impendebatur.
1092 1618 1110 1655 a
1124 1592 1176 1660 lta
1200 1600 1240 1659 ut
1260 1589 1337 1684 jam
1355 1589 1551 1660 serviamus
1572 1593 1664 1679 Deo,
1679 1617 1698 1656 a
1717 1603 1838 1662 mente

240 1704 486 1802 potiusquam
503 1728 626 1804 opere,
646 1706 875 1806 spiritualiter
892 1707 970 1781 illas
988 1708 1075 1805 legis
1098 1706 1229 1804 figuras
1252 1709 1364 1806 magis
1386 1732 1497 1805 quam
1521 1708 1757 1808 corporaliter
1776 1708 1840 1781 ad·

240 1823 444 1923 implentes,
464 1824 557 1897 sicut
572 1824 659 1899 alibi
674 1824 834 1899 dicitur:
857 1855 874 1897 a
895 1828 1026 1901 Littera
1042 1828 1140 1900 enirn
1162 1827 1308 1919 occidit,
1328 1828 1472 1928 spiritus
1489 1842 1612 1901 autem
1627 1827 1797 1901 vivificat.
1819 1856 1837 1896 a

244 1971 264 2011 a
274 1947 315 2041 In
331 1945 491 2017 novitate
508 1945 664 2044 spiritus,
675 1974 694 2014 u
713 1945 749 2019 id
764 1961 819 2020 est
834 1948 872 2020 in
889 1946 1130 2045 spiritualibus
1146 1946 1332 2021 desideriis
1346 1962 1382 2020 ct
1396 1946 1643 2045 intelligentia,
1661 1973 1740 2047 quae
1757 1961 1841 2020 ante

241 2090 318 2136 non
335 2082 451 2161 erant,
465 2081 501 2140 et
514 2092 591 2140 non
608 2069 646 2139 in
658 2081 834 2142 vetustate
849 2069 985 2161 littera,
1001 2068 1040 2142 id
1056 2083 1110 2141 est
1125 2068 1164 2141 in
1182 2070 1339 2168 antiquis
1353 2068 1525 2167 operibus
1540 2094 1620 2168 quae
1631 2070 1732 2166 juxta
1748 2069 1841 2141 litte-

241 2207 319 2257 ram
334 2200 476 2259 tantum
491 2185 639 2280 fiebant,
654 2187 746 2261 sicut
763 2203 840 2262 erat
855 2189 1007 2262 carnalis
1023 2188 1261 2281 circumcisio,
1277 2187 1481 2261 observatio
1493 2187 1653 2281 Sabbati,
1667 2186 1841 2260 sacrificia

242 2318 279 2377 et
294 2304 361 2378 alia
377 2297 580 2381 innumera.

292 2428 435 2513 Quaeret
459 2426 616 2500 fortassis
642 2428 784 2526 aliquis,
810 2453 877 2501 cur
898 2428 1006 2509 etiam
1033 2428 1311 2527 promissionem
1332 2443 1471 2501 aerernae
1494 2429 1575 2500 vitae
1597 2427 1654 2499 lex
1680 2450 1756 2497 non
1778 2426 1844 2498 ha·

240 2542 372 2635 buerit,
392 2559 432 2617 ut
447 2571 524 2618 non
542 2545 661 2619 solum
682 2561 923 2641 terrenorum,
947 2572 1074 2620 verum
1096 2562 1133 2621 et
1151 2547 1348 2620 coelestium
1363 2546 1546 2620 donorum
1569 2545 1754 2618 desideriis
1770 2568 1844 2617 am·

240 2662 335 2763 plius
353 2664 399 2736 ad
419 2664 666 2739 obediendum
685 2667 842 2774 pppulus
860 2666 1072 2740 alliceretur.
1094 2665 1168 2740 Sed
1185 2667 1269 2766 quia
1283 2668 1491 2767 imperfecta
1507 2664 1635 2737 babuit
1653 2679 1841 2762 praecepta,

242 2783 335 2857 sicut
352 2783 438 2859 alibi
459 2785 557 2859 idem
580 2787 771 2886 Apostolus
788 2803 1061 2880 commemorat,
1083 2786 1207 2861 dicens
1229 2786 1348 2885 quod¹
1367 2815 1386 2856 a
1399 2787 1457 2859 lex
1474 2784 1521 2858 ad
1537 2783 1738 2884 perlectum
1754 2784 1844 2855 nihil

241 2902 392 2977 adduxit
404 2934 414 2995 ;
428 2933 447 2975 a
466 2919 502 2979 et
517 2907 656 2981 Veritas
672 2932 738 3006 per
752 2909 982 3008 semetipsam
992 2912 1023 2979 ἐ
1040 2905 1225 2980 «Audistis
1240 2906 1326 3005 quia
1342 2905 1479 2978 dictum
1493 2919 1546 2978 est
1562 2904 1730 3001 antiquis,
1748 2915 1841 2975 etc.»

243 3023 323 3093 et⁸2
345 3050 365 3091 a
382 3022 458 3095 Nisi
474 3021 712 3101 abundaverit
723 3024 860 3122 justitia
875 3038 1006 3118 vestra,
1027 3038 1114 3117 eto,
1137 3052 1157 3094 »
1175 3047 1251 3097 non
1268 3023 1389 3123 potuit
1404 3023 1482 3120 ejus
1500 3046 1577 3095 esse
1601 3019 1845 3093 remuneratio

241 3141 416 3239 perfecta,
443 3167 512 3215 nec
536 3145 686 3216 terrenis
702 3135 886 3217 desideriis
908 3143 1065 3217 coelestia
1087 3141 1360 3242 competebant,
1381 3167 1500 3240 neque
1523 3145 1602 3213 Deo
1619 3139 1747 3237 aliquis
1771 3153 1846 3210 tam

241 3284 311 3360 pro
334 3262 484 3334 terrenis
504 3286 614 3361 quam
637 3288 706 3362 pro
729 3263 930 3338 coelestibus
954 3264 1113 3336 serviens
1131 3278 1236 3363 aptus
1251 3286 1328 3334 esse
1350 3274 1481 3360 potest.
1503 3259 1607 3331 Unde
1622 3258 1761 3330 Veritas
1780 3281 1846 3355 per

241 3383 472 3480 semetipsam
488 3380 661 3455 admonet
676 3383 820 3456 diceris⁴
835 3411 844 3456 ε
867 3383 1038 3455 «Nesciat
1052 3383 1196 3455 sinistra
1215 3397 1278 3455 tua
1299 3380 1387 3480 quid
1401 3379 1506 3452 faciat
1520 3377 1666 3451 dextera
1681 3391 1756 3469 tua,
1771 3405 1789 3441 »
1808 3374 1846 3447 id

243 3513 299 3571 est
320 3525 369 3573 ne
388 3500 586 3575 admisceas
607 3501 646 3575 in
669 3501 791 3600 aliquo
817 3516 882 3574 tuo
905 3525 1018 3601 opere
1038 3517 1220 3575 terrenam
1245 3501 1482 3574 intentionem
1500 3498 1647 3591 coelesti,
1675 3510 1716 3569 ut
1739 3494 1848 3566 simul

240 3642 314 3717 pro
342 3620 555 3693 transitoriis
587 3633 625 3693 et
646 3620 786 3694 aeternis
809 3619 918 3692 bonis
952 3618 1102 3692 obedias
1126 3624 1218 3693 Deo.
1251 3618 1322 3692 Sed
1355 3618 1504 3692 fortasse
1530 3615 1620 3689 dum
1652 3614 1847 3714 propositae

238 3739 455 3837 quaestionis
474 3738 593 3812 nodos
613 3738 751 3813 solvere
772 3738 951 3839 cupimus,
977 3739 1131 3836 majores
1147 3764 1190 3812 er
1208 3741 1288 3837 ipsa
1307 3737 1488 3811 solutione
1510 3736 1738 3808 incurrimus.
1756 3736 1849 3806 Cum

237 3859 345 3933 enirn
361 3859 400 3930 in
415 3857 494 3956 lege
507 3859 554 3931 de
569 3856 760 3933 dilectione
776 3874 813 3933 et
826 3860 894 3932 Dei
910 3873 945 3932 ct
960 3859 1116 3958 proximi
1129 3873 1350 3959 praeceptum
1368 3858 1425 3951 sit,
1444 3871 1480 3929 et
1492 3855 1569 3928 haec
1584 3855 1659 3963 duo
1673 3868 1850 3953 praecepta

234 3975 428 4051 sufficiant
441 3978 488 4051 ad
504 3979 616 4053 vitam
633 4004 642 4050 t
662 3978 761 4052 unde
777 3994 813 4052 et
828 3979 1007 4051 Dominus
1022 3977 1124 4051 diviti
1140 3978 1312 4077 quaerenti
1328 3976 1416 4075 quid
1432 3974 1597 4050 faciendo
1617 3974 1728 4048 vitam
1748 3988 1849 4046 aeter-

232 4123 334 4171 nam
345 4097 558 4196 possideret,
577 4098 764 4200 respondit
783 4114 823 4171 ut
837 4099 913 4172 baec
929 4099 1004 4171 duo
1016 4106 1195 4198 praecepta
1210 4111 1369 4171 servaret
1384 4112 1420 4170 et
1434 4095 1651 4189 sufficerent,
1666 4109 1702 4166 et
1719 4093 1850 4166 Paulus

231 4218 325 4318 ipse
346 4216 611 4316 plenitudinem
627 4218 715 4316 legis
735 4243 812 4291 esse
833 4218 1066 4292 dilectionem
1082 4217 1311 4319 profitetur⁸3
1329 4214 1491 4289 mirabile
1513 4213 1653 4288 videtur
1673 4212 1774 4312 quod
1794 4212 1850 4286 lex

228 4336 294 4411 ad
318 4337 577 4435 perfectionem
597 4336 688 4409 nibil
704 4336 858 4432 durarit,
877 4353 914 4411 et
933 4337 1035 4437 quod
1052 4339 1130 4437 ipsa
1154 4362 1230 4410 non
1248 4335 1427 4408 suffecerit
1445 4335 1493 4409 ad
1516 4336 1641 4427 vitam,
1665 4348 1706 4405 ut
1721 4332 1849 4405 merito

224 4471 400 4557 propter
420 4456 492 4530 boc
512 4457 723 4553 Evangelica
744 4455 893 4531 deberet
914 4455 1100 4530 abundare
1121 4456 1270 4555 justitia.
1300 4458 1436 4528 Revera
1457 4455 1541 4551 quia
1565 4467 1743 4552 praecepta
1764 4450 1851 4547 legis

224 4577 325 4649 sive
336 4574 383 4649 de
394 4574 587 4650 dilectione
600 4577 676 4651 sive
690 4576 737 4649 de
753 4576 891 4676 aliisjad
908 4578 1107 4677 perlectum
1120 4601 1196 4649 non
1211 4575 1404 4665 duxerunt,
1421 4572 1459 4644 id
1475 4587 1529 4645 est
1543 4571 1765 4665 adsalutem,
1778 4569 1851 4640 sul·

219 4695 359 4770 ficere
380 4721 456 4770 non
473 4710 640 4797 poterant
660 4723 669 4769 t
688 4696 753 4770 sed
774 4720 920 4770 necesse
945 4710 1021 4770 erat
1036 4711 1083 4794 ,ut
1099 4696 1239 4772 reniret
1254 4693 1429 4787 Christus,
1448 4692 1511 4791 qui
1531 4706 1585 4765 est
1603 4690 1684 4763 finis
1705 4703 1740 4762 et
1759 4710 1849 4759 eon·

254 5010 267 5042 ¹
290 5002 462 5070 flemma
472 5018 517 5069 ru,
528 5019 551 5057 r.
565 5007 604 5058 rt.
616 5005 771 5070 -²ttattb.,
783 5018 839 5070 cap.
855 5018 882 5067 r,
897 5018 921 5056 r.
939 5007 1019 5058 η·-
1039 5002 1136 5067 ’itm
1151 5013 1177 5056 r.
1193 5004 1234 5056 20·
1256 5027 1286 5039 -
1305 5001 1421 5063 ⁴uuu„
1433 5012 1488 5063 cap.
1503 5010 1538 5062 u,
1548 5009 1572 5049 r.
1589 4999 1645 5049 3.-
1656 4994 1742 5058 uua,
1754 5006 1808 5057 cap.
1824 5009 1850 5057 r,

205 5102 241 5143 v.
261 5090 308 5144 1'!
327 5092 358 5138 et
369 5087 532 5152 requam,
545 5099 600 5150 cap.
612 5098 697 5149 nur.
711 5088 749 5140 to.

372 5195 399 5237 n
1694 5170 1732 5231 38
