4559 6100
476 545 549 618 436
1081 557 1208 630 PETRI
1234 555 1463 631 lBAELllllDl

477 693 548 766 Sed
573 720 641 769 nec
660 699 726 774 ista
751 704 978 778 continentiae
1000 707 1126 802 virtus,
1147 725 1210 782 aut
1229 710 1410 809 pudicitiae
1432 733 1547 799 amor,
1574 708 1716 782 leminis
1733 710 1818 810 ipsis
1835 710 2073 810 philosophiae

404 923 406 926 Ι
477 827 513 884 et
529 815 727 894 litterarum
744 823 966 900 abundantia
981 829 1156 926 insignitis
1174 831 1327 904 defuisse
1344 832 1584 928 cognoscitur,
1603 846 1644 904 ut
1655 832 1727 905 boc
1744 834 1883 929 insigne
1899 834 2072 906 virtutum

476 939 631 1012 maxime
663 968 860 1041 congruere
890 948 1149 1049 philosophieae
1182 976 1227 1023 eo
1261 976 1522 1048 cognoscamus
1556 951 1795 1044 excellentiae,
1826 968 1861 1025 et
1896 967 2071 1049 quantum

477 1081 619 1157 semper
640 1063 687 1135 ab
710 1064 875 1140 obscenis
897 1069 1141 1170 voluptatibus
1164 1072 1465 1170 eoncupiscentiae
1488 1072 1600 1144 decor
1620 1097 1659 1145 se
1678 1072 1892 1147 subtraxerit
1912 1071 2066 1172 philoso

476 1176 582 1275 phiae.
603 1183 704 1257 Unde
726 1186 964 1285 Hieronymus
987 1190 1024 1262 in
1047 1191 1177 1263 eodem
1201 1195 1335 1263 Contra
1354 1195 1581 1265 soriniacam
1607 1192 1724 1265 libro:
1748 1192 1878 1283 «Quid
1903 1193 2053 1265 referam

477 1296 607 1396 inquit,
619 1302 789 1401 Sybillam
804 1308 1005 1383 Eritbream
1021 1324 1129 1410 atque
1143 1315 1343 1384 Cumanam
1361 1327 1397 1385 et
1415 1327 1498 1385 octo
1515 1312 1693 1409 reliquas?
1706 1316 1797 1386 Nam
1813 1316 1929 1384 Varro
1943 1310 2069 1383 decem

476 1418 584 1495 luisse
611 1439 793 1515 autumat,
819 1455 972 1527 quarum
997 1432 1136 1528 insigne
1154 1432 1337 1528 virginitas
1360 1446 1433 1524 est,
1461 1446 1497 1504 et
1520 1432 1730 1530 virginitatis
1750 1432 1908 1532 pretium
1937 1429 2070 1503 divina·

478 1542 540 1614 tio.
558 1572 576 1610 u
602 1549 690 1618 ltem
709 1547 745 1619 in
770 1548 900 1622 eodem
923 1577 931 1620 :
950 1549 1164 1624 «Diodorus
1187 1554 1388 1625 Socraticus
1410 1553 1571 1651 quinque
1595 1551 1685 1624 filias
1703 1550 1907 1625 dialecticas
1924 1551 2069 1647 insignis

474 1663 654 1759 pudicitiae
679 1666 848 1743 habuisse
874 1686 1050 1765 narratur,
1075 1671 1274 1770 dequibus
1297 1672 1399 1744 Philo
1423 1670 1615 1745 Carneadis
1638 1671 1805 1769 magister
1824 1670 2068 1770 plenissimam

475 1783 598 1858 scribit
620 1785 819 1863 historiam.
842 1820 860 1857 u
880 1791 988 1878 Quod
1006 1791 1034 1864 si
1052 1793 1162 1864 etiarn
1177 1807 1259 1892 post
1281 1792 1520 1892 philosophos
1548 1806 1610 1864 aut
1635 1791 1803 1864 litteratas
1831 1791 1999 1880 feminas,
2023 1790 2068 1861 ad

475 1905 659 1978 saeculares
682 1895 738 1980 vel
763 1908 873 1983 laicos
900 1912 1020 1984 venire
1043 1911 1209 2003 delectat,
1232 1938 1300 1986 nec
1323 1913 1368 1986 de
1389 1913 1518 1986 talibus
1538 1913 1700 2012 exempla
1723 1912 1888 2004 deerunt,
1907 1937 1987 2010 quae
2003 1937 2069 1983 nos

474 2024 521 2097 ad
541 2026 751 2124 pudicitiam
772 2031 941 2124 invitent,
964 2045 1038 2104 tam
1055 2031 1102 2105 de
1120 2032 1281 2132 innuptis
1296 2057 1406 2131 quam
1422 2034 1468 2106 de
1484 2034 1617 2134 nuptis.
1646 2031 1750 2105 Unde
1770 2034 2010 2129 Hieronymus
2027 2032 2063 2103 iu

474 2146 593 2244 primo
611 2173 757 2247 quoque
775 2152 910 2222 Contra
926 2154 1153 2224 Jovim'anum
1169 2152 1276 2246 libr0,
1298 2152 1422 2225 talium
1438 2178 1585 2251 qnoque
1601 2151 1745 2226 laudem
1763 2167 1975 2253 prosecutus
1990 2152 2039 2225 ait
2056 2179 2064 2222 ε

475 2269 730 2341 «Βεωοῐίουίε
747 2272 1037 2370 Areopagitarum
1063 2274 1234 2374 principis
1251 2273 1352 2370 virgo
1373 2273 1464 2363 filia,
1488 2271 1613 2345 audito
1634 2273 1758 2370 sponsi
1782 2272 1991 2345 Leosthenis
2013 2273 2066 2344 in-

473 2386 591 2482 teritu,
605 2413 644 2461 se
659 2390 850 2479 interfecit,
872 2413 1046 2486 asserens,
1065 2417 1286 2491 quamquam
1302 2394 1435 2467 intacta
1450 2408 1540 2466 esset
1552 2416 1718 2491 corpore,
1736 2407 1857 2464 tamen
1873 2393 1904 2465 si
1917 2393 2065 2466 alterum

472 2507 632 2606 accipere
660 2527 867 2606 cogeretur,
887 2514 988 2611 quasi
1005 2514 1206 2586 secundum
1232 2515 1425 2613 acciperet,
1446 2537 1531 2585 cum
1558 2513 1670 2611 priori
1696 2526 1816 2583 mente
1841 2513 2065 2611 nupsisset.»

472 2632 583 2702 ltem:
604 2632 720 2717 «Quis
734 2631 862 2726 valeat,
878 2633 1008 2731 inquit,
1026 2633 1170 2706 silentio
1183 2633 1361 2731 praeterire
1377 2657 1427 2705 vn
1440 2632 1592 2706 Milesias
1604 2632 1773 2730 virgines,
1787 2655 1866 2729 quse
1880 2633 2064 2704 Gallorum

473 2747 611 2845 impetu
636 2766 766 2824 cuncta
788 2768 962 2847 vastante,
991 2752 1148 2850 nequid
1171 2752 1379 2826 indecenter
1403 2754 1632 2845 sustinerent,
1660 2768 1812 2825 mortem
1836 2766 2058 2842 sumserunt,

471 2869 676 2968 exemplum
699 2873 754 2943 sui
773 2874 909 2946 cunctis
929 2874 1126 2971 virginibus
1148 2873 1403 2971 relinquentes,
1431 2873 1590 2946 honestis
1616 2872 1799 2946 mentibus
1822 2872 1938 2969 majus
1961 2872 2066 2972 pudi-

470 2991 590 3064 citiam
608 3015 684 3064 esse
704 3016 814 3090 quam
831 2995 939 3069 vitam
952 2999 974 3067 ¹.
997 2994 1181 3070 Niehanor
1195 2994 1297 3067 victis
1312 2992 1443 3066 Thebis
1459 3007 1566 3091 atque
1582 2992 1779 3085 subversis,
1798 2994 1906 3066 unius
1921 2994 2066 3092 captive

469 3114 614 3212 virginis
632 3106 755 3187 amore
776 3132 962 3215 superatus
988 3131 1060 3209 est,
1088 3116 1190 3213 cujus
1212 3116 1420 3214 conjugium
1443 3128 1633 3213 expetens,
1655 3114 1756 3212 quod
1779 3115 1920 3213 captiva
1943 3130 2067 3214 optare

469 3235 664 3327 debuerat,
685 3238 790 3309 sentit
819 3236 959 3336 pudicis
987 3236 1169 3309 mentibus
1194 3238 1275 3336 plus
1304 3237 1543 3332 virginitatem
1571 3260 1647 3307 esse
1677 3258 1788 3333 quam
1812 3259 1976 3332 regnum.
2005 3241 2067 3307 ln-

469 3357 651 3430 terlectam
669 3359 814 3457 propria
831 3382 941 3430 manu
958 3359 1048 3430 llens
1066 3382 1107 3430 ac
1123 3358 1250 3454 lugens
1271 3373 1410 3431 amator
1428 3357 1556 3429 tenuit.
1578 3360 1729 3427 Narrant
1745 3356 1936 3454 scriptores
1956 3359 2066 3429 Graeci

467 3493 503 3550 et
523 3477 630 3551 aliam
648 3476 856 3551 Thebanam
871 3480 1059 3576 virginem,
1078 3503 1188 3575 quam
1202 3477 1316 3550 hostis
1327 3477 1475 3549 Macedo
1489 3489 1712 3575 corruperat,
1725 3474 1968 3547 dissimulasse
1981 3496 2089 3574 pau·

466 3597 573 3697 lisper
604 3597 788 3687 dolorem,
822 3614 858 3670 et
882 3598 1095 3671 violatorem
1117 3598 1328 3694 virginitatis
1352 3621 1424 3668 suae
1442 3595 1622 3691 jugulasse
1651 3609 1776 3695 postea
1801 3593 2062 3687 dormientem,

469 3743 578 3813 seque
598 3719 814 3790 interfecisse
831 3743 915 3790 cum
929 3718 1074 3815 gaudio,
1102 3731 1141 3789 ut
1160 3741 1227 3789 nec
1247 3717 1368 3788 vivere
1387 3714 1539 3787 voluerit
1555 3730 1638 3815 post
1652 3714 1828 3813 perditam
1852 3717 2063 3805 castitatem,

469 3860 536 3907 nec
561 3852 643 3907 ante
667 3838 774 3927 mori,
799 3863 907 3935 quarn
925 3838 979 3909 sui
998 3834 1101 3908 ultrix
1120 3836 1296 3907 existeret.
1313 3864 1330 3898 u
1349 3837 1534 3921 Quantum
1559 3849 1679 3908 autem
1698 3835 1864 3906 virtutem
1886 3835 2066 3934 pudicitiae

469 3960 566 4026 Deus
581 3954 780 4053 approbet,
798 3957 992 4030 manifestis
1010 3953 1204 4038 miraculis,
1223 3954 1259 4025 in
1277 3952 1409 4026 talibus
1426 3979 1572 4052 quoque
1589 3953 1786 4052 virginibus
1797 3953 1979 4027 declarare
1990 3981 2064 4028 non

468 4090 520 4147 est
538 4068 763 4170 dedignatus.
786 4075 888 4148 Unde
909 4076 1001 4148 inter
1020 4087 1137 4145 cetera
1153 4072 1249 4145 idem
1270 4075 1478 4171 Hieronymi
1495 4073 1586 4146 liber
1608 4075 1655 4145 ita
1674 4074 1836 4145 continet
1856 4099 1864 4143 ε
1887 4076 2066 4148 «Claudia

469 4197 569 4292 virgo
587 4194 735 4268 Vestalis
752 4220 834 4267 eum
854 4197 890 4266 in
912 4194 1153 4293 suspicionem
1168 4195 1318 4266 venisset
1338 4196 1464 4294 stupri,
1489 4194 1600 4266 sertur
1617 4194 1761 4289 cingulo
1777 4193 1919 4266 duxisse
1937 4209 2063 4286 ratem,

469 4341 579 4414 quam
597 4316 787 4387 hominum
810 4314 920 4386 millia
941 4313 1082 4386 trahere
1108 4315 1354 4410 nequiverant.
1379 4344 1396 4380 n
1420 4314 1471 4386 lltl
1494 4314 1566 4387 hoc
1588 4330 1621 4386 et
1643 4313 1730 4387 illud
1750 4313 1889 4387 Sidonii
1913 4317 2066 4413 pertinet

470 4439 507 4509 in
525 4439 761 4535 Propentr'con
778 4416 1002 4508 ad'libellum
1019 4457 1124 4504 suum
1143 4434 1192 4505 ita
1203 4434 1383 4530 loquentis
1400 4462 1408 4504 :

824 4610 933 4694 Qualis
949 4632 1008 4675 nec
1023 4606 1181 4697 Tanaquil
1198 4607 1269 4691 fuit,
1288 4633 1348 4674 nec
1364 4609 1417 4675 illa

823 4710 929 4791 Quam
945 4722 980 4771 tu
995 4707 1181 4797 Tricipitine
1196 4712 1384 4795 procreasti,

822 4804 932 4888 Qualis
948 4828 1007 4879 nec
1021 4803 1167 4894 Phrygias
1183 4804 1286 4869 dicata
1303 4805 1420 4886 Vestae,

826 4905 906 4986 Quae
922 4918 1034 4968 eontra
1050 4904 1124 4967 satis
1140 4901 1292 4968 Albulam
1308 4919 1487 4970 tumentem

824 5002 923 5067 Duxit
939 5001 1082 5091 virgineo
1098 5018 1201 5067 ratem
1214 5002 1343 5092 capillo.

502 5232 508 5259 ¹
531 5231 576 5292 Ap.
590 5230 705 5295 illerum,
718 5231 803 5295 scupis
811 5229 969 5295 pudicitiam
981 5241 1047 5279 curoe
1059 5241 1109 5279 erre
1120 5242 1199 5293 quem
1209 5228 1299 5279 ritem.
