4559 6100
654 628 698 703 IN
723 621 967 702 Ertslolltt
994 630 1055 702 AD
1079 629 1306 705 Romanos,
1712 633 1782 705 tet

184 777 379 853 reddentes
395 801 474 875 quae
499 802 565 851 sua
584 794 680 851 sunt.
708 778 808 851 Absit
840 780 951 869 enim,
981 792 1022 851 ut
1040 779 1231 853 credamus
1255 777 1449 852 Ecclesiam
1474 804 1497 852 a
1523 781 1643 878 primo
1666 781 1781 856 electo

184 919 298 996 usque
315 895 362 970 ad
379 896 616 970 novissimum
631 899 668 970 in
685 898 864 997 aliquibus
875 898 1001 971 saltem
1018 898 1186 973 fidelibus
1210 923 1285 972 non
1309 912 1627 998 perseveraturam,
1648 923 1727 997 quae
1745 916 1780 976 et

183 1033 267 1090 ante
283 1018 400 1113 legem
417 1017 550 1090 multos
566 1032 601 1091 et
617 1033 700 1117 post
715 1018 829 1117 legem
840 1019 974 1119 plures,
993 1019 1085 1093 sicut
1101 1033 1137 1092 et
1155 1020 1273 1118 ipsum
1291 1018 1354 1118 qui
1369 1017 1468 1091 hunc
1482 1019 1664 1096 Psalmum
1682 1044 1781 1095 com·

182 1138 318 1235 posuit,
339 1152 375 1209 et
390 1135 458 1210 sub
478 1138 590 1234 gratia
611 1138 746 1236 colligit
765 1140 911 1211 multos.
939 1137 1043 1211 Unde
1068 1152 1105 1210 et
1128 1140 1167 1211 in
1188 1140 1269 1237 ipso
1295 1136 1453 1210 adventu
1471 1138 1620 1211 Domini
1639 1138 1715 1235 iam
1739 1165 1781 1212 ex

182 1257 339 1329 maxima
361 1258 522 1356 partein
549 1258 655 1331 lsrael
678 1258 770 1332 facta
790 1260 963 1352 caecitate,
992 1257 1190 1331 nonnullos
1213 1258 1365 1354 legimus
1384 1282 1588 1357 superesse,
1608 1256 1706 1332 velut
1722 1259 1782 1330 Si-

183 1399 365 1469 meonem,
385 1380 544 1470 Annam,
564 1391 670 1477 atque
685 1379 800 1478 ipsam
816 1379 964 1451 Domini
987 1393 1138 1451 matrem
1155 1403 1239 1450 cum
1254 1400 1389 1476 sponso
1407 1402 1473 1450 suu
1496 1376 1643 1478 loseph,
1664 1393 1701 1450 et
1717 1403 1780 1477 pa·

181 1509 274 1568 trem
285 1511 323 1569 et
341 1512 495 1571 matrem
511 1500 660 1571 loannis
677 1500 841 1599 Baptistae
855 1523 938 1572 cum
956 1500 1048 1602 ipso.
1068 1501 1168 1598 Saepe
1184 1513 1305 1572 antem
1319 1521 1403 1569 curn
1420 1496 1552 1570 dicitur
1575 1527 1593 1566 ιι
1609 1498 1742 1590 omnis,
1760 1531 1777 1566 n

181 1616 237 1689 vel
257 1648 274 1683 α
287 1616 428 1711 nullus,
448 1646 466 1687 ιι
487 1642 562 1690 ιιοιι
578 1620 802 1716 generaliter,
822 1617 886 1691 sed
899 1616 947 1691 ad
962 1619 1157 1691 maximam
1171 1633 1310 1717 partem
1334 1616 1478 1690 dicitur.
1497 1616 1615 1690 Veluti
1633 1619 1662 1690 si
1682 1617 1778 1694 dica·

183 1750 240 1808 tur
254 1735 302 1809 de
318 1737 473 1828 civitate,
491 1737 528 1810 in
543 1762 616 1837 qua
629 1737 734 1837 pauci
746 1751 830 1811 sunt
842 1738 945 1830 boni,
964 1762 1091 1812 omnes
1108 1737 1193 1811 mali
1209 1751 1293 1810 sunt
1304 1737 1367 1836 qui
1383 1737 1420 1809 in
1437 1761 1481 1810 ea
1494 1736 1657 1811 habitant
1676 1763 1685 1810 t
1706 1739 1777 1828 vel,

181 1854 270 1928 nulli
283 1856 373 1930 boni
389 1858 522 1930 suntin
538 1882 594 1931 ea.
610 1858 703 1930 Hinc
718 1873 772 1930 est
783 1857 873 1930 illud
889 1858 1098 1955 Hieronymi
1111 1857 1163 1930 ad
1176 1864 1376 1930 Damasum
1388 1883 1523 1956 papam
1537 1855 1584 1929 de
1602 1857 1678 1930 lilio
1694 1884 1779 1957 pro·

182 1972 266 2071 digo
286 2003 294 2045 ε
318 2006 335 2045 «
352 1977 429 2068 Fili,
447 1991 487 2049 tu
503 2001 644 2076 semper
669 2001 811 2050 mecum
828 2002 879 2069 es,
907 1993 943 2051 et
967 1977 1089 2051 omnia
1115 2003 1196 2051 mea
1216 1993 1278 2051 tua
1300 1990 1396 2049 sunt.
1418 2004 1436 2045 u
1461 1976 1632 2075 Nunquid
1659 1977 1780 2075 Angeli

181 2092 336 2167 Throni?
366 2095 498 2170 Omnia
523 2121 609 2194 ergo
627 2096 791 2193 intelligit
812 2097 992 2197 Propheta
1013 2098 1158 2198 eloquia
1184 2098 1325 2190 divina,
1344 2096 1544 2172 secundum
1565 2095 1654 2168 illud
1679 2098 1779 2195 quod

180 2237 272 2312 sepe
288 2216 532 2314 exposuimus,
549 2218 674 2289 omnia
690 2240 766 2288 non
783 2215 830 2290 ad
844 2231 962 2290 totum
989 2242 1065 2291 esse
1090 2217 1334 2311 referendum,
1355 2215 1419 2289 sed
1441 2216 1488 2289 ad
1505 2230 1643 2315 partem
1663 2219 1776 2294 maxi·

180 2357 299 2405 mam:
319 2340 391 2427 ut¹,
413 2364 429 2402 r<
446 2338 582 2407 Omnes
596 2334 885 2428 declinaverunt3
902 2367 919 2403 ι
936 2353 970 2410 et
983 2341 1007 2431 ¹,
1027 2342 1190 2410 «Omnes
1205 2339 1268 2436 qui
1281 2352 1365 2411 aute
1375 2361 1433 2408 me
1445 2349 1621 2408 venerunt
1635 2335 1779 2408 luerunt

178 2453 274 2526 fures
288 2468 323 2525 et
340 2451 509 2526 latrones.
526 2484 544 2521 »
560 2458 604 2526 Et
617 2457 642 2544 ⁸,
663 2455 873 2528 «Omnibus
890 2457 1013 2530 omnia
1034 2456 1149 2529 factus
1164 2481 1258 2543 sum,
1278 2470 1319 2528 ut
1335 2480 1463 2528 omnes
1478 2454 1738 2528 lucrifacerem.
1757 2486 1775 2523 ιι

178 2576 257 2661 Et‘‚
282 2601 300 2640 n
318 2576 454 2646 Omnes
470 2599 550 2671 quae
567 2599 631 2646 sua
649 2591 827 2673 querunt,
848 2600 923 2647 nou
945 2580 1124 2673 quaelesu
1142 2576 1322 2648 Christi.»
1343 2580 1464 2663 Quare
1484 2588 1604 2647 autem
1631 2598 1706 2647 non
1733 2576 1779 2647 sit

170 2706 291 2789 justus
305 2691 509 2790 quisquam,
527 2695 712 2792 supponit.
740 2723 757 2761 e
780 2695 872 2782 Quia
887 2719 964 2767 non
980 2710 1033 2767 est
1054 2695 1255 2791 intelligens
1282 2696 1481 2767 Dominum
1506 2709 1568 2766 aut
1593 2697 1779 2791 requirens

175 2812 344 2910 ipsum.»
367 2816 448 2884 Non
460 2827 514 2885 est
526 2812 728 2911 intelligens
740 2815 953 2905 Dominum,
973 2813 1010 2886 id
1026 2829 1091 2904 est,
1110 2838 1188 2887 non
1205 2828 1307 2886 curat
1316 2814 1393 2910 ejus
1407 2813 1593 2912 promissis
1604 2811 1662 2885 rel
1673 2803 1781 2886 minis

173 2930 379 3022 attendere,
399 2933 485 3029 quia
503 2932 667 3006 animalis
682 2933 796 3006 homo
820 2958 896 3005 non
922 2935 1074 3033 percipit
1098 2959 1141 3007 ca
1158 2958 1238 3032 quae
1258 2947 1342 3006 sunt
1365 2934 1518 3033 Spiritus
1538 2934 1618 3026 Dei,
1642 2932 1704 3005 sed
1728 2949 1781 3005 est

170 3052 270 3125 sicut
288 3078 406 3152 equus
422 3068 458 3126 et
474 3053 609 3144 mulus,
623 3054 755 3153 quibus
770 3080 845 3127 non
863 3069 918 3127 est
934 3054 1145 3128 intellectus.
1164 3059 1207 3127 Et
1220 3055 1305 3151 quia
1324 3078 1399 3126 non
1418 3069 1472 3126 est
1490 3033 1689 3151 intelligens
1706 3060 1779 3127 Do·

167 3172 332 3265 minum,
352 3175 466 3246 nescit
482 3175 664 3273 requirere
679 3200 765 3249 eum
782 3198 848 3275 per
864 3176 1128 3275 poenitentiam,
1153 3199 1263 3273 quem
1284 3175 1402 3247 amisit
1424 3198 1489 3272 per
1512 3172 1775 3270 negligentiam.

163 3296 295 3380 Quam
310 3293 460 3391 quidem
478 3295 730 3393 negligentiam
747 3296 919 3387 annectit,
936 3295 1072 3387 dicens,
1097 3325 1114 3360 e
1126 3297 1264 3367 Omnes
1278 3292 1559 3366 declinaverunt.
1583 3322 1602 3361 u
1627 3297 1707 3365 Hoc
1724 3311 1777 3366 est

161 3413 337 3485 studium
354 3439 474 3505 suum,
491 3414 615 3487 relicto
633 3419 725 3509 Deo,
739 3429 997 3488 converterunt
1014 3412 1060 3486 ad
1077 3413 1262 3504 seculum,
1282 3427 1319 3485 ut
1332 3437 1399 3510 pro
1415 3411 1673 3512 temporalibus
1684 3437 1772 3486 con·

157 3546 379 3607 temnerent
390 3548 535 3626 aeterna,
549 3550 657 3633 atque
670 3537 718 3608 ita
734 3560 861 3608 omnes
874 3535 1021 3633 pariter,
1040 3546 1113 3605 tam
1128 3532 1240 3606 Judaei
1258 3532 1392 3605 scilicet
1405 3552 1515 3629 quam
1524 3534 1671 3623 Gentes,
1688 3561 1705 3601 a
1719 3534 1774 3604 in·
1829 3508 1838 3529 ⁸

154 3650 278 3723 utiles
295 3651 365 3724 sibi
385 3652 467 3725 facti
483 3669 580 3726 sunt.
594 3685 611 3720 a
621 3659 736 3728 Nemo
750 3655 887 3753 quippe
901 3669 974 3727 tam
989 3655 1136 3751 iniquus
1148 3667 1214 3741 est,
1228 3667 1267 3724 nt
1283 3654 1435 3725 omnino
1451 3651 1586 3723 inutilis
1596 3650 1658 3724 frat
1669 3680 1677 3724 r
1690 3678 1773 3724 cum

152 3771 257 3869 ipsis
272 3772 385 3844 etiam
403 3772 505 3845 malis
520 3777 629 3863 Deus,
654 3788 694 3845 ut
717 3773 855 3846 dictum
879 3789 946 3864 est,
972 3773 1108 3873 optime
1132 3786 1266 3862 utatur,
1289 3773 1380 3844 sicut
1399 3771 1559 3868 nequitia
1580 3770 1681 3844 Judae
1703 3773 1776 3844 sive

148 3890 323 3964 diaboli.
345 3896 385 3965 ln
405 3917 479 3965 uno
497 3894 633 3993 quippe
650 3908 687 3965 et
699 3892 829 3966 eodem
848 3894 954 3982 facto,
977 3907 1012 3966 ct
1024 3896 1121 3965 Deus
1133 3897 1248 3985 Pater,
1268 3907 1303 3964 et
1319 3891 1440 3981 Filius,
1461 3904 1497 3962 et
1517 3890 1626 3962 ludas
1642 3915 1776 3990 coope-

141 4008 230 4079 rati
253 4021 357 4079 sunt.
372 4009 465 4096 Quia
482 4013 584 4081 Pater
597 4009 738 4099 lilium,
758 4024 794 4080 et
806 4009 914 4081 Filius
931 4011 1102 4106 seipsum,
1119 4023 1156 4080 et
1172 4006 1282 4079 ludas
1298 4005 1445 4080 tradidit
1462 4006 1673 4079 Dominum.
1692 4012 1775 4080 'l'ra-

141 4125 259 4197 ditio
285 4126 363 4219 illa,
391 4152 500 4225 quam
522 4142 559 4200 et
581 4126 692 4200 ludas
713 4142 881 4227 operatus
902 4143 968 4222 cst,
987 4151 1221 4201 communem
1235 4126 1399 4198 omnium
1420 4123 1707 4224 redemptionem
1724 4143 1776 4199 est

135 4263 335 4346 operata.
356 4251 421 4319 Per
436 4246 730 4345 praedicationem
745 4247 893 4345 quidem
909 4248 1001 4321 Petri
1013 4247 1168 4348 apostoli
1181 4246 1293 4345 aliqui
1307 4247 1472 4317 conversi
1489 4260 1574 4317 sunt
1590 4259 1625 4317 et
1636 4246 1773 4319 salvati.

128 4367 266 4442 Judae
282 4391 373 4439 reru
389 4368 589 4465 nequitiam
606 4369 644 4439 in
661 4368 812 4441 salutem
826 4369 993 4441 omnium
1010 4369 1188 4440 Dominus
1204 4365 1393 4439 convertit.
1423 4364 1478 4437 Ad
1491 4363 1666 4462 majorem
1683 4366 1778 4439 utili·

127 4502 277 4560 tatem
298 4486 409 4559 nobis
425 4486 522 4561 malo
536 4488 637 4559 istius
661 4511 771 4584 quam
789 4487 883 4561 illius
907 4487 1007 4561 bono
1027 4487 1150 4560 divina
1168 4511 1231 4559 usa
1253 4500 1307 4558 est
1323 4486 1446 4581 gratia.
1470 4483 1612 4557 Diaboli
1629 4511 1776 4584 quoque

119 4608 371 4707 nequitiam
393 4609 474 4703 quis
490 4606 629 4680 dubitet
656 4630 678 4679 a
701 4613 779 4681 Deo
797 4632 940 4706 semper
957 4606 1052 4680 bene
1067 4607 1241 4695 ordinari,
1264 4630 1347 4677 cum
1365 4606 1491 4704 etipse
1508 4604 1596 4678 nihil
1613 4606 1679 4678 nisi
1698 4608 1775 4677 Deo

111 4730 404 4828 permittente
419 4726 538 4814 faciat,
556 4726 614 4799 vel
630 4727 818 4827 puniendo
835 4752 929 4819 reos,
945 4727 1002 4800 vel
1013 4725 1203 4826 probando
1211 4726 1341 4823 justos,
1356 4723 1413 4795 vel
1423 4723 1599 4820 quidlibet
1609 4723 1774 4821 agendo?

112 4850 257 4922 Unde
283 4861 332 4918 et
351 4860 508 4945 potestas
526 4845 620 4919 illius
634 4872 710 4919 non
725 4847 794 4921 nisi
816 4846 910 4944 justa
936 4872 1012 4920 esse
1036 4859 1168 4944 potest,
1195 4845 1287 4917 sicut
1309 4843 1477 4915 voluntas
1493 4843 1587 4916 illius
1606 4868 1681 4915 non
1703 4842 1774 4913 nisi

103 4970 295 5069 injusta
323 4993 331 5036 :
356 4966 418 5063 qui
444 4967 641 5040 aDomino
660 4981 887 5066 potestatem,
914 4992 936 5040 a
961 4991 998 5039 se
1024 4990 1110 5038 vero
1126 4963 1481 5037 habetvoluntatem.
1508 4966 1588 5034 Non
1603 4974 1656 5031 est
1673 4957 1770 5029 eninr

136 5258 144 5281 ·
163 5246 327 5300 Palm.
340 5254 397 5306 ιιιι,
414 5257 438 5293 r.
452 5244 476 5293 8.
488 5266 520 5280 -
530 5244 539 5273 ²
549 5239 632 5303 toan,
650 5254 703 5305 cap.
721 5254 751 5301 x,
767 5254 790 5291 ι.
803 5245 826 5293 8.
836 5265 869 5280 -
880 5240 909 5290 ³1
922 5238 1049 5300 Corinth,
1064 5251 1118 5300 cap.
1131 5250 1170 5301 rx,
1183 5251 1206 5287 ι.
1219 5240 1258 5288 22.
1271 5260 1298 5274 ·-
1313 5234 1458 5297 0rtr'trpp„
1470 5246 1524 5295 cap.
1538 5244 1569 5295 ιι,
1584 5247 1605 5282 ι.
1619 5236 1660 5283 tl.
