4559 6100
451 491 521 563 576
1051 492 1180 564 PETRI
1205 492 1440 565 ABAELARDI

449 656 574 704 motum
591 636 617 721 ¹,
639 640 713 729 quia
730 663 791 705 nec
806 643 905 705 etiam
924 642 1061 732 digitum
1075 666 1206 710 morere
1222 660 1366 734 poterat,
1384 644 1445 708 nisi
1460 658 1616 731 quantum
1633 644 1663 707 ei
1682 642 1869 732 inspirabat.
1892 642 1944 707 sic
1967 665 2045 731 ergo

449 760 560 802 omnes
589 739 805 828 oppositiones
834 756 1007 821 cassantur,
1031 754 1104 830 quae
1124 757 1218 806 erant
1237 764 1245 807 ι
1264 741 1356 807 aliter
1370 742 1424 806 hic
1442 756 1509 816 est,
1527 739 1618 805 aliter
1632 756 1681 806 est
1696 738 1741 803 ibi
1761 761 1769 802 ε
1786 739 1850 804 boc
1865 755 1930 819 est,
1948 738 2046 804 hie?

449 836 576 915 unitur,
594 835 641 899 ibi
657 859 724 901 non
740 852 788 901 est
805 838 944 917 unitum,
964 854 997 903 et
1012 855 1129 903 cetera.

1037 1198 1223 1289 CAPUT
1257 1200 1454 1291 llllVlll.

1039 1418 1084 1472 De
1109 1425 1289 1473 sacramento
1313 1411 1460 1492 baptismi.

495 1602 630 1666 Ostenso
646 1602 810 1690 hucusque
827 1601 867 1667 de
884 1624 1009 1667 summo
1025 1600 1268 1677 beneficiorum,
1289 1600 1331 1667 ad
1347 1598 1538 1666 beneficium
1553 1616 1825 1664 sacramentorum
1841 1598 2045 1668 divertamus.

452 1698 540 1763 Sicut
561 1699 648 1762 eninr
673 1701 866 1763 necessarius
890 1700 950 1764 fuit
973 1700 1039 1784 ejus
1060 1698 1231 1779 adventus,
1258 1698 1302 1763 sic
1326 1721 1454 1787 quoque
1475 1699 1651 1762 necessaria
1675 1714 1748 1789 post
1770 1719 1864 1762 suum
1882 1701 2049 1764 transitum

452 1811 649 1860 sacramenta
665 1796 802 1883 reliquit.
818 1798 962 1862 Decebat
974 1798 1072 1875 enim,
1086 1820 1206 1861 norum
1221 1818 1331 1885 regem
1346 1818 1430 1860 nova
1442 1797 1515 1882 jura
1526 1793 1586 1858 sibi
1602 1795 1793 1884 relinquere,
1805 1796 1886 1860 sicut
1901 1811 1934 1860 et
1945 1796 2049 1862 adhuc

454 1890 521 1956 lieri
537 1892 630 1976 solet,
646 1916 719 1957 cum
735 1916 826 1984 reges
837 1894 1082 1959 substituuntur.
1097 1895 1224 1959 Horum
1237 1908 1510 1958 sacramentorum
1528 1890 1588 1957 alia
1600 1909 1674 1958 sunt
1689 1891 1874 1983 spiritualia,
1891 1893 1953 1958 alia
1968 1918 2046 1959 non.

455 1988 635 2078 spiritualia
657 2006 730 2054 sunt
748 1990 802 2055 illa
825 2000 964 2077 majora,
985 2017 1056 2082 quae
1079 1992 1198 2057 scilicet
1221 1990 1413 2056 adsalutem
1428 1989 1561 2056 valent:
1580 2014 1717 2080 quorum
1740 2008 1846 2056 tamen
1862 2014 1964 2055 unum
1986 2009 2047 2073 est,

456 2085 544 2173 quod
560 2109 627 2150 non
644 2086 686 2150 ad
697 2088 832 2153 salutem
848 2106 980 2178 spectat,
998 2089 1055 2155 sed
1067 2113 1193 2181 magnae
1210 2090 1257 2154 rei
1272 2105 1505 2154 sacramentum
1515 2104 1573 2170 est,
1587 2088 1705 2155 scilicet
1716 2089 1912 2179 conjugium.
1928 2089 2050 2153 Ducere

455 2184 613 2262 siquidem
633 2208 769 2250 uxorem
790 2210 855 2251 non
879 2204 927 2252 est
948 2187 1079 2273 alicujus
1102 2187 1208 2252 meriti
1230 2185 1441 2263 adsalutem,
1464 2184 1522 2251 sed
1543 2203 1675 2276 propter
1694 2186 1983 2251 inconvenientiam
2008 2186 2051 2251 ad

455 2280 590 2345 salutem
614 2298 663 2347 est
690 2306 886 2350 concessum.
913 2285 969 2350 Est
995 2302 1102 2351 autem
1125 2300 1361 2350 sacramentum
1380 2283 1546 2349 invisibilis
1567 2284 1676 2374 gratiae
1700 2282 1829 2348 visibilis
1850 2284 1986 2373 species,
2001 2283 2051 2348 rel

456 2400 552 2443 sacrae
568 2381 615 2444 rei
633 2382 776 2471 signum,
795 2384 909 2463 idest,
928 2383 1060 2468 alicujus
1076 2382 1201 2447 secreti.
1220 2382 1364 2446 Primum
1387 2382 1506 2446 horum
1522 2397 1569 2446 est
1585 2381 1781 2472 baptismus,
1803 2381 1860 2470 qui
1881 2381 2049 2446 circumci-

457 2477 553 2540 sionis
576 2478 701 2543 obtinet
720 2478 839 2544 locum.
860 2481 904 2544 Ut
921 2482 1007 2545 enim
1031 2482 1075 2545 ait
1096 2480 1209 2544 beatus
1229 2479 1428 2569 Gregorius:
1448 2479 1512 2545 lroc
1539 2478 1616 2543 facit
1632 2480 1727 2544 nobis
1748 2478 1946 2569 baptismus,
1964 2478 2051 2566 quod

458 2571 536 2637 olim
552 2574 617 2656 his,
641 2577 695 2663 qui
717 2577 891 2666 degenere
909 2580 1048 2643 Abrahae
1068 2593 1172 2652 erant,
1190 2578 1406 2659 circumcisio,
1425 2578 1494 2641 aliis
1514 2575 1666 2641 sacrificia
1684 2575 1735 2642 vel
1751 2600 1810 2666 pro
1823 2575 1961 2665 parvulis
1975 2574 2052 2640 fides

456 2687 638 2757 parentum.
658 2672 775 2736 Dicunt
794 2690 903 2738 tamen
919 2675 1062 2764 qnidam,
1081 2674 1170 2763 quod
1191 2675 1224 2738 in
1240 2676 1304 2739 hoc
1321 2673 1490 2755 differunt,
1516 2672 1606 2762 quod
1629 2674 1732 2739 aditus
1753 2672 1824 2737 ooeli
1844 2671 1944 2737 modo
1965 2689 2052 2761 patet

458 2765 642 2854 baptizatis,
668 2785 745 2833 tunc
759 2793 836 2835 vero
853 2794 933 2838 non.
946 2772 1021 2837 -Sed
1038 2795 1097 2836 nos
1114 2771 1266 2851 dicimus,
1289 2770 1377 2860 quod
1398 2773 1462 2837 hoc
1483 2795 1551 2836 non
1570 2771 1645 2836 facit
1663 2771 1857 2859 baptismus,
1878 2769 1935 2835 sed
1950 2771 2052 2859 passio

460 2861 628 2947 adjuncta3
653 2889 725 2953 quac
739 2868 766 2930 si
782 2868 1013 2933 circumcisioni
1035 2868 1145 2933 addita
1161 2886 1261 2948 esset,
1284 2884 1317 2932 et
1333 2866 1468 2951 faceret,
1493 2870 1574 2934 sicut
1588 2869 1631 2934 dc
1646 2868 1774 2936 duobus
1789 2868 1928 2933 nummis
1945 2867 2052 2932 videre

459 2984 638 3048 possumus.
662 2965 743 3028 Cum
764 2967 850 3030 enim
871 2967 944 3057 plus
961 2968 1152 3057 accipiamus
1167 2989 1226 3056 pro
1243 2965 1369 3030 duobus
1385 2990 1482 3057 quam
1500 2992 1560 3058 pro
1576 2991 1661 3046 uno,
1678 2990 1745 3032 non
1761 2983 1870 3031 tamen
1885 2964 1957 3057 plus
1971 2964 2052 3029 valet

459 3082 653 3149 unusquam
675 3063 765 3129 alter.
788 3064 851 3130 Sed
869 3064 954 3130 dicet
976 3064 1087 3153 aliquis
1106 3087 1115 3128 t
1134 3066 1200 3128 Cur
1216 3066 1260 3129 ita
1281 3080 1403 3129 mutata
1419 3082 1466 3131 est
1486 3064 1701 3130 circumcisio?
1722 3065 1857 3153 Propter
1877 3065 1953 3129 novi
1972 3063 2052 3152 regis

461 3180 576 3223 novam
602 3159 706 3251 legem
727 3162 973 3242 instituendam,
1001 3179 1132 3252 propter
1151 3162 1332 3227 inimicitias
1351 3163 1435 3228 inter
1458 3163 1588 3227 Judaeos
1609 3179 1642 3227 et
1664 3161 1806 3228 Gentiles
1825 3158 2049 3236 dissolvendas,

458 3273 589 3345 propter
604 3260 786 3347 snperbiam
798 3259 984 3326 Iudaeorum
999 3260 1249 3326 retundendam.
1264 3261 1346 3325 Cum
1363 3262 1449 3325 enim
1463 3277 1593 3351 propter
1608 3259 1722 3350 legalia
1737 3258 1854 3324 Judaeis
1865 3256 2007 3323 Gentiles
2022 3272 2053 3321 et

459 3376 645 3419 econverso
660 3357 913 3439 inimicarentur,
928 3382 1093 3448 nunquam
1103 3358 1247 3425 Gentiles
1257 3358 1311 3423 illa
1323 3359 1513 3448 reciperent.
1531 3360 1614 3425 Item
1628 3359 1655 3422 si
1665 3358 1855 3446 reciperent,
1866 3356 1883 3419 J
1886 3354 1970 3421 udaei
1981 3353 2053 3419 inde

460 3453 660 3540 superbirent
676 3472 708 3520 et
723 3458 812 3544 quasi
828 3456 905 3522 inde
922 3480 956 3522 se
969 3460 1139 3542 jactarent,
1158 3457 1212 3545 qui
1229 3455 1372 3523 dicerent
1392 3480 1399 3520 :
1418 3457 1528 3522 Velitis
1543 3455 1661 3534 nolitis,
1675 3453 1718 3520 ad
1733 3470 1842 3518 nostra
1858 3468 2053 3519 sacramenta

461 3550 588 3614 tenutis
599 3550 712 3617 modo.
725 3552 867 3642 Ideoque
880 3555 1072 3619 conveniens
1083 3553 1153 3633 fuit,
1171 3552 1223 3617 illa
1242 3555 1388 3619 evacuari
1397 3571 1429 3618 et
1446 3553 1518 3634 alia,
1532 3577 1604 3642 quae
1615 3554 1724 3641 utique
1738 3552 1844 3616 forent
1858 3551 2052 3627 communia,

461 3649 622 3713 constitui.
647 3650 783 3739 Propter
797 3652 860 3716 hoc
875 3677 1004 3741 quoque
1019 3652 1198 3743 baptismus
1212 3653 1285 3717 loco
1302 3652 1549 3716 circumcisionis
1564 3650 1671 3732 subiit,
1689 3650 1764 3740 quia
1779 3649 1977 3713 circumcisio
1991 3649 2052 3712 im·

461 3744 638 3828 perfectum
655 3763 723 3811 erat
739 3766 986 3832 sacramentum,
999 3766 1110 3840 utpote
1126 3748 1200 3814 solis
1214 3750 1350 3815 attinens
1364 3750 1518 3815 maribus.
1538 3750 1716 3839 Baptismus
1731 3770 1808 3812 vero
1820 3745 1996 3836 perfectum
2008 3760 2055 3808 est

462 3857 708 3917 sacramentum,
721 3846 796 3932 quia
809 3846 934 3935 utrique
951 3848 1039 3912 sexui
1056 3847 1330 3913 accommodatur.
1342 3848 1430 3913 Solet
1445 3848 1556 3936 quaeri,
1572 3870 1630 3912 cur
1646 3846 1747 3935 magis
1762 3845 1796 3908 in
1813 3866 1895 3930 aqua
1910 3863 2004 3930 quam
2019 3842 2053 3903 in

462 3934 525 3999 alio
546 3935 670 4026 liquore
691 3941 866 4030 baptismus
884 3944 1082 4010 conficiatur.
1107 3944 1160 4010 Ad
1182 3944 1270 4034 quod
1286 3945 1416 4035 quidem
1438 3945 1529 4036 plura
1553 3941 1739 4034 responderi
1760 3957 1892 4032 possunt
1910 3963 1918 4002 z
1935 3938 2051 4028 primo,

462 4033 536 4119 quia
562 4052 694 4124 propter
721 4038 872 4104 decorem
897 4043 1086 4107 sacramenti
1111 4043 1175 4107 hoc
1192 4042 1310 4107 factum
1335 4060 1394 4110 est.
1423 4043 1538 4108 Nullus
1563 4042 1649 4107 enim
1673 4040 1777 4129 liquor
1801 4037 1883 4104 adeo
1905 4035 1989 4100 valet
2013 4034 2055 4099 ad

463 4129 661 4197 abluendum
677 4151 712 4198 ut
728 4158 829 4225 aqua,
847 4155 881 4203 et
894 4139 970 4204 ideo
987 4141 1179 4204 conveniens
1195 4157 1264 4204 erat
1282 4157 1314 4205 et
1331 4139 1486 4206 decorum
1502 4157 1549 4220 ut,
1569 4140 1649 4204 sicut
1666 4138 1789 4203 ablutio
1811 4137 1927 4201 animae
1944 4132 2056 4197 melior

462 4244 510 4290 est
532 4229 680 4295 omnibus
701 4232 788 4312 aliis,
807 4236 851 4298 sic
874 4259 931 4325 per
950 4238 1016 4322 ejus
1037 4236 1168 4325 liquoris
1191 4236 1389 4303 ablutionem
1409 4233 1650 4327 significaretur,
1676 4233 1764 4325 quod
1780 4234 1882 4323 magis
1906 4230 1989 4296 valet
2015 4228 2056 4293 ad

463 4322 671 4394 abluendum.
681 4331 762 4395 Item
779 4349 912 4422 propter
928 4336 1082 4419 majorem
1100 4333 1285 4399 facultatem
1299 4334 1498 4415 habendam,
1516 4352 1551 4400 ut
1568 4357 1679 4399 omnes
1693 4348 1759 4397 tam
1775 4352 1943 4421 pauperes,
1961 4349 2056 4416 quam

463 4421 576 4487 divites
597 4425 658 4489 hoc
677 4446 805 4516 possent
825 4431 958 4511 habere,
992 4454 1052 4496 nec
1072 4449 1204 4521 propter
1225 4431 1367 4519 inopiam
1392 4448 1627 4497 excusarentur.
1650 4430 1683 4494 Si
1709 4430 1795 4495 enim
1827 4425 1918 4492 fieret
1938 4426 1972 4488 in
1995 4422 2057 4488 alio

463 4518 599 4606 liquore,
617 4540 766 4589 nontam
790 4527 881 4593 facile
898 4529 1031 4616 quilibet
1047 4544 1155 4619 posset
1175 4528 1306 4593 habere.
1330 4531 1368 4594 ln
1384 4531 1447 4594 hoc
1463 4545 1675 4611 sacramento,
1694 4528 1774 4592 sicut
1789 4542 1821 4591 et
1836 4526 1871 4589 in
1888 4522 1974 4602 aliis,
1993 4520 2057 4585 duo

464 4633 554 4699 sunt,
578 4619 682 4708 ipsum
708 4622 826 4689 scilicet
841 4643 1074 4691 sacramentum
1091 4643 1123 4691 et
1137 4626 1235 4714 ipsius
1254 4650 1316 4692 res.
1338 4628 1579 4693 Sacramentum
1600 4643 1647 4691 est
1662 4626 1730 4716 ipsa
1747 4623 1886 4689 exterior
1907 4618 2028 4684 ablutio
2047 4640 2054 4681 :

465 4737 515 4779 res
524 4717 618 4802 hujus
634 4723 824 4785 sacramenti
839 4722 972 4787 interior
987 4740 1034 4789 est
1046 4724 1180 4788 ablutio.
1198 4725 1270 4789 Hoc
1286 4742 1530 4807 sacramentum,
1549 4726 1629 4789 sicut
1644 4738 1677 4788 et
1692 4737 1926 4787 sacramentum
1939 4715 2055 4791 altaris,

466 4811 518 4875 alii
530 4813 572 4879 ad
588 4816 698 4900 vitam,
717 4818 769 4883 alii
787 4818 829 4884 ad
846 4836 983 4885 mortem
999 4822 1170 4910 accipiunt.
1189 4821 1252 4905 Qui
1269 4823 1355 4887 enim
1370 4846 1444 4887 vere
1462 4821 1631 4899 accedunt,
1649 4836 1682 4885 et
1693 4842 1762 4884 rem
1778 4835 1811 4883 et
1824 4829 2058 4883 sacramentum

498 5088 503 5117 ¹
515 5083 556 5137 διο
568 5086 830 5145 mauruntum
840 5099 938 5146 motem
953 5094 1079 5146 habebut?
1088 5122 1117 5133 -
1127 5098 1137 5127 ³
1146 5094 1288 5150 Rhelamld
1297 5098 1388 5149 omttttt
1398 5097 1448 5147 bic.
