4559 6100
602 562 895 638 lutuouuctto
919 565 981 637 tu
1005 560 1310 637 ruminatum.
1702 564 1748 636 tt

165 710 326 809 profecto
353 709 495 784 videtur
515 711 616 808 'parta
640 725 808 786 naturam
823 711 881 785 vel
897 711 1050 784 modum
1071 711 1276 797 existentia,
1301 731 1376 781 non
1405 704 1636 805 opmdonis,
1655 705 1751 781 hane

163 829 264 926 quasi
287 830 474 928 propriam
501 831 594 903 Patri
617 829 793 903 ascribere
817 832 1040 929 potentiam,
1064 829 1164 928 quod
1190 828 1289 902 solus
1310 828 1387 926 ipse
1409 848 1536 925 perse
1559 822 1751 897 subsistere

164 961 290 1044 queat,
310 946 368 1021 rel
385 973 406 1021 a
425 950 546 1049 seipso
571 951 721 1024 existere
736 949 889 1041 babeat,
910 950 983 1022 boc
999 965 1052 1024 est
1068 975 1143 1023 non
1160 949 1206 1022 ab
1223 949 1316 1042 alio,
1335 959 1471 1020 ceterae
1493 968 1579 1016 vero
1604 943 1694 1018 duas
1713 946 1751 1016 in

164 1066 330 1139 Tristitate
344 1091 515 1165 personas
531 1067 578 1141 ab
592 1070 674 1169 ipso
690 1092 835 1142 necesse
848 1069 896 1141 sit
911 1093 1005 1159 esse,
1024 1092 1092 1142 nec
1104 1092 1172 1168 per
1187 1092 1226 1140 se
1238 1066 1396 1177 babeant
1414 1061 1616 1137 subsistere.
1633 1062 1701 1133 Cui
1716 1074 1752 1134 et

167 1183 249 1256 illud
257 1184 540 1260 beaticonsonat
552 1186 741 1278 Ambrosii,
751 1189 817 1285 qui
825 1187 867 1260 iu
876 1187 1036 1286 Epistola
1047 1186 1158 1259 Pauli
1161 1184 1214 1257 ad
1220 1184 1390 1284 Ephesios
1401 1181 1465 1255 ubi
1477 1181 1649 1279 scriptum
1662 1183 1748 1251 est¹:

169 1332 183 1369 ι
199 1307 303 1376 Unus
311 1308 408 1376 Deus
421 1319 457 1378 et
471 1306 763 1397 Pater-omnium,
778 1307 840 1405 qui
852 1331 960 1405 super
970 1330 1111 1396 omnes,
1124 1320 1219 1378 etc.»
1231 1305 1267 1378 Si
1278 1303 1400 1401 itaque
1412 1300 1693 1401 potentiarutam
1706 1297 1753 1369 ad

168 1434 328 1495 nauteam
348 1422 578 1515 subsistendi,
593 1449 703 1523 quam
720 1424 767 1499 ad
786 1424 981 1499 efficaciam
1000 1423 1220 1523 operationis
1237 1420 1447 1513 referamus,
1466 1417 1690 1490 inveniemus
1706 1416 1753 1488 ad

168 1540 417 1639 proprietatem
435 1565 596 1640 persona
612 1544 724 1617 Patris
743 1544 889 1644 proprie
901 1542 956 1615 vel
971 1541 1170 1643 specialiter
1185 1538 1486 1676 omnipotentiam
1500 1535 1652 1608 attinere
1660 1534 1754 1632 ,qui

169 1681 243 1731 uon
256 1659 375 1732 solum
392 1685 476 1733 cum
490 1662 617 1735 ceteris
633 1661 775 1735 duabus
786 1663 949 1761 personis
960 1667 1056 1735 Deus
1070 1664 1189 1757 aeque'
1198 1658 1322 1731 omitia
1337 1656 1478 1730 efficere
1487 1666 1619 1755 potest,
1630 1676 1754 1724 verum

168 1777 270 1849 οιιιιιιι
285 1779 363 1877 ipse
380 1778 479 1852 solus
494 1804 515 1852 a
532 1805 571 1852 se
580 1806 658 1854 non
675 1781 723 1854 ab
738 1782 810 1854 alio
823 1782 974 1857 existere
988 1779 1110 1873 habet,
1130 1794 1167 1852 et
1181 1780 1273 1851 sicut
1286 1802 1331 1851 er
1346 1800 1385 1850 se
1399 1774 1511 1848 babet
1522 1772 1690 1863 existere,
1707 1771 1756 1842 ita
1850 1834 1858 1854 ,

169 1872 270 1969 enan
286 1922 329 1969 ex
345 1923 384 1971 se
398 1897 507 1972 habet
522 1924 642 1999 posse.
661 1905 793 1975 Ceterae
809 1925 896 1973 vero
908 1924 1070 1999 persone
1086 1899 1177 1971 sicut
1190 1897 1258 1970 ab
1248 1920 1328 1996 ipso
1341 1888 1486 1968 babent
1496 1916 1585 1982 esse,
1599 1892 1648 1963 ita
1664 1904 1700 1963 et
1711 1887 1757 1961 ab

170 2017 244 2112 ipso
260 2015 398 2089 hebent
417 2042 522 2117 posse
539 2018 642 2117 quod
657 2021 787 2093 volunt
811 2018 969 2112 efficere,
988 2016 1087 2091 unde
1104 2032 1140 2090 et
1162 2015 1482 2116 persemetipsum
1499 1992 1608 2084 Filius
1626 2008 1753 2082 dicit⁸z

171 2135 277 2208 «Non
293 2160 442 2234 ροιοιιιιι
457 2160 525 2233 ego
538 2161 558 2209 a
572 2139 710 2237 meipso
724 2139 838 2213 faeere
850 2137 1091 2237 quidquam.»
1073 2140 1145 2207 »Ει
1160 2134 1274 2208 alibtt
1288 2137 1363 2205 «Et
1374 2156 1396 2205 a
1403 2131 1547 2230 meipso
1555 2129 1648 2201 facio
1658 2125 1755 2214 nil,›

170 2251 242 2359 vel:
255 2284 273 2321 ι
285 2257 461 2354 Λωοιροο
472 2258 846 2354 nonloquor.»Cum
836 2273 957 2356 neque
968 2258 1123 2330 del‘atre
1133 2257 1309 2329 Maximus
1319 2253 1460 2343 dixerit,
1471 2248 1571 2348 quod
1583 2273 1648 2347 per
1658 2249 1757 2344 inge·

169 2371 281 2445 uitam
294 2372 461 2449 deitnem
475 2376 520 2447 sit
531 2377 774 2476 omnipotens,
795 2376 833 2450 id
847 2391 900 2450 est
912 2401 978 2476 per
988 2375 1059 2449 boc
1071 2374 1172 2473 quod
1184 2398 1271 2446 cum
1290 2374 1335 2445 sit
1347 2377 1457 2460 Deus,
1475 2370 1520 2442 sit
1534 2368 1642 2441 etiam
1658 2367 1755 2461 inge·

168 2493 265 2563 nitus
277 2491 357 2565 :illa
367 2516 513 2590 quoque
528 2496 676 2595 propria
690 2496 800 2569 Patris
811 2497 1053 2596 potentiaque
1065 2493 1166 2566 solus
1176 2495 1252 2592 ipse
1265 2514 1348 2584 ase,
1359 2515 1434 2563 non
1444 2487 1571 2563 abalio
1585 2484 1756 2574 subsistit,

171 2609 264 2683 unde
280 2610 378 2685 solue
393 2612 470 2712 ipse
484 2613 663 2711 ingenitus
676 2614 829 2707 dicitur,
857 2616 892 2686 in
912 2614 1174 2714 omnipotentia
1193 2607 1544 2711 comprehenditur⁸,
1561 2619 1598 2678 et
1610 2605 1661 2677 sic
1673 2627 1759 2676 euru

170 2728 338 2804 intellexit
349 2732 654 2830 omnipotentem,
672 2749 712 2807 ut
725 2733 905 2832 quidquid
920 2733 966 2808 ad
983 2734 1184 2833 potentiam
1198 2732 1342 2820 attinet,
1356 2750 1431 2800 non
1450 2726 1568 2798 solum
1584 2735 1760 2821 quantum
1830 2736 1833 2741 ’

170 2845 215 2919 ad
228 2851 448 2949 operationis
462 2851 649 2941 ellectum,
669 2877 792 2926 verum
816 2853 923 2926 etiarn
945 2862 1122 2950 quantum
1142 2850 1191 2924 ad
1207 2845 1426 2923 subsistendi
1440 2834 1612 2935 modum,
1629 2843 1664 2913 ei
1680 2856 1763 2913 tarr·

169 2990 276 3067 quarn
294 2971 479 3070 propriam
493 2973 719 3066 attribuerit:
740 2987 780 3046 ut
795 2973 865 3046 tale
881 2973 925 3045 sit
940 2971 1073 3045 scilicet
1091 2970 1193 3070 quod
1216 2969 1345 3042 dixerit
1358 2990 1424 3068 per
1439 2962 1634 3063 ingenitam
1648 2959 1761 3032 deita-

169 3098 240 3159 tem
257 3089 506 3187 omnipotens,
524 3115 568 3164 ac
584 3095 613 3164 si
633 3106 755 3192 aperte
778 3090 912 3165 diceret
928 3115 992 3192 per
1010 3091 1082 3165 boo
1102 3089 1204 3189 quod
1225 3094 1322 3162 Deus
1340 3101 1392 3160 est
1407 3099 1445 3159 et
1462 3083 1659 3181 ingenitus,
1678 3101 1763 3160 eum

171 3218 321 3304 unoque
336 3206 471 3301 modo,
488 3210 717 3303 indiximus,
737 3212 882 3311 proprie
901 3212 1191 3310 omnipotentem
1204 3232 1294 3281 esse.
1319 3208 1378 3279 Sic
1388 3218 1429 3278 et
1444 3227 1529 3275 cum
1544 3196 1762 3275 etstimsub-

164 3324 337 3416 junxerit,
352 3341 392 3399 et
404 3351 471 3463 per
487 3331 786 3430 omnipotentiam
810 3336 925 3421 Pater,
943 3331 1025 3403 tale
1029 3344 1098 3421 est,
1102 3349 1160 3400 *ac
1173 3327 1311 3399 sihanc
1326 3347 1436 3458 quarn
1456 3318 1669 3396 intellexerit
1684 3342 1764 3388 orn·

168 3443 403 3579 nippteutiam
420 3448 540 3546 ipsum
553 3451 697 3548 proprie
711 3448 847 3523 habere
866 3449 1053 3522 fateamur.
1064 3452 1226 3518 Fortasse
1239 3456 1358 3515 nutem
1375 3440 1463 3513 etin
1476 3435 1764 3531 boodiligentius

163 3563 284 3662 accipi
289 3580 417 3698 potest
432 3591 498 3665 per
514 3569 813 3668 omnipotentiam
831 3573 953 3662 Pater,
972 3590 1017 3639 ao
1033 3591 1063 3639 st
1052 3564 1242 3637 dicamus
1254 3585 1341 3635 eum
1357 3583 1423 3659 per
1445 3554 1760 3655 omnipotentiam,

164 3706 246 3777 qaue
268 3661 324 3776 οι,
349 3699 389 3757 ut
410 3684 547 3759 dicum
561 3702 631 3776 est,
659 3688 858 3787 specialiter
874 3686 1060 3774 tribuitur,
1083 3684 1156 3758 de
1146 3708 1225 3783 rpse
1239 3681 1457 3782 Sapientiam
1468 3700 1575 3749 suam
1592 3690 1763 3771 tanquam

165 3798 298 3874 rmum
312 3787 500 3898 gesseram,
515 3829 599 3878 cum
615 3808 691 3905 ipsa
702 3808 837 3880 scilieet
854 3806 979 3879 divina
990 3804 1173 3903 Sapientia
1188 3799 1323 3900 aliquid
1339 3799 1384 3872 sit
1394 3799 1441 3870 de
1457 3796 1581 3869 divina
1598 3790 1765 3888 omnipo·

164 3921 293 4010 tentia,
313 3943 397 3993 οιιιιι
414 3922 460 3994 sit
475 3925 552 4021 ipsa
562 3949 716 4023 quoqne
731 3926 851 4023 aliqqa
867 3924 1042 4024 potentia.
1061 3921 1280 4021 Sapientiam
1293 3937 1449 4015 namque
1467 3913 1621 3988 dicimus
1635 3922 1763 4009 poten·

161 4038 251 4111 tiam
271 4037 523 4134 ιιιιοοιιιοοιιι,
551 4045 625 4116 sire
639 4067 662 4116 a
675 4045 930 4144 deceptione
903 4068 978 4116 sive
994 4067 1014 4115 a
1032 4041 1170 4116 lullaoia
1185 4035 1421 4139 prendendi,
1450 4057 1497 4106 ne
1514 4033 1549 4105 in
1567 4031 1688 4127 aliquo
1700 4025 1765 4098 de-

159 4156 232 4256 (ιρι
253 4159 386 4257 possit,
403 4159 458 4232 vel
472 4160 569 4235 aliud
584 4147 670 4235 eun
686 4162 796 4236 latere
807 4177 927 4262 queat.
945 4164 1004 4234 llst
1016 4162 1136 4258 itaque
1148 4159 1270 4231 divina
1283 4149 1632 4254 sapientiaquaedam
1641 4146 1765 4219 diuina

158 4276 350 4373 potentia,
377 4302 442 4377 per
467 4303 579 4378 quam
595 4281 758 4355 videlicet
773 4287 871 4355 Deus
885 4294 1014 4354 cuncta
1024 4278 1183 4379 periente
1200 4277 1402 4349 discernere
1423 4287 1532 4370 atque
1546 4289 1766 4365 cognoscere

157 4392 291 4488 babet,
309 4397 404 4468 nein
414 4396 536 4497 aliquo
552 4423 670 4473 errare
682 4426 747 4499 per
757 4401 980 4474 inscientiam
996 4399 1120 4499 possit,
1137 4394 1336 4470 secundum
1353 4390 1454 4492 quod
1463 4388 1598 4463 scilieet
1605 4383 1765 4458 Verbum

157 4513 286 4611 ipsum
306 4515 372 4588 Dei
390 4514 437 4590 de
450 4519 529 4617 ipsa
547 4520 659 4593 Patris
673 4509 874 4595 substantia
891 4545 968 4594 esse
982 4505 1134 4608 dicitur,
1156 4515 1257 4615 quod
1274 4529 1328 4588 est
1345 4511 1473 4586 Filium
1489 4535 1533 4583 ex
1548 4513 1652 4580 Patre
1668 4505 1767 4604 geni·

156 4645 236 4707 tum
253 4657 365 4725 esse,
383 4635 476 4709 sicut
496 4639 752 4736 postmodum,
771 4639 853 4738 ipso
868 4651 1068 4728 annuente,
1086 4635 1229 4735 plenius
1245 4633 1477 4723 disseremtts,
1495 4652 1579 4702 eum
1594 4625 1642 4699 ud
1659 4622 1767 4719 hujus

153 4752 305 4828 scilicet
326 4756 573 4851 gementem
595 4756 745 4831 modum
771 4756 1027 4856 exponendum
1051 4769 1200 4830 rentum
1223 4753 1340 4826 luerit.
1370 4755 1472 4822 Nunc
1487 4770 1573 4822 sero
1586 4741 1768 4845 presentis

184 5061 323 5128 *urm
335 5076 390 5126 αο.
404 5068 539 5126 mee-
552 5065 620 5119 τοι,
633 5067 694 5121 ceu.
708 5066 770 5120 ιιι.
783 5069 861 5133 eque
873 5069 944 5119 aser
998 5081 1021 5119 v.
1033 5069 1077 5128 sss
1092 5079 1147 5130 aa
1164 5078 1215 5128 xa,
1226 5077 1250 5116 v.
1268 5065 1307 5117 ιο.
1320 5083 1352 5101 -
1363 5063 1372 5094 ⁸
1384 5058 1462 5111 rtun
1477 5068 1576 5121 nau
1592 5051 1728 5117 properam
1740 5076 1767 5086 -

146 5138 220 5193 εὒῖί·
235 5139 537 5207 A¹¹¹l³··³J⁰¹¹¹·‚t⁸tt·
550 5159 574 5202 t,
586 5160 610 5197 t.
622 5145 815 5210 w.-⁴Joan.‚
825 5162 879 5213 sap.
893 5163 945 5210 ιιιι,
999 5140 1373 5212 prensens-conpresserit
1390 5139 1451 5191 (ἶοιι,
1469 5136 1530 5187 vua
1633 5171 1636 5178 »

1631 5222 1649 5278 3
