4559 6100
461 526 533 611 522
1057 532 1186 609 Parui
1211 535 1448 609 tumtum

460 689 528 786 ipsi
550 709 698 784 quoque
718 678 797 758 Deo
814 685 1009 759 convenire
1023 685 1122 776 velit,
1146 710 1191 758 ex
1210 684 1427 784 quibusdam
1450 684 1576 758 formis
1590 684 1740 758 diverns
1758 685 1991 761 essentialiter
2007 680 2056 759 ab

461 809 541 907 ipso
561 811 653 896 Deo,
678 807 770 879 sicut
786 821 822 881 et
843 807 882 878 in
903 806 1090 902 creaturis,
1114 805 1224 880 veluti
1250 831 1334 878 cum
1356 804 1486 878 dicitur
1510 809 1608 878 Deus
1626 805 1743 902 justus
1769 807 1861 878 siout
1885 821 1922 880 et
1941 806 2055 879 homo

458 927 587 1023 justus,
607 927 655 999 ita
665 925 837 1022 justitiam
852 924 898 997 ab
911 927 990 1024 ipso
1000 929 1078 997 Deo
1090 923 1325 999 essentialiter
1340 924 1521 997 diversam
1534 925 1710 1023 intelligit,
1724 926 1815 998 sieut
1827 925 1874 998 ab
1891 925 2053 1019 bomine,

463 1061 499 1121 et
515 1044 679 1119 similiter
693 1068 778 1117 cum
794 1043 925 1119 dicitur
941 1048 1038 1119 Deus
1054 1045 1209 1143 sapiens,
1226 1048 1323 1117 Deus
1341 1043 1455 1117 fortis.
1480 1049 1628 1118 Necnon
1646 1058 1682 1118 et
1696 1045 1844 1144 propria
1865 1047 1976 1144 ipsius
1992 1047 2056 1119 Dei

463 1167 612 1239 nomina
627 1166 704 1239 vult
718 1167 756 1237 in
775 1165 853 1264 ipso
868 1169 959 1254 Deo,
977 1165 1026 1238 ita
1046 1163 1232 1262 qualitates
1252 1177 1315 1237 aut
1329 1163 1462 1236 formas
1477 1188 1628 1263 ponere,
1652 1166 1745 1237 sicut
1761 1179 1796 1237 et
1812 1163 1850 1236 in
1870 1167 2054 1254 creaturis,

462 1302 499 1361 ut
528 1301 582 1359 est
596 1284 668 1358 hoo
685 1309 820 1359 nomen
836 1299 1023 1376 aeternum,
1041 1284 1116 1357 sive
1130 1284 1238 1357 etiam
1259 1288 1370 1374 Deus,
1390 1285 1447 1357 vel
1464 1300 1604 1359 creator
1623 1311 1632 1355 ε
1652 1283 1752 1381 quod
1771 1284 1923 1357 maxime
1945 1310 1987 1358 ex
2009 1311 2055 1359 eo

462 1408 647 1481 adstruere
675 1406 811 1494 nititur,
841 1403 941 1502 quod
964 1405 1013 1475 ait
1040 1403 1240 1476 Priscianus
1262 1404 1450 1503 proprium
1477 1430 1553 1478 esse
1579 1405 1737 1477 nominis
1762 1403 2000 1479 substantiam
2019 1423 2056 1479 et

461 1527 669 1626 qualitatem
684 1524 901 1623 significare3
924 1538 959 1597 et
985 1548 1027 1595 ex
1047 1524 1125 1621 ipsa
1143 1523 1300 1596 nominis
1323 1521 1553 1617 diffinitione,
1581 1548 1653 1622 qua
1676 1526 1800 1597 asserit
1823 1525 2055 1623 unumquod-

460 1670 532 1744 que
556 1667 689 1717 nomen
711 1640 879 1737 subjectis
901 1637 1115 1737 corporibus
1133 1637 1189 1711 vel
1210 1638 1319 1711 rebus
1340 1641 1505 1738 proprias
1527 1639 1582 1712 vel
1608 1663 1821 1713 communes
1842 1640 2055 1714 distribuere

461 1764 667 1864 qualitatem
692 1774 839 1861 propter
860 1757 960 1857 quod
981 1772 1018 1833 et
1036 1758 1244 1856 hujusmodi
1260 1758 1350 1833 illud
1363 1760 1540 1856 Gregorii,
1563 1758 1663 1856 quod
1681 1784 1791 1859 supra
1808 1761 2051 1854 meminimus,

461 1884 718 1959 conuenienter
738 1880 810 1953 dici
828 1876 990 1953 arbitrari
1006 1877 1107 1952 lioet:
1132 1909 1150 1945 a
1163 1878 1353 1975 indignum
1365 1879 1596 1952 vehementer
1607 1880 1784 1972 existimo,
1803 1895 1843 1952 ut
1856 1879 1967 1954 verba
1982 1906 2055 1955 ooe·

460 2001 556 2075 lestis
569 1995 705 2071 oraculi
718 1995 929 2090 restringam
941 1992 1010 2064 sub
1027 1992 1158 2089 regulis
1174 1993 1345 2066 Donati.»
1358 1998 1420 2065 Est
1436 2010 1473 2067 et
1490 1995 1579 2069 alius
1593 1995 1629 2067 in
1643 1996 1803 2084 Francia,
1822 1995 1937 2092 quise
1954 1999 2054 2093 quasi

460 2119 674 2216 singularem
691 2115 820 2189 divinae
834 2114 970 2213 paginae
984 2113 1194 2209 magistrum
1210 2112 1379 2187 omuibus
1391 2114 1544 2212 praefert,
1561 2129 1595 2186 et
1611 2139 1696 2187 cum
1710 2113 1782 2186 hoc
1800 2115 1900 2212 quod
1917 2116 2054 2189 dictum

461 2255 514 2315 est
531 2240 568 2313 in
585 2237 711 2313 ceteris
727 2237 803 2336 ipse
820 2258 965 2333 quoque
982 2231 1212 2306 vehementer
1229 2246 1365 2328 arguat,
1382 2233 1472 2307 nibil
1489 2233 1655 2307 videlicet
1670 2234 1815 2336 penitus
1833 2235 1948 2308 inesse
1961 2240 2051 2329 Deo,

459 2358 706 2448 concedimus,
728 2354 828 2454 quod
846 2378 921 2425 uon
944 2353 990 2425 sit
1006 2355 1117 2438 Deus,
1143 2375 1219 2424 non
1242 2353 1421 2425 minorem
1444 2366 1564 2427 tameo
1581 2352 1723 2425 videtur
1747 2353 1937 2428 incurrisse
1954 2381 2053 2429 erro·

459 2502 536 2557 tent
560 2505 604 2554 ex
626 2500 767 2551 summa
793 2473 852 2547 illa
879 2472 1014 2545 unitate
1038 2471 1233 2545 divinitatis
1256 2497 1367 2569 quam
1394 2487 1504 2561 tenet,
1532 2497 1616 2545 oum
1640 2472 1730 2545 nibil
1758 2473 1794 2545 in
1820 2479 1898 2547 Deo
1928 2491 2056 2574 prater

460 2601 574 2700 ipsam
591 2595 829 2673 substantiam
845 2617 923 2666 esse
939 2590 1130 2665 nobiscum
1148 2589 1369 2688 profiteatur.
1391 2590 1478 2665 lnde
1496 2593 1594 2665 euim
1610 2592 1657 2665 ad
1672 2592 1745 2665 hoc
1762 2594 1968 2691 compulsus
1983 2609 2052 2684 est,

459 2720 550 2793 sicut
568 2732 604 2790 et
624 2717 774 2814 ipsemet
790 2736 858 2808 ego
881 2710 927 2784 ab
945 2712 1024 2808 ipso
1044 2708 1180 2797 audivi,
1206 2725 1246 2781 ut
1266 2708 1480 2785 confiteatur
1496 2715 1612 2784 Deum
1633 2736 1677 2784 ex
1698 2712 1815 2811 seipso
1841 2712 1947 2808 gigni,
1966 2716 2054 2811 quia

459 2837 569 2910 Filius
584 2859 607 2909 a
623 2838 727 2906 Patre
745 2844 801 2905 est
817 2830 969 2925 genitus.
995 2832 1039 2899 Et
1055 2829 1148 2900 sicut
1162 2829 1474 2924 arrogantissimus
1489 2831 1655 2903 omnium
1671 2855 1799 2904 omnes
1817 2830 1923 2930 plane
1939 2830 2053 2905 lisere·

459 2959 550 3031 tioos
574 2966 680 3027 vocat
704 2953 923 3050 quicumque
940 2948 990 3019 ita
1009 2970 1085 3021 uon
1109 2960 1246 3039 tenent,
1272 2971 1380 3044 quem
1402 2947 1510 3020 etiam
1527 2947 1565 3019 bi
1585 2950 1649 3046 qui
1671 2948 1718 3021 ab
1739 2974 1784 3025 eo
1806 2950 1982 3046 legerunt,
2005 2953 2056 3045 ita

460 3080 498 3150 in
517 3074 589 3148 fide
604 3072 650 3148 ab
666 3070 822 3144 Ecclesia
832 3069 907 3166 jam
922 3067 1078 3142 divisum
1094 3091 1171 3140 asse
1189 3082 1364 3160 asserunt,
1383 3081 1423 3141 ut
1438 3067 1572 3140 multos
1588 3070 1750 3166 quiante
1768 3072 2050 3145 incarnationem

459 3198 526 3271 Dei
551 3194 709 3282 suerunt,
728 3190 855 3264 salvari
882 3203 1028 3278 asserat,
1046 3201 1081 3260 et
1098 3211 1164 3285 per
1188 3188 1391 3286 passionem
1414 3187 1492 3285 ejus
1513 3186 1655 3282 redimi,
1683 3190 1748 3288 qui
1772 3216 1972 3289 numquam
1990 3208 2054 3267 aut

460 3316 747 3396 incarnationem
770 3324 832 3384 aut
853 3310 1058 3409 passionem
1080 3308 1158 3405 ejus
1184 3306 1433 3397 crediderunt;
1464 3309 1529 3406 qui
1553 3309 1661 3384 etiam
1684 3309 1784 3406 quod
1809 3310 1970 3385 mirabile
1999 3330 2052 3386 est

459 3436 556 3538 apud
579 3411 707 3509 omnes
729 3429 939 3520 catholicos,
964 3430 1057 3502 sicut
1073 3428 1121 3502 ad
1142 3453 1210 3501 nos
1231 3452 1348 3526 nuper
1364 3426 1541 3501 ablatum¹
1557 3443 1628 3516 est,
1648 3431 1839 3504 asseruisse
1859 3432 1967 3504 etiarn
1983 3457 2053 3531 pu-

460 3556 554 3630 blice
581 3556 619 3627 in
645 3550 777 3626 scholis
802 3549 875 3624 suis
895 3573 971 3622 non
992 3562 1047 3622 est
1070 3549 1226 3639 veritus,
1246 3547 1445 3622 Dominum
1470 3547 1695 3622 incarnatum
1721 3550 1771 3622 ita
1795 3565 1922 3648 aperto
1949 3566 2053 3625 utero

459 3675 611 3773 Virginis
626 3685 753 3746 natum
772 3669 865 3741 sicut
881 3683 917 3740 et
932 3681 1070 3742 ceteros
1084 3665 1264 3754 homines,
1286 3667 1354 3737 nisi
1369 3665 1469 3763 quod
1486 3667 1562 3764 ipse
1578 3668 1676 3741 solus
1694 3668 1771 3741 sine
1786 3669 1878 3741 virili
1893 3670 1991 3743 coitu
2008 3672 2053 3743 sit

460 3807 671 3894 conceptus·
702 3790 792 3863 Novi
818 3789 925 3861 etiam
952 3786 1147 3885 quemdam
1183 3810 1259 3858 non
1290 3788 1392 3884 parvi
1423 3788 1580 3860 nominis
1614 3790 1707 3862 inter
1745 3789 1850 3886 liujus
1881 3793 2053 3889 temporis

460 3916 647 4013 magistros
669 3909 718 3984 ad
741 3907 814 3981 hoc
827 3906 1045 4007 perductum
1065 3930 1143 3980 esse
1164 3930 1206 3979 ex
1228 3906 1444 4002 quibusdam
1467 3923 1759 4005 argumentorum
1772 3934 1862 4008 quas
1878 3925 1974 3983 tenet
1991 3935 2051 3983 ra·

460 4034 632 4122 tionibus,
650 4044 690 4104 ut
708 4032 826 4101 Deum
842 4027 951 4100 stiam
968 4050 1074 4124 posse
1089 4023 1208 4124 decipi
1225 4025 1448 4124 profiteatur,
1467 4052 1534 4126 pro
1551 4053 1596 4100 eo
1612 4029 1746 4102 scilicet
1762 4030 1863 4127 quod
1879 4055 1934 4101 res
1949 4029 2053 4103 aliter

460 4154 603 4230 evenire
626 4149 766 4251 possint
780 4170 889 4244 quam
910 4147 985 4244 ipse
1003 4143 1207 4244 praeviderit
1226 4173 1235 4219 r
1254 4146 1355 4244 quod
1372 4171 1438 4220 nee
1457 4147 1567 4220 credo
1583 4150 1681 4248 apud
1699 4149 1846 4247 gentiles
1862 4149 1919 4222 vel
1934 4175 2052 4247 quan·

460 4273 625 4348 tumlibet
648 4266 810 4343 infideles
835 4264 907 4338 dici
931 4288 1103 4361 umquam
1122 4265 1337 4363 permissum
1362 4280 1427 4338 est.
1455 4268 1627 4342 Nouimus
1646 4283 1684 4341 et
1708 4269 1802 4342 duos
1825 4269 1963 4359 iratres,
1987 4273 2052 4368 qui

459 4419 497 4470 ae
524 4395 617 4465 iuter
638 4411 801 4464 summos
823 4399 1091 4460 ormnumerant
1118 4385 1325 4481 magistros,
1354 4410 1511 4481 quorum
1540 4386 1630 4460 alter
1657 4402 1792 4462 tantam
1821 4389 1895 4460 vim
1921 4390 2053 4463 divinis

459 4511 578 4587 verbis
595 4512 632 4582 in
651 4504 885 4581 conficiendis
903 4504 1133 4578 sacramentis
1149 4502 1287 4596 tribuit,
1312 4517 1350 4574 ut
1366 4525 1388 4576 a
1409 4504 1696 4605 quibuscumque
1715 4508 1793 4606 ipsa
1808 4509 2049 4607 proferantur,

459 4657 560 4733 aque
585 4653 686 4704 suam
711 4626 871 4700 babeant
894 4624 1111 4714 efficaciam,
1130 4637 1169 4695 ut
1189 4623 1296 4695 etiam
1316 4623 1443 4697 mulier
1466 4640 1503 4698 et
1518 4626 1698 4723 quislibet,
1725 4629 1985 4727 cujuscumque
2008 4631 2053 4701 sit

459 4753 598 4828 ordinis
612 4748 670 4822 vel
683 4745 913 4837 conditionis,
928 4769 993 4842 per
1004 4743 1114 4816 verba
1129 4741 1311 4816 dominica
1327 4761 1592 4818 sacramentum
1603 4746 1721 4820 altaris
1733 4747 1913 4821 conficere
1928 4763 2053 4846 queat,

459 4876 553 4949 Alter
577 4895 664 4945 vero
685 4867 777 4941 adeo
794 4864 1054 4965 philosophicis
1074 4862 1238 4935 innititur
1260 4864 1378 4956 sectis,
1396 4881 1436 4937 ut
1451 4865 1663 4964 profiteatur
1678 4871 1795 4940 Deum
1812 4871 1968 4969 priorem
1988 4892 2053 4968 per

488 5150 495 5179 ¹
509 5144 572 5207 Lars
582 5143 707 5196 sturm
