4559 6100
460 544 533 616 tta
1033 612 1038 619 ,
1067 542 1193 614 PETRI
1220 536 1453 616 tumtun!

462 692 583 764 christi
613 714 819 791 praecones,
848 715 912 790 per
939 715 1031 789 quos
1058 691 1173 764 hostis
1202 691 1352 766 humani
1379 696 1518 791 generis
1548 694 1656 769 fidem
1687 694 1852 767 omnium
1878 691 2058 764 honorum

465 809 740 883 fundamentum
766 809 981 883 labefactare
1017 826 1181 884 conatur.
1218 812 1356 885 Talium
1390 840 1453 887 ora
1491 815 1678 913 quondam
1707 813 1886 884 miraculis
1915 810 2060 883 obtrusa

462 943 558 1021 suut,
586 955 671 1002 cum
692 928 744 1001 illi
765 929 897 1022 verbis,
920 931 1033 1002 sancti
1060 955 1146 1003 vero
1170 946 1289 1029 patres
1313 933 1525 1006 dimicarent
1552 934 1663 1006 factis.
1685 931 1934 1005 Praeterieruut
1957 931 2059 1002 mira·

466 1048 561 1139 cula,
579 1050 689 1121 creuit
705 1047 861 1139 malitia,
880 1047 1015 1122 fallacia
1032 1049 1195 1122 membra
1212 1075 1276 1123 sua
1292 1051 1465 1124 adversus
1481 1054 1665 1125 veritatem
1676 1051 1751 1148 jam
1768 1050 1911 1123 effrenis
1931 1065 2057 1133 armat,

465 1185 571 1268 atque
597 1193 710 1241 unum
729 1169 804 1266 jam
831 1182 1003 1267 superest,
1031 1171 1158 1268 utqui
1185 1196 1260 1242 non
1288 1196 1478 1270 possumus
1503 1173 1615 1260 factis,
1642 1194 1842 1270 pugnemus
1867 1167 1997 1255 verbis,
2024 1169 2059 1238 iu

465 1292 541 1387 ipsa
567 1286 694 1361 conlisi
717 1288 866 1359 veritate
890 1312 970 1384 quae
995 1288 1190 1375 confortat,
1215 1290 1358 1362 dicens¹
1378 1319 1387 1362 ε
1411 1319 1429 1359 u
1445 1292 1571 1363 Ponite
1592 1291 1628 1362 iu
1650 1288 1821 1362 cordibus
1838 1288 1963 1361 vestris
1986 1312 2060 1360 nou

470 1407 714 1508 praemeditare
739 1405 927 1505 quomodo
956 1406 1224 1506 respondeatis3
1243 1434 1310 1506 ego
1337 1411 1435 1482 enim
1460 1409 1557 1482 dabo
1581 1409 1684 1481 vobis
1710 1434 1751 1481 os
1778 1422 1819 1509 et
1838 1407 2058 1505 sapientiam,

467 1529 610 1601 cuinon
629 1541 801 1627 poterunt
815 1528 991 1614 resistere,
1010 1540 1046 1598 et
1062 1527 1310 1601 contradicere
1329 1554 1455 1602 omnes
1472 1508 1664 1602 adversarii
1685 1528 1806 1601 vestri.
1823 1556 1841 1594 u

514 1650 629 1745 Supra
649 1647 833 1718 universos
857 1659 977 1717 autem
1006 1646 1174 1718 inimicos
1200 1648 1330 1720 Christi
1357 1663 1430 1721 tam
1452 1649 1639 1722 haereticos
1663 1672 1773 1748 quatu
1798 1644 1952 1737 ludaeos,
1988 1649 2062 1719 sive

465 1766 635 1854 Gentiles,
656 1765 821 1839 subtilius
837 1763 946 1838 fidem
968 1779 1098 1839 sanctae
1115 1767 1296 1840 Trinitatis
1318 1769 1545 1868 perquirunt,
1566 1785 1602 1842 et
1616 1768 1753 1841 acutius
1773 1766 1959 1864 arguendo
1976 1790 2062 1838 eou-

471 1887 623 1958 tendunt
645 1885 866 1984 professores
886 1882 1091 1975 dialecticae,
1119 1910 1185 1957 seu
1208 1887 1458 1986 importunitas
1481 1888 1737 1988 sophistarum,
1759 1911 1851 1985 quos
1869 1885 2063 1957 verborum

469 2006 612 2102 agmine
633 2019 740 2103 atque
767 2028 977 2076 sermonum
1004 2003 1239 2077 inundatione
1261 2006 1387 2079 beatos
1413 2032 1489 2080 esse
1514 2007 1611 2081 Plato
1637 2005 1822 2079 irridendo
1841 2004 1991 2104 judicat.
2020 2007 2063 2076 lli

469 2140 764 2223 argumentorum
789 2124 954 2196 exercitio
975 2121 1102 2197 confisi
1135 2123 1221 2221 quid
1247 2127 1505 2199 murmurarint
1525 2128 1670 2219 scimus,
1694 2125 1758 2198 ubi
1777 2124 1924 2198 facultas
1944 2140 2064 2224 aperte

470 2244 668 2345 garriendi¹
684 2269 761 2316 nou
778 2243 902 2338 datur3
919 2243 971 2337 hi,
990 2244 1154 2342 inquam,
1175 2268 1250 2316 uon
1263 2259 1405 2318 utentes
1416 2259 1506 2334 arte,
1522 2246 1590 2318 sed
1607 2246 1807 2320 abutentes.
1826 2248 1952 2342 Neque
1967 2246 2062 2317 enim

469 2365 655 2438 seientiam
682 2363 897 2459 dialectice,
931 2379 994 2436 aut
1020 2363 1210 2461 cujuslibet
1240 2363 1396 2438 liberalis
1433 2366 1533 2456 artis,
1565 2365 1628 2437 sed
1661 2363 1836 2437 fallaciam
1865 2363 2064 2461 sophisticae

469 2484 766 2573 condemnamus,
790 2484 984 2582 prasertim
1008 2507 1093 2555 cum
1113 2486 1175 2554 SS.
1205 2508 1350 2583 quoque
1376 2490 1522 2556 Petrum
1544 2484 1681 2582 judicio
1708 2483 1784 2556 haeo
1806 2508 1863 2555 ars
1889 2485 2062 2573 maxime,

471 2619 638 2704 utsupra
666 2603 908 2696 meminimus,
936 2602 1225 2694 commendetur,
1253 2619 1289 2674 et
1315 2604 1441 2677 ceteris
1466 2604 1686 2703 praeferatur.
1707 2609 1819 2675 Tenet
1843 2603 1961 2700 itaque
1989 2603 2065 2675 hac

471 2701 712 2823 philosophia,
732 2722 929 2796 acutissimi
943 2720 1051 2818 gladii
1067 2723 1192 2811 instar,
1212 2747 1286 2819 quo
1303 2736 1477 2819 tyrannus
1492 2722 1539 2796 ad
1554 2722 1751 2821 perniciem
1766 2746 1922 2821 praeoeps
1938 2722 2061 2807 utitur,

471 2843 517 2916 ad
529 2842 776 2916 defensionem
792 2867 834 2914 ac
850 2866 918 2940 pro
930 2840 1131 2911 intentione
1150 2842 1325 2912 utentium
1344 2841 1435 2912 sicut
1452 2841 1648 2940 plurimum
1665 2840 1850 2940 prodesse,
1869 2843 1919 2913 ita
1936 2854 1971 2912 et
1982 2842 2066 2939 pln-

471 2965 602 3036 rimum
627 2988 760 3035 nocere
787 2974 918 3062 potest.
946 2959 1085 3030 Scimus
1110 2959 1257 3056 quidem
1284 2985 1304 3031 a
1331 2961 1590 3061 Peripateticis,
1618 2987 1712 3060 quos
1741 2986 1838 3034 nunc
1863 2960 2066 3033 dialecticos

471 3084 705 3186 appellamus,
726 3080 920 3155 nonnullas
942 3096 976 3153 et
998 3080 1171 3152 maximas
1195 3081 1346 3154 haereses
1363 3096 1437 3155 tam
1460 3083 1663 3156 Stoicorum
1680 3106 1790 3181 qnam
1810 3082 2065 3181 Epicureorum

472 3204 577 3278 rectis
599 3202 799 3278 rationibus
820 3225 897 3274 esse
917 3224 1108 3301 repressas,
1136 3201 1227 3272 sicut
1252 3216 1303 3272 est
1323 3201 1383 3274 illa
1409 3201 1455 3275 de
1471 3225 1544 3299 qua
1568 3216 1696 3275 contra
1719 3202 1860 3274 Stoicos
1885 3201 2067 3301 disputant

472 3339 506 3397 et
526 3324 724 3397 fortissimis
739 3335 903 3394 astruunt
918 3320 1149 3419 argumentis,
1169 3319 1268 3418 quod
1286 3321 1369 3393 licet
1383 3325 1479 3394 Deus
1495 3320 1540 3392 ab
1555 3335 1690 3394 aeterno
1709 3336 1847 3394 cuncta
1856 3321 2064 3420 providerit,

472 3458 579 3542 atque
606 3443 718 3543 ipsius
746 3440 974 3541 providentia
1000 3441 1152 3512 omuino
1179 3440 1251 3513 falli
1276 3465 1350 3513 non
1370 3441 1496 3540 possit,
1523 3466 1592 3514 nec
1619 3457 1738 3516 tamen
1763 3441 1845 3514 ideo
1870 3456 1999 3513 cuncta
2025 3468 2065 3511 ex

474 3565 682 3637 necessitate
709 3561 941 3662 proveniunt,
974 3574 1015 3632 ut
1036 3560 1168 3632 scilicet
1193 3555 1344 3633 humaui
1370 3578 1493 3660 pereat
1516 3561 1663 3636 libertas
1692 3562 1841 3636 arbitrii.
1875 3561 2063 3659 Alioquin,

471 3684 589 3783 iuquit
603 3683 772 3783 princeps
789 3680 1106 3780 Peripateticorum
1122 3680 1325 3752 Aristoteles
1339 3682 1376 3752 in
1396 3684 1447 3752 ιι*
1464 3682 1763 3774 Perilzermenr'as,
1783 3706 1858 3754 non
1884 3680 2070 3778 oportebit

472 3803 652 3875 consiliari
675 3826 793 3900 neque
816 3799 1003 3900 negotiari.
1030 3804 1083 3871 De
1100 3797 1215 3870 libero
1231 3815 1352 3872 autem
1378 3800 1525 3874 arbitrio
1549 3799 1823 3876 convenientius
1848 3800 1934 3875 alibi
1955 3800 2064 3871 disse·

473 3921 626 3995 rendum
643 3919 749 3994 nobis
766 3941 1000 3993 reservamus
1015 3918 1089 3990 Sed
1105 3942 1224 4016 neque
1242 3917 1350 3991 ullam
1370 3921 1555 3995 scientiam
1572 3923 1704 3994 malm
1720 3947 1797 3995 esse
1813 3920 2064 4008 concedimus,

473 4044 583 4116 etiam
607 4042 705 4116 illam
726 4066 804 4141 quae
829 4040 876 4113 de
902 4037 997 4112 malo
1025 4053 1092 4134 est,
1119 4061 1199 4135 quae
1220 4038 1318 4136 justo
1348 4039 1489 4114 homiui
1516 4042 1639 4115 deesse
1668 4067 1743 4114 non
1770 4056 1901 4141 potest,
1928 4065 2002 4114 nou
2030 4054 2068 4111 ut

475 4164 610 4237 malum
624 4176 716 4258 egat,
735 4159 798 4234 sed
816 4174 858 4232 ut
871 4183 892 4233 a
906 4158 1002 4231 malo
1018 4158 1238 4258 praecognito
1254 4158 1319 4230 sibi
1338 4161 1546 4259 provideat3
1567 4161 1668 4259 quod
1681 4162 1750 4234 nisi
1763 4163 1961 4259 cognitum,
1981 4174 2069 4234 teste

478 4283 613 4377 hostin,
634 4282 745 4353 vitare
759 4305 833 4353 non
853 4292 985 4379 posset.
1004 4283 1084 4350 Nou
1101 4293 1155 4350 est
1176 4280 1310 4350 malum
1325 4281 1414 4352 scire
1434 4280 1600 4380 decipere
1625 4280 1679 4354 vel
1697 4281 1902 4371 adulterari,
1923 4280 1986 4353 sed
2003 4280 2069 4351 ista

475 4403 713 4491 committere,
738 4399 822 4498 quia
844 4400 919 4494 ejus
941 4397 992 4469 rei
1015 4395 1113 4469 bona
1130 4412 1183 4469 est
1199 4398 1370 4494 cognitio,
1399 4400 1500 4497 cujus
1518 4402 1673 4498 pessima
1696 4416 1748 4473 est
1766 4402 1883 4492 aetio,
1908 4413 1944 4471 et
1962 4423 2069 4471 nemo

478 4538 600 4620 peccat
622 4515 876 4617 cognoscendo
898 4530 1099 4617 peccatum,
1119 4516 1182 4588 sed
1204 4518 1479 4590 committendo.
1506 4520 1543 4590 Si
1564 4544 1644 4617 quae
1662 4533 1783 4592 autem
1807 4519 1953 4616 scientie
1977 4519 2070 4590 mala

476 4657 580 4734 esset,
608 4643 731 4738 utique
756 4654 793 4716 et
818 4637 953 4711 malum
978 4651 1069 4708 esset
1093 4635 1257 4734 quaedam
1282 4662 1513 4736 cognoscere,
1541 4664 1609 4711 uec
1626 4639 1702 4738 jam
1724 4639 1864 4714 absolvi
1889 4662 1911 4712 a
1935 4637 2072 4710 malitia

477 4769 573 4837 Deus
597 4773 718 4862 posset
745 4758 808 4860 qui
835 4758 957 4832 omnia
984 4757 1098 4828 novit.
1130 4761 1170 4826 ln
1200 4756 1278 4854 ipso
1304 4758 1402 4838 enirn
1428 4758 1507 4832 solo
1531 4758 1720 4859 plenitudo
1748 4774 1802 4832 est
1825 4758 2067 4845 scientiarum,

476 4879 579 4981 cujus
595 4881 735 4954 donum
751 4879 870 4951 omnis
890 4877 1049 4950 scientia.
1077 4877 1229 4949 Scieutia
1250 4878 1384 4976 quippe
1406 4894 1457 4950 est
1480 4879 1754 4978 comprehensio
1779 4878 1933 4951 veritatis
1950 4900 2070 4947 rerum

489 5119 493 5142 Ι
517 5162 599 5224 une,
612 5176 667 5226 cap.
680 5135 736 5222 nt,
745 5173 767 5210 t.
783 5163 818 5213 u.
833 5186 863 5198 -
875 5157 1031 5219 ²legendum
1045 5158 1106 5207 forte
1118 5157 1155 5206 ris
1166 5157 1251 5209 datur.
