4559 6100
491 592 564 665 426
1094 586 1225 658 PETRI
1250 585 1485 659 ABAELattot

493 740 557 839 qui
569 739 760 812 illustrium
775 737 937 810 virorum
948 735 1089 835 scripsit
1106 735 1293 808 historias:
1313 767 1331 803 a
1342 737 1533 827 Virtutem,
1544 735 1672 833 inquit,
1689 737 1765 835 ejus
1781 750 1816 809 et
1832 736 2092 810 continentiam

493 886 591 935 mors
607 885 754 959 quoque
770 860 917 952 iudicat,
939 882 1024 930 nam
1040 857 1188 930 eumad
1211 881 1365 955 agonem
1382 857 1645 956 olympiacum,
1665 858 1727 955 qui
1746 879 1877 955 magna
1894 856 2093 955 frequentia

494 982 637 1054 Graeciae
660 980 922 1063 celebrabatur,
938 978 1014 1076 jam
1035 1002 1142 1050 senex
1161 992 1339 1077 pergeret,
1360 976 1450 1050 febri
1473 979 1511 1050 in
1527 976 1653 1049 itincre
1670 977 1938 1077 apprehensus,
1964 977 2094 1050 dicitur

496 1102 707 1175 occubuisse
728 1102 766 1173 in
789 1098 973 1198 crepidine
993 1099 1059 1171 viae
1076 1125 1084 1169 :
1104 1096 1381 1196 volentibusque
1403 1121 1486 1170 eum
1512 1098 1649 1189 amicis,
1673 1111 1736 1170 aut
1751 1098 1788 1169 in
1811 1097 2016 1194 jumentum
2031 1110 2094 1169 aut

496 1223 534 1293 in
559 1221 763 1294 vehiculum
790 1219 928 1311 tollere,
956 1243 1024 1291 nec
1049 1218 1240 1316 acquievit,
1262 1217 1327 1290 sed
1346 1219 1520 1291 transiens
1537 1218 1585 1291 ad
1600 1217 1740 1291 arboris
1761 1217 1929 1290 umbram
1954 1217 2094 1290 locutus

498 1356 552 1414 est
570 1371 579 1414 t
599 1341 712 1431 Abitc,
736 1364 871 1439 quaeso,
897 1354 933 1412 et
956 1352 1156 1438 spectatum
1174 1339 1326 1437 pergite3
1343 1337 1429 1416 ,haec
1447 1363 1505 1411 me
1531 1363 1617 1430 nox,
1642 1352 1706 1412 aut
1730 1338 1902 1410 victorem
1925 1335 2095 1436 probabit

497 1477 560 1534 aut
584 1462 731 1535 victum.
763 1461 800 1531 Si
830 1458 966 1532 febrem
991 1458 1125 1547 vicero,
1154 1456 1201 1530 ad
1228 1482 1382 1554 agonem
1409 1460 1572 1549 veniam;
1604 1460 1719 1532 sime
1747 1459 1871 1531 vicerit
1898 1456 2020 1548 febris,
2047 1454 2094 1528 ad

497 1582 637 1656 inferna
663 1580 894 1654 descendam.
922 1578 1045 1675 lbique
1073 1603 1138 1677 per
1164 1592 1309 1651 noctem
1337 1577 1424 1650 eliso
1451 1592 1613 1676 gutture,
1643 1603 1718 1653 non
1745 1594 1819 1651 tam
1843 1579 1939 1649 mori
1966 1601 2005 1649 se
2029 1576 2091 1667 ait,

497 1726 607 1799 quam
631 1699 767 1773 febrem
793 1714 909 1773 morte
929 1696 1165 1771 excludere.»
1183 1698 1279 1785 Quid
1300 1699 1367 1771 iste
1388 1698 1545 1771 facturus
1569 1714 1660 1772 esset
1680 1700 1717 1772 iu
1741 1699 1990 1798 persecutione
2010 1695 2094 1768 fide·

497 1821 598 1910 lium,
620 1847 705 1893 cum
723 1821 756 1893 ei
772 1845 840 1919 pro
861 1817 933 1891 fide
948 1817 1197 1890 dimicandum
1215 1818 1431 1912 immineret,
1449 1833 1486 1890 et
1500 1843 1567 1918 pro
1585 1834 1715 1892 aeterna
1732 1818 1968 1918 temporalem
1983 1817 2094 1888 vitam

498 1939 794 2039 impendendam,
821 1953 857 2011 ct
880 1940 930 2011 sic
954 1953 1165 2037 perpetuam
1182 1951 1337 2009 mortem
1363 1937 1567 2010 evitandam
1584 1938 1758 2032 crederet,
1782 1941 1843 2037 qui
1864 1964 1912 2010 ne
1935 1934 2095 2009 febribus

499 2061 777 2160 opprimeretur,
805 2073 920 2130 morte
942 2058 1157 2131 medicinam
1175 2056 1351 2147 adhibuit,
1378 2073 1500 2159 aperte
1515 2072 1731 2158 protestatus
1747 2084 1857 2156 quam
1881 2058 1980 2157 parvi
2005 2080 2095 2155 pen·

499 2178 600 2253 deret
625 2181 734 2252 vitam
757 2179 853 2251 hanc
875 2179 1042 2253 aerumuis
1059 2177 1304 2277 implicatam?
1321 2180 1412 2249 Huic
1436 2193 1472 2251 et
1494 2178 1592 2252 illam
1610 2203 1719 2276 quam
1741 2204 1849 2280 supra
1866 2178 2095 2251 meminimus

499 2301 631 2373 adhibe
647 2300 950 2401 philosophorum
967 2299 1168 2372 mirabilem
1184 2299 1422 2389 tolerantiam,
1443 2323 1515 2397 qua
1530 2300 1697 2372 nonnulli
1713 2326 1840 2373 eorum
1864 2299 2093 2371 effossionem

498 2422 720 2510 oculorum¹,
740 2447 786 2492 ne
808 2445 828 2492 a
847 2417 1152 2517 contemplatione
1166 2417 1404 2518 philosophia
1420 2445 1486 2519 per
1501 2445 1564 2493 eos
1585 2419 1859 2507 devocarentur,
1886 2420 1988 2516 quasi
2006 2415 2095 2490 illud

500 2542 666 2614 Veritatis
681 2541 729 2614 ad
753 2540 906 2612 litteram
925 2539 1240 2636 interpretantes':
1265 2570 1283 2605 a
1298 2540 1335 2610 Si
1353 2539 1480 2613 oculus
1496 2555 1577 2613 tuus
1601 2541 1816 2613 scandalizat
1839 2554 1885 2630 te,
1905 2564 1990 2612 erue
2011 2560 2095 2609 eum

500 2674 534 2731 et
554 2661 689 2758 projice
705 2659 769 2732 abs
790 2674 836 2730 te.
856 2687 873 2725 u
892 2663 932 2728 ln
951 2682 1025 2755 quo
1043 2673 1165 2754 aperte
1182 2656 1395 2754 docueruut,
1416 2675 1592 2757 quantum
1613 2686 1791 2761 corporeo
1814 2659 1943 2734 lumini
1963 2657 2096 2729 mentis

500 2779 626 2851 oculos
645 2791 910 2878 preponerent,
936 2791 971 2848 ct
990 2792 1166 2873 quantum
1189 2801 1334 2848 caruem
1351 2779 1465 2877 ipsam
1482 2781 1620 2879 spiritui
1637 2781 1869 2878 subjicerent,
1895 2804 1977 2851 cum
1996 2777 2096 2849 fene·

500 2913 589 2970 stras
614 2898 788 2995 corporis,
824 2895 870 2968 de
895 2894 1027 2993 quibus
1052 2896 1230 2994 propheta
1252 2914 1495 2993 conquerente
1515 2898 1689 2973 dicitur⁸:
1711 2902 1880 2974 «Oculus
1908 2924 2009 2971 meus
2035 2897 2097 2969 de·

499 3018 677 3118 praedatus
694 3034 747 3091 est
763 3017 923 3091 animam
944 3039 1075 3107 meam,
1093 3044 1111 3084 u
1131 3030 1229 3089 tanta
1244 3018 1451 3117 passionum
1472 3019 1636 3094 molestia
1654 3022 1840 3095 obstruere
1863 3020 2093 3095 sustinerent.

500 3139 595 3247 Dicit
616 3140 763 3212 fortasse
780 3139 908 3236 aliquis
923 3136 995 3210 hoc
1006 3138 1158 3210 omnino
1178 3138 1425 3211 fortitudinem
1440 3155 1501 3214 aut
1519 3144 1687 3216 virtutem
1703 3167 1889 3243 apparere,
1910 3167 1986 3214 nou
2004 3163 2093 3225 esse,

500 3260 613 3332 immo
635 3285 701 3359 pro
717 3260 839 3332 furore
860 3256 1083 3350 habendum,
1102 3257 1203 3355 quod
1223 3257 1290 3331 sibi
1307 3260 1374 3357 ipsi
1389 3261 1567 3358 Diogenes
1590 3287 1737 3336 manum
1760 3264 1932 3356 intulerit,
1958 3261 2096 3358 dequo

501 3405 570 3453 nec
595 3384 821 3473 Samsonem,
845 3403 965 3478 neque
995 3378 1152 3474 aliquem
1178 3403 1347 3451 excusare
1375 3382 1642 3483 praesumimus,
1675 3385 1743 3456 nisi
1773 3383 1846 3456 hoc
1870 3382 2097 3455 committant

501 3500 664 3575 familiari
690 3502 813 3599 aliquo
838 3498 1010 3573 mandato
1037 3497 1107 3570 sibi
1132 3497 1303 3570 divinitus
1325 3499 1517 3599 inspirato,
1543 3503 1636 3576 sicut
1663 3503 1709 3577 de
1739 3507 1912 3576 Samsoue
1940 3500 2098 3574 creditur

500 3620 647 3714 factum,
666 3619 712 3694 ad
728 3617 977 3692 ulciscendum
1000 3617 1134 3690 scilicet
1151 3618 1197 3689 de
1222 3618 1419 3717 Allophilis,
1445 3639 1537 3719 quos
1550 3624 1684 3722 pariter
1705 3649 1827 3697 secum
1844 3623 1980 3711 stravit,
1999 3621 2098 3694 etde

500 3741 684 3813 nonnullis
708 3738 905 3835 virginibus
932 3735 1156 3825 christianis,
1186 3762 1265 3834 quae
1291 3762 1329 3810 se
1355 3740 1508 3814 flammis
1535 3743 1592 3816 vel
1619 3745 1721 3842 aquis
1746 3745 1968 3841 injecerunt,
2002 3768 2048 3815 ne
2076 3765 2097 3813 a

501 3858 691 3956 gentilibus
719 3870 1048 3956 corrumperentur.
1084 3855 1188 3927 Unde
1219 3860 1433 3954 Augustinus
1456 3860 1501 3933 de
1525 3866 1673 3936 cutura
1696 3867 1777 3955 Dei,
1807 3863 1901 3936 libro
1929 3864 2093 3963 primo⁸:

501 3977 688 4067 Quaedam,
713 3977 894 4075 inquiunt,
921 3989 1051 4048 sanctae
1075 3975 1214 4047 feminae
1238 3991 1403 4077 tempore
1425 3984 1695 4079 persecutionis,
1716 3999 1756 4056 ut
1772 3985 2002 4057 insectatores
2024 4006 2098 4056 suae

502 4097 681 4197 pudicitiae
705 4096 924 4187 devitarent,
955 4095 992 4166 in
1020 4109 1208 4193 rapturum
1233 4112 1340 4193 atque
1367 4116 1579 4174 necaturum
1604 4129 1642 4177 se
1668 4105 1818 4177 fluvium
1843 4105 2095 4202 projecerunt,

502 4244 618 4316 eoque
638 4216 750 4290 modo
772 4217 949 4288 defunctae
968 4230 1065 4309 sunt,
1091 4240 1287 4314 earumque
1311 4222 1480 4317 martyria
1501 4223 1538 4294 in
1562 4224 1738 4297 catholica
1760 4225 1915 4297 Ecclesia
1942 4248 2099 4298 venera-

394 4432 400 4437 .
502 4342 602 4413 tione
627 4339 859 4413 celeberrima
886 4336 1171 4434 frequentantur.
1199 4342 1252 4410 De
1275 4340 1331 4412 his
1352 4342 1442 4415 nihil
1466 4358 1601 4417 temere
1624 4346 1741 4418 audeo
1762 4344 1925 4443 judicare
1945 4373 1954 4416 z
1975 4360 2099 4418 utrum

502 4460 599 4531 enim
621 4458 784 4533 Ecclesiae
810 4456 990 4555 aliquibus
1015 4454 1086 4527 fide
1111 4455 1228 4552 dignis
1250 4459 1572 4558 testificationibus,
1601 4480 1641 4537 ut
1663 4490 1787 4538 earum
1810 4466 2021 4538 memoriam
2047 4465 2100 4538 sic

502 4579 677 4669 honoret,
705 4577 827 4651 divina
850 4578 1065 4678 persuaserit
1091 4580 1285 4651 auctoritas
1310 4582 1448 4676 nesci0,
1472 4583 1607 4657 etheri
1634 4600 1752 4685 potest
1779 4601 1818 4657 ut
1843 4588 1892 4660 ita
1914 4587 1969 4657 sit.
2001 4584 2098 4674 Quid

502 4703 597 4774 enim
614 4701 644 4774 si
660 4700 731 4772 hoc
748 4699 908 4771 fecerunt
923 4724 997 4769 non
1013 4698 1224 4772 humanitus
1239 4700 1410 4802 deceptae,
1429 4703 1493 4776 sed
1511 4705 1681 4780 divinitus
1693 4706 1819 4804 jussae,
1841 4732 1908 4779 nec
1923 4720 2097 4797 errantes,

500 4822 564 4894 sed
590 4819 854 4895 obedienteslu
873 4819 926 4892 ad
943 4819 1013 4891 hoc
1041 4820 1196 4893 maxime
1223 4821 1309 4895 illud
1337 4825 1546 4926 Hieronymi
1571 4842 1732 4926 spectare
1757 4826 1899 4900 videtur
1924 4827 2024 4925 quod
2051 4828 2101 4900 ait

530 5141 535 5167 ¹
550 5135 593 5184 lttc
604 5127 695 5197 aliquid
706 5135 793 5184 deesse
805 5134 909 5194 ridetur,
927 5140 955 5182 ut
970 5130 1043 5196 parri
1054 5137 1123 5195 mat,
1135 5134 1173 5183 vet
1192 5133 1244 5184 sthi
1262 5133 1412 5186 intulerunt.
1422 5136 1567 5193 -2ttatru..
1583 5152 1637 5202 cap.
1654 5153 1722 5199 xvrn,
1735 5155 1757 5190 r.
1771 5144 1793 5190 5.
1805 5165 1837 5178 -
1849 5142 1858 5172 ³
1870 5139 1972 5198 Three..
1989 5151 2044 5200 cap.
2063 5150 2100 5199 ux,

497 5230 519 5265 v.
531 5219 570 5266 tt.
584 5240 613 5254 -
626 5216 697 5268 ‘ltu
708 5213 732 5277 t,
745 5228 799 5276 cap.
816 5225 882 5263 xxxx.
