4559 6100
448 523 530 596 ‘t90
1060 521 1188 594 Psstttt
1218 521 1453 596 ABAELARlll

458 672 592 744 ceteris
608 685 886 768 transgressores
899 692 1187 770 permaneamus,
1203 695 1278 744 non
1291 671 1415 745 salvat.
1439 675 1532 744 Cum
1548 686 1668 744 autem
1685 674 1910 747 circumcisio
1926 677 1963 748 in
1980 677 2052 751 hoc
2090 649 2099 662 ¹

459 809 622 891 tempore
644 792 719 889 jam
744 790 878 864 nullius
900 792 945 864 sit
962 790 1151 882 momenti,
1171 791 1272 888 juxta
1293 790 1382 863 illud
1404 792 1516 890 ipsius
1539 791 1699 891 Apostoli
1723 791 1775 863 ad
1795 793 1947 867 Galatas
1963 801 2048 870 scri·

460 911 590 984 bentis¹
609 938 617 981 ε
633 940 651 980 s
665 912 702 983 Si
713 925 833 985 autem
841 907 1161 1005 circumcidamini,
1174 910 1335 983 Christus
1345 909 1451 982 vobis
1464 910 1514 981 nil
1527 910 1702 1009 proderit,
1717 939 1735 980 n
1752 911 1790 983 id
1805 914 1961 987 estnihil
1971 918 2047 1013 jam

459 1031 617 1103 utilitatis
632 1030 738 1103 vobis
754 1054 797 1104 er
821 1030 884 1102 illo
905 1031 1007 1127 signo
1030 1029 1204 1116 conseret,
1232 1042 1381 1130 apparet
1400 1029 1473 1102 hoc
1498 1031 1580 1102 loco
1607 1030 1817 1129 Apostolum
1848 1033 1894 1107 ad
1920 1049 2050 1108 statum

456 1151 616 1249 priorem
632 1150 719 1248 legis
733 1165 905 1250 spectare,
924 1150 962 1222 in
980 1173 1054 1248 quo
1072 1149 1167 1221 utilis
1181 1164 1257 1222 erat
1275 1149 1512 1223 circumcisio.
1528 1149 1582 1222 De
1599 1174 1674 1248 quo
1687 1150 1837 1248 quidem
1854 1168 1945 1226 statu
1964 1155 2051 1251 legis

458 1271 707 1369 quamvisjam
726 1270 904 1370 praeterito
921 1284 956 1342 et
968 1279 1145 1366 quantum
1160 1268 1207 1340 ad
1224 1270 1383 1342 carnales
1399 1268 1644 1341 observantias
1668 1268 1854 1362 dellrncto,
1879 1271 1929 1343 ibi
1952 1295 2051 1347 nunc

455 1392 563 1465 etiam
580 1391 692 1464 ludaei
719 1391 883 1464 conversi
899 1388 1156 1488 gloriabantur.
1174 1389 1211 1460 Si
1223 1412 1310 1462 vero
1325 1387 1515 1487 Apostolus
1530 1386 1577 1461 ad
1595 1411 1701 1461 suum
1718 1412 1816 1463 nunc
1837 1405 1980 1490 tempus
1992 1417 2049 1466 re·

457 1510 610 1611 spiciens
631 1510 750 1584 dicat:
769 1541 788 1580 r
806 1510 1038 1583 Circumcisio
1054 1507 1203 1609 quidem
1222 1508 1372 1608 prodest
1387 1509 1417 1581 si
1439 1508 1554 1607 legem
1570 1508 1752 1604 observes,
1772 1539 1789 1576 s
1812 1510 1880 1583 tale
1896 1526 1949 1585 est
1964 1516 2049 1586 acsi

456 1631 811 1708 dicattCircumcisin
821 1656 919 1703 nunc
929 1629 1089 1730 prodest,
1099 1629 1128 1701 si
1137 1629 1182 1701 sit
1191 1629 1395 1728 spiritualis,
1404 1630 1527 1727 potius
1538 1653 1646 1727 quam
1656 1630 1820 1720 carnalis,
1831 1652 1911 1728 quae
1921 1632 2050 1705 Gentili

456 1775 557 1850 aeque
575 1751 666 1823 sicut
687 1765 723 1823 et
742 1749 867 1823 ludaeo
890 1749 1094 1822 communis
1114 1762 1180 1821 est.
1199 1748 1371 1823 Custodia
1386 1750 1497 1846 igitur
1517 1750 1605 1848 legis
1624 1748 1844 1850 spiritualem
1863 1750 2049 1824 circumci-

456 1874 594 1943 sionem
612 1869 707 1963 lacit,
733 1870 771 1942 id
796 1885 848 1944 est
868 1871 1133 1970 separationem
1157 1893 1179 1941 a
1201 1870 1308 1959 vitiis,
1336 1893 1417 1967 quae
1441 1893 1505 1968 per
1531 1869 1711 1942 carnalem
1740 1870 2049 1944 circumcisionem

456 1991 643 2086 liguratur.
655 1991 737 2062 Tale
752 2004 803 2061 est
815 2015 901 2086 ergo
919 1990 948 2062 si
963 1989 1079 2086 legem
1095 1988 1290 2081 custodias,
1304 2013 1346 2061 ac
1362 1985 1392 2061 si
1409 1988 1566 2061 diceret:
1585 1988 1622 2060 Si
1636 1988 1682 2060 sit
1697 1989 1886 2087 spiritualis
1895 1991 2050 2063 circum-

457 2110 544 2182 cisio
561 2109 682 2184 cordis
694 2109 814 2207 potius
832 2133 942 2208 quam
956 2108 1131 2207 corporis,
1146 2110 1232 2207 quia
1245 2109 1467 2207 superfluum
1486 2121 1540 2180 est
1552 2109 1695 2205 signum
1712 2108 1773 2180 ubi
1787 2108 1887 2182 deest
1901 2135 1966 2208 per
1986 2137 2048 2185 ne·

455 2228 660 2328 gligentiam
677 2228 870 2326 signatum.
2021 2315 2023 2321 Ι

505 2349 572 2421 «si
589 2363 711 2422 autem
728 2345 990 2448 prevaricator,
1003 2376 1021 2413 s
1041 2347 1079 2420 id
1091 2362 1145 2421 est
1160 2362 1413 2444 transgressor,
1432 2362 1501 2420 etc.
1523 2346 1773 2447 sPraeputium
1788 2376 1807 2415 s
1828 2363 1976 2422 vocatur
1991 2349 2049 2422 illa

454 2469 628 2569 particula
645 2467 807 2565 genitalis
817 2466 982 2558 membri,
992 2493 1102 2566 quam
1117 2467 1163 2540 de
1170 2469 1375 2541 summitate
1384 2467 1480 2541 illins
1488 2466 2046 2566 praecidebantcircumcidentes.

456 2595 497 2661 Et
521 2587 654 2661 dicitur
674 2590 903 2686 praeputium,
928 2588 1030 2684 quasi
1049 2587 1286 2686 amputando,
1303 2586 1412 2659 idest
1430 2584 1718 2685 praescindendo,
1739 2593 1903 2685 quamvis
1924 2601 2049 2687 putare

455 2707 566 2780 modo
583 2730 651 2805 pro
665 2703 825 2778 incidere
842 2729 916 2779 non
933 2707 979 2778 sit
995 2706 1033 2776 in
1050 2727 1132 2797 usu,
1152 2708 1243 2778 sicut
1264 2718 1464 2805 amputare.
1483 2706 1622 2778 Dicitur
1646 2720 1767 2777 tamen
1791 2706 1827 2777 in
1847 2709 2045 2779 Cana‘cis':

459 2832 645 2925 «Tempus
663 2825 859 2924 putationis
875 2823 1033 2914 advenit,
1048 2851 1064 2892 a
1086 2824 1123 2897 id
1140 2839 1193 2898 est
1208 2826 1478 2926 amputationis.
1497 2823 1816 2914 Quemadmodum
1834 2824 1962 2898 autam
1981 2829 2049 2899 cir·

455 2946 627 3020 cumcisio
646 2945 764 3018 carnis
779 2945 1089 3018 circumcisionem
1109 2945 1242 3039 cordis,
1264 2945 1373 3018 idest
1393 2947 1656 3046 separationem
1679 2969 1701 3018 a
1723 2943 1926 3017 carnalibus
1953 2946 2048 3017 vitiis

454 3065 643 3165 significat,
666 3066 714 3137 ita
738 3065 952 3165 praeputium
974 3080 1156 3139 retentum
1178 3066 1445 3140 immunditiam
1473 3065 1672 3138 camalium
1698 3063 1960 3137 desideriorum
1986 3064 2050 3137 de-

453 3200 643 3260 monstrat.
664 3185 769 3258 Unde
786 3185 900 3259 Judaei
922 3201 958 3258 et
974 3185 1146 3279 Gentiles,
1171 3186 1234 3286 qui
1257 3163 1472 3286 praeputium
1488 3184 1686 3274 habebant,
1707 3172 1781 3257 non
1800 3185 2045 3284 praeputiatos,

452 3307 489 3379 id
503 3321 557 3381 est
572 3305 795 3397 immundos,
811 3328 938 3379 verum
956 3307 1073 3402 ipsum
1089 3307 1319 3406 preputium,
1334 3305 1371 3377 id
1381 3320 1434 3378 est
1445 3306 1561 3404 ipsam
1573 3302 1839 3377 immunditiam
1853 3302 2043 3376 vocabant.

454 3457 471 3494 s
483 3426 716 3499 Circumcisio
729 3441 803 3514 tna,
815 3439 909 3498 eto.»
920 3426 961 3497 ln
971 3425 1223 3499 solavidelicet
1233 3450 1341 3499 carne
1351 3440 1427 3515 tua,
1437 3425 1599 3520 inquam,
1611 3448 1720 3520 quam
1732 3421 1926 3522 approbas,
1938 3447 2047 3521 quam

451 3546 549 3638 iacis,
563 3570 639 3617 non
659 3548 766 3617 Deus.
788 3547 1033 3645 «Piaeputium
1046 3545 1137 3619 facta
1155 3545 1299 3636 esttibi,
1320 3572 1337 3614 >s
1365 3545 1404 3617 id
1429 3558 1494 3634 est,
1514 3542 1789 3640 quodammodo
1804 3543 2044 3635 immunditia,

437 3665 626 3758 -quoniam
641 3663 752 3761 magis
768 3687 850 3736 reus
866 3664 1089 3740 convinceris
1104 3677 1188 3764 post
1202 3678 1409 3765 susceptum
1424 3662 1706 3737 circumcisionis
1726 3677 1991 3737 sacramentum
2011 3679 2047 3736 et

451 3781 708 3880 professionem
722 3780 954 3855 observandae
969 3782 1072 3883 legis,
1090 3785 1119 3855 si
1136 3807 1216 3856 eam
1230 3808 1306 3856 non
1326 3782 1507 3877 observes,
1527 3798 1638 3880 quam
1658 3774 1783 3856 si‘hoc
1800 3804 1875 3856 non
1891 3783 2042 3857 fecisses.

453 3932 470 3968 s
481 3901 518 3974 si
535 3924 634 3998 ergo.
645 3930 664 3969 s
683 3901 795 3989 Quasi
812 3902 1037 3976 econtrariis
1054 3902 1174 3995 infert,
1190 3901 1487 4002 quandoquidem
1505 3918 1567 3976 tun
1584 3903 1822 3993 circumcisio,
1848 3903 1886 3976 id
1903 3918 1958 3976 est
1968 3927 2045 3977 car·

450 4021 550 4114 nalis,
566 4020 779 4120 praeputium
794 4019 834 4094 lit
852 4022 931 4112 tibi,
958 4022 996 4097 id
1017 4037 1083 4116 est,
1104 4022 1217 4123 magis
1232 4039 1267 4098 te
1283 4024 1447 4122 inquinat
1464 4037 1499 4096 et
1516 4023 1664 4096 damnat
1683 4024 1712 4134 si
1736 4023 1852 4121 legem
1877 4046 1953 4096 non
1977 4022 2045 4095 ob·

450 4165 581 4214 serves.
599 4142 711 4239 Igitur
726 4142 941 4242 praeputium
958 4141 1123 4238 Gentilis,
1145 4144 1174 4216 si
1191 4143 1267 4243 ipse
1275 4142 1515 4241 legenaturali
1524 4144 1625 4242 quod
1636 4144 1810 4243 scriptum
1821 4156 1875 4215 est
1884 4142 2043 4240 impleat,

451 4289 468 4330 c
484 4259 707 4360 reputabitur
723 4261 756 4333 ei
771 4285 794 4334 a
810 4263 969 4336 Domino
983 4263 1022 4336 in
1038 4263 1395 4357 circumcisionem»
1412 4263 1450 4336 id
1466 4278 1519 4337 est
1535 4264 1602 4363 ipsi
1621 4263 1811 4363 corporale
1828 4262 2043 4361 praeputium

448 4378 623 4453 habentes
637 4380 908 4457 aestimabuntur
924 4382 1049 4456 divino
1064 4382 1202 4480 judicio
1224 4382 1386 4481 ejusdem
1402 4406 1480 4455 esse
1499 4384 1629 4477 meriti,
1650 4383 1753 4480 cujus
1768 4395 1853 4455 sunt
1877 4394 1913 4453 et
1937 4381 2045 4479 spiri·

421 4554 428 4563 .
447 4498 590 4572 tualiter
607 4500 821 4573 circumcisi.
842 4504 922 4574 Non
938 4500 1037 4574 enim
1052 4498 1113 4574 bic
1131 4502 1259 4600 repetit
1279 4501 1623 4595 «circumcisionem
1639 4516 1751 4591 tuam,
1768 4529 1787 4569 n
1805 4515 1846 4572 ut
1862 4498 2045 4572 carnalem

448 4617 632 4715 intelligat,
651 4618 745 4691 sicut
758 4622 920 4719 superius
938 4622 1081 4721 posuit:
1100 4620 1165 4695 sed
1181 4619 1388 4721 simpliciter
1401 4621 1488 4694 dicit
1507 4621 1861 4711 «circumcisionem,
1878 4651 1896 4685 s
1916 4633 1956 4691 ut
1971 4620 2045 4718 spi·

448 4737 611 4843 ritualem
630 4738 786 4811 insinuet
798 4763 818 4812 a
830 4740 908 4811 Deo
925 4740 1068 4814 iactam.
1086 4742 1158 4831 Qui
1174 4743 1282 4815 etiam
1295 4765 1379 4815 cnm
1402 4740 1489 4813 dicit
1507 4770 1525 4808 c
1547 4741 1765 4840 proeputium
1788 4739 1896 4828 illins,
1914 4765 1932 4807 n
1952 4739 2046 4811 sicut

333 4934 338 4943 ,
446 4858 957 4957 superiusscircumcisionem
966 4875 1079 4953 tuam,
1090 4889 1108 4931 u
1117 4861 1307 4936 carnaliter
1317 4860 1479 4959 intelligit
1488 4861 1718 4961 praeputium,
1730 4860 1896 4959 corporis
1908 4858 2047 4932 scilicet

480 5136 485 5161 ¹
498 5131 587 5194 Galat,
598 5146 653 5196 cap.
667 5148 694 5197 r,
710 5148 732 5183 r.
746 5137 770 5185 2.
783 5137 828 5172 -²
842 5134 941 5186 Guntia.
951 5172 957 5199 ,
969 5149 1023 5200 cap.
1037 5149 1068 5196 u,
1080 5149 1105 5186 r.
1119 5138 1156 5187 12.
