4559 6100
477 530 549 603 178
1082 521 1210 594 PETRI
1236 520 1471 593 temnitur

473 675 687 752 deteriorem
701 671 779 748 lieri
794 687 831 747 et
845 673 999 773 amplius
1015 694 1187 770 peccare;
1203 670 1275 743 hoc
1296 683 1350 742 est
1371 667 1526 768 amplius
1544 680 1744 741 creatorem
1762 688 1869 737 suum
1884 662 2067 738 offendere

473 813 580 897 atque
595 810 840 870 contemnere.
864 793 954 882 Quis
973 791 1046 864 hoc
1062 806 1199 881 autem,
1221 788 1323 888 quod
1344 789 1610 887 iniquissimum
1619 800 1686 877 est,
1695 786 1834 883 justum
1850 809 1928 857 esse
1944 783 2041 858 dieat
2058 812 2067 873 ;

473 942 558 991 cum
573 915 737 989 videlicet
753 915 873 1014 potius
888 912 1096 1011 resipiscere
1107 925 1279 1010 peccator
1291 908 1423 982 debeat
1442 931 1552 1007 quam
1568 930 1699 1005 erigere
1717 919 1865 1005 peccata
1884 904 1900 974 i
1926 905 2068 1003 Quippe

473 1036 503 1108 si
511 1034 651 1131 justum
667 1048 760 1108 esset
774 1059 859 1107 eum
876 1031 1034 1132 amplius
1044 1054 1208 1130 peccam,
1223 1027 1411 1129 quomodo
1430 1051 1513 1099 reus
1526 1039 1755 1116 statueretur,
1779 1024 1970 1098 autetiam
1987 1047 2070 1122 pec·

473 1177 555 1227 care
569 1154 748 1227 diceretur
762 1153 800 1226 id
832 1150 1013 1242 iaciendo,
1030 1148 1130 1248 quod
1144 1150 1270 1248 utique
1294 1172 1379 1221 enm
1398 1147 1515 1221 facere
1531 1147 1667 1243 justum
1692 1159 1785 1219 esset
1806 1144 1822 1214 i
1845 1143 1917 1216 Sed
1940 1142 2069 1216 harum

472 1273 619 1371 quidem
639 1273 747 1345 trium
763 1273 1030 1373 propositarum
1053 1270 1293 1367 quaestionum
1315 1268 1513 1342 solutiones
1537 1265 1732 1365 Theologiae
1758 1279 1889 1337 nostrat
1915 1263 2069 1336 examini

473 1415 709 1466 reservamus.
1771 1445 1773 1452 .

524 1542 542 1582 s
562 1518 712 1611 Propter
727 1510 840 1610 quod.
856 1538 875 1580 a
893 1514 921 1584 ll
936 1509 1106 1607 singulari
1122 1509 1325 1583 invectione
1339 1508 1376 1580 in
1395 1507 1542 1605 gentiles
1560 1506 1607 1579 ad
1634 1503 1838 1604 generalem
1864 1502 2003 1595 transit,
2026 1526 2069 1576 ae

472 1633 502 1704 si
525 1633 574 1705 ita
593 1632 689 1705 dicat
707 1657 716 1702 z
740 1630 1044 1729 Quandoquidem
1060 1629 1100 1702 bi
1116 1654 1155 1703 se
1171 1652 1339 1702 excusare
1354 1652 1430 1700 uon
1448 1640 1599 1726 possunt
1614 1650 1679 1725 per
1695 1624 1935 1722 ignorantiam
1954 1621 2022 1694 Dei
2046 1645 2068 1695 a

472 1766 635 1850 peccato,
657 1751 695 1823 id
722 1764 788 1841 est,
812 1775 834 1824 a
857 1764 1069 1851 contemptu
1083 1751 1274 1840 Creatoris,
1303 1747 1435 1847 quibus
1450 1746 1506 1820 lex
1526 1746 1659 1845 scripta
1685 1770 1761 1817 uon
1783 1744 1869 1817 data
1894 1756 1960 1835 est,
1983 1765 2069 1839 ergo

473 1869 606 1962 nullus,
625 1884 663 1943 et
677 1870 750 1943 boc
767 1885 820 1943 est
841 1898 850 1941 ε
867 1898 886 1939 α
905 1874 1001 1966 Ergo
1019 1867 1267 1942 inexcusabilis
1292 1893 1347 1962 es,
1366 1866 1479 1939 homo
1501 1866 1619 1938 omnis
1635 1866 1699 1963 qui
1712 1863 1867 1962 judicas.
1889 1892 1908 1928 a
1926 1860 2066 1952 Omnis,

471 1991 633 2085 inquam,
652 1990 715 2087 qui
726 1989 880 2089 judicas,
900 1988 938 2061 id
954 2002 1021 2079 est,
1032 1989 1211 2086 judicium
1223 1988 1372 2061 rationis
1389 2000 1425 2058 et
1441 1986 1695 2059 discretionem
1704 1984 1794 2056 boni
1803 1981 1915 2055 habes
1923 1978 2065 2054 etmali.

472 2107 525 2180 Ab
540 2106 612 2180 hoc
630 2110 765 2208 quippe
781 2122 994 2207 contemptu
1006 2109 1147 2207 parvuli
1163 2108 1227 2206 qui
1243 2105 1408 2181 nondum
1424 2105 1679 2177 discretionem
1692 2101 1829 2176 habeut
1846 2100 1949 2173 liberi
1967 2112 2061 2172 suut.

474 2257 492 2293 ι
506 2232 546 2299 ln
560 2251 635 2326 quo
652 2228 751 2300 enim
766 2252 850 2301 vere
866 2226 1136 2300 inexcusabiles.
1156 2256 1175 2296 ι
1194 2227 1287 2315 Quia
1304 2227 1413 2300 etiam
1428 2225 1578 2325 proprio
1592 2239 1657 2328 tuo
1665 2222 1803 2320 judicio
1819 2220 2066 2294 condemnan-

471 2345 551 2439 dus,
571 2370 656 2418 cum
673 2347 710 2418 in
727 2347 804 2419 aliis
818 2346 1059 2446 reprehendas
1071 2345 1198 2419 eadem
1210 2372 1290 2445 quae
1307 2346 1406 2438 lacis,
1426 2358 1489 2418 aut
1510 2343 1651 2417 similia.
1680 2347 1759 2414 Hoc
1774 2354 1894 2414 autem
1912 2339 2066 2412 maxime

470 2474 605 2562 spectat
619 2464 666 2536 ad
683 2463 875 2563 superbam
895 2468 1140 2537 Romanomm
1158 2466 1444 2554 contentionem,
1465 2487 1538 2562 qua
1561 2487 1600 2537 se
1625 2463 1834 2534 alterutrum
1856 2480 2064 2559 praepouere

470 2579 652 2675 volebant,
678 2596 715 2654 et
738 2585 873 2682 seipsos
896 2585 1025 2682 singuli
1040 2583 1286 2678 defendentes,
1307 2584 1397 2656 alios
1416 2583 1631 2656 criminosos
1648 2579 1871 2679 judicabant.
1891 2610 1908 2645 α
1928 2584 1969 2649 lu
1991 2599 2064 2675 quo

471 2702 567 2772 enim
574 2700 727 2797 judicas,
737 2701 775 2774 id
784 2718 849 2794 est,
861 2702 908 2774 de
915 2702 1044 2775 eodem
1053 2718 1203 2801 peccato
1217 2703 1263 2776 de
1272 2727 1346 2801 quo
1354 2702 1505 2800 judicas,
1516 2731 1535 2771 n
1545 2701 1583 2774 id
1593 2714 1659 2793 est,
1668 2698 1901 2801 reprehendis
1913 2700 2064 2771 alterum

471 2833 507 2891 et
532 2844 657 2891 censes
669 2819 931 2913 damnandum,
949 2837 983 2894 te
998 2823 1116 2921 ipsum
1131 2821 1367 2915 condemnas,
1396 2821 1434 2894 id
1458 2837 1525 2913 est,
1552 2846 1594 2895 ea
1618 2820 1807 2921 operando
1822 2816 2065 2891 damnabilem

471 2937 556 3011 lacis
571 2939 627 3011 vel
644 2939 783 3028 asseris,
800 2955 836 3013 et
851 2941 888 3012 in
905 2942 1059 3041 teipsum
1077 2943 1228 3041 proprio
1249 2942 1386 3041 judicio
1410 2942 1624 3015 sententiam
1650 2941 1800 3041 profers,
1818 2954 1852 3012 et
1869 2962 1983 3036 quare
2007 2934 2064 3008 vel

470 3058 657 3157 quomodo
673 3062 846 3159 supponit
862 3060 987 3134 dicens
1005 3089 1013 3132 t
1033 3091 1051 3132 u
1069 3062 1205 3136 Eadem
1221 3086 1308 3135 vero
1325 3063 1398 3160 agis
1413 3087 1492 3161 quae
1504 3061 1657 3159 judicas,
1672 3093 1690 3128 ι
1710 3059 1748 3132 id
1763 3075 1827 3145 est,
1841 3083 1920 3157 quae
1935 3058 1974 3129 in
1985 3056 2065 3128 aliis

469 3176 716 3276 reprehendis,
740 3179 874 3252 scilicet
888 3182 983 3256 mala
1000 3205 1203 3281 operaquae
1218 3196 1343 3255 contra
1366 3182 1551 3282 propriam
1577 3183 1832 3254 conscientiam
1853 3175 2060 3251 committis.

470 3299 513 3367 Et
529 3295 618 3368 dixit
632 3323 710 3396 quae
722 3298 863 3395 judicas
879 3300 1194 3400 reprehendendo,
1209 3301 1272 3373 sed
1289 3301 1380 3374 bene
1395 3299 1535 3398 judicas
1560 3299 1636 3373 haec
1660 3299 1846 3399 arguendo
1873 3321 1953 3397 quae
1967 3299 2065 3367 Deus

468 3416 544 3514 ipse
557 3416 695 3514 judicat
711 3420 917 3517 puniendo;
931 3436 967 3494 et
981 3421 1053 3494 hoc
1068 3437 1143 3493 est:
1162 3421 1334 3495 «Scimus
1350 3422 1461 3513 enim,
1478 3434 1564 3510 etc,
1580 3449 1598 3488 a
1616 3421 1673 3494 vel
1690 3421 1760 3493 ita:
1777 3420 1872 3509 Dixi,
1891 3432 1926 3489 te
1945 3418 2062 3514 ipsum

469 3535 705 3626 condemnas,
718 3537 757 3609 id
772 3538 1090 3629 est,damnabilem
1104 3541 1191 3614 lacis
1206 3567 1248 3615 ea
1262 3540 1463 3640 operando.
1486 3544 1530 3611 Et
1542 3562 1668 3613 verum
1679 3556 1732 3612 est
1748 3538 1908 3638 quidem.
1925 3536 2063 3608 Scimus

468 3654 564 3725 enim
583 3678 665 3746 nos,
685 3654 806 3729 divina
832 3659 941 3755 gratia
960 3659 1175 3752 illuminati,
1197 3662 1371 3757 quoniam
1384 3658 1563 3755 judicium
1579 3661 1664 3751 Dei,
1681 3658 1781 3758 quod
1797 3672 1850 3731 est
1863 3655 2062 3729 secundum

467 3773 651 3845 veritatem
663 3774 851 3872 ipsamrei,
869 3801 944 3848 non
960 3778 1030 3850 salli
1040 3791 1171 3876 potest.
1190 3783 1278 3849 «Est
1294 3780 1333 3851 in
1351 3803 1426 3871 eos,
1443 3806 1460 3845 a
1479 3778 1594 3869 idest,
1613 3794 1740 3852 contra
1757 3778 1849 3869 illos,
1871 3805 1889 3845 u
1905 3776 1968 3873 qui
1980 3773 2063 3846 talia

467 3905 590 3987 agunt.
606 3920 624 3958 ιι
643 3891 696 3963 Λᾶ
708 3893 806 3991 ipsos
824 3894 958 3968 scilicet
975 3896 1180 3995 puniendos
1191 3911 1298 3995 atque
1320 3895 1559 3970 damnandos.
1586 3903 1631 3969 Et
1654 3923 1737 3971 cum
1755 3898 1803 3971 ita
1818 3898 1876 3987 sit,
1896 3894 1997 3993 quod
2014 3894 2066 3965 vi-

467 4008 595 4083 delicet
608 4015 704 4084 Deus
721 4011 808 4085 tales
823 4013 983 4109 damnet,
1000 4018 1216 4090 «Existimas
1231 4032 1267 4089 tu
1286 4018 1347 4117 qui
1361 4016 1514 4114 judicas,
1535 4049 1552 4084 ι
1569 4018 1607 4091 id
1629 4033 1683 4091 est
1703 4019 1822 4115 arguis
1845 4016 1901 4088 vel
1917 4037 2067 4087 accxtsas

469 4132 641 4228 «eosqui
659 4129 740 4203 talia
758 4147 881 4229 agunt,
896 4148 933 4206 et
947 4134 1032 4208 lacis
1048 4161 1103 4209 ea.
1117 4170 1134 4204 ι
1157 4137 1355 4230 Existimas,
1374 4137 1536 4234 iuquam,
1561 4139 1646 4236 quia
1663 4152 1701 4210 tu
1718 4138 1866 4234 effugies
1884 4133 2063 4231 judicium

465 4250 545 4342 Dei,
562 4249 663 4321 idest
674 4249 808 4346 justam
823 4253 899 4350 ejus
915 4254 961 4327 de
975 4254 1104 4329 talibus
1113 4256 1324 4345 vindictam,
1337 4271 1372 4328 et
1381 4256 1558 4355 numquid
1569 4259 1677 4329 etiam
1689 4258 1845 4353 ignoras,
1858 4254 1942 4351 quia
1959 4264 2063 4324 tauto

466 4367 704 4443 damnabilior
716 4394 767 4465 es,
779 4386 916 4470 quanto
930 4375 1057 4472 majori
1072 4379 1244 4475 patientia
1261 4380 1357 4448 Deus
1372 4390 1407 4449 te
1423 4390 1617 4475 exspectat,
1632 4390 1669 4449 et
1681 4372 1921 4474 exspectando
1934 4369 1995 4441 diu
2012 4369 2061 4441 ad

467 4490 712 4586 poenitentiam
738 4491 813 4587 ejus
836 4494 963 4568 invitat
994 4495 1206 4595 benignitas,
1237 4510 1273 4569 et
1300 4497 1395 4570 hauc
1421 4497 1498 4594 ejus
1531 4496 1789 4593 benignitatem
1815 4490 1994 4593 patientiae
2020 4489 2062 4560 in

465 4623 713 4707 contemptum
730 4611 806 4706 ejus
819 4615 1011 4708 convertis,
1027 4630 1064 4687 et
1078 4629 1181 4689 tanto
1196 4615 1317 4687 minus
1330 4640 1414 4688 eum
1430 4617 1575 4708 vereris,
1588 4630 1727 4713 quanto
1742 4613 1895 4714 amplius
1912 4610 2064 4683 sustinet

465 4727 619 4800 ollensas
637 4741 730 4818 tuas,
748 4754 816 4802 nec
832 4732 950 4804 statim
975 4735 1091 4831 punit.
1116 4739 1162 4808 Et
1184 4734 1255 4808 hoc
1271 4735 1441 4832 estquod
1458 4737 1508 4808 ait
1525 4762 1533 4805 ε
1557 4764 1576 4804 ι(
1589 4740 1642 4807 Au
1661 4736 1818 4831 ignoras.
1839 4764 1857 4801 ι
1877 4726 2063 4827 Numquid

463 4848 665 4919 contemnis
690 4846 832 4921 divitias
856 4850 1027 4926 bonitatis
1054 4854 1144 4951 ejus,
1176 4854 1214 4949 id
1240 4869 1291 4927 est
1317 4855 1397 4947 Dei,
1413 4853 1486 4926 hoc
1500 4869 1553 4927 est
1565 4854 1713 4927 divitem
1730 4869 1766 4926 et
1781 4853 1966 4952 copiosam
1983 4849 2065 4945 ejus

462 4967 572 5038 animi
589 4965 839 5040 dulcedinem:
868 4969 1037 5044 bonitatis
1053 4972 1151 5066 dico,
1164 4973 1339 5072 patientiae
1360 4986 1395 5045 et
1417 4971 1711 5071 longanimitatis,
1730 4971 1766 5044 id
1785 4986 1837 5045 est
1851 4972 1966 5068 longae
1984 4967 2066 5064 ejus

377 5164 388 5177 .
462 5086 651 5180 patientiae.
670 5116 688 5157 r
704 5091 877 5185 ignorans
893 5092 1069 5189 quoniam
1084 5090 1285 5191 benignitas
1301 5092 1381 5184 Dei,
1404 5121 1422 5162 ιι
1446 5092 1484 5165 id
1506 5109 1559 5167 est
1578 5093 1653 5166 lraec
1670 5092 1841 5166 bonitatis
1862 5092 1940 5188 ejus
1958 5086 2063 5160 exhi·
