<?xml version="1.0" encoding="UTF-8"?>
<!DOCTYPE html PUBLIC "-//W3C//DTD XHTML 1.0 Transitional//EN"
    "http://www.w3.org/TR/xhtml1/DTD/xhtml1-transitional.dtd">
<html xmlns="http://www.w3.org/1999/xhtml" xml:lang="en" lang="en">
 <head>
  <title>
</title>
<meta http-equiv="Content-Type" content="text/html;charset=utf-8" />
  <meta name='ocr-system' content='tesseract 3.04.00' />
  <meta name='ocr-capabilities' content='ocr_page ocr_carea ocr_par ocr_line ocrx_word'/>
</head>
<body>
  <div class='ocr_page' id='page_1' title='image "./petriablardiope00despgoog_0107.png"; bbox 0 0 4559 6100; ppageno 0'>
   <div class='ocr_carea' id='block_1_1' title="bbox 642 473 1800 549">
    <p class='ocr_par' dir='ltr' id='par_1_1' title="bbox 642 473 1800 549">
     <span class='ocr_line' id='line_1_1' title="bbox 642 473 1800 549; baseline -0.007 -2"><span class='ocrx_word' id='word_1_1' title='bbox 642 474 936 549; x_wconf 80' lang='lat' dir='ltr'>INTRODUCTIO</span> <span class='ocrx_word' id='word_1_2' title='bbox 962 475 1025 547; x_wconf 77' lang='lat' dir='ltr'><strong>AD</strong></span> <span class='ocrx_word' id='word_1_3' title='bbox 1050 474 1354 546; x_wconf 77' lang='lat' dir='ltr'><strong>THEOLOGIAM.</strong></span> <span class='ocrx_word' id='word_1_4' title='bbox 1753 473 1800 541; x_wconf 84' lang='grc'><strong>87</strong></span> 
     </span>
    </p>
   </div>
   <div class='ocr_carea' id='block_1_2' title="bbox 216 620 1801 1327">
    <p class='ocr_par' dir='ltr' id='par_1_2' title="bbox 216 620 1801 1327">
     <span class='ocr_line' id='line_1_2' title="bbox 217 620 1800 729; baseline -0.006 -26"><span class='ocrx_word' id='word_1_5' title='bbox 217 631 374 729; x_wconf 87' lang='lat' dir='ltr'><strong>loquitur,</strong></span> <span class='ocrx_word' id='word_1_6' title='bbox 396 654 414 695; x_wconf 82' lang='grc' dir='ltr'><strong><em>κ</em></strong></span> <span class='ocrx_word' id='word_1_7' title='bbox 430 626 493 724; x_wconf 89' lang='lat' dir='ltr'><strong>qui</strong></span> <span class='ocrx_word' id='word_1_8' title='bbox 509 638 564 698; x_wconf 91' lang='lat' dir='ltr'><strong>est</strong></span> <span class='ocrx_word' id='word_1_9' title='bbox 580 625 675 699; x_wconf 86' lang='lat' dir='ltr'><strong>misit</strong></span> <span class='ocrx_word' id='word_1_10' title='bbox 691 648 749 697; x_wconf 92' lang='lat' dir='ltr'><strong>me</strong></span> <span class='ocrx_word' id='word_1_11' title='bbox 766 622 814 696; x_wconf 89' lang='lat' dir='ltr'><strong>ad</strong></span> <span class='ocrx_word' id='word_1_12' title='bbox 830 647 907 697; x_wconf 84' lang='lat' dir='ltr'><strong>vos.</strong></span> <span class='ocrx_word' id='word_1_13' title='bbox 930 627 1012 695; x_wconf 84' lang='lat' dir='ltr'><strong>»Et</strong></span> <span class='ocrx_word' id='word_1_14' title='bbox 1034 620 1136 696; x_wconf 88' lang='lat' dir='ltr'><strong>alibi¹</strong></span> <span class='ocrx_word' id='word_1_15' title='bbox 1161 651 1169 696; x_wconf 74' lang='grc' dir='ltr'><strong>ε</strong></span> <span class='ocrx_word' id='word_1_16' title='bbox 1192 652 1210 691; x_wconf 78' lang='lat' dir='ltr'><strong>a</strong></span> <span class='ocrx_word' id='word_1_17' title='bbox 1232 627 1306 718; x_wconf 85' lang='lat' dir='ltr'><strong>Ego</strong></span> <span class='ocrx_word' id='word_1_18' title='bbox 1323 647 1404 695; x_wconf 88' lang='lat' dir='ltr'><strong>sum</strong></span> <span class='ocrx_word' id='word_1_19' title='bbox 1427 627 1523 695; x_wconf 86' lang='lat' dir='ltr'><strong>Deus</strong></span> <span class='ocrx_word' id='word_1_20' title='bbox 1551 638 1587 694; x_wconf 89' lang='lat' dir='ltr'><strong>et</strong></span> <span class='ocrx_word' id='word_1_21' title='bbox 1619 647 1694 695; x_wconf 89' lang='lat' dir='ltr'><strong>non</strong></span> <span class='ocrx_word' id='word_1_22' title='bbox 1717 646 1800 695; x_wconf 87' lang='lat' dir='ltr'><strong>mu-</strong></span> 
     </span>
     <span class='ocr_line' id='line_1_3' title="bbox 218 741 1799 853; baseline -0.007 -29"><span class='ocrx_word' id='word_1_23' title='bbox 218 768 271 843; x_wconf 91' lang='lat' dir='ltr'><strong>tor,</strong></span> <span class='ocrx_word' id='word_1_24' title='bbox 288 780 306 817; x_wconf 75' lang='lat' dir='ltr'><strong>s</strong></span> <span class='ocrx_word' id='word_1_25' title='bbox 325 750 423 847; x_wconf 90' lang='lat' dir='ltr'><strong>ipsos</strong></span> <span class='ocrx_word' id='word_1_26' title='bbox 447 742 688 844; x_wconf 87' lang='lat' dir='ltr'><strong>Philosopbos</strong></span> <span class='ocrx_word' id='word_1_27' title='bbox 707 742 871 816; x_wconf 87' lang='lat' dir='ltr'><strong>consulat</strong></span> <span class='ocrx_word' id='word_1_28' title='bbox 885 745 949 842; x_wconf 93' lang='lat' dir='ltr'><strong>qui</strong></span> <span class='ocrx_word' id='word_1_29' title='bbox 973 745 1444 843; x_wconf 87' lang='lat' dir='ltr'><strong>Scripturarumsacrarum</strong></span> <span class='ocrx_word' id='word_1_30' title='bbox 1464 741 1690 814; x_wconf 74' lang='lat' dir='ltr'>documentis</span> <span class='ocrx_word' id='word_1_31' title='bbox 1710 767 1799 853; x_wconf 80' lang='lat' dir='ltr'><strong>con·</strong></span> 
     </span>
     <span class='ocr_line' id='line_1_4' title="bbox 218 862 1801 962; baseline -0.007 -19"><span class='ocrx_word' id='word_1_32' title='bbox 218 885 315 945; x_wconf 89' lang='lat' dir='ltr'><strong>tentus</strong></span> <span class='ocrx_word' id='word_1_33' title='bbox 340 890 416 939; x_wconf 88' lang='lat' dir='ltr'><strong>non</strong></span> <span class='ocrx_word' id='word_1_34' title='bbox 435 878 500 939; x_wconf 90' lang='lat' dir='ltr'><strong>est.</strong></span> <span class='ocrx_word' id='word_1_35' title='bbox 518 863 621 937; x_wconf 87' lang='lat' dir='ltr'>Unde</span> <span class='ocrx_word' id='word_1_36' title='bbox 638 862 855 957; x_wconf 86' lang='lat' dir='ltr'>Macrobius,</span> <span class='ocrx_word' id='word_1_37' title='bbox 877 888 961 937; x_wconf 89' lang='lat' dir='ltr'><strong>curn</strong></span> <span class='ocrx_word' id='word_1_38' title='bbox 974 864 1074 962; x_wconf 79' lang='lat' dir='ltr'><strong>juxta</strong></span> <span class='ocrx_word' id='word_1_39' title='bbox 1095 863 1276 936; x_wconf 92' lang='lat' dir='ltr'><strong>Plotinum</strong></span> <span class='ocrx_word' id='word_1_40' title='bbox 1292 875 1448 962; x_wconf 89' lang='lat' dir='ltr'><strong>quatuor</strong></span> <span class='ocrx_word' id='word_1_41' title='bbox 1465 863 1612 935; x_wconf 83' lang='lat' dir='ltr'><strong>virtutes</strong></span> <span class='ocrx_word' id='word_1_42' title='bbox 1625 866 1703 934; x_wconf 90' lang='lat' dir='ltr'><strong>Deo</strong></span> <span class='ocrx_word' id='word_1_43' title='bbox 1721 862 1801 934; x_wconf 90' lang='lat' dir='ltr'><strong>assi·</strong></span> 
     </span>
     <span class='ocr_line' id='line_1_5' title="bbox 218 979 1799 1085; baseline -0.006 -23"><span class='ocrx_word' id='word_1_44' title='bbox 218 991 368 1085; x_wconf 77' lang='lat' dir='ltr'><strong>gnaret¹z</strong></span> <span class='ocrx_word' id='word_1_45' title='bbox 398 983 643 1075; x_wconf 77' lang='lat' dir='ltr'><strong>«Fortitud0,</strong></span> <span class='ocrx_word' id='word_1_46' title='bbox 663 983 801 1081; x_wconf 90' lang='lat' dir='ltr'><strong>iuquit,</strong></span> <span class='ocrx_word' id='word_1_47' title='bbox 826 982 877 1056; x_wconf 91' lang='lat' dir='ltr'><strong>illi</strong></span> <span class='ocrx_word' id='word_1_48' title='bbox 906 996 977 1077; x_wconf 90' lang='lat' dir='ltr'><strong>est,</strong></span> <span class='ocrx_word' id='word_1_49' title='bbox 1012 983 1113 1082; x_wconf 89' lang='lat' dir='ltr'><strong>quod</strong></span> <span class='ocrx_word' id='word_1_50' title='bbox 1131 1007 1273 1083; x_wconf 88' lang='lat' dir='ltr'><strong>semper</strong></span> <span class='ocrx_word' id='word_1_51' title='bbox 1293 982 1390 1057; x_wconf 86' lang='lat' dir='ltr'><strong>idern</strong></span> <span class='ocrx_word' id='word_1_52' title='bbox 1415 996 1487 1075; x_wconf 91' lang='lat' dir='ltr'><strong>est,</strong></span> <span class='ocrx_word' id='word_1_53' title='bbox 1515 1005 1583 1054; x_wconf 89' lang='lat' dir='ltr'><strong>nec</strong></span> <span class='ocrx_word' id='word_1_54' title='bbox 1606 979 1799 1076; x_wconf 85' lang='lat' dir='ltr'><strong>aliquando</strong></span> 
     </span>
     <span class='ocr_line' id='line_1_6' title="bbox 218 1099 1799 1202; baseline -0.008 -20"><span class='ocrx_word' id='word_1_55' title='bbox 218 1122 367 1200; x_wconf 85' lang='lat' dir='ltr'><strong>mutetur,</strong></span> <span class='ocrx_word' id='word_1_56' title='bbox 382 1136 400 1173; x_wconf 76' lang='lat' dir='ltr'><strong>s</strong></span> <span class='ocrx_word' id='word_1_57' title='bbox 420 1105 493 1177; x_wconf 88' lang='lat' dir='ltr'><strong>hoo</strong></span> <span class='ocrx_word' id='word_1_58' title='bbox 516 1117 571 1177; x_wconf 86' lang='lat' dir='ltr'><strong>est</strong></span> <span class='ocrx_word' id='word_1_59' title='bbox 587 1102 687 1200; x_wconf 90' lang='lat' dir='ltr'><strong>quod</strong></span> <span class='ocrx_word' id='word_1_60' title='bbox 703 1127 813 1202; x_wconf 87' lang='lat' dir='ltr'><strong>supra</strong></span> <span class='ocrx_word' id='word_1_61' title='bbox 829 1117 1048 1176; x_wconf 89' lang='lat' dir='ltr'><strong>memoratus</strong></span> <span class='ocrx_word' id='word_1_62' title='bbox 1071 1102 1214 1196; x_wconf 90' lang='lat' dir='ltr'><strong>doctor,</strong></span> <span class='ocrx_word' id='word_1_63' title='bbox 1235 1118 1271 1176; x_wconf 90' lang='lat' dir='ltr'><strong>et</strong></span> <span class='ocrx_word' id='word_1_64' title='bbox 1288 1104 1465 1177; x_wconf 80' lang='lat' dir='ltr'><strong>maximus</strong></span> <span class='ocrx_word' id='word_1_65' title='bbox 1484 1103 1694 1175; x_wconf 77' lang='lat' dir='ltr'><strong>Latinmum</strong></span> <span class='ocrx_word' id='word_1_66' title='bbox 1712 1099 1799 1198; x_wconf 87' lang='lat' dir='ltr'><strong>phi-</strong></span> 
     </span>
     <span class='ocr_line' id='line_1_7' title="bbox 216 1218 1796 1327; baseline -0.008 -26"><span class='ocrx_word' id='word_1_67' title='bbox 216 1227 435 1327; x_wconf 89' lang='lat' dir='ltr'><strong>losophorum</strong></span> <span class='ocrx_word' id='word_1_68' title='bbox 450 1224 639 1314; x_wconf 84' lang='lat' dir='ltr'>Boethius,</span> <span class='ocrx_word' id='word_1_69' title='bbox 658 1224 695 1295; x_wconf 92' lang='lat' dir='ltr'><strong>in</strong></span> <span class='ocrx_word' id='word_1_70' title='bbox 712 1223 775 1296; x_wconf 90' lang='lat' dir='ltr'><strong>lib.</strong></span> <span class='ocrx_word' id='word_1_71' title='bbox 793 1227 839 1294; x_wconf 91' lang='lat' dir='ltr'><strong>Ill</strong></span> <span class='ocrx_word' id='word_1_72' title='bbox 854 1222 901 1296; x_wconf 90' lang='lat' dir='ltr'><strong>de</strong></span> <span class='ocrx_word' id='word_1_73' title='bbox 920 1222 1172 1296; x_wconf 74' lang='lat' dir='ltr'><em>Consolatione</em></span> <span class='ocrx_word' id='word_1_74' title='bbox 1186 1223 1420 1322; x_wconf 75' lang='lat' dir='ltr'><strong>Philosophiae</strong></span> <span class='ocrx_word' id='word_1_75' title='bbox 1439 1223 1566 1297; x_wconf 80' lang='lat' dir='ltr'><strong>astruit</strong></span> <span class='ocrx_word' id='word_1_76' title='bbox 1580 1221 1637 1293; x_wconf 93' lang='lat' dir='ltr'><strong>his</strong></span> <span class='ocrx_word' id='word_1_77' title='bbox 1654 1218 1796 1291; x_wconf 86' lang='lat' dir='ltr'><strong>verbis:</strong></span> 
     </span>
    </p>
   </div>
   <div class='ocr_carea' id='block_1_3' title="bbox 550 1410 1445 1715">
    <p class='ocr_par' dir='ltr' id='par_1_3' title="bbox 550 1410 1445 1715">
     <span class='ocr_line' id='line_1_8' title="bbox 552 1410 1329 1503; baseline 0.001 -27"><span class='ocrx_word' id='word_1_78' title='bbox 552 1414 582 1476; x_wconf 94' lang='grc' dir='ltr'>Ο</span> <span class='ocrx_word' id='word_1_79' title='bbox 597 1413 652 1502; x_wconf 91' lang='lat' dir='ltr'><strong>qui</strong></span> <span class='ocrx_word' id='word_1_80' title='bbox 667 1428 822 1502; x_wconf 88' lang='lat' dir='ltr'><strong>perpetua</strong></span> <span class='ocrx_word' id='word_1_81' title='bbox 838 1410 996 1477; x_wconf 91' lang='lat' dir='ltr'><strong>mundum</strong></span> <span class='ocrx_word' id='word_1_82' title='bbox 1012 1413 1137 1477; x_wconf 88' lang='lat' dir='ltr'><strong>ratione</strong></span> <span class='ocrx_word' id='word_1_83' title='bbox 1154 1412 1329 1503; x_wconf 84' lang='lat' dir='ltr'>gubernas,</span> 
     </span>
     <span class='ocr_line' id='line_1_9' title="bbox 550 1519 1344 1609; baseline 0 -26"><span class='ocrx_word' id='word_1_84' title='bbox 550 1520 722 1585; x_wconf 85' lang='lat' dir='ltr'>Terrarum</span> <span class='ocrx_word' id='word_1_85' title='bbox 735 1520 868 1609; x_wconf 88' lang='lat' dir='ltr'><strong>coelique</strong></span> <span class='ocrx_word' id='word_1_86' title='bbox 884 1534 982 1601; x_wconf 89' lang='lat' dir='ltr'><strong>sator,</strong></span> <span class='ocrx_word' id='word_1_87' title='bbox 999 1542 1061 1608; x_wconf 89' lang='lat' dir='ltr'><strong>que</strong></span> <span class='ocrx_word' id='word_1_88' title='bbox 1076 1535 1203 1609; x_wconf 89' lang='lat' dir='ltr'><strong>tempus</strong></span> <span class='ocrx_word' id='word_1_89' title='bbox 1220 1519 1260 1583; x_wconf 92' lang='lat' dir='ltr'><strong>ab</strong></span> <span class='ocrx_word' id='word_1_90' title='bbox 1277 1542 1344 1583; x_wconf 83' lang='lat' dir='ltr'><strong>aevo</strong></span> 
     </span>
     <span class='ocr_line' id='line_1_10' title="bbox 553 1624 1445 1715; baseline -0.001 -25"><span class='ocrx_word' id='word_1_91' title='bbox 553 1626 604 1691; x_wconf 88' lang='lat' dir='ltr'><strong>lre</strong></span> <span class='ocrx_word' id='word_1_92' title='bbox 616 1625 727 1712; x_wconf 92' lang='lat' dir='ltr'><strong>jubes,</strong></span> <span class='ocrx_word' id='word_1_93' title='bbox 744 1625 926 1715; x_wconf 86' lang='lat' dir='ltr'><strong>stabilisque</strong></span> <span class='ocrx_word' id='word_1_94' title='bbox 943 1649 1093 1708; x_wconf 89' lang='lat' dir='ltr'><strong>manens,</strong></span> <span class='ocrx_word' id='word_1_95' title='bbox 1111 1624 1169 1691; x_wconf 90' lang='lat' dir='ltr'><strong>das</strong></span> <span class='ocrx_word' id='word_1_96' title='bbox 1183 1641 1297 1693; x_wconf 86' lang='lat' dir='ltr'><strong>cuncta</strong></span> <span class='ocrx_word' id='word_1_97' title='bbox 1313 1627 1445 1691; x_wconf 87' lang='lat' dir='ltr'><strong>moveri.</strong></span> 
     </span>
    </p>
   </div>
   <div class='ocr_carea' id='block_1_4' title="bbox 192 1821 1795 3599">
    <p class='ocr_par' dir='ltr' id='par_1_4' title="bbox 192 1821 1795 3599">
     <span class='ocr_line' id='line_1_11' title="bbox 211 1821 1795 1922; baseline -0.002 -25"><span class='ocrx_word' id='word_1_98' title='bbox 211 1828 312 1898; x_wconf 85' lang='lat' dir='ltr'><strong>Omne</strong></span> <span class='ocrx_word' id='word_1_99' title='bbox 336 1822 474 1922; x_wconf 89' lang='lat' dir='ltr'><strong>quippe</strong></span> <span class='ocrx_word' id='word_1_100' title='bbox 498 1822 598 1919; x_wconf 91' lang='lat' dir='ltr'><strong>quod</strong></span> <span class='ocrx_word' id='word_1_101' title='bbox 613 1823 790 1915; x_wconf 86' lang='lat' dir='ltr'><strong>variatur,</strong></span> <span class='ocrx_word' id='word_1_102' title='bbox 809 1821 884 1894; x_wconf 83' lang='lat' dir='ltr'><strong>sive</strong></span> <span class='ocrx_word' id='word_1_103' title='bbox 900 1845 966 1921; x_wconf 88' lang='lat' dir='ltr'><strong>per</strong></span> <span class='ocrx_word' id='word_1_104' title='bbox 982 1821 1254 1909; x_wconf 82' lang='lat' dir='ltr'><strong>alterationem,</strong></span> <span class='ocrx_word' id='word_1_105' title='bbox 1279 1836 1314 1895; x_wconf 93' lang='lat' dir='ltr'><strong>et</strong></span> <span class='ocrx_word' id='word_1_106' title='bbox 1330 1821 1531 1920; x_wconf 77' lang='lat' dir='ltr'><strong>quamlibet</strong></span> <span class='ocrx_word' id='word_1_107' title='bbox 1550 1822 1602 1895; x_wconf 90' lang='lat' dir='ltr'><strong>rei</strong></span> <span class='ocrx_word' id='word_1_108' title='bbox 1629 1824 1795 1896; x_wconf 87' lang='lat' dir='ltr'><strong>mutatio·</strong></span> 
     </span>
     <span class='ocr_line' id='line_1_12' title="bbox 210 1941 1795 2039; baseline -0.001 -23"><span class='ocrx_word' id='word_1_109' title='bbox 210 1968 281 2017; x_wconf 87' lang='lat' dir='ltr'><strong>nem</strong></span> <span class='ocrx_word' id='word_1_110' title='bbox 297 1955 438 2016; x_wconf 89' lang='lat' dir='ltr'><strong>motum</strong></span> <span class='ocrx_word' id='word_1_111' title='bbox 454 1966 530 2015; x_wconf 91' lang='lat' dir='ltr'><strong>esse</strong></span> <span class='ocrx_word' id='word_1_112' title='bbox 547 1956 700 2015; x_wconf 87' lang='lat' dir='ltr'><strong>constat.</strong></span> <span class='ocrx_word' id='word_1_113' title='bbox 715 1945 835 2032; x_wconf 88' lang='lat' dir='ltr'><strong>Quam</strong></span> <span class='ocrx_word' id='word_1_114' title='bbox 850 1942 997 2039; x_wconf 87' lang='lat' dir='ltr'><strong>quidem</strong></span> <span class='ocrx_word' id='word_1_115' title='bbox 1019 1941 1417 2017; x_wconf 79' lang='lat' dir='ltr'><strong>incommutabilitatem</strong></span> <span class='ocrx_word' id='word_1_116' title='bbox 1434 1944 1521 2034; x_wconf 88' lang='lat' dir='ltr'><strong>Dei,</strong></span> <span class='ocrx_word' id='word_1_117' title='bbox 1541 1943 1795 2015; x_wconf 88' lang='lat' dir='ltr'><strong>immortalita-</strong></span> 
     </span>
     <span class='ocr_line' id='line_1_13' title="bbox 208 2060 1792 2163; baseline -0.001 -27"><span class='ocrx_word' id='word_1_118' title='bbox 208 2079 269 2136; x_wconf 89' lang='lat' dir='ltr'><strong>tem</strong></span> <span class='ocrx_word' id='word_1_119' title='bbox 282 2064 393 2163; x_wconf 91' lang='lat' dir='ltr'><strong>ipsius</strong></span> <span class='ocrx_word' id='word_1_120' title='bbox 408 2061 644 2162; x_wconf 87' lang='lat' dir='ltr'><strong>appellamus.</strong></span> <span class='ocrx_word' id='word_1_121' title='bbox 660 2061 764 2135; x_wconf 89' lang='lat' dir='ltr'><strong>Unde</strong></span> <span class='ocrx_word' id='word_1_122' title='bbox 776 2062 993 2161; x_wconf 79' lang='lat' dir='ltr'><strong>Augustinus</strong></span> <span class='ocrx_word' id='word_1_123' title='bbox 1008 2061 1051 2133; x_wconf 83' lang='lat' dir='ltr'><strong>de</strong></span> <span class='ocrx_word' id='word_1_124' title='bbox 1065 2067 1208 2136; x_wconf 86' lang='lat' dir='ltr'><strong>Natura</strong></span> <span class='ocrx_word' id='word_1_125' title='bbox 1224 2066 1360 2134; x_wconf 80' lang='lat' dir='ltr'><strong>summi</strong></span> <span class='ocrx_word' id='word_1_126' title='bbox 1372 2060 1489 2134; x_wconf 60' lang='lat' dir='ltr'><strong>hond:</strong></span> <span class='ocrx_word' id='word_1_127' title='bbox 1506 2091 1524 2131; x_wconf 83' lang='lat' dir='ltr'><strong>u</strong></span> <span class='ocrx_word' id='word_1_128' title='bbox 1536 2066 1641 2156; x_wconf 88' lang='lat' dir='ltr'><strong>Vera,</strong></span> <span class='ocrx_word' id='word_1_129' title='bbox 1662 2063 1792 2161; x_wconf 92' lang='lat' dir='ltr'><strong>inquit,</strong></span> 
     </span>
     <span class='ocr_line' id='line_1_14' title="bbox 208 2179 1795 2281; baseline -0.001 -26"><span class='ocrx_word' id='word_1_130' title='bbox 208 2182 463 2270; x_wconf 81' lang='lat' dir='ltr'><strong>immortalitas,</strong></span> <span class='ocrx_word' id='word_1_131' title='bbox 482 2179 555 2254; x_wconf 89' lang='lat' dir='ltr'><strong>boo</strong></span> <span class='ocrx_word' id='word_1_132' title='bbox 572 2196 625 2254; x_wconf 90' lang='lat' dir='ltr'><strong>est</strong></span> <span class='ocrx_word' id='word_1_133' title='bbox 640 2206 781 2256; x_wconf 89' lang='lat' dir='ltr'><strong>summa</strong></span> <span class='ocrx_word' id='word_1_134' title='bbox 797 2180 858 2255; x_wconf 87' lang='lat' dir='ltr'><strong>illa</strong></span> <span class='ocrx_word' id='word_1_135' title='bbox 873 2181 1219 2256; x_wconf 81' lang='lat' dir='ltr'><strong>incommutabilitas</strong></span> <span class='ocrx_word' id='word_1_136' title='bbox 1234 2207 1345 2281; x_wconf 91' lang='lat' dir='ltr'><strong>quam</strong></span> <span class='ocrx_word' id='word_1_137' title='bbox 1358 2185 1455 2256; x_wconf 89' lang='lat' dir='ltr'><strong>Deus</strong></span> <span class='ocrx_word' id='word_1_138' title='bbox 1470 2181 1580 2257; x_wconf 86' lang='lat' dir='ltr'><strong>babet</strong></span> <span class='ocrx_word' id='word_1_139' title='bbox 1596 2181 1713 2274; x_wconf 90' lang='lat' dir='ltr'><strong>solus,</strong></span> <span class='ocrx_word' id='word_1_140' title='bbox 1732 2186 1795 2281; x_wconf 90' lang='lat' dir='ltr'><strong>qui</strong></span> 
     </span>
     <span class='ocr_line' id='line_1_15' title="bbox 208 2301 1795 2401; baseline 0.001 -28"><span class='ocrx_word' id='word_1_141' title='bbox 208 2302 330 2375; x_wconf 88' lang='lat' dir='ltr'><strong>mutari</strong></span> <span class='ocrx_word' id='word_1_142' title='bbox 340 2303 487 2374; x_wconf 91' lang='lat' dir='ltr'><strong>omnino</strong></span> <span class='ocrx_word' id='word_1_143' title='bbox 499 2325 576 2374; x_wconf 94' lang='lat' dir='ltr'><strong>non</strong></span> <span class='ocrx_word' id='word_1_144' title='bbox 586 2315 717 2401; x_wconf 90' lang='lat' dir='ltr'><strong>potest.</strong></span> <span class='ocrx_word' id='word_1_145' title='bbox 732 2330 751 2371; x_wconf 81' lang='grc' dir='ltr'><strong>ιι</strong></span> <span class='ocrx_word' id='word_1_146' title='bbox 767 2301 868 2375; x_wconf 92' lang='lat' dir='ltr'><strong>ldem</strong></span> <span class='ocrx_word' id='word_1_147' title='bbox 877 2303 1024 2401; x_wconf 74' lang='lat' dir='ltr'><strong>supm‘:</strong></span> <span class='ocrx_word' id='word_1_148' title='bbox 1039 2332 1055 2369; x_wconf 80' lang='grc' dir='ltr'>α</span> <span class='ocrx_word' id='word_1_149' title='bbox 1069 2306 1211 2375; x_wconf 75' lang='lat' dir='ltr'><strong>Naturae</strong></span> <span class='ocrx_word' id='word_1_150' title='bbox 1223 2301 1476 2400; x_wconf 86' lang='lat' dir='ltr'><strong>corruptibiles</strong></span> <span class='ocrx_word' id='word_1_151' title='bbox 1486 2302 1561 2398; x_wconf 82' lang='lat' dir='ltr'><strong>jam</strong></span> <span class='ocrx_word' id='word_1_152' title='bbox 1571 2327 1646 2374; x_wconf 93' lang='lat' dir='ltr'><strong>non</strong></span> <span class='ocrx_word' id='word_1_153' title='bbox 1658 2303 1795 2374; x_wconf 88' lang='lat' dir='ltr'><strong>incom-</strong></span> 
     </span>
     <span class='ocr_line' id='line_1_16' title="bbox 209 2421 1793 2519; baseline -0.001 -25"><span class='ocrx_word' id='word_1_154' title='bbox 209 2421 389 2494; x_wconf 81' lang='lat' dir='ltr'><strong>mutabiles</strong></span> <span class='ocrx_word' id='word_1_155' title='bbox 402 2435 495 2515; x_wconf 92' lang='lat' dir='ltr'><strong>sunt,</strong></span> <span class='ocrx_word' id='word_1_156' title='bbox 513 2423 598 2519; x_wconf 91' lang='lat' dir='ltr'><strong>quia</strong></span> <span class='ocrx_word' id='word_1_157' title='bbox 614 2422 665 2495; x_wconf 92' lang='lat' dir='ltr'><strong>nil</strong></span> <span class='ocrx_word' id='word_1_158' title='bbox 681 2436 735 2494; x_wconf 89' lang='lat' dir='ltr'><strong>est</strong></span> <span class='ocrx_word' id='word_1_159' title='bbox 752 2422 849 2493; x_wconf 91' lang='lat' dir='ltr'><strong>unde</strong></span> <span class='ocrx_word' id='word_1_160' title='bbox 865 2421 963 2494; x_wconf 86' lang='lat' dir='ltr'><strong>saotae</strong></span> <span class='ocrx_word' id='word_1_161' title='bbox 979 2437 1076 2497; x_wconf 89' lang='lat' dir='ltr'><strong>sunt.</strong></span> <span class='ocrx_word' id='word_1_162' title='bbox 1094 2422 1223 2493; x_wconf 88' lang='lat' dir='ltr'><strong>Omnis</strong></span> <span class='ocrx_word' id='word_1_163' title='bbox 1241 2423 1339 2494; x_wconf 90' lang='lat' dir='ltr'><strong>eninr</strong></span> <span class='ocrx_word' id='word_1_164' title='bbox 1357 2422 1509 2495; x_wconf 91' lang='lat' dir='ltr'><strong>mutatio</strong></span> <span class='ocrx_word' id='word_1_165' title='bbox 1526 2422 1609 2494; x_wconf 88' lang='lat' dir='ltr'><strong>sacit</strong></span> <span class='ocrx_word' id='word_1_166' title='bbox 1625 2446 1700 2494; x_wconf 93' lang='lat' dir='ltr'><strong>non</strong></span> <span class='ocrx_word' id='word_1_167' title='bbox 1717 2447 1793 2495; x_wconf 89' lang='lat' dir='ltr'><strong>esse</strong></span> 
     </span>
     <span class='ocr_line' id='line_1_17' title="bbox 204 2540 1794 2640; baseline 0 -26"><span class='ocrx_word' id='word_1_168' title='bbox 204 2541 297 2638; x_wconf 87' lang='lat' dir='ltr'><strong>qnod</strong></span> <span class='ocrx_word' id='word_1_169' title='bbox 309 2555 402 2632; x_wconf 88' lang='lat' dir='ltr'><strong>erat;</strong></span> <span class='ocrx_word' id='word_1_170' title='bbox 415 2565 591 2638; x_wconf 84' lang='lat' dir='ltr'><strong>versergo</strong></span> <span class='ocrx_word' id='word_1_171' title='bbox 606 2540 665 2613; x_wconf 91' lang='lat' dir='ltr'><strong>ille</strong></span> <span class='ocrx_word' id='word_1_172' title='bbox 678 2542 806 2640; x_wconf 86' lang='lat' dir='ltr'><strong>estqui</strong></span> <span class='ocrx_word' id='word_1_173' title='bbox 817 2540 1121 2615; x_wconf 87' lang='lat' dir='ltr'><strong>incommutabilis</strong></span> <span class='ocrx_word' id='word_1_174' title='bbox 1135 2553 1200 2613; x_wconf 89' lang='lat' dir='ltr'><strong>est.</strong></span> <span class='ocrx_word' id='word_1_175' title='bbox 1217 2568 1235 2609; x_wconf 79' lang='lat' dir='ltr'><strong>a</strong></span> <span class='ocrx_word' id='word_1_176' title='bbox 1252 2545 1346 2616; x_wconf 86' lang='lat' dir='ltr'><strong>Cum</strong></span> <span class='ocrx_word' id='word_1_177' title='bbox 1358 2542 1402 2617; x_wconf 89' lang='lat' dir='ltr'><strong>sit</strong></span> <span class='ocrx_word' id='word_1_178' title='bbox 1418 2543 1538 2640; x_wconf 90' lang='lat' dir='ltr'><strong>itaque</strong></span> <span class='ocrx_word' id='word_1_179' title='bbox 1549 2556 1649 2615; x_wconf 89' lang='lat' dir='ltr'><strong>tanta</strong></span> <span class='ocrx_word' id='word_1_180' title='bbox 1665 2541 1794 2614; x_wconf 85' lang='lat' dir='ltr'><strong>divinae</strong></span> 
     </span>
     <span class='ocr_line' id='line_1_18' title="bbox 203 2658 1794 2760; baseline 0.003 -28"><span class='ocrx_word' id='word_1_181' title='bbox 203 2660 400 2734; x_wconf 77' lang='lat' dir='ltr'><strong>substantia</strong></span> <span class='ocrx_word' id='word_1_182' title='bbox 423 2661 561 2754; x_wconf 86' lang='lat' dir='ltr'><strong>unitas,</strong></span> <span class='ocrx_word' id='word_1_183' title='bbox 585 2659 809 2759; x_wconf 86' lang='lat' dir='ltr'><strong>simplicitas,</strong></span> <span class='ocrx_word' id='word_1_184' title='bbox 828 2661 978 2760; x_wconf 91' lang='lat' dir='ltr'><strong>puritas,</strong></span> <span class='ocrx_word' id='word_1_185' title='bbox 1003 2673 1111 2759; x_wconf 89' lang='lat' dir='ltr'><strong>atque</strong></span> <span class='ocrx_word' id='word_1_186' title='bbox 1127 2658 1310 2754; x_wconf 85' lang='lat' dir='ltr'><strong>identitas,</strong></span> <span class='ocrx_word' id='word_1_187' title='bbox 1336 2676 1375 2734; x_wconf 91' lang='lat' dir='ltr'><strong>ut</strong></span> <span class='ocrx_word' id='word_1_188' title='bbox 1398 2662 1436 2733; x_wconf 94' lang='lat' dir='ltr'><strong>in</strong></span> <span class='ocrx_word' id='word_1_189' title='bbox 1453 2685 1495 2734; x_wconf 90' lang='lat' dir='ltr'><strong>ea</strong></span> <span class='ocrx_word' id='word_1_190' title='bbox 1511 2660 1675 2735; x_wconf 80' lang='lat' dir='ltr'><strong>videlicet</strong></span> <span class='ocrx_word' id='word_1_191' title='bbox 1695 2663 1794 2735; x_wconf 89' lang='lat' dir='ltr'><strong>nulla</strong></span> 
     </span>
     <span class='ocr_line' id='line_1_19' title="bbox 201 2778 1795 2880; baseline 0.003 -29"><span class='ocrx_word' id='word_1_192' title='bbox 201 2781 243 2851; x_wconf 88' lang='lat' dir='ltr'><strong>sit</strong></span> <span class='ocrx_word' id='word_1_193' title='bbox 253 2780 405 2879; x_wconf 65' lang='lat' dir='ltr'><strong>mnium</strong></span> <span class='ocrx_word' id='word_1_194' title='bbox 422 2794 486 2853; x_wconf 89' lang='lat' dir='ltr'><strong>aut</strong></span> <span class='ocrx_word' id='word_1_195' title='bbox 496 2779 736 2854; x_wconf 88' lang='lat' dir='ltr'><strong>accidentium</strong></span> <span class='ocrx_word' id='word_1_196' title='bbox 756 2804 819 2854; x_wconf 88' lang='lat' dir='ltr'><strong>seu</strong></span> <span class='ocrx_word' id='word_1_197' title='bbox 837 2779 1080 2880; x_wconf 90' lang='lat' dir='ltr'><strong>quarumlibet</strong></span> <span class='ocrx_word' id='word_1_198' title='bbox 1093 2780 1292 2852; x_wconf 83' lang='lat' dir='ltr'><strong>formarum</strong></span> <span class='ocrx_word' id='word_1_199' title='bbox 1305 2778 1504 2875; x_wconf 84' lang='lat' dir='ltr'><strong>diversitas,</strong></span> <span class='ocrx_word' id='word_1_200' title='bbox 1521 2779 1620 2853; x_wconf 90' lang='lat' dir='ltr'><strong>nulla</strong></span> <span class='ocrx_word' id='word_1_201' title='bbox 1633 2805 1795 2880; x_wconf 88' lang='lat' dir='ltr'><strong>unquam</strong></span> 
     </span>
     <span class='ocr_line' id='line_1_20' title="bbox 200 2900 1793 3000; baseline 0.002 -27"><span class='ocrx_word' id='word_1_202' title='bbox 200 2900 356 2997; x_wconf 75' lang='lat' dir='ltr'><strong>variatio,</strong></span> <span class='ocrx_word' id='word_1_203' title='bbox 375 2900 564 3000; x_wconf 87' lang='lat' dir='ltr'><strong>quomodo</strong></span> <span class='ocrx_word' id='word_1_204' title='bbox 577 2915 648 2975; x_wconf 88' lang='lat' dir='ltr'><strong>tres</strong></span> <span class='ocrx_word' id='word_1_205' title='bbox 664 2925 828 3000; x_wconf 82' lang='lat' dir='ltr'><strong>personae</strong></span> <span class='ocrx_word' id='word_1_206' title='bbox 843 2901 881 2974; x_wconf 92' lang='lat' dir='ltr'><strong>in</strong></span> <span class='ocrx_word' id='word_1_207' title='bbox 897 2924 941 2975; x_wconf 90' lang='lat' dir='ltr'><strong>ea</strong></span> <span class='ocrx_word' id='word_1_208' title='bbox 956 2902 1142 3000; x_wconf 83' lang='lat' dir='ltr'><strong>assignari,</strong></span> <span class='ocrx_word' id='word_1_209' title='bbox 1160 2902 1234 2974; x_wconf 90' lang='lat' dir='ltr'><strong>sive</strong></span> <span class='ocrx_word' id='word_1_210' title='bbox 1250 2901 1398 2998; x_wconf 82' lang='lat' dir='ltr'><strong>intelligi</strong></span> <span class='ocrx_word' id='word_1_211' title='bbox 1410 2902 1568 2999; x_wconf 78' lang='lat' dir='ltr'><strong>queant?</strong></span> <span class='ocrx_word' id='word_1_212' title='bbox 1588 2905 1680 2975; x_wconf 89' lang='lat' dir='ltr'><strong>Cum</strong></span> <span class='ocrx_word' id='word_1_213' title='bbox 1695 2902 1793 2976; x_wconf 89' lang='lat' dir='ltr'><strong>nulla</strong></span> 
     </span>
     <span class='ocr_line' id='line_1_21' title="bbox 199 3019 1791 3123; baseline 0.003 -29"><span class='ocrx_word' id='word_1_214' title='bbox 199 3019 245 3094; x_wconf 90' lang='lat' dir='ltr'><strong>ibi</strong></span> <span class='ocrx_word' id='word_1_215' title='bbox 257 3022 302 3095; x_wconf 88' lang='lat' dir='ltr'><strong>sit</strong></span> <span class='ocrx_word' id='word_1_216' title='bbox 319 3047 439 3095; x_wconf 90' lang='lat' dir='ltr'><strong>rernm</strong></span> <span class='ocrx_word' id='word_1_217' title='bbox 457 3020 676 3117; x_wconf 90' lang='lat' dir='ltr'><strong>multitudo,</strong></span> <span class='ocrx_word' id='word_1_218' title='bbox 697 3022 760 3096; x_wconf 94' lang='lat' dir='ltr'><strong>ubi</strong></span> <span class='ocrx_word' id='word_1_219' title='bbox 776 3034 915 3097; x_wconf 87' lang='lat' dir='ltr'><strong>tantum</strong></span> <span class='ocrx_word' id='word_1_220' title='bbox 930 3036 984 3097; x_wconf 90' lang='lat' dir='ltr'><strong>est</strong></span> <span class='ocrx_word' id='word_1_221' title='bbox 999 3046 1072 3096; x_wconf 89' lang='lat' dir='ltr'><strong>una</strong></span> <span class='ocrx_word' id='word_1_222' title='bbox 1088 3035 1197 3120; x_wconf 89' lang='lat' dir='ltr'><strong>atque</strong></span> <span class='ocrx_word' id='word_1_223' title='bbox 1213 3021 1400 3096; x_wconf 83' lang='lat' dir='ltr'><strong>individua</strong></span> <span class='ocrx_word' id='word_1_224' title='bbox 1423 3024 1565 3123; x_wconf 89' lang='lat' dir='ltr'><strong>penitus</strong></span> <span class='ocrx_word' id='word_1_225' title='bbox 1581 3022 1791 3115; x_wconf 88' lang='lat' dir='ltr'><strong>substantia,</strong></span> 
     </span>
     <span class='ocr_line' id='line_1_22' title="bbox 197 3141 1792 3243; baseline 0.001 -29"><span class='ocrx_word' id='word_1_226' title='bbox 197 3141 312 3215; x_wconf 91' lang='lat' dir='ltr'><strong>nullus</strong></span> <span class='ocrx_word' id='word_1_227' title='bbox 336 3142 389 3215; x_wconf 94' lang='lat' dir='ltr'><strong>ibi</strong></span> <span class='ocrx_word' id='word_1_228' title='bbox 413 3167 536 3215; x_wconf 89' lang='lat' dir='ltr'><strong>rerum</strong></span> <span class='ocrx_word' id='word_1_229' title='bbox 562 3167 754 3235; x_wconf 90' lang='lat' dir='ltr'><strong>numerus,</strong></span> <span class='ocrx_word' id='word_1_230' title='bbox 779 3158 819 3216; x_wconf 90' lang='lat' dir='ltr'><strong>ut</strong></span> <span class='ocrx_word' id='word_1_231' title='bbox 837 3143 893 3216; x_wconf 83' lang='lat' dir='ltr'><strong>vel</strong></span> <span class='ocrx_word' id='word_1_232' title='bbox 911 3144 979 3217; x_wconf 91' lang='lat' dir='ltr'><strong>tria</strong></span> <span class='ocrx_word' id='word_1_233' title='bbox 1002 3143 1197 3216; x_wconf 85' lang='lat' dir='ltr'><strong>vel&#39;multa</strong></span> <span class='ocrx_word' id='word_1_234' title='bbox 1220 3141 1340 3217; x_wconf 90' lang='lat' dir='ltr'><strong>dicere</strong></span> <span class='ocrx_word' id='word_1_235' title='bbox 1359 3146 1557 3243; x_wconf 90' lang='lat' dir='ltr'><strong>possimus,</strong></span> <span class='ocrx_word' id='word_1_236' title='bbox 1582 3144 1646 3217; x_wconf 88' lang='lat' dir='ltr'><strong>sed</strong></span> <span class='ocrx_word' id='word_1_237' title='bbox 1665 3144 1792 3218; x_wconf 88' lang='lat' dir='ltr'><strong>eadem</strong></span> 
     </span>
     <span class='ocr_line' id='line_1_23' title="bbox 195 3261 1792 3364; baseline 0.002 -30"><span class='ocrx_word' id='word_1_238' title='bbox 195 3264 335 3360; x_wconf 88' lang='lat' dir='ltr'><strong>penitus</strong></span> <span class='ocrx_word' id='word_1_239' title='bbox 363 3262 563 3336; x_wconf 88' lang='lat' dir='ltr'><strong>substantia</strong></span> <span class='ocrx_word' id='word_1_240' title='bbox 588 3261 737 3364; x_wconf 83' lang='lat' dir='ltr'><strong>simplex</strong></span> <span class='ocrx_word' id='word_1_241' title='bbox 762 3264 914 3337; x_wconf 92' lang='lat' dir='ltr'><strong>omnino</strong></span> <span class='ocrx_word' id='word_1_242' title='bbox 936 3277 1045 3362; x_wconf 89' lang='lat' dir='ltr'><strong>atque</strong></span> <span class='ocrx_word' id='word_1_243' title='bbox 1070 3262 1258 3335; x_wconf 80' lang='lat' dir='ltr'><strong>individua</strong></span> <span class='ocrx_word' id='word_1_244' title='bbox 1284 3264 1340 3355; x_wconf 88' lang='lat' dir='ltr'><strong>sit,</strong></span> <span class='ocrx_word' id='word_1_245' title='bbox 1364 3264 1515 3361; x_wconf 85' lang='lat' dir='ltr'><strong>singulae</strong></span> <span class='ocrx_word' id='word_1_246' title='bbox 1533 3289 1695 3362; x_wconf 76' lang='lat' dir='ltr'><strong>personae</strong></span> <span class='ocrx_word' id='word_1_247' title='bbox 1719 3267 1792 3337; x_wconf 80' lang='lat' dir='ltr'><strong>sire</strong></span> 
     </span>
     <span class='ocr_line' id='line_1_24' title="bbox 193 3382 1789 3482; baseline 0.002 -28"><span class='ocrx_word' id='word_1_248' title='bbox 193 3404 318 3456; x_wconf 89' lang='lat' dir='ltr'><strong>omnes</strong></span> <span class='ocrx_word' id='word_1_249' title='bbox 340 3382 461 3474; x_wconf 87' lang='lat' dir='ltr'><strong>simul,</strong></span> <span class='ocrx_word' id='word_1_250' title='bbox 484 3382 555 3456; x_wconf 87' lang='lat' dir='ltr'><strong>boc</strong></span> <span class='ocrx_word' id='word_1_251' title='bbox 575 3398 629 3456; x_wconf 90' lang='lat' dir='ltr'><strong>est</strong></span> <span class='ocrx_word' id='word_1_252' title='bbox 649 3408 872 3482; x_wconf 74' lang='lat' dir='ltr'><strong>unaqueque</strong></span> <span class='ocrx_word' id='word_1_253' title='bbox 888 3385 998 3455; x_wconf 91' lang='lat' dir='ltr'><strong>trium</strong></span> <span class='ocrx_word' id='word_1_254' title='bbox 1020 3406 1273 3482; x_wconf 87' lang='lat' dir='ltr'><strong>personarum,</strong></span> <span class='ocrx_word' id='word_1_255' title='bbox 1292 3384 1365 3455; x_wconf 86' lang='lat' dir='ltr'><strong>sive</strong></span> <span class='ocrx_word' id='word_1_256' title='bbox 1389 3385 1479 3482; x_wconf 87' lang='lat' dir='ltr'><strong>ipsa,</strong></span> <span class='ocrx_word' id='word_1_257' title='bbox 1508 3397 1547 3456; x_wconf 89' lang='lat' dir='ltr'><strong>ut</strong></span> <span class='ocrx_word' id='word_1_258' title='bbox 1563 3384 1702 3458; x_wconf 88' lang='lat' dir='ltr'><strong>dictum</strong></span> <span class='ocrx_word' id='word_1_259' title='bbox 1723 3401 1789 3476; x_wconf 90' lang='lat' dir='ltr'><strong>est,</strong></span> 
     </span>
     <span class='ocr_line' id='line_1_25' title="bbox 192 3496 1789 3599; baseline 0.003 -32"><span class='ocrx_word' id='word_1_260' title='bbox 192 3497 354 3572; x_wconf 84' lang='lat' dir='ltr'><strong>Trinitas.</strong></span> <span class='ocrx_word' id='word_1_261' title='bbox 372 3499 516 3599; x_wconf 89' lang='lat' dir='ltr'><strong>Quippe</strong></span> <span class='ocrx_word' id='word_1_262' title='bbox 535 3498 596 3572; x_wconf 94' lang='lat' dir='ltr'><strong>ubi</strong></span> <span class='ocrx_word' id='word_1_263' title='bbox 617 3500 716 3573; x_wconf 90' lang='lat' dir='ltr'><strong>nulla</strong></span> <span class='ocrx_word' id='word_1_264' title='bbox 735 3513 789 3571; x_wconf 88' lang='lat' dir='ltr'><strong>est</strong></span> <span class='ocrx_word' id='word_1_265' title='bbox 806 3496 1000 3571; x_wconf 88' lang='lat' dir='ltr'><strong>multitudo</strong></span> <span class='ocrx_word' id='word_1_266' title='bbox 1021 3522 1164 3589; x_wconf 88' lang='lat' dir='ltr'><strong>rerum,</strong></span> <span class='ocrx_word' id='word_1_267' title='bbox 1189 3498 1265 3570; x_wconf 93' lang='lat' dir='ltr'><strong>imo</strong></span> <span class='ocrx_word' id='word_1_268' title='bbox 1288 3498 1432 3597; x_wconf 92' lang='lat' dir='ltr'><strong>penitus</strong></span> <span class='ocrx_word' id='word_1_269' title='bbox 1453 3498 1553 3574; x_wconf 87' lang='lat' dir='ltr'><strong>nulia</strong></span> <span class='ocrx_word' id='word_1_270' title='bbox 1573 3499 1789 3594; x_wconf 86' lang='lat' dir='ltr'><strong>multitudo,</strong></span> 
     </span>
    </p>
   </div>
   <div class='ocr_carea' id='block_1_5' title="bbox 178 3616 1847 4558">
    <p class='ocr_par' dir='ltr' id='par_1_5' title="bbox 178 3616 1847 4558">
     <span class='ocr_line' id='line_1_26' title="bbox 190 3616 1793 3718; baseline 0.002 -29"><span class='ocrx_word' id='word_1_271' title='bbox 190 3616 290 3692; x_wconf 85' lang='lat' dir='ltr'><strong>nulla</strong></span> <span class='ocrx_word' id='word_1_272' title='bbox 314 3619 521 3718; x_wconf 81' lang='lat' dir='ltr'><strong>pluralitas,</strong></span> <span class='ocrx_word' id='word_1_273' title='bbox 549 3620 652 3693; x_wconf 91' lang='lat' dir='ltr'><strong>nulla</strong></span> <span class='ocrx_word' id='word_1_274' title='bbox 675 3619 877 3713; x_wconf 84' lang='lat' dir='ltr'><strong>diversitas,</strong></span> <span class='ocrx_word' id='word_1_275' title='bbox 904 3618 1094 3718; x_wconf 90' lang='lat' dir='ltr'><strong>quomodo</strong></span> <span class='ocrx_word' id='word_1_276' title='bbox 1121 3617 1316 3693; x_wconf 88' lang='lat' dir='ltr'><strong>multitudo</strong></span> <span class='ocrx_word' id='word_1_277' title='bbox 1344 3640 1602 3717; x_wconf 86' lang='lat' dir='ltr'><strong>personarum,</strong></span> <span class='ocrx_word' id='word_1_278' title='bbox 1633 3633 1696 3692; x_wconf 87' lang='lat' dir='ltr'><strong>aut</strong></span> <span class='ocrx_word' id='word_1_279' title='bbox 1721 3619 1793 3694; x_wconf 90' lang='lat' dir='ltr'><strong>ulla</strong></span> 
     </span>
     <span class='ocr_line' id='line_1_27' title="bbox 190 3736 1793 3837; baseline 0.001 -27"><span class='ocrx_word' id='word_1_280' title='bbox 190 3760 318 3811; x_wconf 85' lang='lat' dir='ltr'><strong>earum</strong></span> <span class='ocrx_word' id='word_1_281' title='bbox 341 3738 527 3812; x_wconf 87' lang='lat' dir='ltr'><strong>diversitas</strong></span> <span class='ocrx_word' id='word_1_282' title='bbox 549 3740 640 3813; x_wconf 82' lang='lat' dir='ltr'><strong>erit?</strong></span> <span class='ocrx_word' id='word_1_283' title='bbox 666 3742 745 3829; x_wconf 87' lang='lat' dir='ltr'><strong>Qua</strong></span> <span class='ocrx_word' id='word_1_284' title='bbox 775 3740 914 3812; x_wconf 87' lang='lat' dir='ltr'><strong>ratione</strong></span> <span class='ocrx_word' id='word_1_285' title='bbox 941 3739 1054 3812; x_wconf 89' lang='lat' dir='ltr'><strong>altera</strong></span> <span class='ocrx_word' id='word_1_286' title='bbox 1075 3761 1232 3837; x_wconf 87' lang='lat' dir='ltr'><strong>persona</strong></span> <span class='ocrx_word' id='word_1_287' title='bbox 1261 3736 1307 3811; x_wconf 90' lang='lat' dir='ltr'><strong>ab</strong></span> <span class='ocrx_word' id='word_1_288' title='bbox 1330 3737 1441 3814; x_wconf 88' lang='lat' dir='ltr'><strong>altera</strong></span> <span class='ocrx_word' id='word_1_289' title='bbox 1463 3738 1604 3816; x_wconf 89' lang='lat' dir='ltr'><strong>diversa</strong></span> <span class='ocrx_word' id='word_1_290' title='bbox 1626 3753 1692 3833; x_wconf 90' lang='lat' dir='ltr'><strong>est,</strong></span> <span class='ocrx_word' id='word_1_291' title='bbox 1719 3741 1793 3812; x_wconf 88' lang='lat' dir='ltr'><strong>sive</strong></span> 
     </span>
     <span class='ocr_line' id='line_1_28' title="bbox 188 3856 1793 3959; baseline 0.002 -29"><span class='ocrx_word' id='word_1_292' title='bbox 188 3859 296 3930; x_wconf 69' lang='lat' dir='ltr'><strong>edam</strong></span> <span class='ocrx_word' id='word_1_293' title='bbox 318 3858 366 3931; x_wconf 90' lang='lat' dir='ltr'><strong>ab</strong></span> <span class='ocrx_word' id='word_1_294' title='bbox 379 3860 458 3958; x_wconf 89' lang='lat' dir='ltr'><strong>ipsa</strong></span> <span class='ocrx_word' id='word_1_295' title='bbox 478 3860 661 3953; x_wconf 89' lang='lat' dir='ltr'><strong>Trinitate,</strong></span> <span class='ocrx_word' id='word_1_296' title='bbox 683 3858 915 3933; x_wconf 85' lang='lat' dir='ltr'><strong>carneadem</strong></span> <span class='ocrx_word' id='word_1_297' title='bbox 937 3859 1093 3958; x_wconf 87' lang='lat' dir='ltr'><strong>penitus,</strong></span> <span class='ocrx_word' id='word_1_298' title='bbox 1119 3872 1160 3932; x_wconf 91' lang='lat' dir='ltr'><strong>ut</strong></span> <span class='ocrx_word' id='word_1_299' title='bbox 1180 3856 1317 3931; x_wconf 89' lang='lat' dir='ltr'><strong>dictum</strong></span> <span class='ocrx_word' id='word_1_300' title='bbox 1338 3873 1412 3952; x_wconf 89' lang='lat' dir='ltr'><strong>est,</strong></span> <span class='ocrx_word' id='word_1_301' title='bbox 1435 3860 1543 3932; x_wconf 91' lang='lat' dir='ltr'><strong>trium</strong></span> <span class='ocrx_word' id='word_1_302' title='bbox 1558 3884 1793 3959; x_wconf 89' lang='lat' dir='ltr'><strong>personarum</strong></span> 
     </span>
     <span class='ocr_line' id='line_1_29' title="bbox 186 3959 1793 4073; baseline 0.002 -24"><span class='ocrx_word' id='word_1_303' title='bbox 186 3978 391 4052; x_wconf 85' lang='lat' dir='ltr'><strong>substantia</strong></span> <span class='ocrx_word' id='word_1_304' title='bbox 412 3980 472 4073; x_wconf 91' lang='lat' dir='ltr'><strong>sit,</strong></span> <span class='ocrx_word' id='word_1_305' title='bbox 492 4003 560 4053; x_wconf 89' lang='lat' dir='ltr'><strong>uec</strong></span> <span class='ocrx_word' id='word_1_306' title='bbox 577 3979 648 4053; x_wconf 87' lang='lat' dir='ltr'><strong>ulla</strong></span> <span class='ocrx_word' id='word_1_307' title='bbox 663 3979 863 4052; x_wconf 79' lang='lat' dir='ltr'><strong>abinvicem</strong></span> <span class='ocrx_word' id='word_1_308' title='bbox 880 3978 939 4051; x_wconf 85' lang='lat' dir='ltr'><strong>vel</strong></span> <span class='ocrx_word' id='word_1_309' title='bbox 959 3978 1120 4051; x_wconf 82' lang='lat' dir='ltr'><strong>essentiae</strong></span> <span class='ocrx_word' id='word_1_310' title='bbox 1136 3977 1341 4052; x_wconf 90' lang='lat' dir='ltr'><strong>diversitate</strong></span> <span class='ocrx_word' id='word_1_311' title='bbox 1360 3979 1416 4052; x_wconf 88' lang='lat' dir='ltr'><strong>vel</strong></span> <span class='ocrx_word' id='word_1_312' title='bbox 1433 3959 1689 4071; x_wconf 88' lang='lat' dir='ltr'><strong>accidentium,</strong></span> <span class='ocrx_word' id='word_1_313' title='bbox 1718 3980 1793 4053; x_wconf 88' lang='lat' dir='ltr'><strong>sive</strong></span> 
     </span>
     <span class='ocr_line' id='line_1_30' title="bbox 183 4096 1847 4199; baseline 0.001 -29"><span class='ocrx_word' id='word_1_314' title='bbox 183 4099 391 4172; x_wconf 73' lang='lat' dir='ltr'><strong>formarum</strong></span> <span class='ocrx_word' id='word_1_315' title='bbox 418 4100 636 4199; x_wconf 86' lang='lat' dir='ltr'><strong>proprietate</strong></span> <span class='ocrx_word' id='word_1_316' title='bbox 661 4100 846 4198; x_wconf 87' lang='lat' dir='ltr'><strong>disjunctae</strong></span> <span class='ocrx_word' id='word_1_317' title='bbox 868 4098 979 4171; x_wconf 82' lang='lat' dir='ltr'><strong>sunti</strong></span> <span class='ocrx_word' id='word_1_318' title='bbox 1007 4096 1160 4171; x_wconf 88' lang='lat' dir='ltr'><strong>Difficile</strong></span> <span class='ocrx_word' id='word_1_319' title='bbox 1188 4097 1355 4190; x_wconf 79' lang='lat' dir='ltr'><strong>fortasse,</strong></span> <span class='ocrx_word' id='word_1_320' title='bbox 1385 4101 1459 4172; x_wconf 86' lang='lat' dir='ltr'><strong>irno</strong></span> <span class='ocrx_word' id='word_1_321' title='bbox 1487 4099 1708 4199; x_wconf 88' lang='lat' dir='ltr'><strong>impossibile</strong></span> <span class='ocrx_word' id='word_1_322' title='bbox 1741 4116 1793 4172; x_wconf 91' lang='lat' dir='ltr'><strong>est</strong></span> <span class='ocrx_word' id='word_1_323' title='bbox 1840 4130 1847 4140; x_wconf 63' lang='lat'><strong><em>¹</em></strong></span> 
     </span>
     <span class='ocr_line' id='line_1_31' title="bbox 182 4217 1793 4330; baseline 0.002 -43"><span class='ocrx_word' id='word_1_324' title='bbox 182 4217 333 4292; x_wconf 85' lang='lat' dir='ltr'><strong>bomini</strong></span> <span class='ocrx_word' id='word_1_325' title='bbox 354 4218 427 4291; x_wconf 90' lang='lat' dir='ltr'><strong>hoc</strong></span> <span class='ocrx_word' id='word_1_326' title='bbox 444 4217 636 4313; x_wconf 89' lang='lat' dir='ltr'><strong>disserere,</strong></span> <span class='ocrx_word' id='word_1_327' title='bbox 658 4234 694 4294; x_wconf 90' lang='lat' dir='ltr'><strong>et</strong></span> <span class='ocrx_word' id='word_1_328' title='bbox 718 4220 751 4292; x_wconf 91' lang='lat' dir='ltr'><strong>ei</strong></span> <span class='ocrx_word' id='word_1_329' title='bbox 772 4219 926 4291; x_wconf 79' lang='lat' dir='ltr'><strong>maxime</strong></span> <span class='ocrx_word' id='word_1_330' title='bbox 941 4220 1005 4317; x_wconf 93' lang='lat' dir='ltr'><strong>qui</strong></span> <span class='ocrx_word' id='word_1_331' title='bbox 1028 4219 1066 4291; x_wconf 88' lang='lat' dir='ltr'><strong>in</strong></span> <span class='ocrx_word' id='word_1_332' title='bbox 1086 4218 1258 4291; x_wconf 88' lang='lat' dir='ltr'><strong>omnibus</strong></span> <span class='ocrx_word' id='word_1_333' title='bbox 1279 4244 1358 4330; x_wconf 85' lang='lat' dir='ltr'><strong>quae</strong></span> <span class='ocrx_word' id='word_1_334' title='bbox 1383 4220 1508 4292; x_wconf 89' lang='lat' dir='ltr'><strong>astruit</strong></span> <span class='ocrx_word' id='word_1_335' title='bbox 1531 4245 1597 4318; x_wconf 93' lang='lat' dir='ltr'><strong>per</strong></span> <span class='ocrx_word' id='word_1_336' title='bbox 1617 4219 1793 4293; x_wconf 88' lang='lat' dir='ltr'><strong>humanas</strong></span> 
     </span>
     <span class='ocr_line' id='line_1_32' title="bbox 180 4337 1790 4438; baseline -0.001 -26"><span class='ocrx_word' id='word_1_337' title='bbox 180 4340 349 4413; x_wconf 90' lang='lat' dir='ltr'><strong>rationes</strong></span> <span class='ocrx_word' id='word_1_338' title='bbox 364 4338 565 4412; x_wconf 79' lang='lat' dir='ltr'><strong>satisfacere</strong></span> <span class='ocrx_word' id='word_1_339' title='bbox 578 4339 777 4432; x_wconf 88' lang='lat' dir='ltr'><strong>contendit,</strong></span> <span class='ocrx_word' id='word_1_340' title='bbox 793 4353 830 4411; x_wconf 91' lang='lat' dir='ltr'><strong>et</strong></span> <span class='ocrx_word' id='word_1_341' title='bbox 845 4364 930 4411; x_wconf 89' lang='lat' dir='ltr'><strong>cum</strong></span> <span class='ocrx_word' id='word_1_342' title='bbox 942 4337 988 4411; x_wconf 90' lang='lat' dir='ltr'><strong>de</strong></span> <span class='ocrx_word' id='word_1_343' title='bbox 1002 4363 1041 4410; x_wconf 90' lang='lat' dir='ltr'><strong>re</strong></span> <span class='ocrx_word' id='word_1_344' title='bbox 1053 4339 1173 4435; x_wconf 71' lang='lat' dir='ltr'><strong>aliqum</strong></span> <span class='ocrx_word' id='word_1_345' title='bbox 1184 4339 1409 4434; x_wconf 78' lang='lat' dir='ltr'><strong>singulariter</strong></span> <span class='ocrx_word' id='word_1_346' title='bbox 1421 4339 1620 4438; x_wconf 87' lang='lat' dir='ltr'><strong>quidquam</strong></span> <span class='ocrx_word' id='word_1_347' title='bbox 1634 4340 1790 4432; x_wconf 90' lang='lat' dir='ltr'><strong>discutit,</strong></span> 
     </span>
     <span class='ocr_line' id='line_1_33' title="bbox 178 4457 1790 4558; baseline 0 -27"><span class='ocrx_word' id='word_1_348' title='bbox 178 4458 291 4558; x_wconf 84' lang='lat' dir='ltr'><strong>quod</strong></span> <span class='ocrx_word' id='word_1_349' title='bbox 305 4459 354 4532; x_wconf 89' lang='lat' dir='ltr'><strong>ad</strong></span> <span class='ocrx_word' id='word_1_350' title='bbox 371 4458 449 4556; x_wconf 89' lang='lat' dir='ltr'><strong>ejus</strong></span> <span class='ocrx_word' id='word_1_351' title='bbox 463 4459 720 4558; x_wconf 87' lang='lat' dir='ltr'><strong>proprietatem</strong></span> <span class='ocrx_word' id='word_1_352' title='bbox 737 4459 904 4558; x_wconf 85' lang='lat' dir='ltr'><strong>pertinet,</strong></span> <span class='ocrx_word' id='word_1_353' title='bbox 923 4457 1124 4532; x_wconf 85' lang='lat' dir='ltr'><strong>aliarumid</strong></span> <span class='ocrx_word' id='word_1_354' title='bbox 1138 4482 1260 4534; x_wconf 87' lang='lat' dir='ltr'><strong>rerum</strong></span> <span class='ocrx_word' id='word_1_355' title='bbox 1275 4458 1504 4534; x_wconf 88' lang='lat' dir='ltr'><strong>multitudine</strong></span> <span class='ocrx_word' id='word_1_356' title='bbox 1520 4461 1646 4534; x_wconf 88' lang='lat' dir='ltr'><strong>nititur</strong></span> <span class='ocrx_word' id='word_1_357' title='bbox 1661 4459 1790 4533; x_wconf 80' lang='lat' dir='ltr'><strong>confrr-</strong></span> 
     </span>
    </p>
   </div>
   <div class='ocr_carea' id='block_1_6' title="bbox 174 4582 1794 4798">
    <p class='ocr_par' dir='ltr' id='par_1_6' title="bbox 174 4582 1794 4798">
     <span class='ocr_line' id='line_1_34' title="bbox 174 4582 1794 4685; baseline 0.001 -30"><span class='ocrx_word' id='word_1_358' title='bbox 174 4606 308 4675; x_wconf 80' lang='lat' dir='ltr'><strong>mare,</strong></span> <span class='ocrx_word' id='word_1_359' title='bbox 335 4607 422 4656; x_wconf 91' lang='lat' dir='ltr'><strong>cum</strong></span> <span class='ocrx_word' id='word_1_360' title='bbox 446 4582 612 4658; x_wconf 83' lang='lat' dir='ltr'><strong>videlicet</strong></span> <span class='ocrx_word' id='word_1_361' title='bbox 633 4607 860 4682; x_wconf 85' lang='lat' dir='ltr'><strong>unaquaeque</strong></span> <span class='ocrx_word' id='word_1_362' title='bbox 881 4608 938 4656; x_wconf 89' lang='lat' dir='ltr'><strong>res</strong></span> <span class='ocrx_word' id='word_1_363' title='bbox 965 4585 1154 4683; x_wconf 89' lang='lat' dir='ltr'><strong>proprium</strong></span> <span class='ocrx_word' id='word_1_364' title='bbox 1179 4583 1354 4683; x_wconf 90' lang='lat' dir='ltr'><strong>quiddam</strong></span> <span class='ocrx_word' id='word_1_365' title='bbox 1379 4583 1531 4679; x_wconf 87' lang='lat' dir='ltr'><strong>habeat,</strong></span> <span class='ocrx_word' id='word_1_366' title='bbox 1560 4610 1624 4685; x_wconf 91' lang='lat' dir='ltr'><strong>per</strong></span> <span class='ocrx_word' id='word_1_367' title='bbox 1646 4584 1747 4682; x_wconf 92' lang='lat' dir='ltr'><strong>quod</strong></span> <span class='ocrx_word' id='word_1_368' title='bbox 1772 4608 1794 4656; x_wconf 89' lang='lat' dir='ltr'><strong>a</strong></span> 
     </span>
     <span class='ocr_line' id='line_1_35' title="bbox 174 4698 1790 4798; baseline 0.001 -28"><span class='ocrx_word' id='word_1_369' title='bbox 174 4701 320 4772; x_wconf 85' lang='lat' dir='ltr'><strong>ceteris</strong></span> <span class='ocrx_word' id='word_1_370' title='bbox 353 4698 523 4773; x_wconf 88' lang='lat' dir='ltr'><strong>omnibus</strong></span> <span class='ocrx_word' id='word_1_371' title='bbox 560 4699 698 4793; x_wconf 78' lang='lat' dir='ltr'><strong>differt,</strong></span> <span class='ocrx_word' id='word_1_372' title='bbox 728 4724 795 4773; x_wconf 88' lang='lat' dir='ltr'><strong>nec</strong></span> <span class='ocrx_word' id='word_1_373' title='bbox 821 4699 923 4774; x_wconf 78' lang='lat' dir='ltr'><strong>facile</strong></span> <span class='ocrx_word' id='word_1_374' title='bbox 949 4700 993 4772; x_wconf 87' lang='lat' dir='ltr'><strong>sit</strong></span> <span class='ocrx_word' id='word_1_375' title='bbox 1016 4698 1347 4776; x_wconf 88' lang='lat' dir='ltr'><strong>dissimilitudinem</strong></span> <span class='ocrx_word' id='word_1_376' title='bbox 1372 4701 1409 4775; x_wconf 90' lang='lat' dir='ltr'><strong>in</strong></span> <span class='ocrx_word' id='word_1_377' title='bbox 1435 4703 1573 4778; x_wconf 86' lang='lat' dir='ltr'><strong>caeteris</strong></span> <span class='ocrx_word' id='word_1_378' title='bbox 1600 4704 1790 4798; x_wconf 82' lang='lat' dir='ltr'><strong>assignare.</strong></span> 
     </span>
    </p>
   </div>
   <div class='ocr_carea' id='block_1_7' title="bbox 169 5008 1793 5138">
    <p class='ocr_par' dir='ltr' id='par_1_7' title="bbox 169 5008 1793 5138">
     <span class='ocr_line' id='line_1_36' title="bbox 169 5008 1793 5138; baseline 0 -77"><span class='ocrx_word' id='word_1_379' title='bbox 169 5009 334 5138; x_wconf 65' lang='grc' dir='ltr'><strong>ωΙἸιΙιι..</strong></span> <span class='ocrx_word' id='word_1_380' title='bbox 352 5024 407 5075; x_wconf 79' lang='lat' dir='ltr'><strong>cap.</strong></span> <span class='ocrx_word' id='word_1_381' title='bbox 419 5024 458 5074; x_wconf 88' lang='lat' dir='ltr'><strong>ur,</strong></span> <span class='ocrx_word' id='word_1_382' title='bbox 470 5024 494 5062; x_wconf 86' lang='lat' dir='ltr'><strong>r.</strong></span> <span class='ocrx_word' id='word_1_383' title='bbox 506 5014 530 5063; x_wconf 83' lang='lat' dir='ltr'><strong>t.</strong></span> <span class='ocrx_word' id='word_1_384' title='bbox 543 5037 574 5049; x_wconf 96' lang='lat'><em>-</em></span> <span class='ocrx_word' id='word_1_385' title='bbox 585 5013 594 5042; x_wconf 85' lang='lat'>²</span> <span class='ocrx_word' id='word_1_386' title='bbox 605 5009 632 5062; x_wconf 88' lang='grc' dir='ltr'><strong>Ιιι</strong></span> <span class='ocrx_word' id='word_1_387' title='bbox 643 5013 731 5063; x_wconf 78' lang='lat' dir='ltr'><strong>Some.</strong></span> <span class='ocrx_word' id='word_1_388' title='bbox 745 5012 825 5076; x_wconf 73' lang='lat' dir='ltr'><strong>Scio..</strong></span> <span class='ocrx_word' id='word_1_389' title='bbox 837 5014 880 5064; x_wconf 83' lang='lat' dir='ltr'><strong>tn.</strong></span> <span class='ocrx_word' id='word_1_390' title='bbox 892 5012 913 5076; x_wconf 90' lang='lat'><strong>1,</strong></span> <span class='ocrx_word' id='word_1_391' title='bbox 925 5026 980 5077; x_wconf 72' lang='lat' dir='ltr'><strong>rap.</strong></span> <span class='ocrx_word' id='word_1_392' title='bbox 993 5025 1045 5065; x_wconf 82' lang='grc' dir='ltr'>ιιιι.</span> <span class='ocrx_word' id='word_1_393' title='bbox 1059 5040 1088 5051; x_wconf 84' lang='grc'>-</span> <span class='ocrx_word' id='word_1_394' title='bbox 1102 5013 1198 5078; x_wconf 67' lang='grc' dir='ltr'><strong>ὀρμ,</strong></span> <span class='ocrx_word' id='word_1_395' title='bbox 1210 5021 1229 5066; x_wconf 86' lang='grc' dir='ltr'><strong>ι,</strong></span> <span class='ocrx_word' id='word_1_396' title='bbox 1243 5011 1306 5062; x_wconf 82' lang='lat' dir='ltr'><strong>tut.</strong></span> <span class='ocrx_word' id='word_1_397' title='bbox 1321 5038 1349 5048; x_wconf 91' lang='lat'>-</span> <span class='ocrx_word' id='word_1_398' title='bbox 1362 5014 1370 5043; x_wconf 84' lang='lat'><strong>⁴</strong></span> <span class='ocrx_word' id='word_1_399' title='bbox 1381 5012 1514 5076; x_wconf 63' lang='lat' dir='ltr'><strong>loidrap.</strong></span> <span class='ocrx_word' id='word_1_400' title='bbox 1532 5024 1584 5062; x_wconf 84' lang='lat' dir='ltr'><strong>nr.</strong></span> <span class='ocrx_word' id='word_1_401' title='bbox 1607 5010 1684 5074; x_wconf 72' lang='lat' dir='ltr'><strong>opp,</strong></span> <span class='ocrx_word' id='word_1_402' title='bbox 1695 5018 1713 5059; x_wconf 84' lang='lat' dir='ltr'><strong>t.</strong></span> <span class='ocrx_word' id='word_1_403' title='bbox 1727 5008 1758 5061; x_wconf 84' lang='lat' dir='ltr'><strong>tt</strong></span> <span class='ocrx_word' id='word_1_404' title='bbox 1772 5011 1793 5070; x_wconf 83' lang='lat'><strong>1,</strong></span> 
     </span>
    </p>
   </div>
   <div class='ocr_carea' id='block_1_8' title="bbox 0 0 2284 6100">
    <p class='ocr_par' dir='ltr' id='par_1_8' title="bbox 0 0 2284 6100">
     <span class='ocr_line' id='line_1_37' title="bbox 0 0 2284 6100; baseline 0 16"><span class='ocrx_word' id='word_1_405' title='bbox 0 0 2284 6100; x_wconf 95' lang='lat' dir='ltr'><strong> </strong></span> 
     </span>
    </p>
   </div>
  </div>
 </body>
</html>
