4559 6100
1036 447 1164 522 Putat
1191 446 1421 522 sumttaut

1048 806 1230 897 CAPUT
1263 802 1411 895 xxtx.

1046 1026 1090 1083 De
1108 1034 1287 1082 sememonto
1309 1020 1419 1084 altaris.

477 1209 625 1300 Sequitur
641 1207 682 1277 de
695 1226 893 1275 sacramento
911 1209 1030 1274 altaris.
1044 1208 1147 1294 Hujus
1160 1206 1349 1273 sacramenti
1365 1226 1460 1271 causa
1476 1220 1524 1270 est
1534 1203 1689 1269 memoria
1705 1203 1816 1267 mortis
1830 1218 1862 1267 et
1875 1205 2033 1292 passionis

433 1309 561 1373 Christi.
579 1307 686 1389 Quam
701 1331 829 1372 causam
843 1309 989 1396 ipsemet,
1008 1304 1139 1394 quando
1153 1319 1389 1371 sacramentum
1403 1302 1489 1368 istud
1505 1302 1539 1366 in
1551 1324 1641 1366 ooena
1657 1300 1864 1382 consecravit,
1879 1301 2030 1366 omnibus

434 1405 569 1494 aperuit,
587 1427 661 1469 cum
677 1405 722 1468 ait
740 1427 747 1470 :
766 1405 1037 1492 Quotiescumque
1054 1403 1201 1484 feceritis,
1218 1403 1252 1465 in
1268 1402 1332 1466 mei
1348 1401 1537 1466 memoriam
1552 1398 1683 1465 facietis.
1697 1398 1751 1462 'Ex
1767 1399 1920 1462 memoria
1941 1399 2028 1462 enim

378 1549 382 1556 -
434 1502 610 1567 amicorum
626 1516 809 1566 nostrorum
825 1500 962 1566 multum
977 1499 1057 1565 solet
1073 1500 1107 1563 in
1123 1500 1218 1565 nobis
1230 1497 1358 1564 dilectio
1375 1520 1499 1563 eorum.
1518 1494 1571 1561 Ad
1587 1497 1741 1582 majorem
1752 1496 1848 1586 igitur
1862 1494 1911 1560 sui
1927 1494 2028 1560 dilec-

432 1600 553 1664 tionem
575 1597 761 1664 habendam
778 1596 841 1663 hoc
858 1613 1091 1664 sacramentum
1106 1597 1140 1660 in
1159 1596 1347 1661 memoriam
1363 1594 1411 1660 sui
1427 1592 1496 1659 fieri
1515 1594 1662 1658 instituit.
1687 1592 1738 1658 Sic
1758 1593 1844 1658 enim
1866 1593 1901 1656 in
1919 1614 2026 1656 sacra·

432 1713 542 1762 mento
556 1697 716 1761 Christum
732 1720 798 1785 prae
817 1696 916 1761 oculis
931 1694 1051 1759 habere
1066 1692 1233 1774 debemus,
1256 1710 1420 1781 tamquam
1437 1692 1480 1757 ad
1493 1691 1673 1782 passionem
1689 1690 1834 1771 ductum,
1854 1713 1981 1780 passum
1997 1706 2029 1754 et

433 1792 618 1858 crucifixum
632 1817 692 1883 pro
708 1794 819 1875 nobis;
837 1817 908 1882 quae
929 1791 1169 1882 repraesentatio
1190 1790 1369 1856 dilectionis
1385 1788 1468 1854 illius
1483 1813 1544 1854 nos
1558 1810 1716 1853 memores
1732 1787 1825 1867 facit,
1846 1809 1944 1877 quam
1959 1785 2027 1876 ipse

432 1889 526 1953 nobis
542 1889 700 1954 exhibuit.
716 1888 812 1954 Unde
836 1906 868 1954 et
890 1889 1004 1974 majori
1027 1887 1199 1953 dilectione
1217 1887 1259 1952 ad
1280 1910 1354 1952 eum
1376 1885 1635 1978 amplectendum
1654 1900 1687 1950 ct
1708 1908 1768 1975 pro
1785 1907 1824 1949 eo
1840 1882 2027 1975 patiendum

434 1984 657 2068 accendimur;
674 2009 745 2073 quae
760 1988 878 2051 vicaria
895 1985 1024 2051 dilectio
1044 2000 1077 2049 et
1092 1985 1184 2049 illum
1205 1986 1298 2050 nobis
1318 2001 1350 2051 et
1370 2008 1429 2049 nos
1444 1983 1490 2048 illi
1507 1983 1683 2074 conjungit.
1702 1984 1773 2048 Hoc
1794 1996 2027 2047 sacramentum

432 2082 466 2144 in
488 2105 572 2172 pane
588 2098 620 2148 et
635 2084 711 2148 rino
728 2081 917 2149 celebratur.
935 2081 1032 2148 Unde
1048 2081 1248 2163 notandum,
1273 2081 1361 2172 quod
1381 2082 1472 2172 panis
1487 2081 1540 2146 ille
1557 2096 1631 2145 ante
1647 2080 1921 2145 consecrationem
1937 2079 2026 2168 panis

434 2195 494 2261 est,
517 2195 549 2245 et
565 2181 677 2245 vinum
693 2179 837 2245 similiter
852 2181 962 2245 vinum
981 2196 1029 2245 est
1047 2203 1055 2245 ι
1073 2196 1147 2271 post
1168 2180 1441 2246 consecrationem
1461 2201 1539 2244 vero
1562 2193 1595 2242 et
1613 2178 1704 2268 panis
1725 2198 1841 2267 corpus
1862 2176 1976 2240 Christi
1996 2192 2029 2240 et

432 2276 544 2342 vinum
560 2280 699 2370 sanguis.
725 2278 777 2343 Sic
792 2279 888 2368 igitur
903 2300 1014 2343 vemm
1029 2300 1145 2367 corpus
1161 2277 1277 2342 Christi
1293 2292 1352 2360 est,
1369 2280 1436 2342 imo
1451 2277 1518 2366 ipse
1534 2276 1686 2340 Christus.
1707 2275 1778 2338 Hoc
1794 2296 1909 2364 corpus
1924 2296 2028 2338 sacra-

432 2391 579 2439 mentum
600 2393 646 2440 est
661 2375 745 2440 illius
763 2375 906 2464 corporis
921 2376 1052 2457 Christi,
1072 2375 1160 2464 quod
1177 2391 1224 2441 est
1246 2374 1387 2442 Ecclesia
1407 2375 1503 2464 :qnia
1527 2375 1607 2439 sicut
1622 2374 1685 2436 hoc
1705 2394 1839 2463 eorpus,
1861 2372 1949 2460 quod
1962 2372 2033 2459 ipse

435 2472 579 2536 assumsit
591 2471 632 2537 de
643 2472 787 2563 Virgine,
800 2473 900 2537 habet
914 2473 1062 2537 membra
1079 2472 1214 2554 diversa,
1233 2496 1370 2561 quorum
1387 2471 1448 2537 alia
1465 2470 1533 2535 aliis
1548 2487 1661 2535 mutuo
1677 2469 1852 2534 necessaria
1868 2484 1970 2549 erant,
1985 2470 2030 2532 sic

433 2569 496 2631 hoc
522 2591 656 2657 corpus,
684 2568 773 2657 quod
799 2585 847 2633 est
872 2569 1025 2635 Ecclesia.
1051 2569 1148 2635 Unde
1170 2585 1202 2634 et
1224 2570 1396 2658 Apostolus
1417 2568 1592 2634 Ecclesiam
1613 2567 1703 2656 quasi
1725 2564 1889 2653 quoddam
1912 2565 2029 2630 animal

435 2662 586 2728 describit
599 2661 724 2730 habens
741 2681 837 2755 caput
852 2688 962 2747 suum,
979 2667 1085 2755 ipsum
1103 2665 1223 2730 scilicet
1238 2667 1414 2749 Christum,
1433 2665 1543 2732 oculos
1559 2663 1714 2756 spiritales
1728 2662 1876 2754 praelatos
1892 2664 1950 2752 qui
1963 2663 2034 2728 aliis

435 2758 625 2849 prevident,
644 2784 757 2826 manus
769 2763 855 2851 ipsos
871 2779 1067 2851 operatores,
1084 2761 1183 2852 pedes
1198 2763 1284 2853 ipsos
1299 2764 1440 2829 minores
1453 2765 1509 2852 qui
1525 2762 1567 2828 ad
1583 2785 1699 2853 corpus
1714 2759 1908 2853 portandum
1924 2784 2031 2826 neces·

435 2855 508 2921 sarii
525 2872 611 2922 sunt.
630 2856 681 2923 Sic
697 2858 783 2922 enim
799 2859 923 2924 alterno
940 2858 1086 2949 indigent
1103 2858 1302 2945 adjumento,
1320 2876 1357 2924 ut
1374 2876 1406 2925 et
1420 2862 1557 2946 majores
1571 2860 1750 2926 minoribus
1761 2874 1794 2923 et
1805 2858 1945 2923 nunores
1961 2881 2032 2922 ma·

432 2953 556 3039 joribus
570 2953 708 3020 vicissim
719 2955 921 3045 suppeditare
938 2971 1098 3047 oporteat.
1116 2956 1168 3022 Sic
1184 2958 1320 3023 enimin
1336 2980 1470 3048 corpore
1486 2960 1630 3024 humano
1640 2957 1797 3038 videmus,
1816 2955 1905 3044 quod
1921 2955 2030 3022 oculos

434 3051 582 3118 manibus
607 3070 640 3119 et
655 3075 673 3119 e
692 3076 859 3135 converso,
877 3071 910 3120 et
930 3078 1044 3119 manus
1059 3054 1196 3145 pedibus
1212 3073 1245 3122 et
1260 3079 1279 3122 e
1295 3079 1449 3123 converso
1465 3057 1704 3122 subministrare
1720 3054 1924 3121 conveniant.
1947 3054 2030 3119 San·

434 3151 503 3242 guis
525 3166 633 3217 autem
646 3168 881 3218 sacramentum
898 3153 1025 3242 spiritus
1045 3152 1214 3235 Ecclesiae,
1232 3153 1320 3242 quod
1340 3178 1399 3245 per
1414 3155 1631 3245 septiformem
1652 3154 1788 3245 gratiam
1808 3175 1881 3217 eam
1896 3150 2030 3217 vivificat

436 3265 468 3312 et
489 3249 524 3314 in
543 3272 582 3314 ea
603 3266 765 3340 operatur.
784 3248 872 3314 Sicut
891 3251 996 3330 enim,
1013 3267 1051 3315 ut
1067 3250 1111 3315 ait
1126 3252 1333 3341 Augustinus,
1351 3253 1459 3317 anima
1472 3253 1538 3317 vita
1555 3268 1604 3318 est
1623 3250 1783 3342 corporis,
1800 3250 1844 3315 ita
1865 3250 1953 3315 Deus
1967 3252 2031 3315 vita

437 3361 483 3410 est
499 3347 626 3412 animae.
645 3347 686 3411 Et
705 3347 790 3412 bene
805 3369 864 3436 per
880 3349 1069 3438 sanguinem
1084 3347 1272 3414 vivificatrix
1291 3349 1345 3414 illa
1361 3352 1462 3441 gratia
1478 3348 1683 3441 significatur,
1701 3349 1776 3436 quia
1795 3348 1951 3433 majorem
1965 3349 2031 3412 vim

437 3458 468 3507 et
490 3441 665 3510 efficaciam
686 3444 786 3508 habet
808 3445 915 3508 anima
938 3446 973 3509 in
997 3447 1169 3536 sanguine,
1196 3470 1294 3536 quarn
1319 3449 1353 3512 in
1379 3448 1442 3512 alio
1467 3448 1575 3537 aliquo
1597 3448 1747 3512 humore.
1769 3443 1866 3509 Unde
1883 3445 2031 3535 Moyses:

436 3539 570 3622 Anima,
588 3541 710 3630 inquit,
728 3541 944 3631 cujuscunque
956 3543 1059 3608 carnis
1077 3544 1112 3608 in
1129 3546 1284 3635 sanguine
1299 3561 1358 3610 est.
1382 3544 1441 3611 Illa
1462 3569 1543 3612 vero
1559 3544 1723 3636 perceptio
1747 3558 1780 3608 et
1799 3542 2028 3633 incorporatio,

437 3659 508 3723 quae
530 3652 578 3701 est
592 3637 627 3701 in
644 3636 834 3702 assumendo
850 3636 930 3704 illud
947 3656 1199 3724 sacramentum,
1219 3657 1267 3706 est
1281 3642 1408 3706 unionis
1423 3659 1456 3708 et
1470 3642 1754 3732 incorporationis,
1770 3662 1842 3729 quae
1863 3657 1911 3706 est
1926 3663 2030 3706 mem·

437 3732 571 3797 brorum
593 3732 636 3798 ad
651 3750 759 3824 caput.
782 3734 867 3800 Nam
888 3735 1019 3824 quando
1036 3737 1149 3827 aliquis
1168 3738 1292 3804 accedit
1311 3738 1353 3804 ad
1370 3737 1450 3805 illud
1475 3738 1712 3820 assumendum,
1732 3737 1889 3817 ostendit,
1906 3762 1940 3804 se
1965 3761 2030 3803 non

438 3845 514 3893 tunc
527 3828 653 3893 Christo
663 3832 748 3894 uniri
763 3831 820 3896 sed
833 3834 902 3918 jam
916 3833 1025 3923 perfici
1041 3851 1074 3899 et
1084 3834 1291 3902 dilectionem
1309 3837 1432 3902 unitam
1448 3860 1515 3902 esse
1531 3852 1564 3903 et
1578 3839 1611 3901 in
1627 3835 1780 3902 membris
1795 3836 1861 3920 ejus
1873 3835 2027 3899 transisse.

439 3926 487 3989 De
502 3926 613 3991 haere
628 3926 722 4013 hujus
737 3931 926 3994 sacramenti
946 3930 1027 3996 dixit
1041 3933 1199 3998 Dominus
1214 3950 1344 4001 noster:
1362 3935 1426 4017 Qui
1445 3934 1618 4000 manducat
1633 3956 1763 3998 carnem
1779 3954 1883 3997 meam
1902 3946 1934 3996 et
1948 3930 2033 3997 bibit

439 4024 628 4114 sanguinem
647 4046 774 4107 meum,
796 4027 830 4090 in
848 4049 900 4091 me
916 4044 1037 4093 manet.
1055 4029 1131 4095 Non
1155 4029 1196 4096 de
1212 4048 1411 4098 sacramento
1432 4032 1528 4114 dixit,
1547 4033 1620 4122 quia
1644 4032 1736 4097 multi
1755 4030 1797 4097 de
1818 4051 1952 4120 corpore
1975 4053 2036 4096 suo

440 4137 525 4203 sunt,
544 4121 599 4210 qui
609 4121 674 4186 hoc
689 4140 923 4188 sacramentum
937 4148 1004 4190 non
1022 4127 1193 4216 accipiunt,
1206 4144 1239 4193 et
1255 4129 1347 4193 multi
1364 4131 1534 4220 accipiunt,
1553 4130 1607 4224 qui
1623 4132 1689 4215 ejus
1704 4128 1848 4195 membra
1866 4151 1933 4193 non
1949 4145 2032 4194 sunt.

441 4218 574 4308 Accepit
590 4218 676 4283 enhn
691 4217 790 4283 iudas
803 4220 868 4284 hoc
879 4238 1125 4306 sacramentum,
1144 4226 1225 4289 sicut
1236 4225 1349 4292 Petrus
1369 4250 1377 4292 ε
1396 4227 1452 4292 sed
1468 4251 1551 4292 unus
1567 4227 1609 4293 ad
1625 4227 1771 4309 salutem,
1790 4227 1870 4291 alter
1886 4226 1928 4291 ad
1944 4250 2033 4292 mor·

441 4333 518 4382 tem.
536 4316 645 4398 Quare
660 4316 762 4408 magis
778 4318 812 4381 in
834 4341 918 4407 pane
941 4335 974 4384 et
989 4319 1065 4385 rino
1080 4320 1184 4385 voluit
1198 4324 1262 4387 hoc
1282 4340 1518 4390 sacramentum
1535 4325 1674 4407 tradere,
1693 4349 1790 4416 quam
1806 4326 1838 4389 in
1857 4325 1925 4390 aliis
1943 4324 2033 4403 cibis,

441 4412 522 4478 solet
532 4412 643 4503 quaeri.
661 4411 725 4478 Sed
737 4416 940 4482 manifestum
955 4432 1013 4500 est,
1031 4417 1120 4507 quod
1131 4420 1224 4508 panis
1236 4419 1372 4486 validior
1384 4437 1431 4486 est
1447 4421 1536 4487 cibus
1551 4423 1701 4489 omnibus
1714 4422 1783 4487 aliis
1796 4423 1877 4488 cibis
1892 4438 1925 4488 et
1936 4423 2036 4514 magis

441 4524 607 4575 sustentat.
623 4508 719 4576 Unde
734 4533 796 4578 nec
811 4511 907 4603 plena
921 4514 1055 4581 refectio
1074 4538 1135 4581 nec
1152 4518 1244 4606 copia
1265 4525 1383 4583 mense
1398 4536 1505 4607 potest
1520 4542 1587 4586 esse
1610 4520 1677 4586 sine
1695 4543 1792 4611 pane.
1810 4519 1891 4585 [nde
1907 4543 2035 4609 quoque

441 4607 604 4698 Propheta
623 4630 631 4671 t
649 4607 691 4672 Et
705 4609 809 4697 panis,
827 4611 942 4699 inquit,
960 4635 1017 4677 cor
1029 4613 1170 4678 hominis
1185 4614 1363 4681 confirmat.
1383 4615 1494 4681 Voluit
1509 4617 1606 4706 igitur
1621 4618 1746 4684 tradere
1762 4640 1877 4708 corpus
1892 4618 2034 4681 suumin

442 4706 546 4794 specie
572 4705 664 4795 panis
688 4706 911 4796 potiusquam
934 4708 1063 4775 alterius
1083 4710 1160 4794 cibi,
1185 4728 1221 4777 ut
1236 4730 1345 4803 aperte
1363 4713 1454 4780 daret
1477 4715 1622 4806 intelligi,
1650 4715 1738 4804 quod
1763 4716 1845 4780 sicut
1863 4716 1954 4780 cibus
1977 4716 2036 4781 iste

442 4802 593 4891 praevalet
607 4803 641 4867 in
658 4804 887 4870 sustentatione
902 4808 1029 4896 corpori
1047 4808 1312 4891 administranda,
1330 4813 1375 4877 sic
1388 4829 1622 4878 sacramentnm
1637 4812 1723 4878 istud
1739 4836 1806 4904 prae
1822 4814 1935 4878 ceteris
1949 4812 2035 4879 valet

443 4898 477 4960 in
498 4897 669 4966 dilectione
688 4900 761 4981 Dei,
786 4923 857 4989 quae
874 4904 1060 4969 sustentatio
1076 4921 1125 4970 est
1143 4905 1258 4971 animae
1273 4908 1308 4974 in
1329 4909 1423 4975 nobis
1445 4909 1694 5000 augmentanda.
1713 4913 1752 4975 In
1767 4910 1858 4976 nullo
1877 4911 2035 5000 siquidem

443 4992 579 5059 aliorum
598 5012 723 5063 tantum
744 4998 811 5083 ejus
834 4997 1005 5066 dilectione
1027 5000 1195 5089 afficimur,
1220 5007 1431 5093 quantumin
1452 5005 1524 5073 isto.
1543 5010 1581 5073 In
1599 5009 1676 5074 vino
1697 5031 1826 5098 quoque
1847 5009 2036 5098 sanguinem
