4559 6100
698 596 742 670 ΙΝ
767 593 1012 668 uetstotttt
1039 595 1098 668 tt)
1124 596 1352 671 ROMANOS.
1757 596 1831 668 253

732 1119 949 1240 LIBER
999 1116 1329 1239 TERTIUS.

281 1475 520 1544 «Humanum
537 1469 634 1543 dieo.
651 1503 669 1539 »
689 1469 926 1544 Adhortando
943 1495 1021 1564 vos,
1047 1483 1088 1542 ut
1109 1471 1205 1543 inea
1225 1471 1471 1570 perseveretis,
1488 1487 1524 1544 et
1540 1471 1625 1571 quia
1644 1496 1710 1546 vos
1729 1472 1831 1546 infir-

228 1616 309 1666 mos
332 1592 454 1664 adhue
474 1607 510 1665 et
533 1593 693 1666 carnales
719 1592 876 1685 intueor,
904 1590 943 1663 id
965 1605 1031 1681 est,
1056 1616 1195 1691 pronos
1221 1590 1335 1665 relabi
1360 1592 1406 1664 ad
1434 1607 1594 1691 peccata,
1622 1592 1832 1670 humanitus

228 1711 333 1785 robis
346 1711 490 1809 loquor,
508 1711 546 1784 id
562 1725 627 1800 est,
647 1712 827 1786 remissius
843 1736 952 1811 quam
965 1712 1104 1808 justum
1117 1712 1176 1804 sit,
1196 1725 1237 1783 ut
1255 1711 1421 1784 videlicet
1438 1713 1468 1785 si
1492 1737 1569 1785 non
1585 1712 1680 1812 plus,
1704 1714 1830 1788 saltem

228 1846 370 1905 tautum
382 1830 553 1903 studeatis
571 1830 721 1930 implere
729 1856 841 1932 opera
852 1831 1011 1928 justitiae,
1030 1846 1207 1929 quantum
1225 1830 1408 1904 studuistis
1433 1831 1612 1930 iniquitati
1635 1832 1826 1906 deservire.

228 1956 272 2026 Et
287 1951 360 2025 hoc
376 1966 429 2024 est
445 1950 535 2023 illud
552 1951 761 2025 humanitus
776 1952 928 2043 dietum,
950 1981 968 2018 a
980 1966 1129 2052 propter
1150 1950 1396 2025 infirmitatem
1413 1952 1630 2025 carnalitatis
1648 1977 1791 2046 eorum,
1809 1986 1827 2022 a

227 2071 266 2143 id
290 2085 356 2165 est,
384 2095 494 2170 quam
521 2095 565 2144 ex
587 2069 794 2145 ‘carnalibus
823 2071 971 2144 trahunt
995 2069 1193 2160 desideriis,
1220 2070 1322 2170 quod
1350 2071 1469 2144 statim
1495 2071 1658 2169 adjungit
1674 2070 1826 2145 dicens:

229 2191 490 2264 «sicutenim.
512 2219 531 2260 u
549 2194 600 2264 de
617 2193 649 2264 si
664 2192 800 2265 diceret
820 2220 829 2262 ε
848 2197 941 2265 Vere
956 2189 1160 2265 humanum
1181 2191 1286 2265 vobis
1302 2191 1400 2286 dico,
1419 2191 1520 2290 quod
1543 2195 1616 2264 est¹
1641 2191 1827 2288 videlicet,

226 2311 320 2385 sieut
337 2310 425 2383 olim
446 2310 700 2404 «exhibuistis,
717 2339 736 2380 »
755 2311 793 2384 id
807 2326 873 2406 est,
891 2325 1013 2411 aperte
1029 2326 1136 2410 atque
1146 2312 1376 2412 impudenter
1386 2312 1622 2413 praeparastis,
1640 2312 1830 2384 «membra

226 2445 346 2503 restra
362 2431 494 2505 servire
509 2431 759 2522 immunditiae,
771 2460 789 2497 a
810 2431 914 2505 idest
930 2431 1134 2504 carnalibus
1151 2429 1450 2531 turpitudinibus,
1470 2430 1618 2506 luxuriae
1640 2430 1697 2502 vel
1723 2430 1827 2529 gulae,

228 2577 248 2617 a
269 2564 306 2622 et
330 2551 524 2649 iniquitati,
545 2579 564 2621 u
582 2550 620 2624 id
636 2565 690 2625 est
704 2549 922 2650 spiritalibus
938 2551 1048 2646 vitiis,
1063 2551 1156 2624 sicut
1174 2566 1228 2624 est
1243 2552 1296 2623 ira
1310 2547 1369 2623 vel
1386 2548 1513 2622 odium
1528 2550 1566 2622 iu
1584 2550 1750 2642 alterum,
1766 2575 1831 2624 seu

226 2668 405 2769 cupiditas
422 2672 475 2744 rei
488 2672 631 2745 alienae:
651 2672 733 2760 illis,
752 2673 914 2770 iuquam,
934 2671 1145 2744 exhibuistis
1161 2671 1292 2745 servire
1304 2668 1352 2744 ad
1364 2670 1591 2768 iniquitatem
1601 2671 1735 2744 seilicet
1748 2697 1831 2772 per·

224 2789 454 2887 petrandam,
471 2804 512 2863 ut
528 2790 692 2865 videlicet
708 2816 917 2889 perversum
933 2791 1064 2863 mentis
1089 2788 1307 2863 desiderium
1325 2788 1549 2862 ineffectum
1570 2789 1760 2882 duceretis,
1781 2794 1832 2867 ita

223 2923 423 3008 preparate
438 2934 536 2984 nuuc
549 2910 609 2984 illa
628 2938 646 2980 a
658 2911 790 2984 servire
804 2910 962 3008 justitiae,
976 2939 994 2978 »
1004 2908 1043 2983 id
1051 2923 1105 2983 est
1108 2909 1214 3022 justis
1223 2908 1408 2982 desideriis
1420 2938 1438 2975 a
1450 2909 1488 2981 in
1499 2909 1796 3005 sanctificatione,
1810 2940 1829 2981 u

221 3027 264 3102 id
281 3044 347 3120 est,
367 3032 406 3103 in
422 3030 589 3106 ellectum
607 3032 721 3107 saneti
734 3032 868 3134 operis.
884 3032 956 3121 Qui
972 3056 1049 3104 uon
1063 3044 1138 3104 tam
1150 3055 1195 3103 ex
1211 3028 1417 3104 infirmitate
1428 3056 1539 3130 quam
1554 3057 1596 3105 ex
1615 3029 1734 3105 studio
1749 3058 1833 3132 pee-

220 3167 323 3244 eant,
344 3152 508 3226 membra
521 3177 587 3227 sua
597 3169 802 3255 praeparant
817 3153 865 3228 ad
881 3153 1132 3252 iniquitatemz
1152 3153 1244 3226 sieut
1267 3152 1435 3226 nonnulli
1460 3151 1584 3226 calidis
1609 3169 1771 3247 utuntur,
1793 3171 1833 3229 ut

216 3271 387 3365 luxuriae,
400 3274 458 3346 vel
473 3272 586 3366 salsis,
600 3273 657 3346 rel
675 3274 780 3374 potui
793 3298 922 3347 vacare
939 3273 1073 3345 diutius
1089 3272 1242 3372 possint,
1256 3285 1366 3370 atque
1378 3272 1458 3370 ipsa
1470 3272 1526 3344 sui
1536 3275 1700 3373 eorporis
1717 3299 1832 3348 mem·

216 3387 292 3464 bra
307 3416 400 3492 saepe
415 3407 542 3466 eontra
557 3394 720 3492 ipsorum
731 3407 897 3467 naturam
910 3390 958 3466 ad
970 3391 1213 3492 turpitudines
1226 3404 1374 3489 coguut.
1392 3392 1542 3463 Manum
1558 3416 1705 3491 quoque
1725 3416 1829 3466 suam

213 3509 272 3584 ad
299 3513 525 3611 iniquitatem
548 3511 828 3613 perpetrandam
845 3525 1034 3612 praeparat,
1060 3511 1090 3583 si
1113 3511 1148 3582 ei
1168 3508 1328 3608 gladium
1344 3508 1524 3610 providet,
1550 3534 1660 3609 quem
1684 3513 1723 3583 in
1743 3537 1828 3587 eum

212 3655 336 3728 quem
354 3632 431 3706 odit
447 3647 622 3715 exerceat.
642 3636 671 3704 Ε
687 3633 870 3705 contrario
887 3629 1053 3704 membra
1066 3653 1132 3703 sua
1144 3630 1288 3726 justitia
1306 3643 1494 3729 praeparat,
1518 3629 1549 3701 si
1566 3653 1607 3702 ea
1622 3630 1672 3703 sic
1689 3645 1826 3732 tempe-

209 3774 304 3823 rare
323 3752 452 3851 satagit
471 3767 506 3825 et
522 3777 702 3845 coercere,
727 3777 775 3825 ne
790 3749 838 3824 ad
854 3749 975 3825 illicita
989 3762 1242 3850 prorumpant,
1265 3746 1329 3821 sed
1351 3746 1398 3819 ad
1415 3771 1590 3821 eoronam
1610 3749 1824 3849 proficiant,

208 3869 358 3969 quibus
374 3872 523 3970 quidem
539 3896 623 3945 eum
644 3872 763 3971 potuit
783 3896 859 3944 non
878 3886 931 3944 est
949 3885 1201 3969 transgressus,
1226 3868 1340 3940 immo
1366 3867 1515 3940 viriliter
1539 3868 1578 3940 iu
1601 3869 1653 3942 eis
1680 3890 1828 3946 omnem

202 4015 344 4091 pravae
370 3993 605 4090 suggestionis
630 3993 807 4092 impetum
832 3991 1012 4085 exstinxit,
1030 4004 1066 4063 et
1082 4014 1162 4089 quae
1187 3989 1239 4062 eis
1265 3987 1383 4087 potuit
1407 3987 1456 4061 ad
1481 3986 1576 4061 bene
1601 3993 1827 4090 operandum

204 4112 453 4206 monstravit,
471 4126 513 4184 ut
530 4111 644 4185 oeulis
659 4134 777 4185 sacras
791 4109 939 4203 litteras,
962 4108 1109 4183 auribus
1130 4109 1316 4200 lectiones,
1336 4107 1503 4181 manibus
1520 4108 1827 4210 eleemosynarum

202 4241 381 4304 munera
391 4231 447 4304 vel
463 4230 619 4329 religiosi
632 4230 767 4305 laboris
776 4231 1026 4304 instrumenta.

260 4350 400 4423 'eCum
414 4351 524 4422 enirn.
542 4378 559 4419 s
580 4355 674 4425 Bene
691 4349 784 4441 dixi,
803 4350 889 4449 quia
910 4349 1050 4423 liberati
1072 4347 1186 4421 modo
1208 4362 1410 4448 apeceato,
1438 4349 1530 4421 servi
1555 4350 1637 4423 sacti
1660 4354 1742 4425 estis
1762 4355 1829 4452 ju-

196 4471 341 4561 stitiae,
361 4470 478 4569 quiae
492 4470 674 4543 contrario
692 4468 780 4542 olim
796 4469 890 4543 servi
908 4468 1115 4561 exsistentes
1128 4466 1266 4567 peceati
1280 4466 1384 4540 liberi
1399 4466 1670 4565 luistisjustitiae,
1685 4472 1724 4544 id
1741 4489 1828 4548 esta

192 4590 370 4665 servitio
385 4590 528 4687 justitiae
542 4590 661 4662 alieni.
681 4594 798 4663 Locus
813 4614 835 4664 a
851 4589 1054 4663 contrariis.
1071 4588 1170 4660 Sicut
1186 4611 1309 4660 servus
1321 4587 1465 4684 justitiae
1485 4587 1617 4662 dieitur
1632 4593 1695 4690 qui
1719 4593 1752 4666 ei
1773 4594 1828 4667 sa·
1948 4600 1955 4619 '

191 4710 397 4802 mulatur,
410 4710 460 4782 ita
476 4735 497 4782 e
513 4710 696 4783 contrario
711 4708 803 4781 liber
818 4710 895 4806 ejus
909 4708 1039 4782 dicitur
1050 4709 1113 4806 qui
1128 4706 1176 4780 ab
1193 4707 1270 4805 ejus
1288 4708 1434 4780 servitio
1448 4722 1609 4782 remotus
1620 4725 1686 4805 est,
1702 4711 1741 4785 id
1759 4726 1823 4803 est,

188 4833 268 4931 qui
289 4828 550 4929 eam'implere
566 4855 642 4903 non
655 4843 770 4904 curat.
792 4834 939 4919 «Quem
955 4853 1054 4926 ergo.
1075 4859 1093 4896 a
1114 4826 1156 4901 ld
1171 4841 1236 4919 est,
1256 4825 1554 4926 quandoquidem
1574 4830 1660 4902 olim
1679 4831 1727 4903 ita
1742 4855 1826 4930 pee-

186 4965 293 5026 cato
315 4950 482 5022 servistis
505 4974 528 5023 a
547 4950 683 5047 justitia
707 4950 850 5049 penitus
865 4951 985 5039 alieni,
1006 4974 1115 5048 quem
1131 4963 1219 5020 tunc
1242 4947 1412 5040 fructum,
1431 4947 1470 5020 id
1485 4961 1540 5021 est
1556 4950 1744 5021 utilitatem
1760 4949 1824 5023 ha·

222 5242 230 5268 ·
244 5235 333 5286 1210
351 5232 467 5282 amma.
483 5231 550 5293 oasa
563 5231 608 5284 aas
618 5237 648 5297 aa
661 5200 785 5284 unetos
