4559 6100
747 553 1001 627 innocuum
1036 551 1307 628 CHRlS'ff'ANA.
1751 554 1823 625 tto

232 704 402 804 elephans
437 720 555 799 natat,
583 722 619 781 et
647 731 761 805 agnus
790 706 976 779 ambulat?
1002 707 1112 801 anns
1142 705 1288 803 quidem
1318 704 1548 800 intelligentia
1580 672 1629 778 ita
1659 706 1822 778 omniurn

232 825 485 898 alimentorum
512 841 548 899 et
574 826 920 925 deliciurnmcopiis
945 824 1138 916 exuberat,
1168 840 1209 898 ut
1235 825 1311 896 sola
1337 825 1413 923 ipsa
1440 823 1581 922 triplici
1600 826 1823 923 expositione

230 944 487 1042 perfectionem
510 960 628 1018 teneat
649 946 833 1038 doctrinae,
858 947 895 1017 in
918 969 989 1043 qua
1006 943 1175 1043 quislibet
1192 957 1228 1016 et
1247 943 1449 1016 dictaminis
1466 944 1688 1034 suavitatem,
1708 947 1821 1017 multo

230 1064 383 1163 amplius
402 1080 511 1163 atque
534 1064 682 1158 facilius,-
707 1091 815 1164 quam
839 1065 936 1165 apud
959 1079 1084 1164 poetas
1106 1063 1320 1151 addisceret,
1345 1077 1381 1135 et
1405 1062 1512 1135 simul
1537 1087 1680 1135 morum
1706 1063 1823 1136 hone·

229 1197 370 1275 statem,
388 1200 421 1257 et
439 1184 713 1258 aedificationem
724 1188 853 1260 animae
866 1188 972 1286 plene
985 1186 1196 1285 perciperet.
1209 1184 1506 1274 Quisenim,non
1520 1182 1603 1254 dico
1618 1197 1820 1282 poetarum,

228 1305 479 1376 verumetiam
501 1305 800 1405 philosophorum
824 1307 1030 1378 maturitate
1053 1304 1257 1378 dictaminis
1278 1304 1425 1376 beatum
1447 1305 1721 1401 Hieronymum,
1742 1307 1822 1402 quis

228 1422 264 1492 in
293 1426 465 1497 suavitate
489 1425 636 1498 beatum
664 1428 899 1524 Gregorium,
928 1427 1008 1524 quis
1032 1427 1068 1497 iu
1093 1424 1288 1497 subtilitate
1309 1425 1456 1496 beatum
1482 1425 1677 1523 aequiparet
1703 1429 1821 1523 bugn-

227 1544 379 1615 stinum?
410 1550 457 1616 ln·
475 1545 535 1617 illo
562 1545 710 1643 quidem
738 1547 924 1619 Ciceronis
951 1546 1213 1644 eloquentiam,
1245 1547 1281 1616 in
1311 1546 1385 1617 istis
1412 1545 1523 1618 Boetii
1552 1549 1760 1618 soaiitatern
1786 1563 1821 1620 et

229 1664 422 1736 Aristotelis
451 1665 610 1737 invenies
631 1665 884 1756 subtilitatem3
910 1682 958 1759 et,
987 1668 1024 1739 ni
1049 1667 1171 1759 fallor,
1201 1665 1315 1737 multo
1344 1665 1513 1764 amplius,
1540 1666 1567 1736 si
1596 1667 1819 1762 singulorum

225 1782 389 1855 conferas
406 1786 548 1883 scripta.
570 1786 667 1873 Quid
684 1785 730 1859 (16
748 1788 955 1884 eloquentia
971 1787 1139 1884 Cypriani
1159 1787 1232 1857 sive
1248 1784 1412 1880 Origcnis
1428 1799 1463 1856 et
1478 1784 1819 1858 alioruminnume·

226 1899 392 1974 rabilium
430 1903 751 1977 ecclesiasticorum
780 1906 997 1993 doctorum,
1031 1920 1103 1978 tam
1128 1908 1336 1976 Graecorum
1372 1929 1482 2001 quam
1519 1905 1764 1996 latinorum,
1780 1907 1817 1977 in

224 2021 393 2093 omnibus
419 2022 619 2095 liberalium
646 2026 777 2096 artium
803 2025 929 2097 studiis
954 2024 1304 2097 eruditissimorum?
1321 2023 1539 2122 Cypriorum
1564 2024 1601 2094 in
1626 2023 1819 2097 dictamine

222 2165 350 2212 omnes
367 2142 627 2215 transcendisse
645 2143 804 2239 gentiles,
828 2131 989 2243 ipsorum
1012 2169 1158 2242 quoque
1180 2143 1364 2239 gentilium
1379 2143 1530 2241 judicic,
1550 2142 1675 2215 beatus
1696 2147 1818 2217 asserit

221 2261 450 2356 Augustinus.
484 2261 552 2333 Ubi
579 2263 744 2359 quaedam
777 2263 873 2337 dicta
901 2264 1087 2361 cujusdam
1122 2264 1278 2361 epistolae
1306 2263 1474 2362 Cypriani
1510 2261 1658 2334 inducta
1686 2279 1769 2335 sunt
1797 2291 1815 2337 a

220 2378 432 2452 Christianis
446 2382 483 2453 in
500 2383 617 2480 ipsum
632 2384 836 2455 certaminis
852 2385 1063 2457 conflictum
1080 2383 1175 2456 inter
1188 2382 1401 2454 christianos
1417 2396 1452 2454 et
1470 2379 1619 2477 gentiles
1636 2381 1812 2470 habitum,

220 2499 285 2595 qni
310 2500 356 2571 de
382 2525 507 2572 eorum
531 2501 743 2575 doctoribus
769 2507 805 2574 in
828 2502 998 2575 dictando
1026 2502 1302 2602 praevaluissent.
1327 2505 1418 2574 Sunt
1435 2516 1555 2575 autem
1575 2503 1652 2574 baec
1673 2503 1731 2576 illa
1748 2508 1812 2600 Cy·

219 2620 337 2713 priani
364 2619 472 2691 rerba
497 2620 649 2693 dicentis
673 2622 834 2719 quodam
859 2622 969 2695 loco:
999 2628 1198 2695 «Petamus
1227 2621 1320 2694 hanc
1347 2622 1497 2694 sedem:
1523 2621 1612 2693 dant
1638 2646 1814 2695 secessum

219 2739 336 2811 vicina
361 2754 506 2830 secreta,
536 2738 599 2811 ubi
621 2740 710 2820 dnm
733 2742 873 2813 erratici
895 2741 1084 2840 palmitum
1109 2742 1230 2839 lapsus
1253 2741 1419 2840 pendulis
1446 2739 1594 2812 neribus
1621 2767 1685 2838 per
1706 2767 1814 2814 arun-

216 2859 323 2930 dines
339 2857 476 2956 bajulas
492 2872 636 2958 repnnt,
658 2860 789 2932 viteam
808 2861 987 2959 porticum
1006 2861 1157 2935 frondea
1173 2877 1267 2934 tecta
1282 2862 1454 2933 fecerunt.
1468 2892 1484 2925 n
1503 2864 1557 2932 De
1572 2884 1647 2957 qno
1666 2861 1812 2958 quidem

215 2977 412 3052 verborum
436 2981 587 3052 istorum
612 2992 755 3072 ornatu,
770 2979 898 3053 beatus
913 2983 1126 3077 Augustinus
1147 2983 1186 3054 in
1206 2995 1335 3079 quarto
1363 2979 1407 3052 de
1423 2982 1599 3052 Doctrina
1616 2980 1814 3053 christiano

215 3100 396 3189 meminit,
413 3098 551 3170 dicens¹
572 3125 580 3168 ε
600 3099 760 3194 «Exigua
776 3114 813 3170 et
826 3098 961 3196 fragilia
980 3100 1077 3173 bona
1095 3125 1246 3200 spumeo
1262 3099 1454 3172 verborum
1470 3099 1607 3172 ambitu
1623 3114 1810 3173 ornantur.

213 3221 280 3287 Est
304 3215 373 3289 tale
399 3216 532 3313 aliquid
558 3218 595 3287 in
621 3217 772 3315 epistola
798 3220 981 3317 Cypriani.
1013 3220 1069 3291 Ait
1094 3244 1180 3315 ergo
1208 3218 1368 3316 quodam
1390 3217 1472 3291 loco
1499 3249 1508 3290 :
1532 3224 1695 3291 Petamus
1719 3218 1812 3291 hauc

210 3336 363 3423 sedem,
384 3350 453 3408 etc.
477 3366 495 3404 o
520 3335 628 3425 Quod
643 3337 672 3408 si
689 3337 725 3408 in
742 3336 844 3409 brevi
872 3338 1013 3434 assequi
1035 3337 1135 3433 juvat
1158 3337 1372 3409 christianos
1397 3340 1551 3410 lectores
1577 3352 1652 3409 tam
1682 3362 1812 3435 genera
1861 3378 1867 3401 ι

209 3455 527 3526 constructionum
556 3478 665 3551 quam
691 3470 838 3527 ornatus
860 3454 1072 3547 verborum,
1098 3456 1202 3555 plene
1224 3456 1262 3528 id
1279 3457 1478 3556 percipient
1494 3481 1537 3528 ex
1554 3458 1638 3556 ipsis
1653 3455 1808 3549 artibus,

207 3598 297 3669 ‹puae
310 3575 376 3646 ista
394 3599 438 3645 ex
456 3575 594 3672 integro
610 3587 647 3646 et
662 3589 784 3674 aperte
801 3575 963 3667 tradunt,
979 3577 1210 3672 grammatica
1225 3576 1371 3670 scilicet,
1386 3576 1584 3665 dialectica,
1604 3568 1783 3651 rhetorica
1799 3609 1807 3649 :

171 3724 178 3739 ·
207 3718 283 3765 nec
309 3718 401 3791 opus
424 3708 477 3765 est
497 3694 561 3766 diu
578 3694 730 3767 detineri
746 3696 784 3766 in
804 3694 975 3768 fabulosis
996 3710 1197 3794 poetarum,
1218 3709 1257 3767 ut
1277 3695 1353 3767 haec
1369 3696 1558 3792 colligant,
1578 3722 1658 3794 qnae
1682 3697 1733 3769 ibi
1751 3714 1812 3771 aut

204 3838 311 3904 raro,
335 3827 397 3885 aut
416 3812 581 3902 obscure,
602 3828 664 3886 aut
688 3814 894 3914 imperfecte
910 3829 1091 3888 notantur.
1111 3815 1214 3887 Unde
1235 3839 1302 3887 nec
1317 3814 1451 3887 Tullius
1467 3816 1505 3887 in
1523 3817 1709 3888 Rhetorica
1727 3842 1811 3890 cnm

202 3934 256 4005 de
288 3932 492 4005 elocutione
518 3933 624 4032 plene
651 3934 855 4024 instrueret,
882 3936 1032 4033 poeticis
1055 3935 1107 4006 uti
1130 3934 1244 4006 voluit
1271 3935 1454 4035 exemplis,
1485 3935 1549 4008 sed
1577 3938 1744 4037 propriis,
1772 3939 1810 4010 in

201 4051 345 4150 quibus
371 4052 525 4151 plenius,
546 4067 587 4125 ut
609 4055 760 4153 ipsemet
781 4055 844 4147 ait,
869 4078 927 4126 ars
951 4056 1136 4127 emineret.
1158 4053 1255 4142 Quid
1277 4079 1362 4150 ergo
1389 4055 1549 4154 episcopi
1571 4070 1606 4128 et
1630 4056 1811 4152 religionis

200 4172 414 4243 christianae
429 4171 597 4244 doctores
611 4187 734 4271 poetas
750 4196 772 4244 a
789 4173 930 4245 civitate
947 4176 1012 4246 Dei
1028 4199 1102 4247 non
1119 4188 1256 4264 arcent,
1276 4199 1368 4271 qnos
1383 4197 1404 4245 a
1420 4175 1560 4247 civitate
1573 4176 1691 4248 saeculi
1711 4176 1809 4249 Plato

198 4291 392 4365 inhibuit?
409 4297 524 4365 Immo
538 4292 628 4391 qnid
639 4294 676 4365 in
696 4292 918 4366 solemnibus
935 4319 1148 4391 magnarum
1165 4295 1396 4368 festivitatum
1412 4295 1553 4388 diebus,
1573 4322 1652 4394 quae
1668 4299 1809 4395 penitus

196 4417 238 4485 iu
259 4411 432 4484 laudibus
445 4414 511 4485 Dei
526 4412 680 4512 expendi
696 4412 843 4505 debent,
858 4414 1089 4511 joculatores,
1112 4414 1310 4506 saltatores,
1332 4417 1586 4508 incantatores,
1607 4432 1809 4491 cantatores

194 4533 371 4632 turpium
397 4532 539 4605 acciunt
564 4532 612 4605 ad
638 4558 813 4624 mensam,
840 4549 952 4608 totam
979 4535 1076 4606 diem
1100 4549 1137 4607 et
1162 4549 1306 4607 noctem
1335 4560 1418 4607 cnm
1448 4536 1516 4609 illis
1543 4537 1683 4631 feriant,
1702 4552 1808 4636 atqne

192 4652 447 4743 sabbatizant,
472 4653 610 4751 magnis
629 4652 865 4752 postmodum
884 4677 946 4725 eos
964 4669 1195 4728 remunerant
1217 4655 1383 4753 praemiis,
1403 4680 1483 4751 quae
1500 4654 1547 4728 de
1563 4656 1808 4730 ecclesiasticis

192 4773 355 4872 rapiunt
383 4771 581 4867 beneficiis,
604 4772 651 4845 (16
676 4772 920 4846 oblationibus
947 4797 1162 4872 pauperum,
1195 4788 1233 4846 ut
1264 4774 1453 4847 immolent
1471 4790 1574 4848 certe
1603 4775 1806 4849 daemoniis?

190 4897 310 4979 Quin
333 4914 422 4964 snru
445 4907 529 4965 sunt
551 4891 640 4965 tales
662 4891 866 4984 histriones,
892 4892 960 4964 nisi
978 4918 1174 4991 praecones,
1199 4908 1233 4965 et
1261 4908 1300 4964 ut
1325 4894 1372 4965 ita
1398 4892 1530 4985 dicam,
1556 4895 1710 4993 apostoli
1733 4894 1806 4968 (166-

225 5179 231 5203 ·
247 5172 362 5230 Arignst.
377 5172 407 5223 de
417 5174 484 5223 lloct⁴
500 5172 608 5238 Christ,
631 5173 664 5225 ib.
679 5170 722 5235 ll‘,
737 5185 791 5235 cap.
803 5185 853 5220 xrr.
