4559 6100
929 0 964 13 ..
1018 0 1053 44 ,Ι
1114 32 1124 52 ο
1765 0 1797 46 Ι,

206 121 270 186 hoc
290 120 379 212 quod
402 124 458 211 qui
481 115 696 191 videturesse
717 124 946 193 multitud....'
961 128 1048 196 unde
1070 146 1104 195 et
1123 131 1318 221 precipitur,
1340 129 1464 220 quoda
1485 132 1619 197 sabbato
1639 154 1740 222 usque
1764 131 1806 199 ad

206 238 375 306 sabbatum
391 258 545 324 servetur,
563 244 643 309 sicut
659 243 700 311 de
720 243 856 334 panibus
866 249 1099 338 propositionis
1113 249 1234 315 factum
1250 250 1345 316 fuisse
1361 251 1488 343 legitur,
1507 275 1525 316 a
1546 252 1690 317 muribus
1709 252 1806 317 etiam
1856 306 1859 311 ,

206 359 337 426 corrodi
357 361 496 447 videtur,
518 380 551 430 ct
574 364 615 431 de
633 388 733 430 manu
752 366 924 432 sacerdotis
944 367 996 433 rel
1020 368 1147 434 diaconi
1168 370 1202 434 in
1223 386 1308 435 terra
1330 370 1457 437 cadere.
1479 372 1521 436 Et
1543 371 1619 437 ideo
1640 373 1805 462 quaeritur,

206 501 305 568 quare
321 480 409 547 Deus
421 484 585 572 permittat
604 484 664 550 ista
680 484 749 551 lieri
764 486 798 550 in
818 509 954 577 corpore
974 511 1046 555 suo.
1068 490 1121 553 An
1147 487 1287 554 fortassis
1303 512 1369 554 non
1389 490 1432 554 ita
1453 488 1508 554 liat
1523 491 1557 555 in
1576 514 1728 583 corpore,
1748 489 1805 557 sed

205 602 331 663 tantuin
351 600 395 665 ita
411 600 507 667 faciat
529 625 684 692 apparere
703 605 738 670 in
756 604 879 693 specie?
895 604 947 671 Ad
967 606 1056 695 quod
1076 606 1211 673 dicimus
1233 608 1322 698 quod
1339 631 1451 675 revera
1468 632 1535 674 non
1553 625 1601 674 est
1620 610 1664 674 sic
1682 610 1716 674 in
1732 633 1805 675 cor·

205 740 303 807 pore,
330 719 388 785 sed
410 722 496 786 Deus
521 722 565 787 ita
586 724 620 788 in
643 723 807 814 speciebus
829 725 904 815 ipsis
927 743 1059 817 propter
1082 727 1310 819 negligentiam
1330 728 1549 795 ministrorum
1569 728 1804 819 reprimendam
1871 792 1874 796 .

204 835 324 902 habere
345 820 443 923 faci't;
466 863 582 932 corpus
600 866 678 909 vero
701 867 806 928 suum,
822 862 925 934 <prout
946 847 977 912 ei
999 846 1116 937 placet,
1138 849 1267 939 reponit
1283 865 1317 915 et
1338 864 1550 915 conservat.»

510 1068 549 1127 X.
565 1066 650 1143 Quod
664 1080 784 1149 propter
799 1088 889 1148 opera
902 1088 957 1129 nec
971 1069 1086 1144 melior,
1101 1088 1156 1128 nec
1170 1068 1253 1149 pejor
1266 1070 1390 1130 efficitur
1401 1069 1501 1132 homo.

251 1276 265 1303 «
281 1247 370 1314 Solet
383 1248 482 1338 quaeri
495 1246 573 1338 quid
591 1270 610 1312 a
624 1247 765 1312 Domino
781 1262 1014 1332 remuneretur,
1028 1271 1121 1338 opus,
1138 1271 1180 1313 an
1192 1247 1339 1328 intentio,
1356 1269 1411 1311 seu
1428 1261 1611 1334 utrumque.
1625 1244 1806 1309 Auctoritas

204 1382 315 1433 autem
331 1367 459 1434 videtur
473 1367 555 1434 velle
575 1365 665 1458 quod
684 1390 814 1457 operas
829 1367 900 1431 Deo
913 1366 1103 1432 aeternaliter
1116 1383 1361 1433 remunerentur
1372 1391 1381 1450 ;
1402 1366 1446 1430 ait
1459 1387 1598 1456 namque
1610 1363 1803 1455 Apostolus:

208 1520 222 1547 κ
234 1490 363 1557 Reddet
376 1494 462 1559 Deus
484 1492 655 1581 unicuique
673 1488 849 1556 secundum
865 1513 964 1581 opera
980 1513 1049 1556 sua.
1065 1521 1078 1549 »
1098 1491 1140 1555 Et
1155 1491 1347 1555 Athanasius
1366 1490 1411 1554 ait
1429 1511 1437 1554 z
1459 1487 1654 1554 «Reddituri
1674 1503 1747 1553 sunt
1763 1486 1804 1553 de

201 1608 293 1675 factis
317 1611 455 1701 propriis
475 1611 677 1676 rationem.»
702 1609 745 1672 Et
765 1609 863 1699 paulo
885 1626 958 1701 post
981 1610 1026 1675 ait
1050 1633 1058 1676 ε
1082 1640 1095 1667 α
1111 1610 1154 1673 Et
1178 1610 1234 1699 qui
1257 1609 1344 1674 bona
1368 1624 1502 1701 egerunt
1527 1607 1622 1673 ibunt
1646 1609 1680 1672 in
1706 1607 1803 1671 vitam

202 1743 368 1813 aeternam,
380 1730 435 1818 qui
450 1753 527 1796 vero
542 1727 640 1812 mala,
657 1729 691 1793 in
708 1728 816 1818 ignem
826 1745 992 1795 aeternum.
1009 1761 1021 1787 a
1043 1728 1110 1794 Nos
1127 1751 1205 1794 vero
1221 1727 1369 1810 dicimus,
1388 1727 1476 1818 quod
1495 1727 1686 1793 aeternaliter
1699 1750 1718 1817 a
1733 1725 1803 1789 Deo

200 1865 456 1929 remunerentur,
474 1850 539 1915 sire
555 1848 597 1914 ad
611 1848 755 1927 bonum,
773 1849 838 1913 sire
855 1848 898 1914 ad
912 1847 1033 1915 malum
1050 1871 1058 1914 ε
1077 1870 1138 1913 nec
1160 1863 1291 1937 propter
1307 1870 1405 1938 opera
1421 1848 1523 1938 pejor,
1537 1845 1589 1910 rel
1605 1845 1720 1910 melior
1735 1842 1805 1910 cffi-

198 1966 282 2031 citur
304 1967 422 2052 bomo,
450 1969 511 2033 nisi
531 1967 610 2037 dum
630 1984 793 2058 operatur.
817 1968 957 2033 fortassis
971 1967 1120 2033 voluntas
1140 1969 1208 2052 ejus
1230 1968 1264 2031 in
1286 1967 1393 2055 aliquo
1417 1982 1653 2056 augmentetur.
1671 1964 1740 2029 Nec
1756 1979 1804 2029 est

197 2102 312 2152 contra
328 2087 522 2178 Apostolum
537 2088 588 2153 vel
600 2062 679 2154 alios
695 2104 853 2171 auctores,
866 2089 921 2177 qui
932 2110 1006 2152 cum
1016 2085 1187 2178 Apostolus
1203 2086 1304 2152 dixit:
1321 2084 1477 2152 «Reddet
1491 2086 1675 2174 unicuique,
1693 2100 1770 2156 etc..
1786 2116 1799 2139 »

197 2205 246 2270 ibi
261 2206 412 2273 effectum
428 2231 489 2297 pro
503 2231 597 2274 causa
614 2209 736 2298 posuit,
752 2231 832 2298 opus
848 2206 967 2274 scilicet
981 2230 1041 2297 pro
1056 2206 1222 2274 voluntate
1239 2228 1294 2272 seu
1312 2205 1508 2272 intentione.
1532 2236 1546 2265 »

198 2431 254 2490 XI.
275 2429 360 2503 Quod
384 2448 443 2488 non
465 2442 662 2510 peccaverunt
682 2420 897 2509 qui‘ctnistum
926 2430 1131 2490 crucifixerunt
1157 2429 1327 2511 ignoranter
1334 2451 1343 2502 ;
1364 2442 1393 2489 et
1413 2427 1492 2508 qnod
1512 2446 1571 2486 non
1592 2426 1629 2486 sit
1646 2427 1738 2507 culpae
1750 2430 1804 2489 ad·

653 2526 839 2586 scribendum
858 2526 1001 2606 quidquid
1018 2527 1050 2585 lit
1067 2547 1121 2607 per
1138 2526 1343 2607 ignorantiam.

247 2732 262 2757 κ
281 2703 424 2793 Opponit
444 2702 485 2770 dc
501 2703 619 2770 ludaeis
640 2705 695 2794 qui
710 2704 870 2769 Christum
892 2703 1116 2770 crucifixerunt
1139 2702 1229 2770 etde
1246 2703 1315 2769 aliis
1337 2702 1395 2792 qui
1410 2718 1566 2791 martyres
1580 2702 1801 2793 persequendo

197 2821 358 2912 putabant
380 2846 414 2889 se
436 2823 626 2913 obsequium
648 2841 798 2916 prestare
823 2827 893 2893 Deo
920 2850 928 2893 r
956 2825 1051 2892 etde
1074 2826 1141 2889 Eva
1165 2846 1237 2913 quae
1260 2846 1327 2888 non
1348 2821 1413 2913 egit
1436 2836 1548 2887 contra
1573 2821 1802 2887 conscientiam

197 2943 353 3032 quoniam
379 2943 509 3010 seducta
533 2960 592 3028 est,
614 2961 776 3012 ettamen
801 2963 923 3013 certum
940 2961 989 3013 est
1005 2969 1077 3012 eam
1092 2966 1252 3036 peccasse.
1279 2941 1332 3008 Ad
1355 2939 1446 3032 quod
1470 2964 1529 3007 nos
1554 2941 1689 3007 dicimus
1713 2940 1801 3030 quod

196 3053 308 3128 revera
328 3063 375 3128 illi
396 3064 553 3155 simplices
575 3065 678 3132 ludaei
699 3089 766 3132 non
789 3066 929 3159 agebant
951 3084 1063 3133 contra
1083 3063 1331 3146 conscientiam,
1349 3061 1407 3129 sed
1422 3063 1529 3154 potius
1546 3059 1615 3127 zelo
1636 3061 1714 3151 legis
1736 3084 1800 3126 suae

196 3182 359 3247 Christum
386 3184 677 3274 persequebantur;
704 3208 764 3251 nec
787 3186 944 3277 putabant
964 3208 998 3251 se
1021 3184 1104 3250 male
1128 3206 1240 3275 agere,
1264 3198 1297 3250 et
1320 3182 1396 3248 ideo
1420 3206 1487 3247 non
1510 3182 1715 3273 peccabant:
1740 3202 1800 3244 nec

196 3318 331 3391 propter
345 3302 409 3367 hoc
425 3303 522 3393 aliqui
537 3327 650 3370 eorum
665 3304 810 3370 damnati
824 3322 909 3388 sunt,
927 3303 985 3371 sed
999 3320 1132 3396 propter
1143 3301 1358 3394 praecedentia
1373 3318 1516 3394 peccata,
1534 3300 1650 3364 merito
1662 3322 1800 3388 quorum

194 3420 231 3484 in
254 3421 349 3486 istam
365 3423 541 3489 caecitatem
559 3423 702 3491 devoluti
724 3443 810 3494 sunt.
828 3427 870 3491 Et
885 3426 968 3492 inter
983 3422 1054 3489 illos
1073 3438 1167 3488 erant
1184 3423 1276 3488 electi
1295 3445 1356 3512 pro
1378 3421 1493 3511 qttiltus
1513 3419 1655 3484 Christus
1676 3418 1797 3501 orarit,

196 3538 331 3607 dicens:
355 3574 369 3600 a
390 3542 498 3627 Pater,
517 3542 642 3610 dimitte
657 3544 735 3627 illis3
755 3546 830 3634 quia
849 3545 996 3610 nesciunt
1011 3542 1090 3633 quid
1105 3542 1238 3609 faciunt.
1259 3573 1274 3600 a
1294 3541 1364 3607 Nec
1383 3542 1487 3606 oravit
1503 3555 1539 3604 ut
1557 3539 1621 3604 boc
1631 3552 1800 3628 peccatum

195 3659 244 3723 eis
261 3658 488 3747 dimitteretur,
505 3688 579 3731 curn
593 3666 657 3731 hoc
672 3681 840 3756 peccatum
855 3688 921 3730 non
938 3679 1030 3747 esset,
1048 3663 1105 3730 sed
1116 3664 1224 3753 potius
1239 3677 1370 3753 peccata
1384 3659 1609 3749 praecedentia.
1632 3689 1646 3715 a

695 3892 763 3947 XII.
782 3892 827 3947 De
840 3898 981 3983 potestate
993 3884 1103 3968 ligandi
1117 3897 1147 3944 et
1159 3882 1302 3943 solvendi.

241 4082 255 4109 «
279 4054 364 4121 Illud
379 4055 469 4145 quod
478 4059 510 4122 in
523 4060 678 4127 Matthaeo
691 4062 827 4152 legitur:
845 4093 859 4118 α
872 4063 1091 4147 Quacumque
1105 4059 1251 4148 ligaveris
1266 4077 1362 4145 super
1376 4069 1507 4136 terram,
1523 4068 1600 4134 etc,
1615 4084 1630 4110 a
1642 4054 1686 4117 sic
1700 4051 1797 4117 intel·

189 4173 363 4264 ligendum
378 4192 427 4241 est
445 4199 454 4242 t
480 4207 493 4234 α
508 4178 729 4267 Quaecumque
746 4177 892 4269 ligaveris
906 4200 1001 4267 super
1016 4194 1148 4258 terram,
1165 4174 1262 4240 idest
1278 4176 1311 4238 in
1327 4173 1476 4264 praesenti
1493 4171 1571 4254 rita,
1589 4172 1650 4237 erit
1664 4170 1797 4261 ligatum

188 4293 278 4359 etin
298 4295 396 4380 coelis,
415 4296 450 4362 id
469 4313 517 4364 est
539 4298 573 4363 in
594 4299 743 4389 prasenti
766 4297 918 4364 Ecclesia.
938 4327 951 4357 n
970 4298 1012 4362 Et
1031 4313 1222 4389 postpauca
1241 4318 1249 4359 τ
1273 4293 1385 4358 «Huic
1404 4291 1568 4358 sententiae
1584 4313 1648 4380 qua
1664 4289 1797 4356 dicimus

138 4603 144 4610 ν
223 4545 229 4573 ¹
245 4540 292 4592 lltc
303 4544 395 4608 ailquid
406 4545 482 4597 deest.

310 4653 335 4691 ιι
