4559 6100
479 479 552 551 tto
1080 473 1206 546 Periit
1231 470 1470 546 ABAELARDI

477 626 609 700 deinde
635 627 890 726 proprietatem
921 625 1070 698 animati
1098 640 1135 696 et
1164 621 1399 723 postmodum
1426 620 1604 694 sensibile.
1638 624 1699 693 Est
1725 621 1844 716 itaque
1872 618 2111 692 intellectus

477 747 634 819 nominis
658 761 693 819 et
718 745 943 818 diffinitionis
966 745 1044 843 ejus
1066 745 1213 844 proprie
1237 743 1399 840 quodam
1426 742 1539 813 modo
1564 739 1683 832 idem,
1712 753 1748 811 et
1771 738 1933 838 quodam
1962 738 2107 810 modo

477 865 637 939 diversus
658 895 666 938 ε
686 866 784 940 idem
800 864 947 964 quidem
971 862 1171 937 secundum
1187 863 1354 935 ellectum
1369 860 1630 933 intellectarum
1646 884 1786 952 rerum,
1805 860 1891 957 quia
1907 857 2105 930 videlicet

476 986 514 1055 iu
531 999 683 1082 utraque
704 1010 794 1058 voce
816 984 962 1058 easdem
980 1008 1036 1056 res
1052 982 1304 1079 intelligimns3
1329 980 1493 1052 diversus
1510 995 1631 1052 antem
1652 980 1737 1076 qnia
1753 977 1802 1050 ibi
1826 980 1953 1051 omnia
1970 977 2100 1049 simul

475 1103 535 1175 hic
551 1105 768 1192 succedunt,
794 1105 928 1178 formas
950 1104 1084 1176 scilicet
1103 1127 1212 1202 super
1235 1099 1404 1174 addendo
1422 1101 1578 1172 materiae
1594 1099 1668 1195 jam
1685 1112 1790 1172 autea
1811 1098 2002 1171 intellectae
2020 1126 2034 1185 3
2057 1112 2101 1169 et

477 1247 562 1294 cum
584 1223 622 1294 in
648 1239 802 1322 utroque
820 1224 1002 1296 intellectu
1027 1222 1190 1294 animalis
1214 1236 1342 1294 natura
1357 1220 1495 1316 integre
1519 1219 1757 1317 concipiatur,
1775 1233 1847 1290 tam
1871 1217 2097 1290 secundum

479 1342 665 1414 materiam
689 1343 821 1415 scilicet
842 1343 919 1439 ejus
939 1365 1050 1440 quam
1068 1339 1268 1413 secundum
1292 1340 1426 1413 formas
1447 1340 1483 1410 in
1504 1337 1636 1437 quibus
1666 1352 1741 1409 tota
1762 1336 1925 1410 animalis
1940 1337 2098 1408 consti·

478 1462 570 1534 tutio
586 1463 760 1552 consistit,
777 1462 979 1534 intellectus
993 1462 1152 1533 nominis
1165 1460 1443 1556 conjunctorum
1459 1482 1523 1530 seu
1539 1458 1823 1556 compositorum
1841 1456 1913 1528 dici
1930 1470 2089 1554 potest,

478 1603 553 1652 uon
577 1594 697 1655 tamen
713 1596 774 1654 aut
796 1581 1019 1679 coujungens
1040 1593 1102 1653 aut
1116 1603 1358 1678 componens,
1378 1591 1414 1650 et
1436 1578 1654 1649 econtrario
1671 1574 1868 1648 intellectus
1885 1576 2089 1648 orationis.

479 1701 622 1798 Quippe
644 1702 708 1798 qui
722 1699 794 1772 boc
812 1725 946 1772 uomen
964 1698 1157 1772 «animal»
1176 1698 1294 1786 audit,
1314 1697 1419 1770 simul
1438 1695 1513 1769 haec
1529 1697 1597 1769 tria
1617 1721 1749 1794 corpus
1765 1711 1801 1768 et
1817 1696 2091 1768 animationem

480 1831 517 1889 et
535 1817 801 1891 sensibilitatem
820 1833 859 1890 ut
878 1819 917 1890 in
933 1817 1131 1891 substantia
1152 1815 1316 1891 animalis
1337 1816 1531 1912 conjuncta
1547 1815 1710 1887 attendit.
1737 1819 1778 1886 Et
1792 1813 1874 1887 ideo
1890 1813 1950 1887 bic
1971 1814 2089 1886 intel·

480 1936 593 2008 lectus
614 1937 677 2032 qui
702 1935 876 2009 derebus
897 1937 1030 2034 ntjam
1052 1940 1255 2033 conjunctis
1280 1935 1444 2028 habetur,
1473 1935 1751 2032 conjunctorum
1774 1949 1841 2006 est.
1866 1933 1928 2006 llle
1950 1949 2085 2006 autem

479 2055 703 2152 conjungens
734 2069 788 2128 est
818 2054 1017 2128 intellectus
1042 2057 1126 2153 qui,
1157 2081 1223 2154 per
1249 2055 1511 2128 successionem
1538 2053 1828 2154 progrediendo,
1855 2053 2086 2150 quibusdam

479 2169 587 2243 rebus
601 2171 700 2269 prius
723 2169 910 2243 intellectis
930 2171 1016 2245 alias
1035 2172 1269 2271 postmodum
1290 2168 1486 2243 intellectas
1502 2186 1688 2267 aggregat3
1713 2169 1822 2242 veluti
1840 2195 1922 2241 cum
1941 2171 2085 2241 anima·

480 2291 616 2363 tionem
640 2303 677 2361 et
692 2288 960 2362 sensibilitatem
981 2291 1137 2364 materiae
1155 2291 1321 2390 primitus
1338 2289 1523 2361 intellectae
1544 2303 1717 2386 tanquam
1741 2288 1872 2361 formas
1890 2313 1954 2388 per
1974 2287 2083 2360 intel-

479 2410 611 2483 lectum
637 2408 884 2506 adjungimus,
909 2410 982 2483 hoc
1004 2427 1057 2484 est
1082 2426 1122 2482 ut
1148 2410 1383 2483 informantes
1407 2432 1486 2481 eam
1510 2433 1622 2507 quam
1647 2411 1765 2509 primo
1789 2434 1880 2509 pure
1904 2433 2083 2507 concepe-

480 2555 614 2622 ramus,
631 2529 868 2628 postmodnm
885 2529 1115 2603 attendimus.

733 2743 863 2837 Inque
878 2738 1026 2838 dfferor
1046 2721 1243 2812 intellectus
1263 2739 1521 2836 disjunctorum
1538 2766 1563 2810 a
1579 2739 1812 2838 disjungente.

529 2900 628 2971 Sicut
643 2915 762 2973 autem
779 2900 870 2974 alius
890 2915 944 2974 est
961 2901 1161 2975 intellectus
1179 2902 1458 3000 conjunctorum
1481 2927 1589 3000 quam
1606 2904 1847 3000 coujungens,
1866 2901 1923 2972 bic
1937 2900 2074 2998 quippe

480 3018 647 3092 dictionis
671 3034 738 3114 est,
763 3021 822 3094 ille
844 3022 1036 3116 orationis,
1066 3022 1114 3095 ita
1143 3022 1343 3096 intellectus
1369 3022 1567 3097 divisorum
1589 3036 1625 3095 et
1649 3020 1826 3095 dividens.
1856 3021 1954 3093 Sicut
1977 3019 2077 3091 enim

487 3170 504 3206 α
522 3139 685 3213 animal»
706 3141 927 3216 intellectum
943 3143 1219 3240 conjunctarum
1233 3168 1355 3215 rernm
1367 3142 1470 3236 facit,
1487 3145 1536 3215 ita
1551 3171 1569 3211 u
1587 3166 1662 3214 nou
1686 3143 1839 3234 animal,
1863 3172 1881 3207 u
1897 3140 1999 3237 quod
2023 3155 2077 3211 est

480 3260 661 3333 inlinitum
687 3287 821 3336 nomen
846 3277 882 3334 et
904 3278 1009 3335 sonat
1034 3288 1090 3335 res
1113 3289 1193 3361 quae
1217 3289 1293 3336 non
1315 3278 1367 3336 est
1393 3263 1543 3355 animal,
1570 3262 1769 3334 divisorum
1794 3261 1897 3349 iacit,
1925 3274 1962 3333 et
1986 3261 2077 3332 sicut

481 3381 644 3454 animulis
662 3381 828 3455 diffinitio
848 3381 1127 3480 conjungentem
1153 3382 1236 3455 lacit
1260 3382 1501 3476 intellectum,
1528 3384 1576 3455 ita
1593 3381 1785 3481 descriptio
1809 3405 1885 3452 non
1911 3381 2073 3451 animalis

482 3499 716 3592 dividentem,
738 3527 816 3598 quae
842 3515 895 3574 est
921 3526 978 3573 res
1004 3527 1082 3599 quae
1107 3525 1184 3573 uon
1207 3514 1260 3572 est
1280 3501 1426 3574 animal.
1448 3502 1551 3573 Prius
1573 3503 1707 3601 quippe
1732 3503 1769 3573 iu
1795 3500 1864 3573 hac
1880 3500 2071 3572 oratione:

484 3650 502 3686 (ι
515 3624 582 3694 Res
599 3646 678 3718 quae
702 3647 776 3694 non
794 3635 847 3694 est
862 3621 1039 3715 animab»
1060 3646 1137 3694 rem
1153 3622 1361 3721 simpliciter
1376 3621 1524 3695 attendo
1546 3647 1611 3720 per
1626 3623 1903 3721 promissionem
1921 3621 2074 3693 nominis

482 3737 589 3834 hujus
602 3741 701 3837 quod
715 3755 768 3813 est
781 3771 798 3811 u
811 3766 910 3833 res,»
925 3742 1158 3842 postmodum
1170 3766 1235 3840 per
1246 3741 1319 3814 hoc
1332 3742 1432 3838 qnod
1445 3741 1610 3814 subditur
1626 3767 1731 3840 «quae
1745 3765 1820 3813 uon
1834 3755 1886 3813 est
1896 3741 2040 3827 animal,
2056 3770 2073 3807 u

483 3857 645 3929 animalis
668 3874 832 3931 naturam
860 3885 939 3933 are
967 3861 1124 3960 quadam
1153 3885 1299 3961 separo,
1325 3878 1366 3935 ut
1383 3863 1459 3958 jam
1483 3860 1688 3960 quamdam
1702 3886 1779 3934 rem
1805 3874 1977 3957 tauquam
2000 3884 2073 3931 nou

484 3975 528 4046 sit
561 3976 692 4049 animal
731 3979 947 4076 concipiam.
980 3984 1071 4052 Sunt
1098 3982 1218 4078 itaque
1245 3982 1443 4054 intellectus
1476 3981 1750 4077 conjunctarum
1786 3980 1844 4051 vel
1865 3980 2072 4051 divisarum

482 4117 622 4186 rerum,
647 4095 846 4166 dictionum
871 4111 1031 4187 tautum3
1057 4101 1316 4195 conjungentes
1340 4124 1426 4173 vero
1450 4101 1507 4174 vel
1530 4099 1731 4172 dividentes
1754 4097 1972 4186 intellectus,
1999 4121 2073 4170 ora·

483 4214 622 4287 tionum
637 4228 777 4287 tantum
794 4229 890 4286 suut.
911 4214 963 4286 llli
980 4216 1116 4314 quippe
1132 4217 1313 4314 simplices
1332 4233 1428 4312 suut,
1447 4221 1504 4292 isti
1521 4220 1728 4319 compositi.

531 4338 623 4407 Suut
643 4336 807 4435 plerique
824 4335 982 4408 fortassis
998 4337 1062 4435 qui
1078 4335 1278 4410 intellectus
1299 4338 1477 4435 simplices
1494 4339 1610 4413 nullas
1633 4341 1785 4413 omniuo
1801 4354 1921 4439 partes
1942 4336 2072 4411 babere

483 4453 704 4545 concedant,
723 4480 842 4554 neque
859 4456 992 4530 scilicet
1011 4482 1077 4557 per
1098 4458 1361 4531 successionem
1387 4484 1504 4558 neque
1520 4459 1639 4532 simul.
1658 4461 1730 4549 Qui
1749 4460 1869 4551 enim,
1886 4458 2071 4557 inquiunt,

485 4571 590 4670 plura
614 4573 719 4646 simul
745 4575 926 4674 iutelligit,
955 4600 1028 4650 una
1049 4577 1202 4678 simplici
1223 4579 1366 4652 actione
1388 4582 1510 4652 omnia
1527 4579 1635 4651 simul
1656 4576 1919 4653 attendit.'Sed
1945 4578 1982 4648 iu
2006 4576 2074 4648 boc

482 4692 630 4788 quidem
646 4691 843 4767 refellendo
860 4719 934 4768 nou
952 4695 1058 4769 uobis
1073 4698 1337 4797 persistendum
1357 4723 1557 4791 censemus,
1576 4700 1614 4772 in
1631 4723 1705 4796 quo
1721 4712 1785 4770 aut
1800 4693 2072 4795 comprobando

482 4826 543 4884 aut
568 4812 814 4910 reprobando,
833 4814 923 4886 milri
938 4839 1037 4888 nuuc
1053 4818 1210 4890 occurrit
1226 4820 1332 4895 ratio.
1352 4823 1435 4892 Haec
1449 4818 1496 4892 de
1514 4819 1666 4918 simplici
1691 4832 1727 4890 et
1747 4813 2073 4915 composito-intel-

479 4929 574 5004 lectu
592 4933 666 5005 sive
682 4931 728 5004 de
746 4933 926 5007 intellectu
943 4936 1222 5033 conjunctorum
1239 4955 1274 5010 ct
1287 4938 1529 5037 conjungente
1548 4939 1605 5011 vel
1624 4937 1822 5011 divisorum
1842 4950 1878 5008 et
1894 4932 2071 5006 dividente

484 5046 530 5121 sd
547 5073 702 5149 presens
719 5050 817 5126 dicta
832 5052 1022 5129 sufficiant.
1043 5059 1146 5131 Nunc
1165 5056 1212 5132 de
1228 5083 1304 5131 uno
1324 5073 1361 5132 et
1382 5058 1569 5159 multiplici
1590 5056 1859 5132 consideremus
1876 5050 2068 5142 intellectu,
