4559 6100
466 543 538 618 534
1075 540 1204 613 PETRI
1229 540 1465 614 ABAELARDI

463 709 515 766 est
542 693 641 766 enim
668 693 780 783 nasci,
810 690 911 764 aliud
935 708 1060 765 natum
1085 716 1174 765 esse.
1198 698 1248 764 Ac
1270 717 1335 791 per
1355 691 1427 763 hoc
1445 715 1644 787 numquam
1668 691 1790 780 Filius,
1815 691 1844 761 si
1868 715 2069 789 numquam

464 828 584 886 natus.
606 818 648 884 Et
663 815 694 885 si
716 837 858 912 semper
874 811 995 904 Filius,
1013 837 1155 911 semper
1177 813 1285 910 igitur
1301 826 1418 885 natus.
1436 840 1455 878 n
1474 811 1566 882 Hinc
1586 825 1622 882 et
1638 809 1726 882 illud
1743 811 1920 907 Gregorii,
1939 813 2004 910 qui
2018 814 2068 887 ait

464 934 501 1004 iu
526 932 735 1025 Moralibus,
762 932 855 1006 libro
880 936 1005 1004 XXIX¹
1026 960 1035 1006 r
1058 934 1271 1004 «Dominus
1294 936 1391 1005 Deus
1411 935 1706 1005 lesus-Cumanus
1721 929 1759 1003 in
1775 955 1820 1004 eo
1837 932 1938 1030 quod
1957 934 2068 1006 virtus

464 1068 501 1126 et
517 1055 690 1153 sapientia
705 1054 773 1125 Dei
790 1069 856 1143 est,
877 1052 922 1125 de
940 1056 1041 1125 Patre
1057 1067 1140 1124 ante
1158 1066 1323 1151 tempora
1337 1067 1441 1124 natus
1458 1067 1523 1143 est,
1543 1051 1598 1123 vel
1616 1052 1749 1151 potius,
1770 1051 1857 1149 quia
1874 1076 1943 1124 nec
1959 1053 2068 1151 coepit

465 1174 582 1267 nasci,
609 1198 676 1245 nec
699 1173 816 1263 desiit,
845 1173 1006 1246 dicamus
1030 1172 1149 1245 verius
1170 1196 1313 1271 semper
1336 1185 1455 1245 natus.
1483 1175 1562 1243 Non
1587 1186 1707 1244 autom
1730 1195 1924 1270 possumus
1947 1173 2067 1247 dicere

463 1318 605 1393 semper
631 1295 804 1386 nascitur,
832 1319 879 1366 ne
904 1293 1131 1392 imperfectus
1159 1316 1236 1364 esse
1261 1291 1436 1365 rideatur.
1466 1297 1509 1364 At
1533 1317 1621 1365 vero
1650 1306 1690 1364 ut
1712 1305 1865 1364 aeternus
1888 1291 2067 1388 designari

463 1416 580 1489 valeat
598 1430 634 1488 et
652 1414 842 1513 perfectus,
859 1431 898 1489 et
918 1440 1114 1513 «semper»
1129 1413 1304 1507 dicamus,
1320 1428 1357 1486 et
1379 1427 1525 1499 «natus,
1542 1444 1559 1480 n
1579 1428 1755 1512 quatenus
1775 1425 1810 1484 et
1833 1428 1965 1486 «natus
1977 1444 1996 1481 u
2018 1415 2065 1488 ad

465 1534 719 1633 perfectionem
746 1536 943 1634 pertineat,
977 1547 1013 1607 et
1048 1564 1065 1599 α
1078 1558 1250 1633 semper»
1281 1533 1329 1605 ad
1357 1533 1625 1606 aeternitatem:
1659 1534 1823 1630 quamvis
1848 1531 1921 1605 hoc
1947 1533 2066 1632 ipsum

463 1655 564 1754 quod
581 1654 780 1754 perfectum
802 1654 969 1747 dicimus,
990 1654 1145 1726 multum
1164 1653 1211 1727 ab
1227 1652 1321 1725 illius
1338 1653 1566 1752 expressione
1580 1652 1736 1724 veniretis
1757 1651 1960 1743 deviamus3
1981 1654 2066 1750 quia

463 1775 566 1873 quod
590 1774 725 1848 factum
749 1789 908 1866 nonest,
931 1798 999 1847 nec
1014 1788 1134 1872 potest
1156 1773 1228 1846 dici
1249 1771 1460 1871 perfectum.
1489 1777 1532 1844 Et
1554 1786 1675 1844 tamen
1701 1769 1917 1843 infirmitatis
1936 1786 2067 1845 nostrae

463 1894 581 1967 verbis
601 1897 779 1968 Dominus
800 1894 1127 1992 condescendeus¹,
1148 1899 1315 1987 «Estote,
1333 1894 1463 1992 inquit,
1483 1891 1643 1993 perfecti,
1663 1892 1754 1964 sicut
1775 1904 1810 1963 et
1832 1896 1936 1965 Pater
1951 1906 2067 1965 vester

463 2015 616 2088 coelestis
634 2015 814 2114 perfectus
829 2028 894 2088 est.
913 2044 930 2084 u
947 2015 1058 2104 Quod
1075 2040 1161 2088 vcro
1177 2020 1216 2088 B.
1234 2016 1452 2112 Augustinus
1468 2014 1514 2087 de
1531 2038 1673 2112 semper
1686 2027 1856 2085 nascente
1874 2026 1911 2085 et
1925 2034 2066 2112 semper

464 2150 550 2209 nato
578 2136 708 2209 dixerit
734 2138 772 2208 in
802 2135 864 2208 illo
894 2138 1136 2228 Questionum
1156 2138 1348 2208 LXXXIII
1370 2134 1484 2227 libro,
1515 2135 1615 2232 juxta
1638 2146 1848 2206 consuetam
1870 2131 2065 2206 verborum

461 2255 758 2354 significationem
784 2255 923 2330 dictum
945 2272 1048 2356 puto,
1073 2255 1175 2355 quod
1201 2255 1349 2328 fortasse
1371 2254 1502 2354 aliquis
1524 2254 1622 2328 illam
1646 2253 1882 2352 quaestionem
1899 2277 2061 2347 movens,

462 2379 560 2450 nasci
584 2391 621 2450 et
641 2391 766 2451 natum
783 2400 828 2449 eo
843 2376 956 2449 modo
974 2378 1160 2468 sumserit,
1179 2401 1254 2475 quo
1271 2375 1318 2447 de
1334 2374 1625 2472 generationibus
1640 2373 1773 2446 nostris
1797 2374 1949 2471 agimus.
1967 2378 2065 2447 'Iuno

462 2498 560 2570 enim
586 2498 686 2570 nasci
704 2496 869 2589 dicimus,
898 2523 983 2570 cum
1005 2498 1172 2570 mnndum
1195 2496 1377 2596 completa
1401 2510 1453 2569 est
1478 2496 1657 2586 nativitas,
1676 2493 1740 2566 sed
1758 2493 1950 2585 inchoata3
1979 2508 2066 2567 tunc

461 2638 549 2689 vero
565 2632 706 2708 natum,
732 2617 880 2714 quando
893 2618 968 2714 jam
992 2616 1151 2716 perfecta
1168 2630 1233 2690 est.
1253 2616 1348 2688 Cum
1362 2640 1450 2713 ergo
1467 2616 1547 2714 quis
1567 2615 1616 2687 ita
1635 2612 1746 2686 verba
1767 2615 1947 2713 accipiens
1967 2638 2066 2710 quae

462 2737 616 2807 stionem
640 2734 852 2831 hujusmodi
880 2738 1054 2826 moverit,
1079 2760 1156 2808 non
1180 2736 1380 2833 incongrue
1402 2749 1547 2807 sanctus
1568 2735 1636 2825 vir,
1663 2749 1802 2807 servata
1825 2733 1950 2806 eadem
1976 2756 2065 2805 ver-

461 2853 594 2926 borum
617 2852 841 2951 acceptione,
868 2853 1005 2927 eisdem
1028 2854 1196 2927 satisfecit
1217 2854 1354 2946 verbis,
1381 2853 1605 2952 praeferendo
1630 2853 1764 2927 scilicet
1789 2850 2007 2951 completam
2028 2865 2066 2925 et

461 2972 657 3073 perfectam
680 2974 962 3071 generationem,
983 2999 1093 3075 quam
1110 2975 1200 3047 Filio
1214 2975 1281 3047 Dei
1298 2973 1441 3046 ascribit
1455 2974 1623 3047 inchoate
1637 2987 1672 3045 et
1689 2972 1856 3046 noudum
1869 2972 2061 3072 complete.

463 3098 505 3166 Et
524 3093 593 3168 tale
609 3109 665 3170 est
678 3094 778 3192 quod
795 3094 1001 3193 dicitquod
1019 3097 1219 3169 meliorest
1235 3096 1400 3168 nativitas
1418 3120 1498 3193 quae
1515 3118 1718 3192 numquam
1735 3093 1906 3167 inchoata
1923 3117 2065 3193 semper

460 3227 513 3287 est
533 3214 703 3313 perfecta,
732 3209 841 3312 quam
863 3230 956 3289 esset
974 3218 1095 3316 aliqua
1111 3241 1191 3315 quae
1214 3215 1383 3289 inchoata
1407 3239 1549 3314 semper
1574 3227 1818 3314 perseveraret
1842 3213 2063 3314 imperfecta.

460 3333 570 3423 Quod
594 3359 681 3407 vero
705 3334 836 3407 dicitur
855 3336 963 3409 Filius
987 3362 1063 3410 esse
1078 3363 1121 3410 ex
1140 3336 1339 3410 substantia
1361 3337 1486 3428 Patris,
1512 3333 1740 3409 tantumdem
1762 3333 1938 3408 hocloco
1961 3349 2064 3408 sonat

460 3479 536 3528 esse
553 3478 598 3526 ex
614 3453 812 3527 substantia
837 3457 948 3529 Patris
969 3471 1145 3555 quantum
1173 3457 1270 3554 gigni
1287 3481 1331 3529 ex
1347 3459 1465 3548 Patre,
1491 3454 1537 3528 ab
1554 3480 1599 3528 eo
1615 3454 1716 3553 quod
1734 3455 1946 3528 translatum
1962 3453 2064 3554 quod

459 3575 496 3645 in
512 3575 645 3647 nostris
661 3574 951 3670 generationibus
968 3577 1078 3676 isqui
1096 3579 1266 3675 gignitur,
1285 3578 1324 3648 in
1341 3601 1385 3648 eo
1403 3576 1450 3649 de
1466 3575 1665 3649 substantia
1684 3576 1797 3648 Patris
1813 3600 1890 3648 esse
1906 3576 2060 3668 dicitur3

458 3693 561 3791 quod
584 3696 621 3765 in
644 3694 720 3792 ipsa
737 3697 967 3790 generatione
987 3697 1139 3769 humani
1158 3698 1322 3796 corporis
1343 3696 1547 3769 traductum
1569 3709 1622 3768 est
1643 3711 1679 3768 et
1695 3717 1911 3770 conversum
1927 3695 2064 3794 aliquid

458 3811 520 3883 de·
535 3814 611 3911 ipsa
637 3812 835 3886 substantia
862 3818 1025 3915 corporis
1056 3818 1170 3890 Putris
1195 3818 1231 3889 in
1258 3841 1391 3916 corpus
1416 3818 1506 3889 Filii.
1534 3820 1626 3888 Cum
1651 3841 1737 3914 ergo
1771 3816 1840 3888 tale
1855 3818 1910 3889 ‘sit
1935 3817 2063 3890 Filium

459 3954 535 4002 esse
555 3956 598 4004 ex
627 3931 824 4005 substantia
845 3936 970 4025 Patris,
997 3937 1091 4009 acsi
1115 3935 1256 4010 dicatur
1280 3937 1440 4032 gignier
1463 3942 1580 4029 Patre,
1608 3937 1699 4007 sicut
1723 3961 1763 4007 ex
1792 3935 1871 4009 solo
1891 3940 1992 4007 Patre
2009 3937 2063 4032 gi·

458 4051 591 4147 gnitnr,
612 4051 661 4123 ita
675 4047 907 4125 solummodo
920 4078 963 4125 ex
980 4054 1178 4128 substantia
1197 4057 1308 4129 Patris
1325 4081 1402 4129 esse
1415 4055 1560 4148 dicitur,
1575 4080 1652 4128 nou
1668 4056 1778 4128 etiam
1794 4080 1836 4128 ex
1849 4051 2063 4129 substantia‘

457 4171 515 4242 vel
543 4171 695 4270 Spiritus
719 4174 847 4264 sancti,
875 4173 976 4272 quod
1001 4189 1092 4247 esset
1109 4201 1131 4249 a
1147 4177 1265 4276 seipso
1291 4177 1387 4274 gigni
1411 4178 1485 4249 sive
1512 4201 1535 4249 a
1558 4177 1692 4274 Spiritu
1711 4190 1849 4248 sancto.
1870 4176 2065 4274 Gregorius

459 4292 498 4360 in
519 4288 585 4362 lob
606 4289 701 4363 libro
720 4295 878 4383 XXXIV,
900 4295 1073 4391 «Lingua
1091 4320 1171 4368 mea
1193 4296 1354 4368 calamus
1370 4294 1525 4368 scribse‘.
1545 4326 1562 4365 u
1579 4295 1689 4384 Quod
1710 4295 1894 4394 loquimur
1921 4296 2060 4387 transit,

457 4409 558 4506 quod
587 4410 776 4483 scribimus
802 4429 1001 4511 permanet.
1022 4416 1158 4512 Lingua
1185 4416 1297 4486 Patris
1322 4415 1450 4487 'scribae
1475 4416 1634 4489 calamus
1663 4416 1807 4505 dicitur,
1837 4416 1922 4514 quia
1947 4416 1994 4488 ab
2016 4435 2062 4488 eo

457 4527 618 4601 Verbum
643 4530 738 4603 illius
760 4546 978 4607 coaeternum
1002 4559 1043 4607 ac
1066 4536 1143 4608 sine
1165 4535 1314 4607 transitu
1339 4551 1579 4632 generatur.»
1605 4536 1815 4610 Ambrosius
1835 4535 1881 4607 de
1903 4535 1993 4608 Fide
2014 4535 2061 4608 ad

456 4650 668 4722 Gratianum
695 4652 949 4750 imperatorem
978 4682 987 4726 ε
1017 4686 1032 4724 u
1053 4659 1132 4728 Non
1166 4654 1241 4726 baec
1268 4670 1353 4728 sunt
1380 4657 1418 4727 in
1443 4659 1522 4728 Deo
1548 4656 1798 4755 corporalibus
1834 4656 2057 4729 aestimanda.

457 4770 872 4871 lucompreheusibiliter
897 4789 1087 4871 generatur
1112 4774 1232 4847 Filius.
1264 4774 1531 4877 lmpassibiliter
1560 4791 1707 4874 generat
1735 4780 1849 4868 Pater,
1877 4789 2059 4852 ettamen

485 5082 491 5111 ¹
509 5077 611 5141 Gregor.
624 5080 727 5142 Horat,
747 5081 791 5131 ltu.
809 5079 896 5141 XXIX,
915 5094 971 5143 cap.
991 5079 1010 5131 1.
1024 5083 1074 5119 -¹
1089 5081 1190 5146 ileum,
1211 5097 1265 5145 cap.
1281 5096 1304 5145 r,
1320 5097 1344 5132 r.
1362 5085 1403 5135 ts.
1416 5109 1447 5121 -
1458 5085 1467 5115 ³
1479 5081 1543 5134 Iort.
1561 5083 1710 5134 tudertum
1724 5082 1786 5148 fittt.
1798 5085 1851 5123 ι-ί
1869 5081 1968 5133 Prota.
1988 5093 2058 5144 xus,

453 5171 475 5205 t.
497 5162 521 5209 2.
