4559 6100
752 520 1004 593 Tflssomott
1029 520 1304 596 ennlsttnttl.
1749 522 1821 595 nott

611 616 632 646 ‚2

225 670 413 768 quomodo
434 673 528 765 vult,
553 686 743 772 operatur,
764 687 800 744 et
824 686 864 743 ut
881 672 930 744 ita
947 670 1035 744 siant
1056 674 1132 770 ipse
1150 673 1257 746 ctiam
1291 672 1384 745 lacit.
1416 678 1505 745 Nam
1523 672 1588 745 etsi
1611 694 1685 745 non
1703 686 1822 771 potest

226 790 429 881 ambulare,
441 808 560 867 umen
577 806 693 891 potest
710 791 823 864 iacere
833 790 1096 882 utambuletur,
1108 792 1181 864 boc
1191 806 1294 865 estut
1304 793 1435 891 aliquis
1450 790 1622 883 ambulet,
1643 793 1819 890 cumipse

226 910 273 983 ad
288 911 360 984 boc
379 937 402 985 a
421 938 486 986 sua
501 913 683 986 creatione
696 935 875 1009 quemque
893 926 1017 1010 aptum
1032 928 1224 1011 praeparet,
1253 914 1341 985 etin
1359 915 1438 1012 ipso
1464 915 1572 986 etiam
1595 927 1677 985 actu
1702 913 1820 1010 ipsum

226 1048 414 1105 conservet
432 1049 469 1106 et
484 1046 667 1121 sustentet,
691 1046 733 1103 ut
745 1031 843 1104 hunc
859 1031 918 1103 ille
935 1045 1056 1103 actum
1070 1033 1221 1130 expleat.
1244 1037 1350 1104 Posse
1367 1033 1487 1130 itaque
1505 1035 1602 1104 Deus
1619 1032 1741 1104 omnia
1758 1032 1819 1105 di-

226 1152 330 1241 citur,
349 1176 425 1224 non
441 1153 540 1250 quod
553 1176 681 1224 omnes
696 1153 875 1250 suscipere
892 1152 1004 1250 possit
1015 1152 1195 1242 actiones,
1213 1151 1278 1223 sed
1294 1150 1394 1249 qnod
1410 1152 1448 1222 in
1462 1151 1631 1222 omnibus
1647 1177 1726 1250 quae
1742 1152 1819 1224 fieri

225 1269 321 1359 velit,
342 1271 432 1343 nibil
447 1273 524 1368 ejus
540 1272 716 1344 voluntati
731 1272 892 1343 resistere
912 1277 1054 1369 queat⁸.
1077 1270 1181 1343 Unde
1196 1286 1231 1344 et
1249 1270 1440 1370 Apostolus
1450 1274 1473 1360 ¹,
1495 1269 1710 1344 «Voluntati
1726 1272 1814 1369 ejus,

224 1391 361 1487 iuquit,
387 1392 467 1489 quis
492 1393 683 1465 resistetis
702 1398 745 1464 Et
768 1391 982 1485 Psalmista¹,
1004 1395 1280 1490 «Quacumque
1301 1391 1415 1464 voluit
1437 1380 1563 1463 fecit»
1580 1390 1653 1463 Sed
1679 1406 1817 1465 etcum

224 1507 320 1581 idem
339 1507 423 1582 alibi
440 1510 535 1584 dicat
557 1512 762 1610 Apostolus³
780 1541 798 1579 «
811 1517 908 1584 Deus
924 1513 1001 1584 vult
1018 1534 1144 1584 omnes
1160 1512 1277 1584 salvos
1301 1511 1376 1583 lieri
1394 1525 1431 1583 et
1448 1510 1631 1582 neminem
1649 1513 1779 1609 perire,
1798 1538 1816 1578 ιι

219 1628 321 1724 juxta
336 1629 424 1701 illud
446 1630 672 1730 propbetae⁸t
697 1662 714 1701 n
730 1632 821 1704 Nolo
845 1646 999 1704 mortem
1016 1633 1230 1736 peccatoris,
1250 1632 1313 1704 sed
1325 1633 1437 1728 magis
1460 1646 1499 1702 ut
1526 1644 1756 1702 convertatur
1781 1646 1817 1702 et

223 1747 340 1837 vivat3
355 1776 374 1816 ιι
389 1762 425 1820 et
439 1773 503 1847 per
513 1752 740 1850 semetipsam
752 1752 886 1824 Veritas
898 1751 1084 1824 obstinatae
1101 1765 1137 1823 et
1154 1750 1367 1823 damnandae
1386 1750 1482 1822 dicat
1496 1748 1650 1821 civitati⁸
1668 1777 1677 1820 ι
1692 1778 1709 1817 a
1720 1753 1819 1836 Quo·

224 1865 315 1937 tiens
330 1866 430 1939 volui
446 1894 663 1965 congregare
687 1869 779 1941 filios
795 1886 890 1960 tuos,
909 1870 1219 1968 quemadmodum
1245 1870 1374 1967 gallina
1389 1883 1583 1966 congregat
1599 1868 1717 1968 pullos
1733 1894 1818 1942 suos

222 1978 290 2051 sub
313 1981 399 2071 alas,
431 1996 466 2055 et
489 1984 659 2057 noluisti?
674 2013 691 2051 u
710 1998 806 2082 patet
828 1985 957 2057 divinae
974 1985 1169 2058 voluntatis
1190 1985 1408 2057 vocabulum
1434 1984 1577 2057 duobus
1603 1983 1720 2055 modis
1743 2009 1817 2056 esse

221 2099 451 2192 sumendum3
471 2101 631 2200 alioquin
645 2128 729 2175 cum
743 2108 840 2177 Deus
857 2106 979 2179 omnia
993 2129 1229 2202 quaecumque
1244 2103 1356 2177 voluit
1372 2104 1489 2195 iaciat,
1506 2118 1541 2176 et
1556 2127 1683 2176 omnes
1698 2105 1816 2175 salvos

222 2216 299 2289 lieri
315 2218 417 2311 velit,
436 2243 608 2318 cogemur
624 2223 748 2319 utique
764 2223 938 2322 profiteri,
955 2226 1055 2320 juxta
1072 2224 1173 2296 illum
1191 2223 1437 2297 detestabilem
1453 2224 1617 2318 Origenis
1634 2244 1814 2313 errorem,

221 2338 321 2436 quod
337 2363 451 2435 usque
475 2343 582 2412 ctiam
604 2341 650 2414 ad
668 2341 850 2416 daemones
870 2344 1106 2417 salvationem
1128 2344 1343 2435 extenderit,
1363 2368 1489 2416 omnes
1507 2341 1728 2441 quandoque
1749 2343 1822 2448 sal-¹

220 2456 360 2528 vandos
384 2482 481 2551 esse,
509 2474 545 2531 et
571 2461 763 2533 Veritatem
797 2464 911 2561 ipsam
939 2464 1087 2537 Veritati
1114 2464 1311 2553 contraire,
1340 2462 1402 2535 ubi
1437 2463 1483 2534 de
1513 2464 1632 2561 impiis
1657 2477 1693 2534 et
1714 2462 1818 2559 justis

219 2573 393 2672 loquitur,
414 2575 556 2649 dicens⁶
577 2607 585 2650 :
607 2608 625 2647 u
642 2585 684 2651 Et
701 2580 805 2652 ibunt
820 2582 859 2653 hi
883 2584 920 2654 in
943 2582 1159 2682 supplicium
1178 2597 1365 2672 aeternum,
1387 2582 1473 2678 justi
1500 2595 1619 2655 autem
1643 2583 1680 2652 in
1707 2583 1818 2654 vitam

217 2705 399 2768 aeternam.
418 2724 435 2764 n
456 2699 528 2784 Qui
544 2723 667 2771 rursus
682 2700 801 2799 impiis
818 2703 884 2773 ait⁷
903 2728 911 2773 ι
936 2734 953 2769 α
966 2706 1030 2788 lte,
1052 2702 1245 2792 maledicti,
1265 2703 1300 2773 in
1318 2703 1439 2799 ignem
1457 2716 1631 2774 aeternum
1647 2702 1710 2799 qui
1725 2726 1818 2801 pne·

219 2828 364 2909 paratus
387 2830 440 2887 est
459 2816 606 2890 diabolo
629 2832 665 2890 et
685 2819 820 2916 angelis
839 2821 928 2917 ejus.
947 2849 964 2889 ιι
985 2821 1082 2893 Velle
1099 2822 1220 2918 itaque
1245 2825 1342 2893 Deus
1365 2820 1509 2892 duobus
1535 2821 1655 2893 modis
1671 2820 1814 2910 dicitur,

220 2945 281 3002 aut
303 2935 503 3007 secundum
520 2936 685 3009 videlicet
704 2939 939 3036 providentiae
960 2965 1032 3012 suae
1048 2940 1329 3034 ordinationem,
1348 2941 1549 3015 secundum
1565 2940 1666 3036 quod
1683 2939 1818 3011 scilicet

219 3051 354 3147 aliquid
378 3054 535 3148 disponit
560 3057 658 3150 apud
683 3083 720 3126 se
744 3084 786 3126 ac
807 3058 997 3145 deliberat,
1021 3063 1215 3155 statuitque
1232 3086 1296 3131 sua
1323 3061 1561 3158 providentia,
1591 3075 1629 3131 ut
1653 3061 1702 3132 sic
1721 3073 1817 3158 post·

219 3169 371 3241 modum
389 3170 581 3268 compleat,
600 3187 662 3244 aut
679 3174 878 3246 secundum
894 3175 1031 3248 consilii
1050 3179 1106 3248 sui
1123 3177 1411 3250 adhortationem
1429 3179 1486 3250 vel
1501 3157 1822 3279 approbationem,

217 3313 289 3386 qua
300 3313 597 3388 unumquemque
608 3292 655 3364 ad
667 3291 739 3365 hoc
756 3295 941 3387 admonet,
955 3294 1055 3392 quod
1069 3322 1133 3394 per
1147 3299 1295 3393 gratiam
1310 3322 1412 3370 suam
1425 3323 1655 3371 remunerare
1671 3312 1816 3397 paratus

217 3423 283 3480 est.
311 3413 355 3480 Et
375 3409 479 3505 juxta
504 3411 664 3507 priorem
687 3411 836 3510 quidem
856 3413 1009 3486 modum
1029 3439 1103 3511 quo
1122 3420 1218 3487 Deus
1243 3415 1335 3488 velle
1351 3417 1489 3513 aliquid
1508 3416 1653 3508 dicitur,
1673 3416 1745 3488 boc
1761 3431 1816 3488 est

216 3550 261 3598 ex
277 3527 389 3624 gratia
413 3553 478 3602 sua
503 3528 671 3601 ordinare
692 3545 800 3628 atque
824 3533 922 3630 apud
948 3557 986 3605 se
1012 3531 1167 3627 firmare,
1193 3549 1232 3607 ut
1252 3534 1340 3608 fiant
1362 3537 1494 3633 aliqua,
1518 3550 1592 3608 tam
1613 3560 1681 3608 nos
1706 3559 1815 3632 quam

259 3763 271 3792 ⁸
294 3758 378 3822 Hinc
393 3757 474 3823 illud
484 3757 626 3848 estquod
636 3761 670 3824 in
681 3760 875 3826 Enchr'rr'dio
886 3762 999 3829 beatus
1014 3782 1249 3830 commemorat
1264 3767 1460 3857 Augustinus
1470 3765 1499 3832 ⁸:
1522 3798 1535 3824 a
1548 3766 1661 3855 Neque
1668 3767 1755 3832 enim
1771 3767 1814 3832 ob

216 3853 303 3919 aliud
324 3857 480 3921 veraciter
501 3873 634 3922 vocatur
654 3859 875 3949 omnipotens,
900 3863 960 3926 nisi
984 3864 1138 3952 quoniam
1159 3863 1311 3954 quicquid
1333 3865 1402 3929 vult
1422 3881 1547 3956 potest,
1569 3888 1629 3931 nec
1650 3862 1815 3929 voluntate

215 3953 391 4042 cujuspiam
401 3967 554 4018 creaturae
570 3954 742 4020 voluntatis
758 3959 985 4048 omnipotentis
1001 3960 1176 4050 impeditur
1191 3961 1336 4027 effectus.
1353 3993 1366 4019 υ
1383 3961 1476 4028 Idem
1492 3963 1525 4027 in
1541 3961 1674 4026 librode
1686 3960 1814 4046 Spiritu

216 4062 248 4113 et
264 4048 372 4113 littera
400 4075 412 4111 .·
434 4081 448 4106 «ι
462 4051 537 4115 Νοιι
554 4067 660 4141 potest
676 4051 781 4119 iacere
797 4055 931 4140 injusta,
950 4058 1026 4145 quia
1042 4058 1109 4147 ipse
1125 4074 1173 4123 est
1196 4081 1321 4124 summa
1334 4060 1472 4144 justitia,
1491 4076 1524 4121 et
1539 4055 1678 4121 bonitas.
1695 4055 1813 4120 Omni·

215 4161 329 4235 potens
343 4168 421 4210 vero
437 4162 503 4229 est,
526 4172 592 4212 non
613 4148 702 4238 quod
717 4153 817 4241 possit
837 4155 947 4217 omnia
967 4154 1091 4235 facere,
1109 4154 1167 4218 sed
1183 4158 1257 4241 quia
1277 4169 1384 4243 potest
1401 4152 1526 4221 efficere
1548 4152 1699 4243 quioquid
1716 4154 1785 4218 vult
1804 4178 1812 4219 ι

215 4243 259 4306 ita
282 4257 317 4306 ut
340 4244 420 4308 nihil
440 4244 545 4310 valeat
565 4248 710 4314 resistere
733 4249 799 4334 ejus
819 4250 974 4315 voluntati
997 4251 1074 4340 quin
1098 4249 1309 4340 compleatur,
1336 4267 1391 4315 aut
1411 4250 1518 4340 aliquo
1535 4251 1635 4317 modo
1659 4250 1815 4342 impedire

215 4363 299 4405 eam.
316 4370 329 4396 a
348 4340 509 4406 Iohannes
525 4343 768 4431 Chrysostomus
789 4346 937 4412 Humilia
950 4371 1060 4428 xxvtu,
1079 4345 1120 4413 de
1143 4348 1343 4437 expositione
1359 4348 1507 4437 symboli,
1524 4373 1596 4439 quae
1611 4350 1655 4414 sic
1677 4350 1812 4440 incipit:

214 4436 316 4526 Super
327 4433 481 4502 fabricam
500 4439 595 4502 totius
613 4440 785 4507 Ecclesiae:
814 4475 826 4499 α
846 4444 1058 4535 Omnipotens
1074 4445 1202 4523 dicitur,
1222 4446 1295 4533 quia
1313 4469 1405 4535 posse
1420 4445 1502 4513 illius
1521 4471 1588 4513 non
1606 4464 1712 4538 potest
1727 4447 1816 4512 inre-

215 4534 277 4597 niri
286 4556 352 4596 non
363 4557 467 4624 posse,
487 4534 612 4602 dicente
627 4539 797 4627 propheta,
822 4571 835 4598 «ι
848 4541 964 4607 Omnia
976 4566 1185 4632 quaecumque
1196 4543 1297 4608 voluit
1312 4541 1500 4635 iecit.·lpse
1515 4561 1562 4611 est
1577 4568 1655 4638 ergo
1668 4545 1816 4635 omnipo-

216 4628 333 4712 tentia,
346 4647 383 4696 ut
397 4648 501 4698 totum
517 4634 606 4724 quod
619 4635 687 4699 vult
698 4636 809 4726 possit.

246 4946 253 4977 ¹
271 4945 359 5007 Rom,
381 4959 436 5009 cap.
450 4961 494 5008 ιι,
515 4963 539 4998 r.
559 4952 597 5001 ts.
611 4975 643 4987 -
653 4953 663 4982 ²
673 4948 769 5001 Prulm.
789 4962 841 5011 ctu,
857 4964 881 4999 r.
902 4953 941 5002 15.
956 4976 989 4988 -
1040 4952 1320 5014 ’Mattumepuuc
1333 4950 1494 5012 41.-·c2p.
1506 4963 1574 5011 cnr,
1587 4949 1812 5015 oppetitione

213 5039 223 5071 ι
236 5023 299 5073 Tim.
311 5022 332 5086 i,
343 5039 398 5088 esp.
412 5039 439 5088 u,
453 5040 477 5076 ι.
489 5031 514 5080 l.
528 5028 693 5091 -⁴1·12eelr.,
705 5044 759 5094 cap.
771 5042 865 5092 xmu,
877 5042 901 5078 ι.
915 5032 987 5080 11.-
1040 5032 1086 5079 me
1095 5029 1320 5082 luimroductione
1328 5031 1363 5081 ud
1377 5027 1617 5092 nuouptomemm
1629 5032 1726 5091 legltur,
1733 5034 1811 5081 textui

214 5102 224 5132 ⁸
238 5100 397 5168 nummu
410 5119 480 5168 mn,
494 5120 519 5158 r.
530 5109 728 5171 tt.-⁸llattn.,
739 5123 861 5173 capam,
870 5121 894 5160 v.
907 5112 984 5161 lm.-
1039 5111 1323 5171 tpstusoperlstnsertus.
1332 5109 1535 5171 viuerupnpro
1544 5112 1810 5175 turnum-mnu.
