4559 6100
513 500 586 574 722
1105 502 1244 574 PE'l'lll
1271 500 1504 575 ABAELARDl

512 645 640 718 Christi
666 672 774 746 quam
790 651 917 724 'electis
930 650 1076 749 'Angelis
1102 666 1138 725 et
1157 650 1367 725 hominibus
1390 650 1507 723 inesse
1528 671 1669 746 semper
1689 669 1923 744 recognosco.
1950 645 2070 718 Unde
2089 659 2137 718 et

512 764 558 837 de
586 767 672 865 ipsis
697 772 860 869 supernis
892 755 1074 872 spiritibus
1104 772 1277 872 scriptum
1305 786 1385 845 est:
1405 767 1599 843 «Aderant
1626 766 1911 858 dominationes,
1946 778 2134 838 tremunt

513 898 753 985 potestates.»

560 1008 773 1080 Potestatem
815 1009 949 1109 ligandi
985 1027 1093 1111 atque
1139 1010 1303 1085 solvendi
1341 1008 1605 1084 successoribus
1640 1006 1898 1107 Apostolorum
1934 1002 2126 1078 omnibus

513 1149 615 1222 aeque
637 1140 678 1198 ut
694 1127 797 1226 ipsis¹
820 1131 999 1228 Apostolis
1020 1156 1228 1204 concessam
1244 1156 1319 1204 esse
1340 1129 1527 1229 profiteor,
1546 1143 1584 1201 et
1598 1141 1673 1199 tam
1690 1126 1846 1223 indignis
1859 1150 1971 1224 quam
1988 1122 2123 1220 dignis

513 1244 707 1343 episcopis,
737 1247 898 1345 quandiu
924 1274 987 1324 eos
1011 1251 1169 1323 Ecclesia
1193 1251 1398 1350 susceperit.

563 1367 698 1438 Omnes
722 1367 759 1438 in
780 1367 972 1443 dilectione
996 1372 1063 1443 Dei
1079 1386 1115 1444 et
1132 1371 1286 1471 proximi
1304 1369 1469 1467 aequales,
1487 1368 1669 1466 aequaliter
1690 1366 1811 1440 bonos
1832 1390 1909 1438 esse
1925 1364 2119 1437 confiteor

513 1500 548 1557 et
562 1487 697 1560 meritis
713 1513 817 1586 pares
837 1518 846 1559 :
867 1493 1146 1590 necquicquam
1161 1492 1279 1564 meriti
1293 1491 1391 1590 apud
1409 1494 1525 1562 Deum
1542 1489 1724 1589 deperire,
1743 1488 1773 1559 si
1789 1487 1895 1559 bonae
1910 1483 2118 1557 voluntatis

511 1605 658 1678 allectus
678 1630 699 1679 a
719 1611 806 1679 suo'
822 1609 1062 1708 praepediatur
1086 1610 1229 1684 ellectu.
1255 1615 1335 1682 Non
1355 1610 1453 1681 enim
1474 1607 1641 1706 Angelus,
1668 1632 1752 1680 cum
1775 1611 1891 1679 aDeo
1915 1606 2045 1677 missus
2073 1603 2116 1676 id

510 1726 611 1824 quod
629 1728 745 1801 facere
758 1728 836 1801 vult
851 1731 1066 1829 impleverit,
1084 1747 1146 1806 aut
1163 1733 1283 1804 anima
1299 1729 1428 1802 Christi
1444 1754 1516 1802 suae
1532 1727 1707 1801 voluntati
1723 1727 1890 1800 ellectum
1907 1724 2108 1818 addiderit,

511 1847 639 1919 melior
656 1848 741 1921 inde
761 1850 920 1948 reputari
944 1850 1098 1944 debuit:
1121 1852 1185 1924 sed
1201 1876 1303 1949 aeque
1329 1849 1480 1949 quilibet
1500 1848 1621 1922 bonus
1636 1860 1843 1948 permanet,
1868 1847 1942 1917 sive
1961 1859 2112 1943 tempus

512 1966 684 2065 operandi
713 1966 866 2062 habeat,
896 1970 968 2042 sive
1001 1996 1099 2065 non,
1130 1969 1331 2043 dummodo
1357 1970 1529 2067 aequalem
1555 1967 1650 2041 bene
1679 1965 1853 2066 operandi
1882 1964 2110 2037 voluntatem

512 2101 643 2174 teneat,
660 2111 727 2159 nec
745 2088 780 2160 iu
797 2112 842 2160 eo
861 2089 960 2187 quod
976 2115 1052 2163 non
1072 2106 1255 2189 operatur,
1275 2103 1471 2163 remaneat.

559 2209 676 2279 Deum
700 2210 841 2280 Patrem
858 2232 959 2306 aeque
979 2208 1199 2308 sapientem,
1226 2223 1262 2280 et
1279 2208 1407 2281 Filium
1432 2233 1533 2308 aequo
1549 2207 1746 2305 benignum
1764 2221 1803 2279 ut
1826 2205 1999 2305 Spiritum
2021 2228 2108 2276 san·

509 2337 607 2395 ctum
631 2324 804 2424 profiteor
824 2329 938 2426 :quia
960 2328 997 2400 in
1016 2327 1114 2400 nulla
1136 2327 1227 2400 boni
1245 2327 1490 2428 plenitudine,
1508 2328 1546 2398 in
1568 2325 1667 2400 nulla
1684 2326 1865 2423 dignitatis
1882 2324 2010 2421 gloria,
2030 2348 2105 2395 una

510 2468 748 2541 personarum
764 2446 908 2520 differre
925 2462 1043 2545 potest
1060 2447 1106 2521 ab
1125 2447 1206 2521 alia.

460 2613 467 2618 -
560 2562 762 2635 Adventum
787 2565 863 2637 Filii
889 2567 926 2637 in
949 2566 1021 2639 fine
1040 2567 1158 2639 saeculi
1181 2591 1287 2664 posse
1303 2566 1450 2641 attribui
1468 2567 1581 2658 Patri,
1607 2589 1808 2663 nunquam,
1832 2565 1920 2638 sciat
1936 2568 2045 2654 Deus,
2066 2562 2104 2633 in

511 2695 668 2752 mentem
685 2706 804 2754 meam
821 2685 933 2776 venit,
953 2711 1020 2758 nec
1036 2711 1075 2758 se
1093 2685 1211 2757 verbis
1228 2687 1318 2757 meis
1335 2688 1495 2759 inseruit.

559 2801 617 2871 Sic
639 2814 674 2872 et
692 2801 849 2874 animam
865 2802 994 2877 Christi
1014 2829 1089 2878 non
1107 2830 1174 2903 per
1189 2829 1226 2876 se
1242 2803 1288 2876 ad
1305 2805 1438 2878 inferos
1455 2805 1694 2898 descendisse,
1719 2806 1782 2879 sed
1798 2830 1863 2906 per
1877 2802 2101 2903 potentiam,

511 2920 662 2991 omnino
679 2944 700 2992 a
720 2920 807 2993 meis
822 2922 942 2996 verbis
961 2937 996 2995 et
1013 2949 1120 2997 sensu
1136 2939 1317 2997 remotum
1334 2939 1401 2997 est.
2108 2937 2111 2944 '

561 3040 801 3114 Novissimum
823 3068 969 3142 quoque
985 3044 1204 3143 Capitulum,
1223 3050 1317 3144 quo⁸
1332 3046 1514 3147 scripsisse
1529 3047 1717 3138 criminor,
1736 3046 1837 3145 qnod
1854 3070 1968 3143 neque
1989 3068 2098 3144 opus,

509 3187 627 3261 neque
649 3161 836 3255 voluntas,
864 3190 981 3263 neque
1008 3167 1319 3268 eoncupiscentia,
1349 3193 1468 3266 neque
1493 3165 1712 3240 delectatio‘
1742 3192 1821 3266 quae
1848 3181 1971 3238 movet
1996 3190 2098 3259 eam,

509 3297 697 3379 peccatum
723 3283 781 3376 sit,
803 3308 920 3383 neque
941 3284 1114 3360 debemus
1129 3290 1194 3361 ea⁸
1208 3287 1300 3360 velle
1318 3288 1497 3386 extingui,
1528 3312 1596 3360 nec
1617 3288 1737 3359 minus
1754 3310 1775 3360 a
1793 3287 1882 3359 meis
1908 3300 1982 3359 tam
1998 3285 2100 3358 dictis

509 3425 620 3498 quam
635 3402 775 3501 scriptis
791 3404 949 3476 alienum
965 3419 1031 3477 est.

557 3519 667 3610 Quod
691 3536 811 3594 autem
827 3523 996 3622 ¹Capitula
1019 3539 1145 3599 contra
1168 3552 1226 3599 me
1242 3530 1372 3628 scripta
1390 3528 1451 3602 tali
1475 3528 1548 3602 fine
1569 3529 1705 3603 amicus
1723 3543 1846 3601 noster
1863 3528 2096 3621 concluserit,

508 3653 548 3709 nt
573 3639 708 3712 diceret
737 3667 746 3711 ε
781 3646 900 3715 «Haec
924 3657 1046 3717 autem
1069 3647 1225 3744 capitula
1248 3649 1378 3748 partim
1404 3650 1443 3721 in
1466 3648 1558 3721 libro
1590 3648 1783 3748 Theologiae
1804 3649 1962 3745 magistri
1991 3650 2095 3740 Petri,

507 3758 640 3854 partim
662 3759 699 3829 in
717 3758 809 3832 libro
829 3764 1096 3835 Sententiarum
1116 3765 1293 3863 ejusdem,
1311 3769 1497 3868 partimin
1520 3767 1613 3841 libro
1640 3769 1741 3866 cujus
1765 3769 1887 3841 titulus
1907 3784 1979 3855 est,
2003 3771 2097 3840 Scito

508 3890 542 3946 te
564 3877 693 3971 ipsum,
712 3893 852 3978 reperta
865 3895 962 3967 sunt,
980 3913 998 3949 >2
1018 3908 1093 3957 non
1107 3887 1185 3961 sine
1201 3887 1438 3962 admiratione
1453 3888 1608 3962 maxima
1622 3890 1784 3988 suscepi:
1803 3913 1887 3961 cum
1905 3893 2100 3987 nusquam⁸

505 3991 599 4065 liber
627 3994 752 4092 aliquis
783 3999 846 4092 qui
873 4003 1139 4077 Sententiarum
1165 4007 1322 4100 dicatur,
1356 4033 1465 4081 ame
1489 4009 1642 4108 scriptus
1671 4010 1883 4107 reperiatur.
1912 4008 1983 4081 Sed
2008 4009 2098 4081 sicut

506 4128 634 4186 caetera
656 4127 781 4187 contra
799 4141 858 4189 me
882 4121 1061 4220 Capitula,
1087 4110 1141 4198 ita
1163 4142 1198 4199 et
1220 4126 1291 4199 hoc
1316 4152 1462 4225 quoque
1488 4152 1555 4227 per
1576 4125 1747 4200 malitiam
1774 4128 1832 4201 vel
1860 4129 2096 4226 ignorantiam

506 4231 687 4333 prolatum
703 4249 769 4306 est.

553 4354 590 4424 Si
617 4380 691 4452 qua
716 4356 824 4452 igitur
848 4359 1049 4434 consolatio
1070 4362 1108 4433 in
1134 4362 1276 4437 Christo
1301 4368 1400 4459 lesu,
1428 4368 1553 4466 siqua
1577 4384 1660 4441 sunt
1685 4369 1822 4443 viscera
1847 4369 1999 4469 pietatis,
2027 4367 2097 4439 lra-

503 4485 644 4544 ternam
669 4475 837 4572 pietatem
859 4482 1033 4551 vestram⁷
1050 4506 1175 4574 exoro,
1196 4507 1241 4556 ne
1259 4484 1501 4559 innocentiam
1518 4510 1656 4577 meam,
1680 4513 1790 4586 quam
1807 4514 1827 4563 a
1845 4487 1951 4587 culpa
1969 4487 2097 4560 veritas

503 4588 651 4682 liberat,
669 4616 778 4665 nemo
805 4596 960 4669 infamiae
987 4607 1107 4673 navo·
1137 4604 1392 4703 respergendo,
1421 4607 1457 4680 in
1486 4606 1676 4681 charitate·
1692 4608 1889 4706 delinquat.
1908 4606 2097 4689 Charitatis

534 4858 592 4908 ¹stc
601 4856 661 4909 Con.
674 4861 748 4911 2222.
767 4859 797 4910 tu
809 4859 875 4924 ipris
885 4873 956 4926 eque
965 4864 1093 4929 apostolis
1103 4867 1176 4918 Amb.
1185 4894 1213 4905 -
1226 4871 1273 4921 ‘Iu
1327 4878 1376 4922 tem
1392 4869 1453 4922 Cod.
1469 4874 1532 4925 292³
1543 4879 1569 4923 et
1580 4872 1719 4924 victorinus
1735 4876 1791 4926 att.
1808 4900 1837 4911 -
1854 4872 1914 4923 'Str
1924 4872 1984 4922 Cod.
2002 4868 2095 4925 lictor.

500 4936 617 4989 auoCod.
627 4941 699 4991 2922.
712 4966 740 4976 -
753 4940 763 4972 ⁸
776 4940 847 5000 Quod
858 4942 929 4993 aun.
940 4969 972 4981 -
982 4947 992 4978 ⁴
1003 4945 1080 4997 Alter
1092 4955 1274 5011 quemdem
1326 4954 1380 5007 322.
1393 4952 1592 5019 infantema
1602 4955 1673 5007 deest
1683 4954 1756 5007 Anb.
1772 4982 1803 4993 -
1818 4956 1869 5006 ’ln
1880 4953 2007 5005 mute
2024 4953 2097 5003 deest

499 5028 604 5067 enm.-
616 5021 626 5051 ⁸
636 5021 702 5071 Eam
713 5033 759 5082 pro
772 5033 803 5073 ea
813 5022 902 5083 lerttur
914 5025 939 5075 ln
951 5024 1013 5077 (αἱ.
1023 5030 1131 5080 ww.-
1143 5027 1201 5080 ‘Stc
1211 5028 1272 5081 Cod-
1326 5033 1398 5086 Ant).

500 5095 569 5148 189⁶.
582 5098 719 5162 Nunquam
730 5098 802 5152 dnh.
816 5126 849 5140 -
859 5104 867 5135 ²
879 5103 1032 5159 Fratemom
1043 5115 1154 5161 vertum
1176 5109 1271 5162 coriu-
