4559 6100
712 488 755 561 IN
780 483 1026 560 Erts'rotltt
1051 488 1112 562 AD
1139 488 1365 562 ROMANOS.
1758 496 1829 567 229

239 639 346 711 disse.
372 637 456 707 Haec
479 648 599 708 autem
622 634 706 709 ideo
726 635 943 728 notavimus,
967 635 1052 733 quia
1068 635 1210 709 videtur
1232 636 1423 735 Apostolus
1448 638 1497 709 ita
1520 653 1714 714 extremam
1738 667 1830 740 pro-

239 756 447 830 missionem
463 768 499 827 et
514 754 804 852 conceptionem,
829 754 868 827 id
885 769 937 827 est
953 759 1049 827 Isaac
1065 754 1270 854 disponere,
1288 771 1328 827 ut
1348 771 1430 829 ante
1448 756 1540 829 lacta
1563 757 1623 831 illa
1640 763 1831 858 promissio

240 877 403 949 videatur
420 898 531 972 quam
548 878 646 946 lsaac
662 875 924 973 conciperetur.
945 875 1002 946 Sic
1018 875 1114 946 enim
1133 876 1297 973 superius
1312 877 1397 947 ait¹:
1416 904 1433 943 a
1443 877 1513 962 Qui
1533 890 1660 950 contra
1676 902 1776 976 spem
1794 882 1830 951 in

238 1021 339 1096 spem
354 993 506 1066 credidit
515 1046 526 1083 ,
547 1006 587 1065 ut
602 991 703 1067 lieret
723 1007 825 1092 pater
841 993 1036 1067 multarum
1053 996 1232 1091 gentium,
1250 994 1450 1067 secundum
1470 994 1570 1090 quod
1592 995 1729 1069 dictum
1746 1013 1798 1070 est
1818 1028 1825 1068 :

240 1116 314 1187 Erit
336 1137 460 1186 semen
483 1128 585 1184 tuum
608 1113 701 1184 sicut
725 1111 832 1186 stellae
855 1112 934 1186 coeli
951 1126 987 1185 et
1004 1114 1095 1186 sicut
1111 1137 1220 1186 arena
1243 1115 1401 1207 maris3s
1421 1127 1457 1187 et
1478 1115 1598 1187 statim
1620 1115 1829 1212 adjunctum

240 1248 291 1305 est
309 1261 318 1303 ε
340 1261 359 1302 u
381 1236 424 1304 Et
439 1255 515 1304 non
538 1244 591 1304 est
610 1230 810 1304 infirmatus
830 1233 867 1303 in
890 1230 975 1319 fide,
992 1245 1061 1304 etc.
1078 1262 1096 1299 s
1115 1232 1169 1304 Ad
1186 1233 1274 1305 illud
1291 1258 1377 1308 vero
1394 1248 1534 1307 tantum
1551 1234 1651 1331 quod
1668 1236 1830 1335 interpo-

239 1354 349 1444 nitur,
376 1367 449 1426 «ut
472 1350 707 1449 derepere,
736 1366 822 1443 etc,
839 1380 857 1421 u
883 1351 970 1425 illud
994 1367 1130 1451 spectet
1152 1353 1251 1451 quod
1274 1354 1452 1445 subditur,
1474 1385 1492 1420 u
1507 1354 1707 1428 secuudum
1730 1359 1830 1454 quod

240 1472 375 1544 dictum
398 1487 452 1545 est
467 1471 523 1543 ei:
545 1470 602 1544 Sic
616 1471 697 1564 erit,
718 1484 785 1543 etc.
799 1502 817 1538 »
834 1472 1076 1561 Quaerendum
1094 1473 1256 1545 existimo
1274 1474 1421 1571 quando
1438 1499 1512 1546 non
1532 1474 1637 1546 luerit
1651 1474 1830 1548 Abraham

240 1589 402 1664 infirmus
419 1590 457 1663 in
481 1588 553 1662 fide
575 1588 622 1662 de
640 1589 880 1689 promissione
897 1595 1011 1683 Isaac,
1034 1593 1212 1690 cumipse
1232 1617 1379 1690 quoque
1399 1595 1491 1665 sicut
1507 1607 1544 1664 et
1564 1597 1650 1666 Sara
1674 1593 1720 1665 de
1741 1620 1830 1691 pro-

241 1712 408 1784 missione
431 1709 499 1783 hac
515 1709 617 1806 quasi
633 1707 839 1781 diffidenter
855 1707 973 1805 loqui,
993 1725 1029 1782 et
1050 1711 1168 1783 risisse
1183 1726 1359 1784 narretur.
1386 1712 1443 1784 Sic
1465 1711 1563 1783 enim
1587 1714 1758 1811 scriptum
1779 1730 1831 1787 est

240 1829 275 1899 io
291 1831 439 1902 Generi¹
458 1855 468 1901 z
488 1859 505 1898 e
521 1826 659 1901 Cecidit
671 1825 850 1900 Abraham
866 1829 902 1900 iu
920 1827 1067 1920 faciem,
1086 1843 1122 1901 et
1138 1831 1232 1921 risit,
1251 1829 1374 1904 diceus
1392 1831 1428 1902 in
1441 1829 1553 1903 corde
1569 1855 1636 1902 suo
1654 1858 1662 1902 :
1677 1837 1830 1906 Putasne

241 1949 445 2023 centenario
465 1962 631 2024 nascetur
655 1946 761 2039 filius,
784 1962 821 2020 et
842 1950 928 2021 Sara
950 1950 1195 2048 nonagenaria
1219 1950 1359 2047 parieti
1381 1977 1399 2018 >r
1422 1950 1520 2020 Dixit
1543 1949 1589 2022 ad
1606 1951 1826 2025 Dominum:

243 2097 261 2136 e
274 2070 420 2143 Utinam
450 2068 573 2143 ismael
604 2068 700 2141 vivat
728 2091 852 2141 coram
878 2081 960 2141 te.»
981 2063 1060 2141 ¹Sed
1088 2068 1251 2168 proiecto
1283 2093 1368 2141 cum
1395 2070 1644 2168 praemittitur:
1663 2073 1830 2145 «Cecidit

242 2188 422 2262 Abraham
438 2191 475 2262 in
497 2188 625 2263 faciem
642 2211 758 2280 suam,
776 2218 793 2253 r
818 2187 856 2260 id
879 2202 931 2261 est
951 2188 1140 2261 adorando
1162 2203 1270 2286 atque
1295 2171 1534 2287 supplicando
1560 2190 1689 2285 gratias
1712 2193 1831 2265 retulit

243 2309 491 2406 promissioni,
526 2310 656 2406 pariter
681 2306 845 2381 innuitur
870 2307 1027 2406 quiade
1053 2333 1096 2381 ea
1117 2331 1193 2380 non
1223 2306 1437 2408 desperavit.
1467 2307 1574 2396 Quod
1601 2333 1831 2407 nequaquam

242 2432 329 2502 Sara
355 2429 476 2504 secisse
497 2428 638 2525 legitur,
667 2452 752 2501 cum
772 2429 900 2501 riserit.
925 2430 1063 2504 Dicitur
1091 2430 1200 2503 ctiam
1226 2429 1273 2501 de
1294 2432 1400 2520 Sara,
1427 2427 1527 2524 quod
1549 2430 1664 2502 riserit
1691 2431 1831 2505 occulte

241 2564 322 2648 post
343 2551 501 2622 ostium:
520 2549 566 2622 de
582 2548 763 2622 Abraham
784 2574 884 2641 vero,
902 2550 1002 2647 quod
1024 2551 1140 2622 riserit
1153 2548 1265 2622 corde
1281 2531 1400 2648 potius
1419 2573 1528 2646 quam
1544 2574 1620 2622 ore.
1636 2550 1829 2644 Videlicet,

241 2671 311 2741 risu
330 2669 451 2742 cordis
468 2669 639 2768 gaudium
661 2669 865 2765 intelligitur
888 2669 1038 2763 mentis,
1065 2694 1139 2742 non
1166 2670 1251 2742 risio
1274 2670 1453 2768 promissi.
1476 2672 1520 2739 Et
1539 2668 1651 2742 verba
1673 2670 1733 2742 illa
1754 2697 1832 2767 quae

244 2804 454 2886 sequunttu,
476 2802 657 2889 «putasne
678 2790 899 2880 centenario,
920 2802 989 2861 etc.
1004 2817 1023 2857 u
1039 2787 1288 2861 admirationis
1305 2788 1425 2888 potius
1442 2811 1551 2886 quam
1574 2787 1833 2887 desperationis

244 2923 336 2979 suut.
357 2914 402 2981 Et
416 2908 517 3007 quod
540 2907 715 3006 adjunxit,
739 2910 906 2981 «utinam
924 2908 1048 2981 ismael
1068 2908 1164 2979 vivat
1179 2931 1302 2979 coram
1324 2922 1401 2999 te,»
1425 2906 1581 2978 ostendit
1593 2906 1831 2982 bumilitatem

245 3027 391 3101 Abrahae
407 3054 483 3101 uon
499 3043 639 3103 tantum
655 3029 919 3130 presumpsisse
936 3027 983 3100 de
998 3026 1161 3100 bonitate
1175 3025 1305 3100 divinae
1323 3028 1442 3124 gratiae
1457 3040 1633 3123 quantum
1647 3032 1744 3101 Deus
1757 3031 1833 3128 ipse

245 3173 317 3221 non
332 3151 467 3250 petenti
481 3150 598 3241 ollert,
613 3150 676 3222 sed
690 3151 809 3249 potius
821 3148 971 3221 Abrahae
985 3150 1069 3221 satis
1086 3171 1176 3239 esse,
1191 3148 1221 3218 si
1232 3145 1289 3220 vel
1305 3147 1431 3219 lsmael
1444 3147 1540 3218 vivat
1552 3148 1585 3217 ei
1597 3171 1666 3245 pro
1680 3149 1828 3221 semine.

295 3298 312 3338 u
326 3274 365 3343 ln
383 3270 672 3369 repromissione,
692 3284 760 3343 etc.
776 3298 793 3338 r
809 3274 863 3342 De
880 3267 1024 3341 duobus
1038 3266 1231 3339 factasunt
1245 3265 1394 3338 Abrahae
1418 3264 1689 3362 promissiones,
1714 3266 1761 3339 de
1782 3294 1834 3339 se·

240 3391 341 3462 mine
355 3389 488 3462 scilicet
504 3391 538 3462 ei
552 3387 675 3461 dando
693 3388 749 3462 vel
765 3386 1053 3488 multiplicand0,
1071 3401 1108 3458 et
1120 3385 1167 3457 de
1185 3401 1280 3458 terra
1295 3384 1465 3456 Cbanaan
1485 3384 1517 3455 ei
1533 3382 1667 3473 danda,
1692 3385 1749 3456 vel
1779 3413 1834 3459 se-
1908 3449 1911 3453 .

247 3510 332 3581 mini
348 3511 436 3606 ejus.
455 3510 589 3610 Saepius
600 3525 721 3585 autem
738 3523 926 3606 utramque
944 3507 1222 3606 promissionem
1241 3505 1370 3577 factam
1387 3505 1420 3575 ei
1440 3502 1546 3574 luisse
1563 3502 1725 3598 legimus,
1745 3505 1833 3578 dum

246 3630 417 3729 compleri
431 3629 646 3703 dilierretur.
659 3628 730 3703 Sed
746 3629 940 3701 maximam
953 3627 1014 3699 illa
1030 3626 1076 3699 de
1091 3625 1317 3724 possessione
1334 3638 1436 3694 terrae
1456 3620 1665 3694 dilationem
1682 3628 1831 3724 accepit,

247 3775 322 3846 quae
338 3749 446 3846 longe
459 3763 541 3849 post
553 3763 707 3822 mortem
716 3748 810 3821 illius
826 3745 1043 3846 complenda
1059 3770 1136 3819 esse
1151 3744 1384 3842 promittitur.
1396 3746 1497 3812 Hanc
1507 3742 1627 3839 itaque
1639 3742 1835 3816 secundam

245 3869 519 3966 promissionem
544 3868 859 3968 repromissionem
885 3866 971 3939 dicit
999 3863 1203 3964 Apostolus,
1235 3886 1277 3935 ac
1301 3864 1331 3933 si
1355 3861 1489 3934 diceret
1515 3888 1523 3932 :
1550 3866 1630 3933 Non
1658 3861 1775 3934 solum
1799 3867 1835 3934 in

243 3991 359 4085 prima
372 3990 623 4086 promissione,
641 3988 688 4061 de
704 3988 840 4060 semine
856 3984 988 4059 scilicet
1004 4010 1081 4056 non
1095 3983 1286 4072 dubitavit,
1306 3981 1369 4054 sed
1396 4005 1463 4053 nec
1487 3980 1596 4054 etiam
1607 3981 1645 4052 in
1664 3980 1833 4073 secunda,

239 4107 290 4179 de
307 4107 530 4206 possessione
549 4107 714 4180 videlicet
732 4121 849 4198 terrae,
875 4104 958 4177 licet
975 4106 1080 4203 longe
1098 4118 1224 4202 postea
1247 4101 1377 4192 lutura,
1403 4101 1441 4170 in
1471 4113 1600 4196 quarta
1620 4098 1755 4172 scilicet
1780 4104 1836 4173 vel

237 4229 280 4298 in
296 4227 423 4324 quinta
440 4227 668 4323 generatione
684 4224 842 4296 liliorum
867 4223 978 4297 Jacob
998 4225 1036 4296 in
1060 4228 1214 4321 AEgypto
1240 4220 1497 4321 profectorum.
1527 4248 1545 4286 u
1565 4222 1644 4289 Nou
1667 4218 1839 4290 hesitavit

234 4345 456 4439 diffidentia,
469 4374 487 4414 »
502 4344 542 4418 id
557 4360 623 4439 est,
639 4368 715 4416 non
732 4343 859 4417 habuit
873 4343 1135 4417 dubitationem
1150 4343 1187 4414 in
1199 4341 1323 4437 corde,
1335 4341 1427 4412 sicut
1439 4340 1551 4410 inore
1563 4337 1675 4410 verba
1690 4338 1837 4433 quidem

231 4464 480 4538 dubitationis
500 4464 666 4537 babuisse
692 4462 846 4557 videtur,
874 4458 910 4534 et
932 4487 1008 4536 non
1033 4464 1154 4535 statim
1179 4459 1388 4551 credidisse,
1418 4482 1494 4530 uon
1518 4457 1617 4556 prius
1641 4457 1837 4528 invisione

227 4587 347 4683 signo
366 4599 530 4683 acceptu,
548 4585 638 4657 sicut
652 4584 771 4656 statim
789 4582 941 4656 credidit
955 4582 1185 4681 promissioni
1202 4580 1314 4681 priori
1332 4578 1544 4650 desemine.
1564 4576 1621 4647 Sic
1643 4577 1739 4648 enim
1757 4577 1837 4646 scri·

225 4721 348 4805 ptum
365 4718 417 4777 est
432 4704 479 4777 de
493 4705 651 4775 Domino
668 4702 765 4776 etde
781 4701 964 4775 Abraham
978 4705 989 4741 ⁸
1004 4730 1013 4774 :
1029 4702 1126 4790 «Qui
1143 4699 1344 4797 egredietur
1359 4696 1405 4768 de
1419 4710 1522 4769 utero
1541 4711 1618 4789 tuo,
1637 4696 1754 4793 ipsum
1772 4692 1835 4764 ha-

219 4823 347 4898 bebis
361 4823 556 4896 haeredcm.
573 4822 774 4920 Eduxitque
789 4849 874 4896 eum
888 4823 998 4917 lorus,
1014 4835 1050 4896 et
1067 4823 1136 4895 ait:
1157 4820 1303 4918 Suspice
1319 4816 1463 4908 coelum,
1488 4830 1522 4887 et
1539 4838 1689 4886 numera
1704 4808 1833 4903 stellas,

262 5106 270 5131 ¹
288 5097 381 5157 Rom..
392 5111 446 5162 cap.
463 5111 488 5161 v,
500 5111 523 5149 v.
538 5103 575 5151 18.
593 5124 621 5136 -
639 5100 755 5163 ’Geram
765 5113 819 5163 cip.
833 5111 898 5161 xvir,
912 5112 935 5149 v.
949 5102 987 5152 tr.
1001 5066 1050 5135 -l
1062 5098 1165 5157 Genea,
1179 5108 1235 5158 erp.
1247 5108 1287 5155 rr,
1299 5107 1324 5143 v.
1339 5094 1390 5143 tet
1401 5103 1438 5152 sq.
