4559 6100
633 538 925 613 INTRODUCTlO
951 542 1013 614 tt>
1037 541 1343 615 rflaotoutmt.
1715 542 1786 615 tor

191 701 226 758 et
241 685 312 759 ait:
335 714 354 753 u
364 685 521 785 accipite
539 687 711 785 Spiritum
727 703 904 784 sanctum,
922 717 941 758 n
959 704 1000 763 ut
1017 714 1102 763 eum
1116 691 1225 762 etiarn
1240 690 1287 763 de
1301 715 1340 763 se
1359 688 1554 789 procedere
1568 692 1784 785 ostenderet,

192 819 228 877 et
245 807 324 905 ipsa
339 819 393 877 est
413 833 432 871 α
450 805 561 879 virtus
577 828 657 904 qute
672 805 718 880 de
734 806 797 879 illo
814 807 933 881 exibat
953 824 988 881 et
1003 808 1152 883 sanabat
1170 833 1310 896 omnes,
1324 835 1341 875 >r
1359 811 1449 882 sicut
1463 809 1591 907 legitur
1608 810 1645 881 in
1669 815 1788 883 Eran-

121 1012 127 1019 ἱ
193 924 311 1022 gelio¹.
333 924 477 1023 Quippe
496 948 580 996 cum
597 925 749 1024 Spiritus
769 927 870 1023 quasi
892 928 1071 1027 spiramen
1090 952 1112 1001 a
1133 927 1305 1028 spirando
1326 927 1442 1000 dictus
1459 928 1517 1019 sit,
1533 942 1571 1000 et
1587 952 1688 1026 aeque
1712 931 1788 1029 ipse

195 1058 266 1116 tam
286 1045 397 1116 Patris
412 1068 528 1142 quarn
545 1044 622 1117 Filii
641 1047 792 1145 Spiritus
807 1046 1021 1147 appelletur,
1040 1048 1119 1145 quis
1135 1062 1232 1121 recte
1254 1046 1408 1144 abneget
1434 1046 1480 1120 ab
1506 1047 1685 1122 ambobus
1705 1073 1788 1121 euru

194 1162 403 1260 procedere,
424 1162 592 1259 aquibus
609 1180 783 1264 tanquam
801 1166 994 1240 amborum
1016 1166 1161 1265 spiritus
1179 1191 1256 1239 esse
1271 1166 1382 1239 habet
1398 1181 1506 1265 atque
1524 1168 1681 1267 spirare?
1699 1172 1788 1241 Pro·

193 1283 268 1379 prie
285 1298 408 1355 tamen
429 1307 494 1355 seu
507 1284 752 1383 principaliter
767 1311 852 1359 eum
864 1311 888 1359 a
905 1290 1009 1360 Putre
1024 1286 1223 1386 procedere
1239 1311 1315 1359 non
1338 1310 1521 1384 negamus.
1543 1287 1648 1360 Unde
1664 1288 1788 1359 Hiero·

194 1400 777 1499 oymusdelinitionemCatbolieoe
794 1405 880 1480 fidei
889 1405 1255 1505 Nioaeniquesymboli
1271 1429 1455 1506 exponens
1466 1405 1553 1478 ait’:
1573 1406 1789 1480 «Credimus

191 1535 226 1592 et
249 1522 286 1592 in
304 1522 475 1620 Spiritum
496 1536 658 1595 sanettnn
676 1524 741 1622 qui
760 1524 808 1601 de
824 1530 928 1599 Patre
947 1525 1111 1625 procedit
1124 1527 1284 1625 proprie.
1303 1556 1321 1592 r
1340 1529 1427 1598 ltern
1447 1549 1457 1595 z
1477 1526 1682 1625 «Spiritum
1705 1548 1788 1598 san·

193 1654 293 1712 ctum
320 1665 444 1712 rerum
461 1645 580 1714 Deum
596 1642 800 1717 invenimus
827 1645 865 1717 in
890 1646 1091 1744 Scriptum,
1110 1644 1208 1717 etde
1225 1648 1329 1717 Patre
1345 1645 1492 1743 proprie
1507 1670 1597 1717 esse.
1620 1674 1638 1713 u
1665 1648 1708 1725 Et
1725 1645 1788 1715 ite·

194 1783 273 1831 rom
295 1786 304 1829 ε
328 1789 347 1829 u
366 1763 421 1832 De
438 1763 542 1834 Patre
562 1775 598 1834 et
610 1762 700 1836 Filio
717 1778 752 1836 et
770 1764 923 1862 Spiritus
940 1766 1088 1864 proprie
1104 1778 1143 1859 et
1156 1788 1240 1837 rere
1259 1763 1436 1862 procedit.
1459 1792 1477 1831 >r
1506 1764 1665 1837 Primum
1681 1763 1790 1859 igitur

194 1880 314 1978 accipe
339 1879 441 1978 quod
458 1879 504 1953 de
527 1886 631 1955 Patre
648 1898 702 1956 est
717 1885 864 1982 proprie
882 1884 1036 1983 Spiritus
1054 1898 1218 1976 sanutus,
1237 1883 1379 1956 dicente
1395 1883 1612 1982 Scriptura⁸t
1630 1913 1648 1948 α
1668 1882 1789 1956 Verbo

197 2027 214 2064 a
228 2000 375 2071 Domini
387 1998 467 2071 eoeli
481 1998 613 2072 firmati
624 2016 720 2089 sunt,
738 2017 774 2075 et
783 2003 908 2101 spiritu
922 2002 999 2100 ejus
1014 2003 1134 2077 omnis
1148 2005 1260 2076 virtus
1276 2026 1416 2075 eorum.
1430 2030 1448 2070 u
1463 2007 1508 2075 Et
1520 2001 1683 2076 Salvator
1700 2003 1786 2074 ait⁸z

197 2148 215 2183 α
230 2119 379 2218 Spiritus
401 2119 558 2192 veritatis
574 2122 636 2219 qui
654 2146 677 2195 a
692 2128 794 2195 Patre
810 2123 986 2222 procedit.
1006 2153 1023 2191 >r
1047 2128 1092 2195 Et
1111 2129 1152 2197 B.
1174 2126 1388 2221 Augustinus
1404 2123 1441 2195 in
1457 2128 1521 2196 XV
1535 2123 1580 2195 de
1600 2126 1786 2214 Triru'tnte,

195 2261 277 2337 cap.
292 2243 442 2311 xrnr'2u
460 2242 541 2311 Non
560 2239 691 2315 frustra
706 2242 743 2315 in
755 2243 824 2316 hac
836 2243 1005 2317 Trinitate
1019 2268 1095 2318 non
1108 2244 1240 2317 dicitur
1253 2241 1412 2315 Verbum
1427 2243 1490 2315 Dei
1507 2243 1574 2315 nisi
1588 2244 1708 2334 Filius,
1723 2267 1789 2315 nee

196 2356 338 2431 donum
354 2360 418 2432 Dei
443 2359 512 2432 nisi
537 2361 688 2459 Spiritus
705 2375 862 2435 sanutus.
891 2367 964 2435 Nec
983 2363 1029 2436 de
1048 2386 1121 2461 quo
1138 2361 1299 2458 genitum
1313 2375 1366 2434 est
1392 2361 1564 2453 Verbum,
1593 2376 1629 2434 et
1652 2361 1699 2434 de
1715 2387 1789 2459 quo

195 2476 362 2575 procedit
371 2478 615 2578 principaliter
626 2480 780 2580 Spiritus
795 2494 953 2576 sanctus,
969 2482 1037 2554 nisi
1050 2486 1149 2555 Deus
1160 2484 1275 2555 Pater.
1289 2510 1308 2549 n
1324 2479 1422 2553 ldem
1432 2479 1475 2552 de
1490 2478 1614 2552 Verbis
1627 2484 1786 2575 Domini,

194 2621 362 2670 sermone
377 2601 448 2670 ur‘:
466 2627 484 2667 u
497 2599 706 2700 EtSpiritus
719 2601 1119 2699 sanmusprincipaliter
1144 2600 1190 2674 de
1206 2600 1268 2672 illo
1283 2599 1444 2698 procedit
1465 2599 1600 2699 dequo
1618 2614 1721 2672 natus
1739 2615 1792 2673 est

195 2714 314 2789 Filius.
331 2716 417 2790 ldeo
431 2731 553 2791 autern
567 2717 693 2791 addidi
707 2718 963 2818 principaliter,
974 2721 1060 2815 quia
1068 2734 1104 2792 et
1112 2718 1159 2792 de
1173 2718 1262 2790 Filio
1274 2718 1426 2818 Spiritus
1436 2733 1580 2793 sanctus
1594 2718 1791 2817 procedere

195 2838 379 2936 reperitur.
398 2836 471 2910 Sed
491 2838 562 2911 boc
589 2862 736 2938 quoque
758 2837 809 2911 illi
829 2837 929 2912 dedit
943 2862 1019 2911 non
1031 2839 1108 2935 jam
1128 2838 1308 2932 existenti,
1329 2837 1410 2911 licet
1436 2839 1602 2912 nondum
1628 2838 1788 2911 babenti.

194 2956 263 3029 Sed
281 2957 461 3057 quidquid
484 2958 670 3057 unigenito
692 2957 802 3032 verbo
826 2957 941 3047 dedit,
958 2957 1139 3057 gignendo
1156 2957 1271 3030 dedit.
1302 2958 1360 3030 Sic
1387 2982 1473 3057 ergo
1495 2983 1580 3031 eum
1595 2959 1730 3056 genuit,
1753 2973 1793 3031 ut

194 3077 301 3149 etiam
308 3076 576 3151 deillobonum
587 3078 1057 3177 commune’procederet.»
1071 3081 1119 3150 Ac
1129 3077 1161 3150 si
1175 3092 1298 3176 aperte
1306 3078 1522 3175 Augustinus
1533 3078 1590 3151 bis
1599 3079 1717 3151 verbis
1726 3078 1791 3150 de·

193 3199 360 3270 terminet
370 3224 437 3298 per
447 3197 520 3271 hoc
531 3199 704 3298 Spiritum
721 3211 886 3272 sanctum
902 3194 1148 3296 principaliter
1160 3221 1204 3270 ex
1213 3200 1329 3284 Patre,
1345 3210 1381 3268 et
1393 3220 1468 3268 non
1481 3197 1725 3296 principaliter
1747 3223 1790 3269 ex

190 3315 298 3409 Filio,
313 3318 398 3416 quia
411 3319 513 3390 sices
526 3316 817 3416 Patreprocedit,
833 3316 936 3416 quasi
948 3317 1065 3415 primo
1078 3315 1176 3408 loco,
1188 3340 1273 3388 cum
1286 3340 1368 3387 eum
1384 3320 1489 3388 Pater
1502 3316 1548 3388 ab
1562 3317 1632 3389 alio
1643 3341 1718 3388 non
1731 3316 1790 3387 ha·

186 3437 288 3531 beat,
307 3437 372 3511 sed
385 3462 456 3511 ase
469 3438 563 3539 ipso,
576 3438 744 3511 sicuteta
757 3461 795 3509 se
812 3437 892 3535 ipso
904 3450 970 3528 est,
984 3435 1058 3507 hnc
1068 3449 1122 3507 est
1137 3459 1214 3506 non
1229 3433 1276 3508 ab
1289 3433 1373 3506 alio.
1387 3434 1496 3508 Filius
1511 3459 1598 3509 vero
1614 3460 1698 3508 curn
1712 3459 1734 3506 a
1750 3461 1788 3508 se

6 3461 10 3632 l
185 3559 337 3649 nonsit,
353 3555 416 3630 sed
427 3582 449 3631 a
459 3560 575 3643 Patre,
590 3557 698 3630 etiarn
711 3556 830 3656 ipsum
839 3555 1013 3653 Spiritum
1030 3578 1052 3628 a
1066 3558 1171 3626 Patre
1183 3537 1339 3644 habet,a
1353 3578 1427 3652 quo
1439 3579 1504 3654 per
1520 3556 1789 3653 generationem

6 3695 9 3816 ι
185 3701 270 3752 esse
288 3676 414 3751 haber.
429 3676 500 3750 Sed
512 3676 600 3773 quid
616 3690 670 3749 est
685 3674 787 3774 quod
802 3675 941 3748 dictum
958 3687 1024 3767 est,
1040 3675 1187 3774 proprie
1203 3673 1377 3773 Spiritum
1390 3698 1434 3746 ex
1448 3678 1552 3747 Patre
1567 3673 1791 3772 procedere?

182 3796 379 3896 Numquid
388 3798 534 3896 proprie
544 3794 596 3869 ibi
606 3795 757 3882 dictum,
773 3794 947 3870 sicuthoc
957 3793 1039 3866 loco
1049 3789 1317 3893 principaliter?
1326 3797 1370 3865 Et
1381 3793 1528 3867 fortasse
1539 3793 1790 3867 eodemmodo

6 3863 8 3994 l
178 3917 264 3991 dici
276 3917 393 3990 rideri
407 3930 541 4016 possm,
556 3914 623 3988 uisi
639 3912 739 4012 quod
757 3912 809 3986 ibi
821 3912 1056 4005 interseritur,
1067 3912 1168 4011 quod
1184 3926 1220 3984 et
1230 3910 1339 3985 Filius
1355 3936 1398 3986 er
1415 3916 1520 3986 Patre
1534 3927 1640 3986 natus
1654 3914 1699 3986 sit
1709 3939 1793 4013 pro-

175 4042 287 4138 prie,
303 4039 398 4111 sicut
416 4051 456 4109 et
470 4036 622 4135 Spiritus
638 4059 683 4107 ex
700 4036 804 4107 Patre
823 4033 969 4133 proprie
985 4031 1117 4106 dicitur
1136 4056 1227 4105 esse.
1245 4033 1390 4105 Dictum
1409 4035 1543 4133 quippe
1559 4032 1695 4107 ibidem
1711 4049 1765 4107 est
1781 4062 1789 4105 ε

6 4123 8 4172 t
170 4158 299 4232 Filius
317 4182 394 4230 non
411 4181 455 4230 ex
471 4156 664 4253 semetipso
681 4167 788 4226 natus
803 4167 869 4246 est,
887 4153 951 4226 sed
972 4157 1136 4226 exPatre
1153 4166 1329 4225 natusest
1351 4154 1497 4253 proprie
1516 4180 1524 4224 ι
1545 4178 1621 4227 non
1640 4154 1677 4226 in
1699 4166 1791 4226 tem·-

165 4303 296 4379 pore,
318 4276 384 4349 sed
404 4300 568 4374 semper:
583 4298 658 4346 non
684 4271 845 4366 aliunde,
865 4271 930 4345 sed
951 4271 998 4345 de
1021 4295 1095 4346 una
1112 4269 1325 4365 substantia,
1344 4297 1420 4345 non
1444 4272 1490 4345 de
1506 4273 1637 4364 aliena,
1661 4273 1725 4346 sed
1746 4273 1793 4349 de

165 4427 251 4475 sna
271 4398 435 4500 propria.
452 4400 493 4468 lt
508 4407 595 4469 veru
612 4395 643 4467 si
659 4392 790 4466 eodem
803 4392 916 4465 modo
932 4407 1007 4466 tam
1023 4392 1062 4465 in
1080 4392 1169 4464 Filio
1184 4415 1295 4490 quam
1311 4394 1348 4464 in
1366 4393 1498 4491 Spiritu
1516 4408 1642 4467 sancto
1662 4394 1792 4493 accipi·

163 4537 243 4595 tur
278 4519 442 4619 proprie,
470 4540 557 4589 cum
583 4514 643 4587 hio
667 4514 804 4587 scilicet
831 4513 978 4612 proprie
999 4513 1097 4585 nasci
1113 4536 1158 4600 ex
1174 4514 1291 4603 Patre,
1311 4526 1348 4586 et
1362 4512 1423 4585 ille
1439 4513 1636 4612 procedere
1661 4514 1794 4590 dicitur

157 4642 342 4744 proprie
357 4664 399 4713 ex
417 4643 534 4728 Patre,
549 4650 586 4709 et
600 4636 671 4710 tale
682 4635 728 4707 sit
742 4634 862 4707 dicere
881 4635 1027 4733 proprie
1046 4657 1088 4707 ac
1105 4632 1325 4707 sidiceretur
1335 4633 1590 4734 principaliter,
1604 4634 1792 4734 quomodo

152 4765 324 4837 Filium
342 4785 384 4833 er
400 4765 502 4831 Patre
521 4754 767 4857 principaliter
784 4754 880 4826 nasci
895 4752 1069 4844 dicemus,
1085 4776 1170 4825 cum
1186 4777 1229 4826 ex
1246 4777 1292 4825 eo
1309 4752 1388 4827 solo
1406 4770 1511 4827 natus
1526 4753 1595 4827 sit?
1613 4755 1686 4827 Nisi
1701 4754 1792 4825 sorte

188 5007 198 5035 ¹
216 5000 315 5054 lm,
326 5007 378 5057 cap.
391 5005 431 5052 rr,
445 5006 469 5043 r.
485 4994 523 5045 19.
536 5017 568 5031 -
585 4993 594 5023 ²
613 4988 704 5055 Expos.
729 4989 799 5041 nter
821 4989 852 5040 ad
875 4987 968 5053 Cyrllt,
1024 5015 1054 5027 -
1067 4987 1166 5042 ‘Serm
1177 5002 1242 5041 nm.
1253 4987 1464 5053 opp.,t.tv,eot.
1477 4987 1672 5053 att-unni
1682 4990 1796 5054 lumid-

146 5082 261 5144 opp„
278 5082 302 5124 t.
316 5072 347 5133 i',
359 5074 408 5123 eol.
419 5073 473 5123 itt.
483 5069 629 5121 -³Psalm.
643 5082 723 5132 mn,
736 5081 759 5119 r.
775 5070 799 5118 6.
819 5093 848 5106 -
865 5066 966 5131 ⁴l0m.,
1022 5081 1079 5119 uum
1091 5067 1187 5118 donum
1203 5080 1337 5118 mmmuue
1350 5069 1446 5128 rentur.

140 5174 218 5223 cap.
240 5168 305 5212 xv.
317 5168 340 5205 r.
357 5154 400 5204 te.
413 5176 443 5189 -
453 5150 529 5213 ’Cap
554 5161 619 5212 xro,
634 5147 713 5213 opp„
731 5144 831 5208 ertu,
847 5147 894 5198 eol.
907 5149 963 5198 aaa.

6 5241 8 5320 l

6 5907 13 6042 r
