4559 6100
750 494 1006 569 THEOLOGIA
1039 495 1316 570 cantoratus.
1346 488 1349 493 ’
1749 492 1814 566 sat

231 658 334 733 suut,
364 645 560 743 plurimum
584 658 751 742 prosunt,
781 669 855 717 non
880 670 1006 718 verum
1028 645 1182 719 diceudo
1208 643 1309 743 quod
1335 645 1519 723 nesciunt¹
1547 641 1612 715 sed
1631 643 1679 715 ad
1699 667 1823 715 verum

231 766 464 863 quaerendum
481 766 652 856 carnales,
672 766 768 839 etad
786 792 910 840 verum
927 769 1175 867 accipiendum
1193 768 1393 868 spirituales
1408 765 1604 839 catholicos
1619 766 1821 839 excitando.

234 891 384 960 Utamur
406 912 491 982 ergo
508 886 694 978 haereticis,
713 910 788 959 non
812 903 852 959 ut
875 912 1001 961 eorum
1024 888 1269 988 approbemus
1288 911 1441 978 errores,
1460 886 1525 957 sed
1547 899 1588 957 ut
1611 883 1826 958 catholicam

234 1005 456 1104 disciplinam
474 1005 646 1078 adversus
662 1030 790 1079 eorum
807 1006 953 1080 insidias
969 1021 1177 1097 asserentes,
1193 1006 1434 1104 vigilantiores
1452 1019 1487 1078 et
1508 1005 1686 1077 cautiores
1701 1005 1825 1095 simus,

234 1127 297 1199 etsi
325 1151 388 1198 cos
409 1125 625 1199 adsalutem
653 1151 822 1199 revocare
849 1151 924 1199 non
942 1130 1132 1226 possimus.
1151 1160 1168 1194 n
1200 1126 1357 1199 lsidorus
1380 1127 1645 1196 Sententiarum
1669 1122 1764 1196 libro
1790 1127 1826 1215 l,

235 1270 269 1317 c.
286 1269 347 1316 rvr
370 1273 377 1315 :
402 1248 555 1318 «Sancta
571 1244 745 1342 Ecclesia·
760 1261 945 1319 exercetur
967 1248 1163 1345 sapientia,
1195 1271 1279 1319 cum
1301 1259 1457 1318 tentatur
1482 1241 1620 1335 verbis;
1649 1258 1831 1333 exercetur

236 1364 417 1460 patientia,
434 1389 518 1436 cum
535 1379 692 1438 tentatur
708 1365 846 1462 gladiis.
862 1371 977 1440 Causa
996 1367 1180 1465 pravitatis
1195 1366 1368 1438 hoereticae
1385 1365 1547 1437 doctrina
1566 1378 1620 1436 est
1634 1378 1832 1462 propagata

237 1482 403 1555 ecclesiae.
422 1488 511 1557 Nam
528 1500 631 1557 autea
649 1485 803 1584 simplici
822 1500 960 1557 tantum
977 1484 1048 1557 fide
1066 1485 1220 1581 vigebat.
1246 1486 1500 1557 Haereticorum
1519 1484 1626 1579 igitur
1641 1483 1831 1554 occasione

237 1601 424 1699 propagati
445 1616 529 1674 suut
545 1603 712 1675 doctores
734 1604 771 1676 in
790 1604 874 1689 lide,
894 1618 929 1677 et
945 1629 1009 1703 per
1025 1628 1175 1677 acumen
1197 1604 1372 1675 haeresum
1393 1602 1556 1674 Ecclesiae
1574 1602 1732 1697 magistri
1754 1625 1832 1672 cre·

237 1735 379 1791 verunt.
395 1753 412 1787 n
430 1721 534 1795 Unde
551 1724 659 1795 etiam
676 1724 788 1796 saneti
806 1724 987 1816 doctores,
1015 1749 1097 1796 cum
1123 1723 1169 1794 ad
1199 1723 1507 1815 exercitationem,
1528 1735 1568 1793 ut
1594 1721 1730 1795 dictum
1756 1733 1830 1808 est,

237 1837 397 1911 fidelium
434 1839 526 1913 adeo
555 1843 770 1915 necessarias
810 1867 887 1916 esse
922 1844 1172 1915 haereticorum
1207 1844 1465 1942 disputationes
1492 1840 1551 1914 vel
1583 1840 1835 1938 ,inquisitiones

238 1961 480 2055 attenderent,
507 1949 647 2037 ratione
671 1964 791 2062 potius
818 1988 928 2061 quarn
956 1978 1132 2064 potestate
1159 1964 1315 2036 coerceri
1344 1976 1559 2053 sanxerunt,
1590 1975 1626 2033 et
1649 1984 1712 2033 eos
1734 1960 1836 2056 quasi

240 2093 343 2153 tantae
365 2082 521 2153 victoriae
543 2082 721 2155 desiderio
747 2082 794 2155 ad
817 2106 925 2155 sacrae
948 2083 1108 2156 studium
1130 2084 1342 2155 eruditionis
1358 2095 1442 2153 sunt
1462 2081 1688 2180 potissimum
1707 2079 1837 2153 adhor-

240 2200 315 2272 tati.
335 2199 440 2273 Unde
456 2203 696 2298 Hieronymus
715 2200 766 2272 ad
780 2204 1022 2299 Nepotianum
1046 2231 1054 2273 z
1078 2204 1221 2294 «Disce,
1243 2204 1370 2301 inquit,
1396 2201 1495 2299 quod
1515 2201 1637 2292 doces,
1656 2214 1696 2271 ut
1722 2201 1837 2298 possis

239 2319 419 2391 exhortari
447 2321 485 2391 in
506 2319 670 2392 doctrina
700 2326 831 2411 sacra¹,
863 2336 900 2393 et
928 2321 1215 2396 contradicentes
1236 2323 1436 2411 revincere,
1462 2333 1607 2419 paratus
1625 2343 1768 2418 semper
1790 2318 1837 2391 ad

239 2438 517 2513 satisfactionem
541 2442 642 2513 omni
665 2442 828 2540 poscenti
852 2456 886 2513 te
905 2442 1083 2514 rationem
1106 2442 1153 2514 de
1178 2467 1220 2514 ea
1239 2465 1318 2538 quae
1335 2444 1372 2513 in
1388 2455 1422 2513 te
1438 2456 1490 2513 est
1506 2465 1582 2539 spe.
1599 2471 1616 2505 s
1645 2439 1840 2536 Gregorius

240 2557 458 2631 Bonifacio':
478 2560 686 2658 a....potius
701 2584 810 2656 quam
826 2560 862 2632 vi
878 2561 1137 2633 convincatis.»
1154 2567 1236 2650 Qua
1252 2585 1338 2632 vero
1353 2562 1491 2633 ratione
1508 2558 1588 2651 hos,
1603 2561 1665 2656 qui
1682 2557 1840 2632 christia-

241 2677 361 2749 nitatis
377 2677 518 2749 bonum
535 2681 714 2778 suscipere
727 2693 897 2772 renuunt,
913 2679 1140 2772 convincere,
1153 2680 1284 2776 quibus
1300 2679 1446 2752 monitis
1458 2679 1515 2750 vel
1532 2675 1841 2750 exhortationibus

241 2795 287 2867 ad
314 2794 426 2869 fidem
444 2798 623 2872 attrahere
642 2799 854 2897 poterimus,
884 2799 915 2870 si
933 2798 1022 2895 quid
1039 2800 1077 2870 in
1096 2800 1174 2898 ipsa
1191 2799 1273 2872 fidei
1303 2813 1434 2871 nostrae
1453 2798 1675 2898 professione
1690 2796 1841 2868 dubium
1939 2844 1945 2856 ·

241 2916 510 3014 protulerimus,
538 2916 638 3016 quod
664 2942 739 2990 non
760 2918 944 2990 valeamus
966 2918 1173 3012 defendere,
1201 2919 1337 2992 nedum
1363 2918 1598 2993 confirmare?
1625 2920 1843 2990 auctoritate

241 3036 388 3133 quidem
408 3038 603 3136 scripturae,
622 3064 730 3136 quam
750 3064 826 3110 non
843 3039 982 3137 recipit,
1002 3040 1103 3136 argui
1128 3065 1237 3112 nemo
1255 3053 1384 3138 potest.
1403 3037 1512 3127 Quod
1532 3039 1562 3110 si
1577 3037 1699 3110 adhuc
1714 3038 1843 3137 aliquis

241 3161 280 3230 in
296 3183 414 3229 meam
427 3174 628 3256 perseveret
640 3158 971 3257 reprehensionem,
989 3173 1121 3231 etcum
1139 3160 1304 3232 noudum
1322 3160 1381 3231 illa
1393 3158 1593 3257 periculosa
1606 3173 1770 3256 tempora
1787 3161 1841 3230 in·

242 3289 350 3368 stent,
370 3291 493 3351 nostra
508 3280 651 3376 penitus
668 3275 810 3373 abjiciat
826 3278 883 3348 vel
897 3302 973 3349 non
995 3293 1097 3350 curet
1113 3280 1263 3377 scripta3
1285 3278 1375 3350 illud
1388 3277 1536 3351 tandem
1554 3278 1764 3374 Hieronymi
1781 3289 1843 3349 au·

241 3396 342 3470 diat:
362 3399 584 3492 «Peregrina
601 3420 735 3469 merces
751 3410 890 3467 tantum
901 3396 1103 3469 volentibus
1115 3399 1331 3493 navigant;›
1349 3412 1384 3469 et
1401 3421 1469 3469 nos
1482 3397 1629 3494 quidem
1642 3398 1708 3470 ista
1721 3397 1844 3470 volen-

243 3516 341 3588 tibus
355 3530 493 3589 tantum
505 3516 707 3607 scribimus,
724 3517 838 3587 immo
851 3517 1057 3615 importune
1074 3515 1180 3588 nobis
1196 3516 1442 3588 insistentibus
1452 3530 1562 3612 atque
1575 3517 1840 3607 insultantibus,

241 3636 345 3734 quod
367 3659 446 3708 eam
473 3659 582 3733 quam
605 3635 840 3735 praedicamus
866 3633 975 3707 fidem
993 3634 1187 3708 defendere
1204 3636 1281 3708 ausi
1302 3661 1377 3707 non
1402 3637 1526 3727 simus,
1546 3636 1740 3733 praesertim
1758 3661 1843 3708 cum

240 3757 410 3827 omnium
435 3755 617 3828 bonorum
638 3754 912 3826 fundamentum
928 3754 1037 3826 fidem
1054 3779 1130 3827 esse
1147 3769 1304 3843 constet,
1324 3779 1433 3852 quarn
1450 3756 1613 3852 quisquis
1632 3754 1845 3828 labefactare

238 3871 390 3970 poterit,
416 3871 505 3943 nihil
529 3871 575 3943 dc
596 3871 883 3969 superaedificatis
905 3872 1051 3943 firmum
1073 3871 1267 3968 reliquerit.
1292 3870 1363 3943 Sed
1383 3873 1463 3962 etsi,
1485 3872 1669 3944 veritatem
1685 3871 1845 3971 profiteri

239 3991 374 4083 liceat,
394 4015 477 4063 cum
496 3993 592 4063 ηοῐι8
607 3991 723 4063 nullas
744 3991 852 4088 hujus
869 3992 976 4063 etiarn
996 3992 1168 4090 temporis
1182 3991 1334 4063 haereses
1356 4006 1417 4063 aut
1441 3991 1630 4063 schismata
1654 3993 1846 4092 reprehen-

239 4110 384 4185 dendas
399 4126 461 4186 aut
478 4112 710 4208 corrigendas
725 4136 801 4184 esse
818 4136 1018 4201 censemus,
1045 4135 1134 4207 quas
1154 4111 1212 4184 vel
1235 4113 1303 4210 ipsi
1329 4136 1398 4184 nos
1421 4110 1468 4183 ab
1488 4110 1544 4183 his
1567 4115 1630 4207 qui
1654 4137 1714 4185 eas
1739 4113 1845 4211 profi·

237 4231 595 4319 tenturandivirnus,
607 4232 664 4304 vel
678 4231 725 4304 ab
740 4231 798 4303 his
809 4233 872 4328 qui
885 4255 945 4305 eas
958 4231 1137 4304 audierint
1151 4231 1352 4303 didicimus.
1367 4234 1457 4302 Sunt
1470 4232 1580 4317 enim,
1595 4245 1753 4330 utsupra
1769 4257 1847 4305 me·

241 4352 444 4444 minimus,
471 4353 534 4449 qui
551 4351 597 4424 ad
615 4350 864 4447 assignandam
882 4352 992 4422 trium
1008 4374 1247 4450 personarum
1264 4350 1504 4422 diversitatem
1524 4366 1594 4422 tres
1611 4352 1847 4449 proprietates

238 4473 284 4542 in
308 4495 354 4542 eo
377 4469 587 4566 intelligant,
617 4483 787 4566 tanquam
813 4484 883 4541 tres
902 4495 958 4541 res
983 4470 1142 4541 diversas
1157 4467 1390 4541 essentialiter
1412 4467 1553 4567 abipso
1569 4473 1659 4540 Deo.
1679 4472 1845 4557 Quorum

236 4589 357 4664 etiam
378 4615 473 4661 uuus
493 4589 556 4686 qui
580 4590 616 4660 iu
636 4586 879 4683 audegavensi
901 4612 994 4686 pago
1012 4589 1132 4685 magni
1151 4588 1308 4659 nominis
1331 4587 1498 4684 magister
1521 4590 1628 4683 viget,
1649 4589 1687 4659 in
1710 4603 1844 4662 tantam

234 4734 485 4809 prorumpere
500 4732 607 4780 austts
619 4720 670 4780 cst
685 4708 873 4799 insaniam,
886 4708 1053 4779 utomnia
1065 4721 1308 4780 creaturarum
1319 4708 1467 4780 nomina
1478 4706 1526 4780 ad
1535 4711 1652 4780 Deum
1659 4708 1840 4800 translata,

275 5026 283 5052 ¹
304 5019 354 5082 Ap.
371 5018 544 5081 Hieronymum
555 5018 678 5067 rana-¹
687 5014 740 5067 Hoc
751 5017 825 5066 ettam
836 5017 891 5066 loco
905 5016 1025 5079 relluqut·
1077 5019 1149 5080 cujus
1162 5016 1246 5066 uum·
1258 5023 1350 5066 nutum
1364 5016 1438 5067 rerba
1448 5017 1554 5078 sertptor
1564 5017 1687 5078 uppusun,
1700 5017 1848 5083 setllcetpo-

232 5112 287 5152 tur
301 5101 409 5163 madum
421 5112 522 5150 vacuum
540 5101 570 5149 ad
586 5096 613 5148 S.
625 5097 737 5160 Greaurtt
753 5105 846 5148 textum
858 5098 1023 5160 lustrandum,
1079 5096 1131 5147 tius
1142 5109 1223 5160 quun
1232 5098 1261 5147 oi
1271 5097 1436 5150 convincatis.
1445 5121 1477 5135 -
1493 5098 1568 5149 ‘Non
1579 5098 1648 5148 deest
1659 5099 1686 5149 tn
1696 5100 1789 5152 mure.

330 5210 398 5254 ,rr
1687 5193 1776 5265 66ν
