4559 6100
680 625 724 698 ru
749 622 996 697 nrrsromu
1021 625 1083 699 an
1107 626 1334 701 uouauos.
1739 630 1803 704 rsr
1897 719 1903 724 ,

216 776 347 862 minus,
369 787 406 847 et
421 772 530 846 morti
548 796 625 845 non
641 773 788 846 tradidit
814 798 886 847 rue.
910 800 929 842 u
953 778 996 846 Et
1014 800 1159 848 rursum
1173 781 1207 848 ⁸:
1230 806 1248 844 «
1267 779 1369 864 Quos
1396 774 1509 873 diligit
1531 781 1629 849 Deus
1645 781 1808 877 corrigit;

217 894 369 992 flagellat
395 909 516 967 autem
541 917 690 967 omnem
710 892 824 966 filium
846 917 956 992 quern
984 895 1122 994 recipit.
1145 923 1163 963 u
1190 894 1295 968 Unde
1324 895 1566 993 Hieronymus
1593 895 1645 967 ad
1668 900 1811 970 Castru-

216 1007 346 1107 eium'2,
367 1017 523 1112 «Magna
538 1013 592 1086 ira
607 1025 661 1086 est
677 1012 828 1109 quando
843 1012 1076 1113 peccantibus
1090 1038 1166 1086 non
1186 1014 1349 1087 irascitur
1364 1018 1508 1087 Deus.»

266 1131 491 1206 «Tribulatio
506 1145 542 1205 et
556 1133 731 1230 angustia.
747 1126 942 1205 »Ostendit
955 1156 998 1205 ex
1010 1132 1321 1232 quibuspraedicta
1340 1134 1393 1207 ira
1411 1147 1448 1207 et
1463 1134 1664 1231 indignatio
1682 1159 1811 1234 prove-

217 1254 302 1325 niat.
314 1250 515 1324 Tribulatio
533 1253 632 1323 enim
643 1252 807 1348 angustia
818 1249 884 1345 est,
901 1250 964 1324 ubi
984 1251 1093 1350 isqui
1110 1267 1299 1351 torquetur
1313 1253 1414 1324 omni
1433 1278 1496 1352 spe
1514 1252 1691 1326 evadendi
1706 1253 1817 1356 desti·-

217 1385 311 1445 tutus
328 1384 395 1463 est,
411 1386 532 1444 ut-nec
551 1395 633 1470 spes
649 1372 682 1443 ei
703 1371 750 1448 ad
773 1370 974 1445 remedium
992 1370 1141 1470 aliquod
1157 1373 1202 1445 sit
1224 1372 1360 1466 relicta,
1383 1372 1448 1445 sed
1475 1373 1553 1472 ipsa
1579 1398 1726 1473 quoque
1749 1373 1811 1449 de·

215 1492 418 1590 speratione
434 1504 656 1586 torqueatur.
675 1494 720 1562 Et
735 1492 821 1588 quia
836 1490 974 1566 dixerat
993 1491 1105 1564 «his»
1117 1490 1316 1583 indefinite,
1332 1491 1435 1565 addit
1447 1493 1658 1590 generaliter
1668 1492 1706 1565 id
1719 1491 1810 1566 fieri.

218 1641 235 1675 α
248 1613 288 1682 In
305 1633 451 1682 omnem
469 1612 627 1683 animam
645 1607 803 1683 hominis
816 1611 999 1709 operantis
1013 1611 1161 1683 malum.
1174 1640 1191 1678 u
1206 1616 1292 1684 Tam
1308 1610 1421 1684 ludaei
1438 1612 1573 1684 scilicet
1590 1636 1701 1710 quam
1714 1616 1813 1685 Gen·

216 1728 297 1820 tilis,
312 1729 350 1834 id
367 1743 421 1803 est
440 1744 514 1801 tam
526 1729 659 1829 scripta
674 1754 786 1827 quarn
807 1729 961 1803 naturali
980 1731 1057 1827 lege
1076 1732 1254 1803 instructi.
1275 1762 1292 1799 α
1310 1727 1515 1831 Operantis,
1541 1763 1558 1798 >2
1586 1732 1715 1828 inquit,
1736 1756 1811 1804 non

216 1850 365 1950 operati,
379 1848 484 1921 idest
499 1849 759 1947 perseverantis
775 1850 813 1921 in
828 1849 975 1943 malitia,
990 1874 1066 1923 non
1084 1850 1301 1923 desistentis.
1321 1851 1392 1938 Qui
1409 1851 1517 1923 etiam
1532 1852 1626 1923 inter
1646 1852 1723 1950 ipsa
1739 1864 1812 1923 tor·

215 1983 336 2042 menta
350 1993 420 2041 nec
435 1968 568 2042 malam
582 1967 807 2042 voluntatem
820 1969 1020 2069 deponent,
1032 1995 1117 2042 cum
1131 1968 1277 2043 diabolo
1290 1967 1813 2064 confirmati,volentesadl1uc

214 2089 244 2160 si
258 2088 383 2162 liceret
394 2086 522 2161 eadem
535 2112 655 2184 agere,
672 2103 780 2186 atque
802 2087 885 2162 ideo
905 2104 1080 2189 perpetua
1097 2090 1165 2162 erit
1180 2090 1309 2162 merito
1325 2114 1446 2188 poena,
1471 2091 1556 2188 quia
1578 2105 1751 2190 perpetua
1775 2092 1812 2162 in

214 2208 336 2279 animo
344 2206 593 2306 perseverabit
606 2206 726 2306 culpa.
739 2206 857 2301 Unde,
869 2221 905 2280 et
918 2205 1026 2280 beato
1035 2222 1225 2281 attestante
1237 2209 1473 2305 Hieronymo,
1491 2209 1621 2281 merito
1635 2209 1814 2279 Dominus

215 2327 253 2397 in
269 2326 329 2398 die
338 2325 461 2422 judicii
474 2325 636 2399 dicturus
653 2340 707 2399 est
721 2328 756 2397 'e
778 2326 1022 2400 «Disceditea
1039 2329 1170 2425 mequi
1185 2328 1385 2426 operamini
1401 2328 1639 2424 iniquitatem,
1654 2355 1672 2393 u
1690 2325 1726 2397 id
1744 2342 1810 2419 est,

214 2445 369 2542 quinon
385 2446 499 2518 solum
513 2446 652 2545 operati
667 2447 764 2537 estis,
782 2445 845 2518 sed
859 2445 981 2520 adhuc
1000 2448 1038 2518 in
1052 2448 1136 2546 ipsis
1151 2446 1322 2520 cordibus
1346 2449 1471 2520 vestris
1492 2447 1707 2546 operamini.
1727 2444 1809 2532 Ubi,

213 2576 380 2662 utsupra
398 2564 564 2656 diximus,
584 2564 682 2664 apud
698 2569 816 2639 Deum
829 2565 998 2641 voluntas
1015 2591 1083 2667 pro
1107 2590 1217 2666 opere
1239 2565 1323 2639 lacti
1349 2579 1592 2664 computatur,
1613 2563 1812 2637 benedicit

213 2684 250 2754 in
266 2684 438 2777 animam,
453 2710 530 2758 non
545 2686 580 2757 in
599 2710 731 2784 corpus
751 2684 922 2780 hominis,
949 2687 1147 2759 vindictam
1163 2684 1253 2777 lieri,
1269 2685 1354 2782 quia
1372 2684 1482 2757 solius
1507 2685 1635 2757 animae
1651 2699 1717 2775 est,
1735 2708 1811 2757 non

213 2802 389 2901 corporis,
406 2802 529 2876 dolere
545 2804 619 2877 sive
635 2804 780 2898 sentire,
800 2819 834 2876 et
847 2806 1050 2877 contristari
1067 2803 1121 2877 vel
1138 2803 1321 2894 delectari,
1341 2803 1446 2875 irasci
1460 2801 1513 2874 vel
1529 2802 1701 2900 gaudere.
1724 2807 1768 2874 Et
1783 2801 1812 2873 si

214 2919 400 3019 diligenter
415 2923 685 2997 consideremus
698 2925 774 2997 sola
789 2924 866 3022 ipsa
879 2950 959 3022 quac
972 2924 1063 2997 velle
1080 2937 1211 3023 potest,
1231 2922 1328 3024 apud
1342 2927 1460 2994 Deum
1485 2922 1679 2994 voluntatis
1696 2947 1813 2995 remu·

214 3055 419 3114 necatorem
437 3042 495 3115 vel
510 3042 695 3142 praemium
707 3042 764 3116 vel
779 3069 925 3142 poenam
941 3069 984 3117 ex
996 3043 1095 3117 bona
1114 3043 1171 3117 vel
1187 3044 1282 3118 mala
1299 3044 1482 3116 voluntate
1498 3057 1727 3142 promeretur
1748 3071 1758 3135 3
1777 3058 1813 3115 et

213 3159 288 3234 sola
312 3163 462 3260 proprie
487 3161 639 3235 dicenda
664 3177 717 3235 est
739 3187 908 3263 peccare,
928 3166 1019 3237 sicut
1040 3180 1076 3237 et
1093 3165 1244 3237 virtutes
1267 3163 1413 3255 habere,
1441 3178 1478 3235 ct
1498 3162 1575 3235 sola
1595 3162 1700 3236 beata
1720 3163 1812 3235 ellici

212 3281 407 3353 carisione
431 3280 561 3354 divinae
586 3282 791 3379 majestatis,
810 3307 889 3382 quae
909 3285 1023 3357 oculis
1040 3299 1179 3357 tanturn
1202 3285 1346 3376 mentis,
1370 3307 1446 3355 non
1467 3282 1644 3380 corporis,
1668 3284 1810 3381 conspi-

211 3398 318 3471 citur.
338 3399 449 3488 Quod
470 3414 591 3473 autem
613 3401 775 3501 quinque
795 3403 923 3474 animae
939 3427 1064 3476 sensus
1083 3404 1250 3500 corporei
1265 3402 1448 3494 dicuntur,
1464 3425 1547 3473 curu
1571 3399 1648 3472 sola
1671 3413 1811 3473 tantum

211 3518 334 3591 anima
349 3520 499 3611 sentiat3
517 3519 575 3593 vel
590 3519 690 3619 quod
706 3519 871 3619 quaedam
885 3536 1034 3621 peecata
1049 3519 1218 3613 carnalia,
1249 3519 1413 3618 quaedam
1429 3518 1600 3619 spiritalia
1620 3532 1808 3612 vocentur,

211 3661 297 3710 cum
313 3639 392 3712 sola
411 3654 553 3713 tantum
577 3641 699 3713 anima
722 3655 870 3740 peccet,
897 3665 977 3738 quae
999 3641 1074 3713 sola
1096 3641 1273 3713 rationem
1287 3639 1398 3712 habet
1413 3653 1450 3711 ct
1465 3638 1555 3710 velle
1572 3653 1715 3737 potest:
1734 3664 1809 3711 non

211 3758 260 3830 ita
277 3771 331 3830 est
346 3759 611 3859 accipiendum,
630 3774 670 3832 ut
683 3782 815 3859 corpus
831 3761 950 3860 ipsum
965 3762 1022 3833 vel
1035 3762 1176 3848 sentiat,
1191 3763 1249 3834 vel
1267 3774 1404 3860 peccet,
1426 3758 1490 3831 sed
1509 3758 1592 3857 quia
1610 3784 1678 3858 ,per
1693 3759 1810 3858 ipsum

214 3879 269 3951 vel
281 3902 411 3951 sensus
428 3895 639 3953 exercentur
654 3880 712 3953 vel
728 3879 930 3953 voluntates
945 3881 1154 3981 implentur,
1173 3895 1213 3953 ut
1226 3880 1402 3977 ingluvies
1423 3880 1518 3977 gula,
1542 3877 1655 3952 libido
1672 3881 1812 3975 genita·

212 3993 318 4069 libus.
336 3996 421 4070 Sola
437 4000 558 4096 itaque
574 4003 694 4073 anima
710 4024 753 4072 ex
768 3999 867 4072 bona
884 3999 941 4071 vel
957 3998 1049 4071 mala
1064 3999 1249 4072 voluntate
1266 4001 1452 4099 praemium
1474 3998 1531 4071 vel
1551 4023 1698 4098 poenam
1714 3998 1812 4097 apud

213 4119 330 4189 Deum
347 4133 505 4193 meretur
520 4133 556 4191 et
571 4119 724 4214 obtinet,
740 4134 776 4193 et
791 4119 868 4192 sola
883 4118 1116 4192 beatitudinis
1135 4118 1192 4191 vel
1208 4118 1356 4191 miseriae
1376 4119 1553 4218 particeps
1573 4143 1649 4191 esse
1671 4132 1808 4217 potest;

213 4234 294 4308 licet
313 4260 533 4335 excorpore
544 4253 727 4338 resumpto
743 4262 852 4338 poena
861 4238 938 4334 ejus
955 4236 1011 4309 vel
1025 4235 1143 4333 gloria
1159 4251 1343 4336 augeatur.
1364 4236 1470 4310 Unde
1484 4236 1665 4335 duplicem
1683 4240 1813 4308 contri·

213 4354 351 4428 tionem
369 4356 578 4454 impiorum,
596 4372 633 4430 et
646 4359 828 4455 geminam
839 4357 969 4430 stolam
980 4370 1201 4452 sanctorum,
1213 4372 1288 4430 tam
1301 4356 1669 4430 secundumanimam
1678 4355 1811 4429 scilicet

214 4475 541 4570 quam.secundum
556 4500 689 4576 corpus
710 4476 874 4549 dicimus.
904 4474 1083 4548 Gaudebit
1106 4477 1260 4576 amplius
1281 4475 1381 4549 bona
1409 4477 1528 4550 anima
1555 4491 1590 4549 et
1612 4488 1812 4548 creatorem

215 4595 326 4690 magis
342 4594 569 4691 glorificabit,
585 4621 670 4670 cum
682 4621 815 4696 corpus
833 4598 966 4695 ipsum,
985 4596 1086 4694 quod
1110 4596 1171 4669 hic
1188 4610 1261 4668 tam
1280 4595 1463 4668 infirmum
1488 4611 1524 4669 et
1550 4594 1718 4695 passibile
1735 4620 1811 4693 ges·

216 4711 273 4805 sit,
290 4714 422 4787 viderit
434 4714 485 4788 ibi
500 4717 549 4789 ita
564 4730 740 4815 aptatum,
759 4715 862 4816 quod
873 4715 1021 4789 ulterius
1037 4713 1184 4788 dissolvi
1202 4740 1277 4788 non
1306 4716 1432 4813 possit,
1459 4740 1528 4788 nec
1551 4715 1629 4814 ipsa
1655 4739 1697 4787 ex
1721 4736 1811 4785 con-

218 4844 310 4903 tactu
327 4832 406 4930 ejus
421 4835 578 4933 aliquam
594 4835 808 4908 contrahere
822 4835 1018 4909 laesionem.
1036 4838 1082 4906 Et
1096 4835 1173 4908 haec
1190 4835 1267 4934 ipsa
1282 4836 1445 4935 eorporis
1454 4834 1606 4907 humani
1616 4833 1807 4933 reparatio,

218 4955 378 5049 corporis
394 4954 605 5052 glorificatio
618 4956 677 5028 vel
689 4954 875 5028 beatitudo
892 4955 1035 5028 dicitur.
1048 4956 1105 5027 sic
1118 4969 1155 5027 et
1170 4954 1450 5054 pcenaeorporis
1463 4952 1534 5025 dici
1551 4965 1680 5051 potest,
1699 4972 1808 5045 quam

190 5190 193 5195 >
250 5228 256 5254 ¹
268 5224 412 5292 decemp.
423 5240 474 5292 su,
487 5243 509 5280 r.
522 5231 545 5282 t.
559 5256 586 5269 -
601 5230 704 5294 ‘Epist
717 5242 745 5295 c,
755 5229 835 5295 Opb,
849 5237 867 5281 t.
881 5228 924 5293 IV,
935 5230 982 5282 col.
996 5231 1050 5282 802.
1065 5224 1358 5290 -21taus.,c2p.xxv,
1371 5238 1395 5277 r.
1406 5226 1446 5277 tr.
1522 5270 1525 5279 .
