4559 6100
476 525 546 598 562
1074 526 1200 598 PETRl
1226 521 1465 598 lBAEtlnnt
1544 580 1550 591 .

473 673 621 746 salvare.
648 678 728 747 Non
751 676 848 748 enim
873 676 1043 775 possibile
1065 690 1119 749 est
1141 674 1375 769 antecedens,
1405 674 1474 746 nisi
1498 671 1669 771 possibile
1690 671 1736 744 sit
1760 685 1795 743 et
1816 696 2079 770 consequens:

436 846 439 853 -
474 792 634 892 alioquin
657 819 700 867 ex
725 795 886 893 possibili
907 795 1126 896 impossibile
1146 811 1370 894 sequeretur,
1389 793 1490 894 quod
1507 793 1659 865 omnino
1676 791 1807 865 falsum
1823 806 1888 864 est.
1908 793 1966 863 Sic
1978 792 2078 863 enim

474 913 511 984 in
528 915 648 1011 primo
668 916 985 1015 Hypotbeticorum
1006 917 1167 1011 Boetius,
1185 916 1406 1015 impossibile
1421 912 1604 987 diffiniens
1625 913 1701 986 ait:
1724 940 1743 981 α
1762 911 1986 1009 Impossibile
2000 926 2076 1003 est,

476 1057 550 1129 quo
566 1034 699 1132 posito,
718 1035 853 1134 aliquid
868 1036 997 1110 salsum
1010 1055 1118 1136 atque
1131 1036 1352 1137 impossibile
1366 1024 1571 1126 comitatur,
1593 1064 1611 1101 s
1627 1033 1700 1106 boc
1714 1046 1788 1120 est,
1805 1030 1843 1103 id
1854 1029 2079 1129 impossibile

476 1155 639 1252 estquod
648 1155 757 1229 habet
773 1157 819 1231 ad
836 1156 972 1256 aliquid
989 1155 1208 1256 impossibile
1224 1155 1430 1229 necessaria
1445 1153 1766 1251 argumentationis
1781 1150 2074 1249 adjunctionem

478 1272 550 1345 boc
578 1276 713 1375 quippe
738 1291 886 1376 propter
912 1277 1203 1375 syllogismorum
1233 1275 1503 1376 complexiones
1530 1271 1748 1366 inducebat,
1778 1274 1815 1344 in
1849 1269 1981 1369 quibus
2011 1295 2078 1369 per

479 1393 727 1469 inductionem
746 1397 1021 1496 impossibilium
1037 1397 1333 1489 conclusionum,
1353 1393 1587 1495 impossibilia
1602 1418 1678 1467 esse
1694 1392 1875 1492 praemissa
1891 1391 2078 1463 convictu-

480 1538 540 1586 rus
558 1529 645 1588 erat.
665 1519 754 1604 Quis
770 1533 891 1592 autem
908 1521 1145 1593 necessariam
1169 1542 1300 1615 negare
1316 1516 1449 1590 audeat
1465 1529 1502 1589 et
1517 1515 1626 1613 hujus
1644 1511 1965 1611 argumentationis
1984 1511 2078 1583 inle-

478 1635 631 1708 rentiam
652 1664 660 1706 :
681 1642 748 1710 lste
769 1663 792 1712 a
809 1644 886 1712 Deo
904 1640 1072 1732 salvatur,
1097 1665 1184 1738 ergo
1202 1643 1299 1710 Deus
1321 1636 1420 1710 hunc
1436 1636 1570 1709 salvat?
1594 1638 1685 1708 Cum
1702 1635 1824 1732 itaque
1840 1629 2011 1731 possibile
2032 1630 2079 1702 sit

479 1753 648 1849 inserens,
669 1757 838 1855 possibile
862 1776 914 1832 est
937 1775 974 1833 et
993 1761 1146 1834 illatum.
1164 1765 1279 1857 Atque
1294 1758 1345 1830 ita
1365 1757 1395 1829 si
1416 1755 1588 1856 possibile
1610 1755 1656 1827 sit
1674 1753 1774 1825 hunc
1797 1750 1926 1824 salvari
1943 1775 1966 1824 a
1981 1753 2074 1843 Deo,

479 1873 648 1971 possibile
674 1893 727 1950 est
743 1881 860 1951 Deum
877 1879 976 1952 hunc
992 1881 1160 1971 salvare„
1185 1893 1221 1951 et
1241 1878 1272 1950 si
1292 1902 1367 1949 non
1389 1876 1434 1949 sit
1458 1873 1627 1975 possibile
1652 1878 1770 1946 Deum
1792 1872 1892 1944 hunc
1914 1869 2074 1961 salvare,

480 2016 555 2065 non
573 2009 627 2066 est
641 1994 811 2093 possibile
826 1998 924 2071 hunc
939 2023 962 2072 a
978 2004 1055 2071 Deo
1072 1998 1201 2071 salvari
1220 2028 1230 2070 z
1246 1996 1318 2068 boc
1335 2009 1401 2086 est,
1421 2009 1584 2094 utsupra
1601 1994 1802 2094 posuimus,
1821 1992 1852 2065 si
1866 2015 1942 2064 non
1959 2005 2080 2090 potest

479 2115 575 2186 Deus
592 2114 691 2188 hunc
708 2118 857 2210 salvare,
879 2120 1001 2218 utique
1018 2143 1085 2192 nec
1103 2120 1181 2217 ipse
1194 2116 1323 2190 salvari
1337 2140 1359 2189 a
1373 2120 1451 2188 Deo
1468 2131 1599 2215 potest,
1616 2139 1658 2187 ac
1674 2138 1739 2213 per
1755 2112 1828 2185 hoc
1843 2136 1911 2184 nec
1926 2112 2077 2183 omnino

479 2231 624 2329 salvari,
638 2261 749 2334 quem
767 2239 912 2311 nonnisi
927 2265 992 2339 per
1008 2244 1125 2313 Deum
1142 2236 1271 2310 salvari
1288 2261 1394 2336 posse
1410 2250 1564 2309 constat.
1589 2233 1698 2323 Quod
1716 2235 1746 2307 si
1763 2233 1894 2306 salvari
1917 2233 1983 2305 iste
2001 2255 2078 2302 non

478 2369 610 2451 potest,
629 2358 793 2455 prolecto
816 2357 969 2431 liberum
981 2360 1058 2458 Jam
1073 2361 1167 2459 perit
1185 2358 1391 2448 arbitrium,
1416 2356 1616 2454 frustraque
1638 2354 1778 2427 homini
1799 2353 1849 2425 illi
1870 2376 1914 2424 ea
1933 2375 2012 2446 quae
2030 2349 2078 2422 ad

478 2473 712 2550 salvationem
724 2480 905 2577 pertinent
922 2479 1173 2577 injunguntur,
1191 2480 1255 2576 qui
1271 2478 1398 2550 salvari
1414 2478 1565 2550 omnino
1581 2500 1657 2547 non
1673 2488 1805 2573 potest,
1821 2497 1889 2544 nec
1905 2495 1948 2543 ca
1963 2469 2078 2543 facere

477 2593 609 2690 quibus
636 2596 764 2671 salvari
781 2612 912 2696 potest.
929 2598 1099 2671 Similiter
1123 2613 1161 2671 et
1181 2599 1211 2669 si
1236 2598 1338 2670 illum
1362 2602 1458 2669 Deus
1485 2595 1672 2668 meliorem
1696 2593 1810 2667 facere
1833 2616 1909 2663 non
1934 2604 2075 2689 potest,

480 2712 603 2810 utique
625 2739 692 2787 nec
712 2717 788 2815 ipse
805 2715 912 2790 abeo
935 2716 1062 2790 melior
1083 2718 1160 2790 fieri
1184 2731 1316 2817 potest,
1336 2732 1443 2815 atque
1462 2716 1512 2788 ita
1531 2739 1598 2787 nec
1614 2714 1690 2786 ullo
1711 2711 1824 2785 modo
1841 2710 1967 2785 melior
1984 2707 2081 2796 fieri,

477 2831 576 2928 quod
594 2833 718 2929 ntique
734 2836 765 2907 si
781 2834 894 2930 lieret,
913 2841 1030 2911 aDeo
1047 2836 1124 2910 fieri
1140 2861 1286 2911 necesse
1305 2850 1409 2910 esset.
1429 2834 1528 2907 lhsit
1544 2848 1664 2907 autem
1682 2848 1722 2905 ut
1737 2831 1896 2930 aliquem
1912 2844 2077 2903 nostrum

476 2949 567 3024 adeo
592 2952 734 3027 bonum
755 2979 832 3028 esse
852 2955 1095 3031 concedamus
1116 2983 1159 3031 ac
1180 2956 1399 3058 perlectum,
1429 2971 1469 3028 ut
1489 2953 1637 3028 ulterius
1658 2976 1818 3026 crescere
1841 2975 1917 3023 non
1941 2950 2075 3050 possit,

476 3097 697 3174 quamquam
714 3076 752 3148 in
771 3078 989 3150 contrariam
1010 3078 1110 3151 Plato
1133 3079 1331 3179 plurimum
1352 3077 1533 3151 declinare
1553 3075 1718 3148 videatur
1738 3072 1966 3180 sententiam,
1994 3095 2077 3141 cum

477 3196 599 3268 omnia
621 3221 644 3270 a
667 3199 745 3269 Deo
769 3208 845 3269 tam
860 3195 959 3271 bona
981 3197 1058 3272 lieri
1082 3199 1198 3294 dicat,
1218 3215 1394 3297 quantum
1421 3197 1646 3296 singulorum
1672 3194 1846 3293 permittit
1869 3207 2015 3280 natura,
2042 3205 2079 3262 θῑ

476 3317 594 3388 Deum
615 3340 657 3386 ex
673 3318 750 3414 ipsa
765 3342 907 3390 summa
923 3344 988 3392 sua
1003 3319 1104 3395 bona
1119 3321 1322 3410 voluntate,
1346 3345 1457 3418 quam
1480 3318 1645 3390 omnium
1659 3313 1907 3388 faciendorum
1933 3336 2078 3384 causam

476 3436 675 3527 constituit,
701 3434 748 3508 ad
771 3435 978 3511 laciendum
1004 3438 1145 3537 singula
1172 3440 1421 3539 compulsum,
1449 3451 1486 3509 et
1508 3435 1555 3509 ad
1574 3433 1780 3508 laciendum
1802 3445 1943 3505 tantum
1966 3428 2075 3520 bona,

476 3570 651 3652 quantum
669 3580 794 3628 eorum
814 3558 883 3631 fert
898 3574 935 3631 et
950 3574 1092 3632 natura.
1108 3561 1313 3659 Sicquippe
1334 3558 1509 3656 scriptum
1523 3570 1577 3628 est
1591 3556 1629 3628 in
1648 3556 1777 3626 Timaeo
1796 3581 1805 3624 ε
1823 3550 2075 3638 «Dicendum,

477 3674 611 3771 inquit,
629 3700 695 3747 cur
719 3674 888 3750 conditor
910 3677 1176 3776 fabricatorque
1192 3680 1362 3774 geniturae
1382 3701 1493 3750 omne
1509 3677 1581 3748 boc
1598 3671 1862 3747 instituendum
1884 3669 2074 3771 putaverit.

478 3793 645 3889 Optimus
664 3807 751 3866 erat.
773 3793 827 3866 Ab
844 3796 984 3893 optimo
1000 3821 1112 3895 porro
1135 3796 1271 3870 invidia
1291 3798 1400 3893 longe
1416 3797 1569 3892 relegata
1591 3809 1657 3866 est.
1676 3797 1801 3891 ltaque
1816 3804 2078 3888 consequenter

479 3910 535 3982 sui
558 3908 687 3982 similia
702 3928 845 4005 cuncta,
868 3930 978 4009 prout
999 3917 1174 4015 cujusque
1191 3931 1317 3990 natura
1338 3941 1451 4017 capax
1467 3913 1702 3988 beatitudinis
1719 3936 1797 3986 esse
1814 3917 1965 4008 poterat,
1984 3905 2079 3979 ellici

479 4028 604 4121 voluit,
621 4054 731 4128 quam
748 4029 896 4126 quidem
911 4031 1136 4105 voluntatem
1151 4037 1218 4105 Dei
1234 4035 1410 4132 originem
1426 4058 1547 4106 rerum
1564 4031 1799 4105 certissimam
1813 4029 1844 4101 si
1856 4027 1936 4125 quis
1950 4043 2076 4125 ponat,

479 4163 575 4222 recte
593 4173 679 4222 eum
696 4164 823 4249 putare
838 4152 1075 4225 consentiam.
1095 4152 1228 4225 Volens
1250 4154 1429 4252 siquidem
1448 4156 1546 4225 Deus
1563 4153 1662 4223 bona
1684 4148 1832 4247 quidem
1855 4146 1978 4219 omnia
1993 4172 2079 4247 pro·

479 4269 622 4362 venire,
643 4268 727 4341 mali
752 4293 864 4369 porro
890 4270 1039 4364 nullius,
1066 4287 1175 4370 prout
1198 4297 1326 4345 eorum
1352 4297 1432 4370 quae
1456 4287 1653 4344 nascuntur
1677 4283 1806 4342 natura
1828 4266 1917 4359 lert,
1939 4267 2080 4364 reliquit

478 4388 727 4487 propaginem.
747 4419 764 4455 »
781 4392 826 4461 Et
839 4389 916 4463 haec
928 4390 1074 4488 quidem
1099 4390 1258 4465 Platonis
1274 4390 1384 4472 verba
1405 4390 1512 4492 plane
1526 4391 1683 4463 omniaa
1697 4393 1776 4461 Deo
1792 4403 1868 4460 tam
1888 4386 1987 4460 bona
2002 4384 2079 4458 fieri

480 4504 671 4604 perhibere
696 4506 877 4602 videntur,
905 4523 1082 4605 quantum
1109 4509 1186 4583 fieri
1211 4511 1312 4585 bona
1338 4527 1502 4612 possunt,
1522 4511 1579 4583 vel
1607 4524 1783 4606 quantum
1812 4507 1890 4607 ipse
1914 4532 1958 4582 ea
1983 4507 2079 4579 bona

480 4624 596 4700 facere
616 4638 753 4726 potest,
778 4650 889 4725 quam
909 4628 1017 4701 etiarn
1039 4631 1218 4703 rationem
1236 4633 1349 4705 sancti
1366 4632 1479 4704 secuti
1494 4629 1675 4722 videntur,
1696 4654 1780 4702 cum
1799 4632 1917 4701 Deum
1940 4632 2079 4699 Patrem

478 4745 675 4845 probarent
701 4746 829 4818 Filium
853 4759 926 4818 tam
951 4745 1091 4820 bonum
1113 4749 1291 4845 genuisse,
1321 4764 1498 4847 quantum
1523 4751 1654 4850 potuit,
1683 4763 1725 4820 ut
1748 4750 1780 4821 ei
1802 4747 1949 4846 aequalis
1964 4750 2076 4846 ,esset

479 4864 583 4940 Unde
602 4867 816 4965 Augustinus
828 4864 922 4939 libro
942 4869 1183 4958 Questicnum
1200 4875 1407 4967 LXXXIII,
1427 4896 1508 4970 cap.
1525 4873 1622 4944 nxrv¹
1638 4901 1647 4942 ε
1666 4873 1803 4961 «Deus,
1821 4869 1950 4967 inquit,
1969 4890 2080 4965 quem

513 5145 520 5172 ⁸
535 5142 600 5207 opp.
613 5151 632 5193 t.
644 5144 685 5197 vr.
