4559 6100
463 520 533 592 t3t
1061 520 1188 594 PETRI
1215 520 1451 595 anniano}

461 669 695 769 postmodum
713 669 951 768 quiescendo,
968 670 1118 769 physica
1136 672 1228 745 ratio
1244 673 1352 744 etiam
1372 670 1512 744 alterari
1527 669 1749 744 demonstrat
1760 670 1839 742 :ita
1858 666 1966 745 eriam
1982 673 2056 770 ipse

459 790 554 863 hanc
572 789 791 869 alterationis
805 791 1042 865 mutationem
1057 791 1201 865 videtur
1218 792 1413 864 incurrere.
1433 792 1499 863 Cui
1512 793 1620 865 etiam
1637 788 1762 863 localis
1779 804 1900 862 motus
1917 790 2056 865 videtur

460 910 604 1002 adesse,
624 934 708 981 cum
734 909 846 982 modo
875 909 1092 984 descendere
1117 912 1261 1009 aliquo,
1284 909 1342 982 vel
1362 910 1514 982 transire
1537 909 1656 1007 aliqua
1683 907 1832 996 dicitur,
1858 909 1915 981 rel
1937 912 2056 1009 egredi

459 1052 656 1125 quoquam,
673 1029 748 1101 sive
764 1028 849 1102 inde
866 1030 1007 1129 regredi
1022 1029 1256 1104 describatur.
1276 1028 1378 1101 Unde
1394 1044 1430 1101 et
1446 1029 1483 1100 in
1497 1029 1677 1126 Virginem
1694 1027 1935 1101 tamVerbum
1949 1033 2056 1104 Patris

459 1171 569 1243 quam
597 1149 768 1247 Spiritum
794 1165 958 1222 sanctum
982 1149 1209 1223 descendisse
1240 1147 1429 1221 salubriter
1449 1146 1644 1240 tradimus,
1674 1162 1710 1222 et
1729 1148 1903 1220 veraciter
1931 1149 2055 1247 praedi·

459 1290 594 1339 camus.
623 1272 662 1339 ln
689 1292 761 1365 qua
778 1270 884 1341 etiam
902 1271 1037 1368 virgine
1056 1274 1154 1342 Deus
1171 1268 1284 1343 bomo
1301 1267 1414 1341 sactus
1434 1267 1525 1339 adeo
1552 1269 1679 1340 mutari
1699 1266 1860 1361 videtur,
1893 1283 1932 1339 ut
1960 1267 2055 1341 aliud

459 1410 567 1483 quam
587 1387 692 1459 luerit
712 1386 824 1460 factus
840 1414 916 1462 esse
933 1390 1097 1461 dicatur:
1121 1386 1221 1486 quod
1246 1386 1294 1459 ad
1314 1384 1416 1459 illum
1433 1384 1639 1458 substantiae
1658 1401 1800 1459 motum
1816 1386 2053 1485 precipuum,

458 1530 537 1603 quae
562 1531 585 1579 a
613 1506 839 1608 philosophis
871 1510 1054 1607 generatio
1081 1507 1230 1600 dicitur,
1257 1506 1438 1606 pertinere
1461 1504 1617 1579 videtur.
1653 1510 1732 1579 Non
1764 1507 1916 1578 omnino
1952 1507 2056 1601 igitur

458 1626 760 1700 incommutabilis
777 1628 920 1702 videtur
943 1635 1059 1722 Deus,
1078 1653 1163 1702 cum
1186 1628 1275 1727 ipse,
1302 1641 1342 1698 ut
1361 1626 1497 1699 dictum
1521 1641 1593 1720 est,
1616 1640 1690 1699 tarn
1713 1623 1931 1698 alterationis
1948 1650 2057 1723 quam

458 1744 549 1838 loci,
568 1771 631 1819 seu
660 1747 767 1820 etiam
788 1749 1027 1846 generationis
1052 1762 1192 1821 motum
1213 1747 1391 1845 suscipere
1406 1744 1583 1819 rideatur.
1603 1745 1675 1818 Sed
1695 1745 1725 1817 si
1745 1744 1936 1842 diligenter
1948 1759 2059 1818 atten-

459 1864 608 1954 damus,
625 1869 738 1940 necin
751 1868 808 1940 his
819 1894 887 1943 nec
898 1870 975 1943 aliis
989 1868 1099 1941 ullam
1114 1867 1321 1941 mutationis
1331 1866 1540 1940 varietatem
1551 1866 1715 1938 incurrit.
1726 1865 1870 1963 Quippe
1879 1890 1964 1937 cum
1975 1866 2058 1939 dici·

459 2008 539 2057 mus
555 2010 639 2058 eum
654 1986 789 2085 aliquid
799 1988 931 2084 lacere,
943 2015 1019 2062 non
1030 1989 1186 2085 aliquem
1201 1988 1238 2058 in
1256 1984 1442 2086 operando
1458 1999 1597 2059 motum
1615 1984 1665 2056 illi
1679 1980 1793 2057 inesse
1807 1983 2056 2080 intelligimus,

458 2103 514 2176 vel
530 2105 687 2202 aliquan'i
704 2107 741 2178 in
756 2107 958 2182 laborando
975 2108 1202 2208 passionem,
1221 2107 1313 2178 sicut
1338 2103 1443 2178 nobis
1465 2103 1627 2177 accidere
1653 2101 1760 2197 solet,
1779 2102 1843 2176 sed
1859 2103 1935 2200 ejus
1958 2128 2059 2176 sem·

456 2223 603 2320 piternae
621 2225 812 2300 voluntatis
822 2252 958 2299 novum
975 2227 1131 2325 aliquem
1148 2224 1391 2323 significamus
1407 2224 1587 2297 ellectum.
1601 2228 1693 2297 Cum
1710 2247 1796 2321 ergo
1813 2222 1967 2295 dicimus
1975 2246 2058 2296 eum

457 2341 592 2439 aliquid
616 2343 752 2439 lacere,
779 2345 899 2419 dicere
924 2360 977 2420 est
998 2347 1100 2444 juxta
1117 2345 1194 2442 ejus
1210 2343 1434 2418 voluntatem
1457 2343 1593 2443 aliquid
1621 2345 1848 2440 contingere,
1869 2356 1907 2415 ut
1926 2344 1963 2414 in
1982 2344 2057 2440 ipso

457 2460 547 2534 nihil
558 2466 640 2537 novi
654 2466 861 2564 contingat,
880 2464 944 2539 sed
962 2489 1098 2538 novum
1112 2463 1270 2563 aliquid,
1288 2466 1380 2538 sicut
1395 2465 1434 2537 in·
1446 2465 1522 2562 ejus
1530 2463 1714 2538 voluntate
1730 2461 1843 2536 lixum
1857 2478 2055 2562 permanet,

457 2578 531 2653 liat.
551 2582 655 2657 Unde
673 2584 767 2658 bene
782 2601 836 2659 est
856 2584 945 2658 illud
961 2583 1296 2684 philosophicum¹,

894 2819 1084 2909 Stabilisque
1100 2843 1234 2886 manens
1251 2818 1308 2884 dat
1326 2833 1439 2884 cuncta
1456 2820 1591 2884 moveri.

459 3053 529 3140 Qui
543 3052 650 3124 etiam
660 3075 745 3123 cum
757 3050 803 3124 ab
814 3050 1002 3152 operando
1016 3052 1200 3148 quiescere
1209 3050 1356 3142 dicitur,
1369 3051 1719 3124 consummationem
1734 3050 1855 3150 operis
1870 3051 1967 3147 ejus,
1984 3073 2058 3122 non

457 3195 540 3243 eum
556 3170 603 3243 ab
621 3170 742 3269 aliquo
767 3172 918 3244 actionis
945 3185 1048 3244 motu
1062 3189 1200 3243 cessare
1220 3168 1475 3268 significamus.
1494 3175 1566 3242 Nos
1584 3184 1706 3243 autem
1725 3168 1839 3242 modo
1856 3168 2057 3270 operando,

458 3289 570 3362 modo
580 3289 754 3364 cessando
766 3291 964 3391 permutari
978 3289 1144 3383 dicimur,
1158 3291 1242 3387 quia
1259 3291 1296 3361 in
1308 3289 1393 3380 hoc,
1405 3288 1609 3363 secundum
1620 3288 1817 3389 quamdam
1830 3289 2060 3387 agitationem

457 3409 717 3505 membrorum,
730 3411 786 3484 rel
795 3412 1001 3510 passionem
1015 3409 1157 3500 mentis,
1171 3409 1274 3482 aliter
1282 3434 1392 3508 quam
1405 3411 1505 3509 prius
1518 3410 1760 3509 nosmetipsos
1768 3406 1958 3499 habemus,
1971 3421 2007 3480 et
2020 3408 2059 3478 in

458 3531 724 3629 nobismetipsis
740 3531 932 3604 variamur.
956 3535 1049 3602 Eum
1065 3554 1153 3602 vero
1173 3528 1288 3601 facere
1309 3529 1446 3628 aliquid
1463 3554 1539 3602 non
1558 3529 1660 3603 aliter
1681 3529 1929 3627 intelligimus,
1950 3552 2059 3624 quam

458 3673 541 3720 eum
566 3648 762 3746 quamdam
779 3673 855 3720 esse
880 3672 1024 3721 causam
1044 3671 1172 3720 eorum
1189 3672 1268 3745 quae
1291 3647 1382 3721 liunt
1397 3675 1406 3720 :
1423 3648 1586 3747 quamvis
1601 3672 1644 3722 ea
1667 3648 1766 3720 nulla
1784 3670 1850 3721 sua
1866 3646 2063 3742 agitatione

456 3768 579 3857 saciat,
598 3783 638 3840 ut
656 3769 750 3840 actio
773 3769 919 3868 proprie
935 3766 1006 3839 dici
1023 3782 1153 3865 queat,
1172 3792 1256 3839 cum
1274 3765 1439 3840 videlicet
1451 3767 1571 3839 omnis
1586 3769 1681 3841 actio
1697 3768 1733 3839 in
1750 3780 1850 3839 motu
1872 3765 2058 3838 consistat.

456 3891 536 3985 lpsa
548 3888 684 3987 quippe
700 3888 777 3985 ejus
793 3887 1001 3986 dispositio,
1014 3910 1123 3984 quam
1136 3886 1174 3958 in
1191 3901 1312 3959 mente
1327 3885 1457 3960 habuit
1474 3885 1521 3959 ab
1538 3901 1693 3980 aeterno,
1707 3887 1784 3984 ejus
1801 3887 1894 3959 actio
1911 3886 2061 3978 dicitur,

456 4031 539 4078 cum
555 4007 602 4079 ad
616 4007 784 4079 ellectum
801 4006 1023 4106 perducitur.
1042 4009 1114 4078 Nec
1134 4006 1172 4077 in
1191 4006 1267 4105 ipsa
1291 4007 1377 4080 novi
1394 4005 1530 4105 aliquid
1547 4006 1696 4098 accidit,
1715 4029 1800 4078 cum
1819 4029 1883 4105 per
1898 4028 1977 4077 eam
1989 4029 2069 4077 no·

456 4150 543 4198 vum
564 4125 711 4225 aliquod
727 4150 819 4227 opus
835 4125 1034 4224 contingit,
1050 4149 1117 4197 nec
1130 4149 1174 4198 er
1187 4125 1264 4223 ipsa
1281 4126 1439 4199 variatur
1451 4130 1568 4221 Deus,
1591 4150 1702 4225 quam
1720 4126 1757 4198 in
1779 4139 1901 4198 mente
1918 4148 2072 4223 sempor

455 4244 636 4343 aequaliter
650 4246 773 4340 babet,
793 4246 842 4320 ita
854 4246 961 4319 etiam
970 4259 1054 4345 post
1064 4246 1116 4317 rei
1125 4244 1406 4343 completionem
1415 4298 1426 4335 ,
1443 4247 1538 4319 sicut
1554 4260 1656 4338 ante,
1671 4248 1707 4318 in
1724 4243 1858 4317 eodem
1873 4245 2072 4343 proposito

455 4368 699 4467 dispositionis
712 4371 932 4461 consistens,
951 4369 1057 4443 ut‘ita
1072 4368 1109 4441 id
1127 4369 1212 4441 velit
1227 4370 1469 4469 completum,
1485 4371 1578 4444 sicut
1594 4386 1677 4443 ante
1690 4367 1856 4441 voluerat
1873 4369 2076 4468 complen-

374 4530 379 4540 ·
454 4487 556 4561 dum.
576 4489 673 4562 Sicut
684 4514 770 4587 ergo
784 4489 855 4584 sol,
874 4515 958 4563 cum
973 4514 1015 4562 ex
1033 4488 1153 4562 calore
1169 4488 1246 4584 ejus
1263 4487 1383 4586 aliqua
1397 4487 1553 4562 calefieri
1571 4488 1775 4586 contingit,
1795 4488 1894 4561 nulla
1910 4487 1996 4559 hinc
2025 4490 2080 4562 in
2202 4468 2234 4600 ἶ
2251 4479 2257 4490 ’

454 4611 533 4708 ipso
550 4609 606 4682 vel
628 4611 665 4681 in
680 4609 799 4683 calore
815 4610 891 4707 ejus
905 4610 1057 4684 mutatio
1072 4607 1130 4700 sit,
1153 4610 1317 4706 quamvis
1332 4633 1389 4682 res
1400 4608 1487 4683 inde
1503 4609 1671 4684 calefacta
1685 4611 1733 4681 sit
1747 4622 1904 4681 mutata:
1925 4609 1975 4681 ita
1992 4634 2085 4684 nec
2202 4609 2239 4686 ᾗ]

453 4733 564 4824 Deus,
583 4754 667 4803 cum
685 4730 803 4829 aliqua
819 4729 896 4827 ejus
910 4753 1005 4802 nova
1020 4728 1126 4801 luerit
1137 4727 1354 4827 dispositio’,
1373 4730 1457 4803 ideo
1476 4732 1608 4832 mutari
1621 4728 1803 4803 dicendus
1817 4742 1883 4820 est,
1897 4733 2094 4828 quamvis

454 4852 539 4923 novi
556 4851 676 4949 operis
690 4849 744 4923 vel
758 4850 964 4924 mutationis
979 4874 1100 4923 rerum
1116 4847 1281 4946 quaedam
1297 4849 1374 4948 ipse
1388 4851 1433 4923 sit
1449 4874 1556 4924 causa
1570 4850 1627 4924 vel
1644 4863 1789 4923 auctor.
1811 4847 1920 4936 Quod
1939 4862 2094 4926 autem
2197 4830 2229 4899 ’ᾗ
2246 4877 2277 4936 sn

2202 4949 2266 5052 a.

487 5134 492 5160 ’
509 5130 632 5191 Boettrtus,
645 5133 677 5182 de
691 5131 788 5186 cenot.
800 5131 909 5195 Pallor,
925 5134 970 5184 un.
986 5130 1029 5185 tlt.
1042 5159 1070 5171 -
1081 5137 1090 5166 ²
1102 5131 1240 5197 ninom
1251 5133 1322 5186 Amo.
