4559 6100
495 472 565 545 558
1096 470 1226 541 PE‘l'lll
1251 471 1486 542 numium

494 622 679 719 magisque
705 644 896 720 personam
925 619 1126 718 improbat,
1153 643 1264 716 quam
1286 619 1538 714 commendat,
1564 622 1786 721 impotentia
1808 627 1952 722 pntim,
1977 654 2092 726 qm

494 742 662 838 potentiae
684 739 964 814 adscribendum
989 754 1055 811 est.
1078 739 1182 811 [nde
1204 755 1241 811 et
1264 741 1468 813 Aristoteles
1492 743 1531 813 in
1553 743 1715 815 secundo
1731 745 1913 842 malitatis
1936 772 2089 845 genere,

491 860 555 932 ubi
579 861 713 933 scilicet
737 861 784 933 de
804 861 965 959 potentia
986 859 1139 933 naturali
1163 875 1199 932 et
1218 861 1431 959 impotentia
1452 862 1581 957 agitur,
1606 865 1808 937 sanativum
1828 881 1867 938 et
1887 867 2025 941 durnin
2044 870 2091 942 ad

491 982 692 1080 potentiam
711 981 861 1072 reducit,
879 994 916 1052 et
932 982 1179 1076 agrariorum
1195 995 1233 1052 et
1247 980 1357 1052 molle
1371 980 1420 1053 ad
1436 982 1700 1080 impotentiam,
1718 1010 1803 1057 cnm
1818 1001 1954 1059 tamem
1967 1014 2092 1085 egro-

492 1101 641 1171 tativum
657 1100 820 1172 dicamus
836 1100 899 1197 qui
919 1098 1020 1171 lacile
1041 1113 1213 1197 {egrotare
1226 1113 1360 1198 potest,
1378 1099 1452 1172 hoc
1467 1115 1534 1187 est,
1557 1125 1635 1173 non
1650 1103 1744 1176 valet
1759 1104 1863 1177 fam‘le
1876 1106 2089 1202 hujusumodi

491 1221 648 1317 passioni
674 1220 856 1309 resistere;
875 1234 910 1290 et
933 1218 1042 1290 molle
1058 1218 1160 1315 quod
1180 1218 1306 1290 leviter
1327 1221 1440 1291 secari
1456 1234 1522 1291 aut
1541 1220 1706 1320 dissipari
1727 1225 1852 1323 pofflt.
1877 1228 2090 1301 samum

490 1364 578 1412 vero
595 1355 630 1412 et
647 1339 779 1411 durum
796 1339 1013 1412 econtrario
1028 1338 1075 1410 ad
1091 1339 1291 1437 potentiam
1306 1338 1458 1431 reducit,
1481 1364 1566 1411 cum
1588 1355 1709 1414 tamen
1726 1345 1930 1417 sanativum
1947 1345 2091 1420 dimmr

490 1459 588 1558 quod
602 1485 676 1531 nou
694 1474 811 1558 potest
825 1458 927 1531 facile
944 1456 1131 1548 infirmari,
1150 1471 1187 1529 et
1201 1457 1333 1529 durum
1349 1458 1450 1553 quod
1467 1483 1544 1530 non
1562 1466 1697 1558 potest¹
1709 1461 1834 1535 leviter
1845 1467 1971 1538 sumn.
1986 1468 2089 1539 Sicut

490 1605 576 1677 ergo
599 1580 636 1651 in
661 1578 908 1681 suprapositis,
934 1576 972 1648 id
997 1591 1051 1649 est
1073 1577 1279 1673 aegrotativo
1300 1590 1337 1649 et
1355 1576 1475 1667 molli,
1501 1578 1562 1650 illa
1584 1604 1690 1678 posse
1710 1607 1792 1679 quae
1813 1583 1859 1655 ad
1882 1585 2090 1658 incommo-

489 1700 577 1772 dum
599 1697 655 1771 vel
677 1696 898 1770 debilitatem
922 1696 974 1768 rei
995 1697 1160 1789 attinent,
1189 1696 1409 1794 impotentiae
1438 1711 1492 1768 est
1518 1699 1639 1795 potius
1663 1724 1774 1796 quam
1805 1706 1976 1800 potemiae
2002 1732 2013 1775 ε
2040 1707 2087 1777 ita

489 1836 524 1891 et
549 1816 677 1891 eadem
704 1842 779 1888 non
807 1840 912 1915 posse
935 1815 1160 1887 econtrario
1185 1815 1354 1913 potentiae
1377 1827 1431 1886 est
1455 1814 1750 1891 adscribendum.
1776 1819 1945 1920 Alioquin
1961 1848 2087 1896 econ·

488 1964 593 2011 verso
618 1937 867 2036 impotentiam
896 1935 1096 2007 diceremus
1129 1934 1341 2032 potentiam,
1369 1948 1406 2006 et
1437 1938 1637 2033 potentiam
1675 1939 1940 2038 impotentiam.
1970 1946 2086 2014 Νεωο

487 2062 607 2156 itaque
634 2062 750 2130 Deum
774 2057 1007 2155 impotentem
1032 2056 1070 2126 in
1095 2055 1219 2152 aliquo
1237 2053 1356 2126 dicere
1385 2071 1602 2152 presumat,
1632 2058 1662 2128 si
1687 2083 1763 2131 nou
1789 2062 1901 2156 possit
1934 2086 2086 2159 peccare

486 2182 577 2252 sient
607 2204 675 2251 nos
705 2201 908 2276 possumus,
937 2177 1022 2273 quia
1048 2174 1174 2247 necin
1197 2173 1303 2246 nobis
1329 2176 1415 2273 ipsis
1440 2175 1513 2248 hoc
1539 2178 1710 2276 potentiae
1744 2178 1980 2252 tribuendum
2005 2197 2082 2270 est,

484 2299 549 2372 sed
572 2298 782 2372 infirmitati.
816 2296 919 2367 Unde
943 2310 980 2366 et
1014 2295 1231 2391 Augustinus
1256 2292 1301 2364 de
1332 2297 1508 2366 Trinitate
1531 2295 1626 2368 libro
1650 2301 1766 2368 XV’:
1801 2329 1820 2367 r
1845 2303 1976 2397 llagna
2007 2303 2084 2399 ejus

484 2416 646 2514 potentia
668 2428 722 2485 est
744 2436 821 2485 non
843 2435 948 2510 posse
965 2410 1121 2482 mentiri.
1140 2411 1231 2482 Sunt
1249 2410 1358 2481 etiam
1380 2409 1545 2507 quaedam
1562 2436 1642 2508 quae
1664 2413 1702 2484 in
1728 2413 1805 2485 aliis
1824 2414 1936 2487 rebus
1955 2432 2083 2514 poten·

483 2536 539 2606 tiae
564 2531 771 2633 deputanda
802 2544 903 2621 sunt,
936 2530 973 2600 in
996 2530 1075 2601 aliis
1101 2553 1189 2600 vero
1219 2530 1382 2619 minime,
1404 2543 1440 2600 et
1458 2554 1539 2626 quar
1564 2533 1602 2602 iu
1618 2532 1696 2604 aliis
1710 2531 1905 2607 laudabilia
1919 2551 2018 2625 suut,
2044 2539 2080 2609 iu

482 2654 559 2723 aliis
583 2648 876 2749 reprehensibilia
896 2661 997 2737 sunt,
1022 2671 1106 2718 cum
1132 2646 1260 2717 eadem
1290 2671 1383 2744 saepe
1408 2647 1560 2719 aliarum
1590 2674 1712 2722 rerum
1738 2650 1948 2749 dignitatem
1973 2679 2081 2727 com-

482 2770 671 2860 mendent,
702 2768 853 2840 aliarum
878 2790 965 2838 vero
994 2766 1162 2854 minime,
1191 2763 1303 2836 veluti
1326 2765 1357 2836 si
1386 2767 1467 2863 quis
1491 2766 1685 2841 homiuum
1710 2796 1836 2845 ursum
1858 2773 1995 2846 viribus
2018 2799 2079 2846 su·

481 2910 607 2985 perare
633 2888 758 2985 possit,
787 2885 859 2958 lioc
884 2908 1021 2982 magnae
1050 2883 1210 2955 hominis
1237 2883 1405 2981 potentiae
1430 2885 1708 2961 adscribendum
1729 2906 1796 2963 est.
1822 2893 1927 2964 Unde
1952 2894 2078 2965 ceteris

481 3010 557 3108 ipse
579 3005 794 3107 precelleret
810 3019 847 3078 et
866 3002 1191 3078 commendabilior
1210 3016 1322 3090 esset,
1350 3003 1451 3099 quod
1474 3005 1511 3074 in
1533 3005 1640 3077 leone
1663 3024 1783 3079 tamen
1808 3011 1865 3080 rel
1889 3011 2077 3109 elephante

481 3154 549 3228 pro
560 3152 693 3226 magno
706 3125 827 3199 nullus
842 3123 1004 3197 haberet.
1024 3122 1112 3195 lude
1126 3122 1224 3194 enim
1236 3135 1423 3220 potentem
1437 3120 1624 3194 hominem
1636 3130 1908 3225 comparatione
1924 3131 2076 3203 aliorum

480 3249 672 3322 hominum
695 3246 912 3337 diceremus3
941 3240 1005 3316 sed
1030 3242 1177 3314 nonita
1199 3242 1344 3313 leonem
1370 3239 1427 3311 vel
1452 3240 1694 3339 elephantem.
1723 3246 1781 3318 Sic
1804 3261 1841 3319 et
1867 3249 1905 3319 in
1928 3249 2075 3322 homine

479 3370 579 3469 quod
606 3367 791 3442 ambulare
819 3366 912 3438 valet
936 3364 1104 3463 potentiae
1129 3376 1183 3434 est
1209 3359 1507 3447 adscribendum,
1534 3362 1707 3458 quoniam
1732 3365 1808 3461 ejus
1824 3369 2075 3441 necessitudini

478 3491 664 3587 congruit,
685 3513 751 3560 uec
769 3488 807 3558 in
824 3485 946 3583 aliquo
961 3485 1038 3581 ejus
1057 3482 1187 3554 minuit
1204 3480 1424 3577 dignitatem.
1446 3482 1485 3551 ln
1503 3484 1581 3553 Deo
1597 3507 1699 3573 vero,
1718 3485 1782 3581 qui
1797 3485 1876 3558 sola
1891 3488 2073 3562 voluntate

477 3610 600 3681 omnia
624 3606 799 3705 complet,
818 3604 890 3676 hoc
906 3603 1058 3676 omnino
1075 3599 1300 3700 superfluum
1315 3614 1424 3688 esset,
1442 3599 1542 3696 quod
1559 3601 1595 3671 iu
1616 3601 1723 3673 nobis
1739 3608 1983 3679 necessarium
1998 3621 2070 3697 est,

476 3744 584 3826 atque
603 3726 685 3798 ideo
707 3748 781 3797 nou
805 3722 991 3822 potentie,
1016 3721 1081 3793 sed
1102 3721 1191 3792 vitio
1209 3719 1353 3818 penitus
1375 3717 1608 3790 tribuendum
1628 3735 1720 3793 esset
1740 3721 1777 3794 in
1793 3748 1857 3814 eo,
1879 3728 2072 3823 prmsertim

476 3868 560 3914 cum
579 3845 652 3916 hoc
668 3845 706 3914 iu
733 3841 856 3915 multis
882 3839 1097 3913 excellentiae
1119 3841 1232 3938 ipsius
1252 3838 1459 3933 derogaret,
1479 3852 1517 3909 ut
1536 3836 1723 3912 ambulare
1746 3841 1911 3916 videlicet
1937 3860 2065 3943 posset.

477 3966 527 4034 Ex
544 3984 618 4058 quo
642 3972 677 4030 et
703 3961 840 4032 moveri
866 3960 1026 4032 localiter
1050 3974 1188 4057 posset,
1207 3972 1242 4030 et
1258 3956 1560 4055 compositionem
1580 3957 1716 4056 pedum
1739 3960 1953 4054 admitteret,
1974 3976 2012 4033 ut
2033 3977 2069 4035 et

475 4079 618 4154 mobilis
634 4091 671 4152 et
686 4074 909 4149 dissolubilis
928 4092 1020 4146 esset
1036 4078 1114 4170 ejus
1133 4100 1310 4174 corporea
1328 4089 1366 4147 et
1385 4090 1575 4174 compacta
1590 4076 1799 4152 substantia.
1820 4085 1898 4152 Non
1915 4079 2069 4154 absurde

474 4219 607 4291 tamen,
621 4196 714 4270 etde
730 4195 787 4266 his
805 4191 974 4265 omuibus
987 4217 1066 4288 quae
1079 4191 1222 4265 efficere
1235 4218 1426 4289 possumus
1444 4200 1559 4268 Deum
1575 4210 1759 4295 potentem
1776 4199 2065 4298 praedicabimus,

473 4335 508 4391 et
524 4315 645 4391 omnia
662 4337 742 4409 quae
762 4310 900 4407 agimus
916 4307 993 4404 ejus
1012 4308 1181 4405 potentiae
1202 4306 1414 4397 tribuemus,
1440 4339 1458 4378 κ
1474 4312 1509 4382 in
1532 4336 1606 4408 quo
1617 4312 1784 4403 vivimus,
1808 4338 2012 4401 movemur,
2032 4333 2068 4389 et

470 4437 624 4527 summ',
641 4461 658 4502 u
671 4445 706 4505 et
720 4431 810 4528 «qui
822 4428 945 4501 omnia
955 4441 1124 4525 operatur
1133 4427 1172 4496 iu
1184 4424 1384 4498 omuibus⁸.
1399 4428 1545 4499 »Utitur
1558 4428 1655 4500 euim
1666 4430 1826 4504 nohisad
1837 4433 2066 4508 efficiendum

471 4582 549 4655 quae
566 4554 654 4646 vult,
674 4551 775 4650 quasi
793 4548 1054 4638 instrumentis,
1073 4560 1110 4617 et
1125 4544 1164 4617 id
1181 4569 1328 4642 quoque
1345 4544 1462 4618 lacere
1477 4544 1626 4639 dicitur,
1645 4574 1724 4646 quae
1745 4576 1814 4623 uos
1830 4551 1946 4626 lacere
1971 4554 2062 4644 lacit,

469 4677 560 4748 sicut
575 4671 676 4744 dives
691 4669 820 4766 aliquis
835 4682 973 4739 turrem
992 4688 1214 4763 componere
1230 4689 1295 4762 per
1312 4662 1460 4762 opifices
1478 4690 1571 4762 quos
1588 4666 1748 4760 adhibet,
1768 4684 1805 4742 et
1819 4696 1926 4770 posse
1943 4675 2066 4746 omnia

469 4794 610 4867 efficere
619 4789 752 4862 dicitur
769 4786 831 4883 qui
846 4785 920 4856 sive
935 4808 1001 4880 per
1017 4808 1067 4875 se,
1086 4786 1161 4855 sive
1178 4808 1242 4881 per
1255 4783 1452 4880 subjectam
1470 4798 1670 4858 creaturam
1689 4790 1813 4863 omnia
1825 4815 1905 4887 quae
1922 4793 2010 4883 vult,
2031 4806 2065 4863 et

501 5069 505 5094 ¹
524 5063 698 5130 rfflupomr
709 5073 764 5125 qun
779 5059 869 5110 desum
887 5057 911 5106 ta
932 5055 1005 5107 edttts
1023 5055 1174 5106 rcatttntmua
1191 5066 1206 5103 e
1225 5055 1282 5106 cad.
1297 5053 1359 5105 Tur.
1376 5082 1405 5094 -
1419 5057 1511 5122 ¹014,
1527 5066 1545 5107 t.
1560 5055 1624 5108 tm.
1637 5059 1820 5123 ·-³Gorintt.,
1831 5074 1887 5124 cap.
1897 5074 1943 5125 ru,
1954 5076 1977 5112 r.
1989 5067 2016 5114 t.
