4559 6100
675 639 718 712 ΙΝ
744 638 989 712 Erlsvotttt
1014 641 1075 714 dl)
1101 641 1328 716 ROMANOS.
1726 645 1798 718 177

206 789 332 867 tabiles
348 788 558 881 exstiterint,
574 787 684 860 veluti
700 787 769 860 Joh
793 788 946 884 gentilis,
974 802 1011 861 et
1038 791 1202 865 nonnulli
1220 790 1369 864 sortasse
1385 790 1687 892 philosophorum
1698 809 1701 816 '
1711 818 1797 892 gen·

204 914 308 998 tium,
326 908 388 1005 qui
404 907 719 980 continentissimae
731 907 811 979 vitae
828 907 972 980 suerunt
985 922 1068 981 ante
1079 910 1199 1008 ipsum
1219 911 1366 982 Domini
1382 910 1592 985 adventum.
1614 914 1665 984 De
1680 912 1799 1009 quali·

205 1031 273 1103 hus
299 1029 427 1101 beatus
443 1027 691 1123 Hieronymus
714 1052 822 1123 super
845 1028 1054 1100 Mantaeum
1083 1053 1372 1104 commemorans
1394 1032 1474 1104 ait':
1503 1062 1522 1098 r
1547 1036 1599 1103 Er
1623 1055 1667 1104 eo
1698 1033 1798 1129 quod

206 1152 321 1224 malus
336 1153 460 1222 servus
475 1170 581 1218 ausus
596 1159 650 1218 est
663 1146 799 1219 dicere¹
816 1173 825 1217 ε
840 1175 858 1216 n
872 1149 973 1221 Metis
992 1149 1055 1222 uhi
1075 1174 1152 1221 non
1168 1151 1367 1244 seminasti,
1384 1166 1421 1224 et
1434 1175 1629 1249 congregas
1646 1149 1709 1223 uhi
1722 1174 1798 1223 non
1834 1211 1841 1218 .

209 1299 228 1339 a
247 1268 418 1369 sparsisti,
435 1295 454 1334 n
472 1264 701 1362 intelligimus
716 1266 840 1360 etiam,
861 1268 1023 1365 gentium
1035 1268 1339 1368 philosophorum
1354 1270 1490 1343 bonam
1506 1272 1617 1344 vitam
1638 1271 1799 1369 recipere

207 1390 417 1477 Dominum,
433 1400 469 1458 et
483 1385 584 1459 aliter
596 1383 729 1458 habere
746 1410 809 1458 eos
821 1388 884 1485 qui
901 1389 1007 1485 juste,
1024 1390 1126 1463 aliter
1137 1414 1201 1462 eos
1217 1391 1280 1488 qui
1296 1391 1427 1488 injuste
1443 1407 1568 1489 agunt,
1586 1392 1633 1466 ad
1647 1416 1799 1490 compa·

208 1509 384 1581 rationem
397 1504 473 1602 ejus
489 1504 553 1602 qui
569 1505 724 1577 naturali
738 1503 809 1601 legi
826 1507 967 1599 serviat,
980 1507 1215 1582 condemnari
1226 1534 1289 1582 eos
1302 1510 1365 1608 qui
1378 1511 1550 1611 scriptam
1563 1512 1678 1608 legem
1686 1509 1799 1607 negli-

206 1640 306 1724 gunt.
325 1655 344 1693 n
363 1627 493 1699 Metere
509 1625 629 1721 itaque
644 1625 842 1698 Dominum
859 1627 923 1699 ubi
939 1652 1013 1700 non
1030 1630 1272 1721 seminaverit,
1288 1630 1391 1726 juxta
1404 1631 1677 1728 Hieronymum,
1694 1629 1799 1702 intel·

207 1746 349 1843 ligimus
362 1751 435 1816 eos
459 1744 566 1816 etiam
593 1744 656 1841 qui
684 1768 748 1842 per
773 1744 972 1819 naturalem
989 1747 1103 1844 legem
1120 1747 1214 1821 hene
1232 1762 1343 1844 agunt
1358 1748 1527 1822 advitam
1544 1749 1731 1846 colligere:
1760 1749 1797 1820 in

207 1864 339 1964 quibus
353 1864 485 1937 scilicet
501 1861 642 1935 nullum
658 1863 919 1961 praedicationis
936 1865 1088 1939 verbum
1110 1869 1325 1940 seminatum
1351 1882 1416 1940 est.
1444 1868 1516 1940 Sed
1535 1869 1620 1967 quia
1642 1867 1800 1939 fortassis

208 1986 300 2057 inter
313 1981 551 2083 philosophos
565 1983 669 2080 pauci
685 1982 773 2057 tales
783 1985 1005 2076 exstiterunt,
1024 1987 1126 2083 quasi
1144 1986 1354 2083 generaliter
1378 1987 1456 2058 sine
1479 1987 1684 2084 aliquorum
1697 2010 1799 2058 exce·

208 2103 334 2202 ptioue
346 2102 419 2173 hoc
435 2100 480 2172 de
497 2101 549 2173 eis
561 2124 673 2198 supra
688 2100 826 2174 dictum
840 2117 908 2196 est,
927 2119 967 2177 ut
982 2105 1161 2204 sapientes
1189 2106 1310 2178 minus
1326 2105 1372 2178 de
1388 2129 1452 2178 sua
1468 2105 1643 2204 sapientia
1664 2129 1800 2203 praesu-

208 2236 321 2311 mam,
333 2231 420 2318 'quae
438 2219 551 2315 magis
573 2218 698 2291 inflare
713 2244 823 2317 quarn
839 2221 1015 2295 aedificare
1031 2224 1121 2296 solet
1135 2251 1146 2315 ;
1171 2224 1250 2322 ipso
1272 2224 1358 2296 alibi
1373 2237 1561 2299 attestante
1579 2220 1773 2322 apostolo·
1788 2250 1796 2294 :

211 2370 231 2409 a
242 2340 395 2413 Scientia
412 2339 526 2432 inflat,
546 2337 700 2410 charitas
713 2339 878 2413 aedificat.
892 2372 910 2408 s
926 2341 1133 2415 sufficiehat
1154 2343 1252 2415 enim
1277 2343 1384 2415 etiam
1403 2342 1476 2415 hoc
1501 2341 1585 2414 loco
1611 2340 1801 2439 Apostolus

206 2458 259 2531 ad
278 2457 541 2558 reprimendam
556 2444 747 2556 superbam
766 2463 1011 2532 Romanorum
1025 2461 1211 2558 gentilium
1224 2463 1507 2551 contentionem,
1520 2459 1801 2533 ethumilitatem

203 2576 507 2668 conservandam,
532 2575 721 2650 ostendere
746 2602 810 2676 per
833 2579 972 2676 aliquos
999 2579 1300 2679 philosophorum
1320 2577 1511 2676 gentilibus
1534 2578 1699 2651 notitiam
1726 2579 1800 2651 sivr-

202 2697 319 2771 fidem
346 2698 411 2770 Dei
438 2698 651 2788 innotuisse,
677 2712 714 2770 et
734 2696 880 2770 cosdem
904 2699 1001 2798 ipsos
1026 2697 1110 2771 fidei
1138 2703 1326 2796 magistros
1350 2701 1503 2796 graviter
1525 2699 1735 2796 deliquisse,
1762 2713 1801 2773 ut

201 2842 322 2916 usque
333 2817 424 2891 etad
433 2816 673 2890 idololatriam
681 2816 1163 2909 eorumcaecitasduceretur,
1176 2833 1211 2891 et
1220 2817 1671 2892 enmsummoidololatriae
1681 2842 1803 2890 errore
1842 2859 1849 2868 ·

198 2936 254 3009 ad
271 2961 453 3009 summam
468 2937 576 3009 etiam
596 2936 830 3034 ignominiam
850 2937 931 3009 vitae
952 2936 1242 3029 devolverentur,
1263 2953 1304 3011 ut
1330 2962 1440 3038 supra
1466 2938 1692 3010 memoravit.
1715 2941 1803 3025 Qua.

198 3059 332 3131 omnia
349 3081 495 3156 poenam
511 3082 587 3129 esse
604 3058 741 3155 peccaui
753 3056 926 3155 superbiae
942 3057 1061 3152 docet,
1081 3074 1121 3131 ut
1137 3059 1340 3133 secundum
1362 3059 1600 3132 intentionem
1623 3060 1804 3157 presentis

197 3176 390 3278 Epistola,
409 3201 489 3275 quae
502 3190 578 3249 tota
591 3178 697 3249 etiam
722 3190 849 3248 contra
866 3176 1040 3276 superbiae
1057 3195 1192 3277 pestem
1217 3180 1348 3279 scripta
1365 3193 1430 3272 est,
1449 3203 1471 3251 a
1486 3176 1653 3277 superbia
1668 3178 1706 3249 in
1725 3179 1803 3277 ipso

191 3298 328 3371 statim
340 3296 504 3395 Epistolae
522 3295 672 3369 exordio
688 3295 910 3368 dehortetur.
929 3300 1037 3369 Poena
1052 3297 1286 3395 praecedentis
1302 3297 1439 3397 peccati
1451 3319 1605 3393 sequeus
1617 3309 1804 3394 peccatum

190 3417 353 3507 dicitur,
366 3417 464 3514 Justa
475 3417 552 3514 ejus
569 3417 808 3490 remuneratio
823 3415 871 3490 ad
888 3441 1046 3515 poenam,
1059 3441 1145 3490 cum
1163 3442 1206 3489 ex
1220 3415 1432 3516 praecedenti
1445 3428 1593 3514 peccato
1607 3414 1708 3511 quod
1723 3439 1804 3486 cor·

187 3540 322 3636 rigere
351 3536 515 3634 negligit,
537 3550 763 3635 promeretur
788 3535 917 3633 aliquis
941 3537 978 3609 in
1006 3536 1114 3635 aliud·
1131 3550 1320 3636 peccatum
1345 3534 1509 3626 devolvi;
1535 3547 1575 3604 ut
1593 3533 1695 3629 juxta
1714 3532 1804 3606 illud

184 3656 451 3757 Apoealypsis
462 3659 494 3727 ἐ
508 3685 525 3726 e<
539 3657 612 3744 Qui
624 3657 661 3729 in
678 3655 846 3729 sordibus
858 3669 927 3748 est,
946 3655 1129 3728 sordescat
1146 3654 1311 3728 adhuc.»

237 3782 342 3850 Tres
358 3777 397 3848 in
413 3776 484 3849 hoc
499 3777 582 3849 loco
593 3776 806 3874 quaestiones
822 3791 1029 3848 occurrunt.
1048 3780 1210 3864 Quarum
1221 3774 1368 3873 quidem
1376 3797 1449 3847 una
1464 3788 1531 3865 est,
1550 3773 1637 3872 quid
1649 3775 1694 3845 sit
1705 3774 1806 3869 quod

180 3891 455 3967 idololatriam
471 3890 587 3983 faciat,
597 3916 756 3963 cumnos
771 3893 877 3984 etiam
894 3891 1086 3971 Christiani
1098 3891 1274 3963 nonnulla
1286 3891 1323 3963 in
1339 3889 1437 3963 cultu
1454 3889 1520 3962 Dei
1531 3888 1587 3960 vel
1594 3887 1806 3984 angelorum

176 4027 249 4086 sut
269 4023 497 4086 sanctorum
514 4010 706 4083 hominum
724 4010 903 4109 sculptilia
916 4010 990 4082 sive
1001 4011 1159 4109 picturas
1172 4009 1383 4082 habeamus.
1398 4007 1474 4080 alia
1482 4031 1569 4080 vero
1578 4007 1726 4105 quaestio
1739 4020 1806 4098 est,

177 4162 252 4210 cvrr
280 4135 431 4209 dicitur
448 4139 545 4206 Deus
574 4135 729 4231 aliquem
753 4159 821 4233 pro
846 4132 1306 4233 praecedentibuspeccatis
1330 4134 1367 4205 in
1393 4130 1463 4205 alia
1479 4145 1628 4231 peccata
1652 4128 1805 4223 tradere,

177 4271 313 4356 atque
333 4253 412 4325 hoc
426 4253 611 4350 exjustitia
625 4276 742 4350 agere,
760 4277 844 4326 cum
861 4253 993 4325 scilicet
1007 4253 1065 4324 ille
1079 4252 1142 4350 qui
1159 4251 1312 4325 traditur
1327 4249 1399 4322 hoc
1414 4249 1557 4321 meruit.
1573 4253 1701 4321 Utrum
1712 4253 1809 4322 Deus

176 4399 362 4476 quoque
381 4386 509 4446 auctor
523 4371 581 4444 vel
596 4395 704 4444 causa
724 4372 861 4472 peccati
879 4372 937 4463 sit,
953 4396 1036 4444 enm
1050 4369 1297 4444 subtrahendo
1315 4371 1464 4466 gratiam
1476 4394 1594 4461 suam,
1613 4393 1696 4440 eum
1710 4392 1810 4440 corn·

176 4498 347 4597 pellere
374 4493 423 4565 ad
443 4492 670 4591 peccandum
693 4492 868 4583 videatur,
886 4493 950 4589 qui
971 4516 1015 4565 ea
1035 4493 1216 4565 subtracta
1241 4516 1263 4564 a
1283 4503 1432 4592 peccato
1448 4488 1517 4562 sibi
1532 4489 1681 4561 minime
1697 4488 1811 4586 possit

93 4656 98 4667 ·
171 4640 361 4707 nvem
381 4610 691 4709 quemadmodum
707 4613 736 4684 si
748 4612 828 4710 quis
846 4613 880 4685 ei
898 4611 961 4711 qui
981 4626 1035 4684 est
1050 4613 1144 4684 inter
1159 4612 1288 4685 lluctus
1302 4611 1340 4682 in
1355 4609 1461 4699 navi,
1486 4610 1606 4683 navim
1623 4606 1812 4680 subtrahat

172 4757 438 4839 qmcunque
454 4732 499 4804 de
511 4756 632 4819 causa,
646 4745 683 4804 et
693 4755 778 4804 eum
793 4730 845 4803 ihi
860 4731 1025 4825 dimittat,
1043 4756 1128 4805 eum
1140 4731 1304 4831 profecto
1317 4754 1392 4802 non
1409 4727 1603 4828 compellit.
1617 4727 1733 4800 Tertia
1746 4750 1811 4799 au·

168 4874 253 4932 tem
272 4869 351 4930 est
380 4852 545 4948 quaestio,
563 4849 749 4949 quomodo
761 4851 899 4947 justum
913 4852 958 4924 sit
971 4852 1083 4951 impio
1096 4852 1295 4925 Dominum
1309 4848 1518 4921 subtrahere
1533 4846 1681 4944 gratiam
1690 4867 1807 4934 suam,

172 5004 253 5076 qua
287 4971 506 5050 subtracta
528 4968 587 5042 ille
607 4969 764 5042 deterior
780 4968 843 5043 fiat
870 4970 1078 5071 etamplius
1101 4984 1246 5070 peccet,
1265 4969 1336 5041 nisi·
1357 4968 1463 5041 etiam
1482 4967 1619 5064 justum
1644 4964 1690 5036 sit
1709 4960 1811 5033 illum

202 5255 352 5314 mnan„
372 5258 435 5309 cap.
448 5257 511 5310 xrs,
523 5257 547 5296 v.
561 5246 601 5297 tt.
612 5241 679 5294 -Ἰ
692 5244 882 5311 Μηίων.
894 5257 945 5309 nu,
957 5258 981 5296 v.
995 5247 1235 5309 ridemur.
1245 5257 1311 5310 nn,
1325 5252 1351 5296 v.
1363 5245 1401 5298 tl.

300 5364 335 5404 n
1651 5331 1690 5391 23
