4559 6100
737 617 992 694 rflmtoott
1022 621 1296 696 cflttts‘rtant.
1368 647 1369 650 ¹
1735 618 1807 692 lib

225 766 287 840 ssd
315 764 717 864 magiaphilosophnm,
746 765 817 838 hoc
840 779 1110 842 castratorem
1135 768 1326 866 sapientia,
1353 766 1458 864 quasi
1484 789 1558 837 non
1584 767 1620 840 in
1645 765 1806 856 homine,

226 885 289 960 sed
314 887 351 957 in
367 885 456 962 ¹solo
471 889 559 956 ¹Deo
578 907 667 957 -vere
689 884 899 982 sapientiam
924 885 990 958 Dei
1013 884 1234 983 praedicaret,
1262 886 1363 981 cujus
1386 909 1424 958 se
1450 885 1721 982 participatione
1751 884 1811 957 de·

227 1004 341 1078 sidem
370 1005 491 1101 potius
515 1027 625 1102 quam
645 1002 819 1076 habilem¹
837 1003 1087 1101 profiteretur?
1107 1004 1200 1078 Hinc
1219 1017 1271 1078 est
1294 1003 1382 1075 illud
1402 1003 1583 1098 Augustini
1605 1003 1642 1074 in
1665 1007 1743 1074 Vlll
1765 1004 1811 1077 de

230 1125 377 1194 Caehitate
389 1126 459 1196 Dei
465 1127 477 1161 ⁹
493 1150 531 1194 2«
540 1126 623 1194 Duo
639 1122 937 1221 philosophorum
951 1145 1084 1219 genera
1097 1123 1311 1213 traductum
1332 1147 1446 1196 unum
1466 1122 1627 1196 italicum
1646 1146 1690 1194 ex
1709 1138 1811 1220 parte

228 1239 346 1329 ltalia,
364 1266 442 1338 quae
463 1240 649 1338 quondam
673 1265 802 1339 magna
826 1242 962 1318 Graecia
986 1257 1268 1341 nuncupataest
1289 1268 1298 1312 τ
1323 1242 1475 1318 alterum
1492 1243 1677 1329 lonicum,
1706 1241 1743 1314 in
1760 1243 1811 1313 eis

229 1360 341 1445 terris,
372 1359 434 1432 ubi
457 1372 494 1432 et
514 1362 764 1434 nunchraecia
789 1361 1008 1440 nominatur.
1045 1362 1206 1438 italicum
1236 1385 1348 1458 genus
1380 1374 1563 1441 auctorem
1591 1358 1717 1432 babuit
1744 1365 1811 1457 Py·

230 1477 415 1574 thagoram
431 1480 605 1569 Samium,
625 1494 797 1579 aquoet
821 1481 931 1553 fertur
956 1482 1073 1579 ipsum
1097 1481 1334 1580 philosophiae
1358 1505 1492 1554 nomen
1518 1495 1695 1554 exortum.
1723 1485 1812 1553 Nam

230 1581 313 1667 cum
347 1612 451 1674 antea
478 1600 655 1696 sapientes
682 1600 955 1699 appellarentur,
987 1601 1049 1698 qui
1082 1600 1195 1674 modo
1221 1599 1379 1699 quodam
1407 1598 1594 1678 laudabilis
1622 1600 1701 1672 ritae
1736 1599 1814 1672 aliis

230 1731 393 1812 prestare
418 1716 654 1809 videbantur3
681 1719 746 1790 iste
771 1719 1006 1816 interrogatus
1030 1720 1117 1815 quid
1140 1719 1390 1818 profiteretur:
1412 1717 1667 1817 philosophum
1683 1742 1720 1791 se
1736 1741 1812 1790 esse

230 1835 437 1933 respondit;
457 1867 474 1902 n
498 1835 603 1909 idest
624 1837 826 1912 studiosum
836 1837 893 1911 vel
907 1853 1106 1912 amatorem
1120 1840 1312 1938 sapientiae,
1340 1836 1487 1934 quando
1507 1837 1705 1935 sapientem
1728 1862 1811 1933 pro·

229 1951 322 2026 literi
345 1957 690 2054 arrogantissimum,
713 1955 913 2030 videbatur.
938 1959 1030 2030 Huic
1052 1958 1214 2056 prolecto
1235 1959 1383 2029 minime
1404 1957 1602 2031 necessaria
1626 1955 1814 2040 videbatur
1897 1979 1902 1992 ’

231 2072 288 2146 illa
309 2075 468 2150 Veritatis
485 2074 719 2162 admonitio⁸,
741 2106 760 2144 r
773 2079 824 2149 Ne
841 2073 1020 2150 vocemini
1036 2078 1207 2174 magistri,
1227 2102 1320 2148 unus
1335 2089 1388 2150 est
1404 2076 1501 2149 enim
1517 2076 1683 2171 magister
1698 2088 1813 2147 vester

231 2194 293 2285 qui
319 2194 355 2264 in
382 2193 479 2266 coelis
500 2208 565 2265 est.
584 2194 891 2294 u'hlinuquuippe
916 2196 949 2267 ei
967 2210 1061 2269 wesset
1084 2198 1253 2294 sapientis
1274 2220 1408 2269 nomen
1432 2218 1541 2292 quarn
1567 2195 1723 2291 magistri
1746 2194 1814 2265 sibi

231 2331 410 2406 arrogare.
432 2311 606 2386 ,Notanda
632 2328 716 2384 sunt
749 2313 823 2409 ipsa
852 2315 1036 2410 trigrrstini
1061 2315 1191 2402 rerba,
1216 2313 1346 2412 quibus
1369 2314 1525 2411 sophum
1551 2313 1625 2384 sive
1657 2312 1814 2409 philoso-

233 2428 485 2523 phum·solere
507 2429 677 2529 appellari
699 2430 796 2515 dicit,
826 2458 869 2505 ex
889 2432 995 2504 laude
1021 2435 1099 2505 vitre
1123 2435 1243 2532 potins
1272 2457 1380 2529 quam
1406 2432 1570 2504 scientiae.
1597 2432 1814 2504 sicutenim

231 2572 342 2640 nunc,
369 2550 431 2638 ait,
458 2550 520 2647 qui
547 2549 658 2621 modo
685 2550 843 2648 quodam
864 2550 1155 2634 laudabilisrvitae
1178 2553 1254 2624 aliis
1275 2535 1439 2650 pr'aestare
1459 2550 1685 2624 ridebantur.
1709 2550 1813 2622 Unde

233 2678 269 2735 et
294 2668 437 2738 Boetius
462 2670 498 2740 in
524 2668 681 2741 editione
703 2673 734 2739 ll
765 2695 873 2768 super
903 2671 1142 2768 Porphyrium
1165 2669 1432 2769 philosophiam
1459 2669 1664 2742 describens
1690 2669 1809 2740 dicit:

235 2783 497 2883 «Philosophia
522 2802 574 2859 est
598 2811 717 2859 rerum
732 2787 981 2861 <humanarum
1002 2789 1279 2886 divinarumque
1301 2790 1458 2886 cognitio
1476 2813 1560 2860 cunr
1584 2787 1702 2860 studio
1723 2788 1813 2882 bene

234 2903 377 2975 vivendi
408 2906 613 3001 conjuncta.
632 2936 649 2974 »r
671 2911 714 2979 Et
736 2908 892 2980 lsidorus
916 2909 1234 3008 Etymologmrum
1258 2908 1341 2980 libri
1363 2911 1440 2978 Vlll
1467 2910 1582 3006 capite
1605 2931 1670 2978 vt:
1693 2937 1711 2973 <r
1732 2911 1813 2998 Est,

230 3022 360 3120 inquit,
388 3023 629 3125 philosophus
651 3026 713 3125 qui
741 3026 943 3100 divinarum
955 3043 999 3101 ‘et
1017 3028 1258 3103 humanarum
1282 3053 1402 3100 rerum
1426 3028 1607 3101 scientiam
1633 3025 1754 3115 habet,
1780 3041 1815 3100 et
1873 3092 1875 3097 .
1977 3020 1982 3030 ’

232 3166 378 3215 omnem
403 3143 496 3218 bene
522 3147 667 3218 vivendi
692 3149 870 3220 tramitem
894 3163 1003 3221 tenet.
1033 3155 1111 3220 Non
1140 3152 1260 3245 itaque
1282 3164 1343 3220 aut
1367 3148 1501 3246 sophus
1528 3148 1566 3219 id
1591 3163 1642 3219 est
1659 3149 1812 3245 sapiens,

123 3301 126 3307 =
234 3274 295 3332 aut
316 3261 555 3360 philosophus
572 3262 835 3354 dicebatur‚.ex
852 3280 1141 3363 quantacumque
1154 3268 1313 3369 scientia,
1332 3267 1362 3337 si
1378 3266 1515 3337 deesset
1529 3268 1608 3337 vitae
1624 3266 1812 3338 munditia.

234 3379 336 3452 Aliud
362 3381 497 3479 quippe
527 3395 578 3453 est
603 3384 730 3455 astutia
756 3385 830 3456 sine
853 3383 1035 3473 calliditas·
1050 3387 1088 3455 in
1116 3383 1192 3455 sola
1216 3384 1423 3479 cognitione
1445 3385 1610 3474 scientiae,
1640 3382 1738 3454 aliud
1764 3407 1816 3455 sa·

233 3499 367 3597 pientia
395 3501 431 3570 in
459 3500 672 3574 rectitudine
696 3504 802 3575 etiam
827 3503 920 3574 vitae.
951 3508 1067 3590 Quam
1092 3502 1240 3600 quidem
1276 3503 1485 3600 sapientiam
1512 3501 1644 3572 Tullius
1665 3502 1701 3571 in
1726 3501 1817 3571 Rhe-

234 3621 348 3688 torica
366 3618 577 3714 eloquentie
602 3621 889 3719 conjungendam
904 3619 1012 3709 dicit,
1037 3636 1074 3694 nt
1091 3622 1262 3720 prodesse
1283 3620 1481 3692 civitatibus
1498 3619 1702 3717 eloquentia
1718 3618 1813 3709 velit,

234 3738 431 3809 secundnm
448 3738 546 3836 quod
565 3755 686 3812 orator
703 3766 723 3814 a
741 3742 926 3813 Victorino
945 3739 1157 3813 describitur
1178 3769 1187 3810 ε
1215 3742 1277 3813 Vir
1292 3739 1566 3813 bonnsdicendi
1582 3740 1727 3837 peritus,
1745 3753 1813 3811 etc.

236 3862 355 3928 Bonus
373 3857 520 3955 quidem
540 3859 750 3932 rectitudine
772 3861 963 3958 sapientiae,
984 3875 1024 3931 ot
1038 3859 1131 3932 benc
1153 3860 1251 3951 velit,
1273 3861 1407 3959 peritus
1430 3859 1582 3932 scientiae
1610 3857 1813 3948 rhetoricae,

235 3990 276 4048 ut
297 3977 390 4050 bene
412 3980 536 4077 possit.
556 3982 673 4066 Quem
693 3995 729 4052 et
751 3986 790 4052 B.
807 3982 1048 4076 Hieronymus
1069 3995 1251 4078 tamquam
1271 3995 1523 4080 preceptorem
1548 4003 1652 4050 sunm
1680 3979 1716 4049 in
1736 3977 1831 4067 rhe-¹

236 4097 347 4169 torica
365 4112 518 4185 secutus,
541 4099 576 4170 in
598 4098 656 4171 illa
679 4124 789 4196 quam
806 4099 853 4172 ad
875 4102 1060 4172 Oceanum
1076 4100 1199 4172 scribit
1222 4100 1392 4197 epistola,
1420 4130 1438 4168 r
1461 4098 1657 4184 Deliniunt,
1678 4098 1814 4192 inquit,

236 4215 395 4289 rhetores
415 4232 594 4291 oratorem
607 4219 668 4317 qui
684 4220 728 4290 sit
743 4220 798 4289 vir
813 4219 943 4309 bonus,
957 4219 1100 4292 dicendi
1112 4221 1259 4319 peritus.
1273 4226 1363 4291 Ante
1378 4219 1464 4307 vita,
1475 4216 1653 4312 siclingua
1665 4217 1818 4313 irrepre-

236 4334 432 4428 hensibilis,
461 4337 631 4435 quaritur
652 4352 693 4409 ut
717 4339 844 4410 doctus
868 4339 995 4410 merito
1012 4339 1236 4436 suscipiatur.
1254 4337 1374 4410 Perdit
1392 4337 1639 4411 auctoritatem
1657 4333 1815 4422 dicendi,

236 4453 336 4549 cujus
352 4477 470 4527 sermo
487 4478 595 4554 opere
609 4455 843 4529 destruitur.»
861 4461 915 4529 De
926 4457 996 4530 hac
1011 4482 1156 4557 quoque
1166 4459 1339 4557 sapientia
1355 4455 1581 4553 benignitatis
1598 4478 1660 4526 seu
1677 4453 1818 4525 bonita-

238 4574 293 4663 tis,
313 4598 385 4671 qua
401 4573 563 4647 videlicet
574 4574 680 4648 dulce
696 4576 803 4649 nobis
817 4578 909 4677 sapit
924 4602 990 4674 per
1004 4576 1221 4650 desiderium
1239 4576 1340 4674 qnod
1352 4590 1447 4648 recte
1460 4575 1622 4675 capimus
1636 4598 1701 4672 per
1717 4571 1818 4643 intel·

238 4690 387 4781 lectum,
433 4695 648 4791 Augustinus
685 4696 722 4766 in
761 4695 991 4787 Εησίιίνίιίιό,
1027 4721 1108 4794 cap.
1140 4721 1150 4767 ι
1185 4695 1363 4793 loquitur,
1394 4695 1517 4767 dicens
1552 4722 1560 4765 ε
1598 4723 1615 4757 κ
1650 4696 1691 4764 ln
1724 4691 1818 4764 libro

238 4811 274 4882 S.
296 4809 366 4883 lob
383 4810 512 4907 legitur
525 4810 625 4910 quod
644 4813 716 4910 ipsa
737 4813 909 4911 sapientia
925 4813 1053 4886 dixerit
1068 4814 1209 4885 homini
1233 4839 1241 4883 :
1262 4817 1386 4886 «Ecce
1403 4815 1514 4911 pietas
1530 4828 1580 4885 est
1598 4811 1784 4911 sapientia.
1799 4838 1815 4871 »

237 5124 366 5255 '¹¹Stqtn
375 5126 456 5176 edttts.
465 5124 556 5177 Forsan
566 5128 705 5188 legendum.
724 5127 802 5192 Caius
813 5141 839 5179 se
852 5127 1074 5193 penicipotr'onern
1089 5130 1272 5180 dendernatrm
1283 5129 1370 5192 potins
1381 5141 1457 5191 prom
1470 5127 1649 5195 habentem·
1659 5124 1668 5154 ²
1678 5121 1737 5185 Can·
1749 5133 1775 5171 11.
1790 5149 1818 5159 -

282 5209 320 5255 ott
341 5242 361 5268 .‚
374 5219 429 5269 erp.
439 5219 508 5267 nm,
523 5216 546 5256 r.
560 5208 600 5259 tt).
