4559 6100
476 501 547 576 556
1077 496 1207 568 PETRI
1231 495 1466 570 ABAELARDl

523 648 594 722 Sed
618 649 777 723 fortassis
801 647 960 747 inquies,
985 647 1070 745 quia
1092 672 1167 745 quo
1196 646 1324 719 melius
1339 661 1392 719 est
1414 646 1602 744 quodlibet
1622 648 1780 741 bonum,
1800 648 1876 746 ejus
1895 642 2066 743 multipli-

475 770 569 842 catio
587 769 715 842 melior
731 783 842 860 esset,
862 782 970 864 atque
992 766 1042 838 ita
1060 766 1149 838 illud
1172 768 1362 839 Summum
1384 771 1525 838 Bonum
1547 769 1646 864 quod
1661 768 1793 842 dicitur
1809 770 1919 857 Deus,
1942 761 2067 834 melius

475 887 553 961 fore
577 888 869 987 multiplicatum,
896 908 1005 984 quam
1027 885 1201 957 unicum:
1221 886 1301 958 etsi
1318 887 1435 985 ipsum
1453 886 1622 961 extollere
1645 889 1810 988 cupimus
1833 909 1876 957 ac
1899 878 2067 978 magnifi-

475 1033 577 1096 care,
604 1009 716 1105 magis
736 1008 856 1106 ipsum
880 1005 1085 1105 multiplex,
1115 1029 1223 1102 quam
1250 1004 1399 1104 simplex
1425 1007 1691 1104 praedicandum
1719 1032 1809 1081 esse.
1834 1003 1905 1077 Sed
1924 1001 1971 1074 ad
1994 1000 2067 1071 boc

475 1127 595 1225 primo
609 1126 903 1226 respondendum
912 1125 1078 1216 arbitror,
1093 1123 1192 1222 quod
1207 1123 1308 1219 juxta
1322 1123 1416 1197 hanc
1433 1128 1624 1221 rationem,
1642 1143 1780 1227 quanto
1796 1124 1919 1225 plures
1937 1117 2066 1219 praedi·

475 1246 674 1318 caverimus
695 1251 805 1338 Deos,
822 1260 924 1318 tauto
941 1245 1094 1344 amplius
1109 1244 1238 1317 divinae
1251 1244 1401 1341 gloriam
1421 1247 1635 1319 excellentiae
1651 1244 1961 1347 amplificabimus.
1980 1236 2065 1309 lufi-

475 1365 571 1437 uitos
592 1366 713 1462 itaque
729 1363 914 1464 praedicari
932 1377 1114 1463 oporteret
1128 1367 1237 1454 Deos,
1261 1376 1302 1435 ut
1322 1363 1499 1437 infinitam
1513 1367 1589 1464 ejus
1607 1367 1757 1463 gloriam
1772 1361 2061 1462 magnificemus:

475 1485 670 1584 praesertim
697 1509 782 1556 cum
806 1483 906 1556 nulla
934 1484 978 1556 sit
1001 1484 1115 1575 ratio,
1143 1509 1215 1581 qua
1239 1483 1287 1556 ad
1310 1500 1448 1556 certum
1474 1510 1665 1559 numerum
1696 1486 1851 1584 aliquem
1874 1506 1917 1554 ea
1942 1476 2064 1550 reduci

474 1618 602 1702 queat,
630 1628 739 1701 quam
756 1604 856 1701 juxta
883 1601 1089 1702 praedictam
1117 1604 1295 1675 rationem
1320 1618 1420 1676 tanto
1447 1605 1559 1703 magis
1583 1604 1900 1705 amplificabimus,
1928 1611 2064 1697 quanto

474 1723 629 1823 amplius
650 1748 843 1795 numerum
860 1722 938 1819 ejus
953 1721 1231 1795 extenderimus.
1256 1726 1371 1819 Atque
1390 1723 1440 1796 ita
1459 1724 1562 1823 plura
1580 1749 1656 1797 esse
1677 1748 1820 1797 summa
1838 1720 1937 1793 bona
1956 1738 2064 1815 quam

474 1841 642 1914 inferiora
667 1843 903 1915 conveniret:
925 1843 1038 1914 immo
1064 1842 1215 1914 omnino
1242 1842 1380 1916 infinita
1405 1868 1498 1937 esse,
1527 1860 1566 1917 ut
1589 1869 1657 1917 nec
1676 1868 1803 1918 eorum
1821 1839 1966 1914 scientia
1989 1859 2065 1908 esse

474 1963 608 2061 possit,
635 1983 792 2058 quorum
813 1959 933 2032 nullus
954 1962 991 2033 in
1013 1976 1143 2035 natura
1162 1963 1335 2033 terminus
1356 1979 1572 2055 occurreret,
1596 1988 1663 2036 nec
1681 1965 1756 2063 ipse
1778 1961 1885 2034 etiam
1907 1963 2004 2029 Deus
2024 1977 2066 2026 ea

473 2105 538 2180 per
559 2081 744 2175 scientiam
766 2079 1107 2179 comprehenderet,
1133 2105 1212 2176 quae
1237 2082 1337 2153 nullo
1362 2096 1496 2154 naturae
1519 2084 1675 2155 termino
1695 2076 2060 2180 comprehenduntur.

474 2207 646 2274 Praeterea
675 2201 706 2272 si
729 2198 851 2299 plures
874 2214 958 2273 sunt
978 2200 1049 2293 dii,
1079 2199 1267 2298 quomodo
1290 2200 1399 2273 deum
1427 2226 1693 2301 quemcumque
1723 2223 1905 2274 summum
1927 2196 2064 2267 bouum

472 2320 652 2412 dicemus,
674 2344 759 2392 cum
785 2319 920 2419 aliquid
944 2322 1058 2418 majus
1083 2322 1128 2392 sit
1147 2322 1244 2420 ipso,
1263 2322 1341 2420 ipsa
1358 2320 1522 2394 videlicet
1545 2322 1698 2396 deorum
1724 2318 1930 2407 multitudo,
1958 2337 2064 2412 quam

472 2440 641 2539 quislibet
658 2463 751 2512 unus
766 2463 809 2512 ex
819 2463 862 2511 ea
878 2439 1128 2511 multitudine?
1146 2441 1217 2512 Sed
1234 2465 1302 2513 nec
1316 2441 1458 2513 bonum
1470 2441 1667 2513 dicendum
1682 2455 1786 2532 esset,
1803 2435 1917 2537 quod,
1937 2450 1976 2507 ut
1989 2434 2062 2532 jam

472 2560 707 2648 ostendimus,
732 2557 955 2655 superfluum
978 2573 1081 2631 esset.
1107 2561 1272 2656 Denique
1294 2563 1412 2634 omnis
1436 2562 1629 2634 multitudo
1647 2576 1764 2634 totum
1789 2556 1975 2658 quoddam
1996 2567 2059 2641 est,

471 2693 506 2749 et
533 2701 643 2749 omne
674 2690 791 2748 totum
818 2677 973 2775 propriis
1005 2677 1169 2775 partibus
1196 2679 1373 2777 posterius
1407 2706 1482 2753 esse
1510 2680 1719 2754 naturaliter
1750 2691 1891 2752 constat
1920 2703 1927 2745 :
1956 2686 2062 2770 atque

472 2820 581 2867 omne
603 2794 704 2892 quod
722 2794 917 2892 simplicius
940 2811 1005 2888 est,
1029 2810 1130 2869 tanto
1149 2795 1287 2870 firmius
1306 2824 1381 2872 esse
1404 2825 1549 2873 necesse
1569 2825 1663 2889 esse,
1681 2825 1765 2873 cum
1788 2821 1899 2871 omne
1919 2816 2063 2890 compo·

471 2915 581 2987 situm
604 2926 731 2985 natura
753 2912 961 2987 dissolubile
984 2917 1041 3009 sit,
1067 2930 1105 2989 et
1128 2932 1229 2990 tanto
1254 2918 1448 3013 infirmius,
1473 2946 1582 3019 quam
1606 2919 1833 2994 dissolutioni
1860 2916 1969 3011 magis
1993 2910 2064 2983 ob·

470 3033 631 3107 noxium.
655 3032 743 3122 Quis
765 3033 872 3107 etiam
903 3034 1091 3133 quodlibet
1116 3036 1258 3110 bonum
1284 3054 1385 3112 tanto
1411 3041 1602 3140 pretiosius
1632 3063 1709 3112 esse
1736 3040 1908 3134 deneget,
1925 3044 2060 3129 quanto

469 3154 605 3244 rarius,
633 3168 669 3225 et
687 3176 732 3225 eo
749 3153 861 3249 magis
885 3154 1093 3249 gloriosum,
1115 3181 1191 3253 quo
1213 3159 1326 3255 magis
1347 3159 1399 3231 est
1419 3157 1593 3231 unicum?
1611 3157 1715 3230 Unde
1740 3172 1776 3229 et
1790 3155 2004 3255 plerumque
2020 3174 2062 3222 ea

469 3274 578 3346 etiam
596 3296 676 3370 quae
689 3271 808 3343 minus
820 3286 902 3343 suut
916 3276 1114 3348 necessaria
1127 3275 1218 3369 aliis,
1234 3280 1376 3350 raritate
1386 3292 1505 3351 tamen
1520 3279 1574 3351 sui
1588 3280 1639 3350 eis
1649 3277 1800 3350 omnino
1813 3273 2059 3374 praferuntur,

471 3406 510 3464 ut
523 3416 651 3467 aurum
669 3392 776 3482 ferro,
795 3392 899 3491 piper
919 3392 1113 3467 frumento.
1137 3396 1377 3470 Commendat
1399 3399 1518 3495 itaque
1532 3397 1660 3470 divinae
1680 3396 1829 3493 gloriam
1849 3390 2061 3465 excellentiae

468 3513 546 3610 ipsa
569 3534 716 3610 quoque
738 3511 817 3607 ejus
842 3511 1082 3609 singularitas,
1112 3539 1193 3612 quae
1217 3540 1368 3614 operum
1399 3541 1545 3614 quoque
1566 3518 1678 3616 ipsius
1702 3514 1857 3588 maxima
1884 3526 1939 3584 est
1963 3534 2062 3581 com·

469 3631 665 3722 mendatio,
687 3644 762 3702 tam
782 3630 819 3701 in
839 3630 895 3703 his
917 3631 1099 3721 faciendis,
1124 3659 1236 3732 quam
1257 3637 1293 3707 in
1316 3638 1366 3708 eis
1382 3635 1617 3735 disponendis
1634 3651 1742 3733 atque
1757 3631 1936 3730 regendis.
1961 3628 2061 3702 Nulla

469 3751 603 3848 quippe
632 3762 731 3823 tanta
753 3746 831 3821 lieri
852 3750 1050 3826 concordia
1063 3754 1119 3825 vel
1145 3755 1219 3852 regi
1234 3770 1398 3853 possunt,
1420 3769 1554 3853 quanta
1571 3755 1631 3828 illa
1653 3779 1732 3852 quae
1752 3777 1845 3825 unus
1865 3765 2006 3823 tantum
2025 3763 2061 3820 et

469 3865 595 3938 condit
610 3883 646 3938 et
660 3870 763 3965 regit.
1561 3872 1575 3889 ‘

518 3990 601 4058 Haec
612 3985 760 4084 quidem
775 3989 823 4059 ad
838 3990 1096 4068 adstruendam
1110 3998 1240 4072 divinae
1260 4000 1539 4098 singularitatem
1553 3997 1768 4073 excellentiae
1780 4019 1847 4094 pro
1859 3984 2059 4063 rationibus

467 4104 591 4178 induci
616 4106 699 4178 satis
715 4104 897 4178 arbitror:
918 4111 1050 4205 quibus
1066 4128 1102 4185 et
1118 4115 1221 4190 lacile
1243 4121 1415 4193 assentire
1436 4143 1617 4217 quemque
1639 4116 1779 4189 bonum
1803 4109 1977 4198 existimo,
1996 4107 2060 4203 qui

467 4225 555 4299 nulli
584 4225 749 4319 invidus,
781 4228 943 4300 omnium
979 4255 1100 4305 rerum
1137 4240 1444 4314 commendationi
1473 4241 1669 4339 plurimum
1696 4233 1910 4332 congaudet.
1951 4227 2060 4323 lllagis

466 4361 586 4419 autem
611 4346 772 4419 honestis
793 4370 903 4446 quam
929 4354 1135 4426 necessariis
1159 4357 1359 4431 rationibus
1384 4360 1549 4450 nitimur,
1568 4349 1860 4456 quoniam‘apud
1882 4349 2000 4420 bonos
2022 4345 2060 4416 id

466 4489 607 4565 semper
630 4467 850 4565 praecipuum
872 4470 1050 4562 statuitur,
1074 4473 1176 4571 quod
1197 4499 1242 4548 ex
1263 4476 1448 4550 honestate
1469 4477 1623 4576 amplius
1644 4469 1932 4557 commendatur,
1958 4481 1994 4539 et
2018 4488 2059 4536 ea

466 4609 608 4683 semper
628 4588 750 4685 potior
766 4601 820 4659 est
842 4589 947 4679 ratio,
965 4614 1044 4688 quae
1065 4592 1112 4666 ad
1132 4593 1358 4669 honestatem
1373 4596 1544 4696 amplius,
1564 4620 1674 4695 quam
1690 4594 1737 4666 ad
1757 4584 2057 4666 necessitudinem

465 4708 590 4804 vergil,
620 4707 814 4803 presertim
833 4732 919 4780 cum
940 4736 1021 4808 quae
1036 4712 1189 4788 honesta
1207 4731 1291 4790 sunt
1313 4741 1378 4817 per
1394 4742 1432 4790 se
1449 4716 1634 4816 placeant,
1655 4729 1764 4812 atque
1787 4734 1855 4782 nos
1875 4707 1996 4779 statim
2012 4702 2059 4774 ad

464 4854 501 4902 se
525 4825 591 4903 sua
611 4830 649 4901 vi
671 4826 841 4903 alliciant.
860 4835 978 4919 Quam
1003 4834 1197 4911 honestum
1219 4865 1305 4914 vero
1324 4843 1369 4913 sit
1391 4865 1433 4914 ac
1453 4839 1596 4914 salubre
1617 4838 1741 4911 omnia
1763 4834 1808 4907 ad
1834 4855 1946 4905 unum
1964 4823 2058 4923 opti-

463 4974 563 5022 mum
586 4964 660 5024 tam
675 4964 853 5023 rectorem
868 4976 977 5049 quam
995 4955 1221 5032 conditorem
1238 4976 1418 5059 spectare3
1438 4976 1475 5032 et
1490 4974 1619 5032 cuncta
1638 4957 1759 5056 potius
1775 4953 1928 5041 ratione,
1947 4967 2057 5044 quam

462 5093 548 5142 casu
563 5068 641 5143 lieri
656 5095 721 5144 seu
736 5073 828 5171 regi,
848 5073 970 5148 nullus
991 5092 1044 5149 est
1059 5081 1118 5152 cui
1139 5082 1294 5180 propriae
1311 5084 1402 5156 ratio
1421 5106 1495 5154 non
1519 5093 1683 5177 suggerat
1708 5070 1947 5150 conscientia.
1969 5068 2057 5153 Qua
