4559 6100
1356 233 1374 273 b

482 510 528 580 ts
1081 508 1206 579 l'ETlll
1232 507 1467 581 ABAELARlll

481 674 644 733 emerunt
667 658 785 730 nilad
814 656 996 729 catholica
1022 655 1106 729 fidei
1128 656 1296 754 mysteria
1312 659 1494 756 pertinens
1515 658 1654 729 munna
1677 655 1964 752 investigandum
1980 683 2068 751 esse,

481 778 544 850 sed
570 778 616 849 de
638 776 813 848 omnibus
837 776 1039 847 auctoritati
1066 777 1184 849 statim
1209 776 1432 848 credendum
1459 802 1552 865 esse,
1576 790 1897 873 quantumcunque
1925 775 2001 848 haec
2024 779 2096 853 ab,

479 898 639 969 humana
654 898 947 968 ratione‘remota
964 920 1041 968 esse
1056 892 1232 968 videatur.
1247 895 1357 982 Quod
1369 895 1516 992 quidem
1531 897 1560 966 si
1575 896 1778 992 recipiatur,
1798 897 1917 993 ipsum
1927 921 2072 994 quoque

481 1016 694 1112 Gregorium
710 1017 747 1086 in
765 1015 920 1112 hisquae
935 1029 1041 1087 antea
1058 1014 1104 1087 de
1124 1014 1227 1086 dictis
1243 1015 1321 1110 ejus
1338 1014 1606 1110 collegeramus,
1625 1012 1835 1112 sibimetipsi
1851 1018 2070 1089 contrarium

480 1138 719 1233 reperiemus3
740 1158 808 1206 nec
825 1134 1049 1207 sibi'tautum
1074 1133 1137 1206 sed
1160 1135 1293 1206 caeteris
1312 1133 1482 1206 omnibus
1510 1134 1586 1205 fere'
1606 1132 1824 1204 Ductoribus
1846 1135 1988 1223 sanetis,
2009 1139 2071 1232 qui

480 1279 547 1328 nos
557 1256 691 1354 pariter
707 1279 790 1325 cum
808 1254 886 1351 ipso
903 1253 949 1325 ad
965 1254 1121 1325 rationes
1130 1252 1215 1326 fidei
1232 1263 1362 1325 nostrae
1378 1253 1714 1351 perquirendas'seu
1727 1251 1930 1326 reddendas
1939 1253 2072 1326 adhor-

405 1362 410 1367 ¹
481 1388 614 1447 tantur.
632 1373 812 1471 Alioquin,
830 1386 871 1444 ut
887 1396 995 1471 supra
1011 1394 1158 1470 quoque
1172 1373 1414 1462 meminimus,
1430 1373 1603 1471 cujusque
1619 1372 1746 1471 populi
1762 1371 1865 1464 fides,
1881 1389 2071 1470 quautam·

479 1518 623 1591 cunque
636 1506 774 1566 astruat
794 1491 993 1577 falsitatem,
1016 1491 1126 1564 refelli
1143 1516 1220 1564 non
1238 1494 1387 1591 poterit,
1410 1492 1477 1563 etsi
1499 1492 1536 1565 in
1558 1505 1694 1563 tautam
1712 1491 1881 1564 devoluta
1906 1494 1951 1563 sit
1975 1495 2071 1564 carci-

477 1626 589 1685 tatem
615 1626 655 1683 ut
684 1611 824 1683 idolum
852 1610 1040 1707 quodlibet
1067 1617 1184 1684 Deum
1211 1636 1286 1683 esse
1311 1635 1353 1683 ac
1381 1609 1461 1682 coeli
1483 1634 1526 1682 ac
1551 1624 1652 1681 terrae
1678 1624 1878 1681 creatorem
1904 1609 2067 1683 fateatur.

479 1733 605 1803 Statim
624 1732 758 1829 quippe
775 1731 837 1829 qui
859 1730 929 1802 hoc
956 1732 1141 1830 receperit,
1162 1754 1245 1803 cum
1272 1730 1357 1802 hinc
1373 1730 1515 1828 pulsare
1531 1750 1614 1801 eum
1634 1730 1860 1828 coeperimus,
1879 1731 1969 1801 sicut
1983 1731 2071 1802 olim

479 1854 648 1949 Martyres
664 1850 856 1940 faciebant,
882 1876 966 1923 cum
992 1850 1202 1923 idololatria
1220 1850 1357 1922 cultum
1380 1848 1582 1922 Gentilibus
1603 1850 1901 1946 improperarent,
1920 1870 2070 1947 respon,

479 1970 565 2043 dere
579 1972 725 2069 poterit,
744 1970 944 2043 secuudum
962 1972 1156 2070 nosipsos,
1180 1972 1287 2042 etiam
1311 1969 1356 2043 de
1376 1969 1448 2042 fide
1466 1966 1752 2040 ratiocinandum
1772 1988 1847 2039 nou
1864 1992 1953 2058 esse,
1969 1994 2072 2040 neca

477 2087 584 2162 nobis
596 2091 684 2162 alios
700 2091 823 2188 impeti
839 2089 985 2174 debere,
1000 2089 1099 2163 unde
1112 2114 1182 2162 nos
1195 2090 1243 2162 ab
1255 2090 1332 2162 aliis
1352 2111 1539 2161 censemus
1555 2085 1781 2184 impetendos
1797 2109 1872 2158 non
1888 2110 1974 2158 esse.
1995 2092 2072 2158 No-

478 2210 594 2281 vimus
609 2211 744 2307 quippe
760 2211 878 2307 ipsum
897 2209 1042 2281 beatum
1060 2210 1275 2306 Gregorium
1291 2210 1418 2307 saepius
1434 2208 1470 2279 in
1488 2206 1626 2304 scriptis
1642 2205 1715 2277 suis
1734 2230 1796 2277 eos
1817 2207 1879 2303 qui
1894 2206 1938 2277 de
1952 2230 2072 2277 resur·

479 2330 638 2400 rectione
667 2328 847 2416 dubitant,
875 2331 1044 2426 congruis
1074 2353 1195 2401 rerum
1225 2327 1396 2424 exemplis
1424 2327 1479 2398 vel
1506 2324 1798 2398 similitudinibus
1822 2327 2070 2399 ratiocinando

476 2448 592 2545 ipsam
609 2461 778 2534 astruere,
798 2472 865 2546 pro
886 2462 1099 2544 qua'tamen
1120 2448 1284 2546 superius
1301 2447 1411 2538 dixit,
1445 2445 1553 2519 fidem
1577 2470 1652 2517 nou
1670 2444 1803 2516 babere
1826 2446 1991 2516 meritum
2013 2449 2072 2517 otri

479 2566 636 2637 humana
663 2567 754 2638 ratio
780 2566 915 2664 praebet
937 2567 1238 2663 experimentum.
1262 2569 1452 2660 Nunquam
1470 2564 1508 2635 hi
1528 2588 1619 2661 quos
1636 2562 1833 2635 rationibus
1849 2563 1923 2633 suis
1940 2565 1977 2633 in
1999 2563 2072 2635 fide

479 2683 748 2754 resurrectionis
762 2681 939 2754 aedificare
959 2683 1115 2773 volebat,
1134 2683 1206 2755 has·
1216 2684 1292 2779 ejus
1308 2681 1475 2773 rationes,
1499 2681 1699 2754 secuudum
1714 2681 1824 2779 ipsius
1840 2681 2068 2771 sententiam,

479 2801 637 2872 refellere
654 2815 841 2898 poterant,
856 2801 1055 2873 secuudum
1071 2824 1181 2899 quam
1198 2801 1333 2874 scilicet
1348 2816 1506 2874 astruere
1526 2799 1669 2892 dicitur,
1689 2820 1917 2896 nequaquam
1935 2800 1980 2871 de
1999 2799 2072 2872 frde

479 2920 647 2992 humanis
671 2920 869 2992 rationibus
890 2920 1137 2993 disserendum
1155 2946 1243 3014 esse,
1263 2922 1325 3019 qni
1345 2946 1414 2994 nec
1429 2920 1501 2994 hoc
1517 2937 1676 2993 astruere
1697 2921 1815 3011 dictis,
1834 2922 1909 3017 ipse
1926 2923 2071 3018 proprie

479 3039 641 3114 exhibuit
659 3040 771 3114 factis.
790 3043 861 3131 Qui
888 3065 955 3115 nee
972 3043 1087 3115 etiam
1111 3040 1212 3136 dixit,
1240 3067 1314 3114 non
1332 3066 1408 3116 esse
1425 3040 1712 3114 ratiocinandum
1729 3041 1775 3114 de
1794 3039 1880 3130 fide,
1907 3065 1974 3113 nec
1998 3041 2071 3112 hrr-

479 3184 588 3233 mana
605 3161 744 3234 ratione
763 3162 875 3259 ipsam
905 3162 1002 3260 apud
1030 3167 1148 3235 Deum
1170 3162 1306 3235 babere
1332 3165 1514 3253 meritum,
1543 3163 1589 3234 ad
1614 3185 1722 3260 quam
1744 3176 1915 3234 nontam
1942 3162 2070 3233 dirinae

478 3281 696 3354 auctoritatis
712 3280 849 3352 inducit
865 3282 1123 3372 testimonium,
1143 3304 1253 3378 quam
1270 3281 1437 3354 humanae
1450 3281 1599 3354 rationis
1611 3283 1709 3378 cogit
1716 3295 1980 3377 argumentum.
2000 3284 2070 3352 Nec

402 3465 406 3474 ,
478 3401 560 3497 quia
590 3403 689 3471 Deus
719 3399 757 3471 id
784 3399 920 3473 dixerat
946 3401 1116 3493 creditur,
1147 3400 1211 3473 sed
1236 3402 1320 3498 quia
1348 3402 1419 3474 lroc
1446 3403 1497 3473 sic
1523 3425 1600 3473 esse
1622 3403 1862 3491 convincitur,
1887 3403 2066 3499 recipitur.

477 3520 713 3616 Distinguitur
731 3520 848 3614 itaque
867 3517 955 3590 fides
970 3521 1049 3592 talis
1065 3544 1084 3591 a
1104 3518 1176 3594 fide
1194 3520 1353 3608 Abrahae,
1374 3523 1435 3619 qui
1453 3535 1580 3593 contra
1599 3546 1700 3619 spem
1722 3523 1759 3592 in
1778 3544 1879 3619 spem
1895 3519 2066 3607 credidit3

477 3663 544 3711 nec
560 3653 695 3710 naturae
714 3637 1002 3737 possibilitatem,
1021 3637 1085 3711 sed
1103 3640 1345 3736 promittentis
1361 3640 1511 3714 attendit
1529 3642 1726 3714 veritatem.
1753 3645 1795 3711 At
1820 3661 2021 3735 nunquam,
2041 3641 2069 3708 si

477 3756 561 3830 fidei
578 3772 708 3829 nostrae
722 3756 919 3855 primordia
936 3757 1056 3828 statim
1072 3759 1240 3829 meritum
1253 3782 1327 3829 uon
1345 3757 1492 3847 habent,
1515 3761 1597 3832 ideo
1611 3762 1685 3858 ipsa
1701 3782 1848 3858 prorsus
1865 3756 2000 3829 inutilis
2016 3772 2069 3828 est

473 3878 681 3975 judicanda,
702 3900 811 3975 quarn
839 3876 1073 3975 postmodum
1099 3877 1253 3950 charitas
1286 3878 1487 3967 subsecuta,
1517 3881 1655 3953 obtinet
1680 3877 1781 3977 quod
1811 3877 1861 3949 illi
1890 3875 2066 3949 defuerat.

476 4001 565 4069 Nam
589 4021 698 4095 quam
717 3996 852 4089 multi¹,
869 4020 952 4068 cum
970 3995 1120 4094 hisquae
1136 3996 1422 4095 praedicabantur
1443 4024 1518 4070 non
1536 3998 1734 4085 crederent,
1754 3998 1914 4096 ipsarum
1930 3993 2067 4067 exhibi-

476 4116 574 4187 tione
598 4140 718 4189 rerum
749 4130 785 4189 et
815 4114 1062 4213 magnitudine
1086 4117 1344 4189 miraculorum
1372 4117 1518 4190 credere
1547 4133 1632 4190 sunt
1659 4113 1856 4215 compulsi!
1877 4113 1990 4202 Quod
2023 4115 2069 4186 de

478 4233 650 4331 Apostolc
677 4236 786 4306 etiam
810 4234 970 4327 Thema,
999 4260 1083 4307 cum
1110 4235 1155 4307 de
1180 4238 1441 4309 resurrectione
1458 4237 1604 4310 Domini
1625 4235 1818 4322 dubitaret,
1839 4233 1971 4307 factum
1992 4259 2070 4303 csse

478 4355 738 4449 cognoscimus.
771 4355 829 4426 Sic
850 4356 941 4426 etin
971 4355 1072 4427 Pauli
1090 4357 1326 4429 conversione
1350 4370 1488 4454 gestum
1508 4355 1690 4444 videmus,
1713 4357 1777 4452 qui
1802 4377 1885 4426 eum
1908 4339 2082 4448 superari

478 4475 616 4546 ratione
632 4497 707 4546 uon
726 4488 858 4570 posset,
888 4473 988 4545 factis
1011 4475 1095 4573 ipsis
1117 4477 1346 4565 constrictus,
1372 4474 1418 4546 ad
1435 4474 1546 4547 fidem
1568 4488 1621 4545 est
1644 4472 1864 4572 compulsus,
1880 4487 1916 4544 et
1931 4487 2069 4569 quanto

477 4593 619 4688 gravior
650 4594 726 4690 ipse
760 4607 842 4667 ante
867 4594 1140 4672 conversionem
1175 4595 1301 4686 fuerit,
1332 4608 1433 4667 tanto
1461 4591 1695 4693 postmodum
1723 4591 1814 4664 fides
1842 4591 1918 4687 ejus
1945 4590 2071 4662 fortior

476 4713 619 4785 exstitit.
638 4713 704 4785 Vix
727 4714 825 4786 enim
850 4718 912 4811 qui
940 4712 1127 4811 loquenti*
1146 4715 1271 4789 leviter
1287 4715 1451 4803 credidit,
1470 4714 1595 4787 fumus
1612 4714 1648 4784 in
1673 4712 1743 4785 lide
1761 4712 1978 4811 permansit3
2003 4736 2071 4782 nec

476 4835 586 4932 quod‘
597 4834 739 4908 levitate
764 4836 909 4932 geritur,
927 4834 1117 4908 stabilitate
1139 4835 1352 4910 firmabitur.
1373 4835 1478 4909 Unde
1501 4851 1536 4909 et
1565 4837 1601 4907 in
1625 4835 1871 4906 Ecclesiastico
1897 4832 2070 4930 scriptum

510 5109 515 5135 ⁸
528 5103 589 5155 aare
597 5105 657 5165 reru
668 5105 813 5156 Ambocstns
824 5106 970 5168 Numquam
982 5103 1066 5155 multi.
1075 5129 1103 5143 ·-
1121 5107 1280 5160 menoare
1292 5109 1413 5173 loquitur.
