4559 6100
439 670 444 685 ,
485 599 559 671 tea
1086 598 1215 671 entur
1240 599 1474 673 AssAEnAuol

489 777 507 813 e
520 751 600 819 Non
624 744 674 818 ob
688 743 785 819 alind
806 760 890 818 sunt
910 745 1079 836 haeretici,
1098 746 1166 818 nisi
1182 746 1282 845 quod
1297 748 1488 847 scripturas
1511 749 1701 821 canonicas
1727 772 1802 820 noo
1824 759 1919 819 recte
1941 742 2071 819 intelli·

484 879 619 963 gentes,
642 889 725 940 suas
747 864 849 937 falsas
873 865 1062 965 opiniones
1084 880 1212 940 contra
1234 891 1357 940 earum
1373 868 1558 940 veritatem
1579 868 1809 967 pervicaciter
1826 878 1999 940 asserunt.
2019 864 2069 937 td

485 983 586 1082 quod
613 996 714 1056 tanto
739 983 874 1056 facilius
904 983 1122 1082 professores
1148 985 1340 1058 dialecticae
1368 985 1527 1085 pertrahi
1548 987 1677 1080 solent,
1703 1000 1840 1085 quanto
1862 1009 1899 1057 se
1923 982 2072 1083 amplius

485 1100 685 1176 rationibus
709 1114 865 1177 armatos
890 1126 966 1175 esse
991 1117 1191 1193 aruumant‚
1219 1118 1255 1177 et
1280 1118 1381 1176 tanto
1409 1104 1606 1178 securiores
1633 1104 1779 1177 liberius
1800 1101 1988 1202 quodlibet
2013 1114 2073 1173 aut

483 1219 691 1314 defendere,
722 1235 784 1293 aut
810 1222 1021 1319 impugnare
1049 1237 1283 1320 presumunt,
1305 1246 1461 1320 quorum
1486 1235 1584 1295 tanta
1606 1236 1659 1296 est
1680 1223 1894 1320 arrogantia,
1923 1235 1963 1292 ut
1982 1218 2071 1291 nihil

484 1361 562 1412 esse
586 1339 796 1438 opinentur,
832 1338 930 1436 qnod
958 1363 1086 1412 eorum
1111 1336 1317 1412 ratiunculis
1341 1341 1600 1441 comprehendi
1624 1356 1686 1414 aut
1712 1340 1856 1412 edisseri
1894 1353 2069 1437 nequeat,

485 1458 773 1557 contemptisque
790 1457 964 1529 universis
979 1458 1266 1551 auctoritatibus,
1280 1459 1365 1531 solis
1381 1460 1448 1532 sibi
1462 1459 1608 1533 credere
1626 1460 1833 1558 glorientur.
1853 1457 1963 1546 Quod
1975 1458 2070 1531 enim

483 1576 522 1649 id
536 1577 652 1649 solum
669 1577 860 1675 recipiunt,
878 1577 977 1673 quod
991 1577 1042 1650 eis
1058 1578 1149 1650 ratio
1166 1601 1230 1651 sna
1248 1579 1448 1678 persuadet,
1466 1579 1626 1679 profecto
1640 1579 1708 1651 sibi
1723 1578 1808 1651 solis
1825 1578 2066 1676 acquiescunt,

485 1697 586 1794 quasi
603 1720 667 1771 eos
686 1694 843 1770 habeant
861 1696 1000 1788 ocrdos,
1019 1697 1082 1794 qui
1107 1696 1146 1768 in
1164 1696 1271 1769 nullis
1287 1698 1439 1796 caligare
1455 1699 1633 1771 noverint.
1654 1696 1831 1770 Adversus
1845 1698 1968 1795 quales
1985 1695 2070 1768 illud

484 1815 666 1911 Augustini
695 1813 826 1888 dicitur
851 1839 957 1915 snper
984 1840 1090 1888 xrxrx
1116 1817 1294 1917 psalmum
1322 1842 1331 1889 ε
1363 1820 1521 1892 «Nonne
1553 1817 1729 1917 superbus
1757 1817 1952 1907 inveniris,
1986 1838 2068 1886 cum

484 1932 596 2005 dicis:
619 1933 739 2005 Primo
753 1930 893 2006 videam
917 1934 1017 2006 etsie
1033 1934 1227 2008 credant»
1242 1934 1395 2028 Quibus,
1411 1936 1511 2034 quod
1525 1936 1656 2008 mimm
1672 1949 1739 2026 est,
1757 1960 1800 2008 ex
1812 1935 1959 2007 scientia
1972 1935 2072 2031 igno·

486 2052 602 2125 rantia
625 2065 826 2148 generatur,
851 2066 891 2124 ut
913 2055 1133 2126 contrarium
1155 2054 1280 2126 vitium
1302 2055 1415 2127 virtus
1439 2056 1564 2154 pariat.
1585 2056 1776 2128 Scientiam
1799 2053 1934 2154 qnippe
1955 2077 2073 2151 super

485 2170 560 2262 bin,
579 2166 784 2270 superbiam
800 2173 937 2275 caecitas
952 2173 1158 2261 comitatur,
1187 2196 1272 2246 cnm
1296 2175 1378 2271 quis
1394 2175 1558 2248 videlicet
1571 2175 1711 2248 donum
1736 2174 1947 2267 maximum,
1972 2172 2071 2271 qnod

486 2292 602 2362 aDeo
623 2290 770 2389 recepit,
797 2288 866 2363 sibi
888 2291 1047 2385 ascribit,
1072 2306 1108 2364 et
1130 2314 1207 2365 non
1228 2293 1520 2390 recognoscendo
1536 2292 1695 2384 dantem,
1724 2288 1853 2366 amittit
1875 2292 2019 2384 datum;
2039 2306 2073 2364 et

486 2424 587 2484 tanto
604 2409 840 2510 postmodnm
858 2410 1016 2486 deterior
1038 2410 1089 2504 iit,
1118 2427 1256 2511 quanto
1282 2413 1409 2486 melior
1436 2428 1519 2487 ante
1540 2413 1653 2486 iectus
1677 2412 1802 2487 factori
1824 2412 1953 2508 gratias
1972 2433 2074 2508 agere

486 2529 690 2602 contemsit.
717 2533 857 2602 lustum
878 2531 1013 2629 quippe
1038 2544 1103 2624 est,
1124 2538 1169 2603 'ut
1191 2533 1250 2604 cui
1277 2533 1358 2632 plns
1382 2533 1628 2624 committitur,
1655 2531 1736 2631 plus
1760 2531 1806 2604 ab
1831 2556 1877 2603 eo
1902 2531 2069 2628 exigatur.

487 2647 625 2721 Talium
645 2670 731 2720 vero
744 2648 878 2744 justam
900 2650 1186 2742 excecationem,
1204 2662 1239 2723 et
1254 2675 1378 2723 seusus
1400 2666 1437 2723 et
1452 2653 1533 2723 vitre
1554 2650 1716 2751 reprobae
1730 2651 1959 2748 ignominiam
1978 2654 2074 2748 Apo·

487 2766 599 2838 stolus
620 2766 845 2865 conspiciens
865 2767 961 2838 ait¹:
984 2797 1002 2834 α
1017 2769 1095 2854 Qut
1114 2792 1197 2840 cum
1219 2772 1472 2866 cognovissent
1494 2774 1624 2865 Deum,
1651 2792 1727 2843 non
1752 2772 1845 2842 sicut
1863 2773 1979 2840 Deum
2002 2769 2075 2864 glo·

488 2881 737 2974 rificaverunt,
764 2898 826 2956 aut
853 2884 984 2980 gratias
1008 2900 1179 2981 egerunt,
1209 2887 1272 2960 scd
1299 2902 1522 2961 evanuerunt
1547 2890 1584 2961 in
1612 2887 1888 2986 cogitationibus
1917 2886 2012 2978 suis,
2041 2901 2076 2959 ct

488 3000 721 3106 obscuratum
743 3014 796 3074 est
817 3002 988 3103 insipiens
1012 3027 1077 3077 cor
1100 3030 1239 3079 eornm.
1270 3007 1437 3081 Dicentes
1464 3009 1562 3081 enirn
1592 3032 1631 3082 se
1654 3032 1731 3082 esse
1760 3009 1951 3107 sapientes,
1980 3005 2074 3078 stulti

490 3120 574 3193 sacti
594 3134 678 3194 sunt
697 3147 706 3193 ε
726 3134 874 3221 propter
898 3121 997 3219 qnod
1019 3123 1166 3198 tradidit
1188 3125 1269 3198 illos
1291 3127 1389 3199 Dens
1408 3128 1445 3199 in
1469 3126 1651 3226 passiones
1674 3127 1891 3224 ignominie,
1910 3139 1979 3198 etc.
1997 3154 2015 3192 rr
2035 3128 2074 3195 Et

486 3238 672 3314 Psalmista
696 3240 742 3313 de
764 3239 973 3339 hujusmodi
997 3245 1230 3317 contentiosis
1253 3244 1366 3338 elatis,
1387 3246 1449 3344 qui
1468 3270 1507 3319 se
1527 3248 1626 3344 quasi
1644 3245 1832 3342 magistros
1847 3259 1883 3317 et
1899 3245 2075 3343 principes

487 3358 641 3431 aliorum
665 3360 876 3433 estimant‘:
898 3391 915 3431 ιι
932 3360 1051 3434 Effusa
1075 3377 1143 3456 est,
1173 3364 1304 3462 inquit,
1334 3365 1531 3439 contemtio
1555 3389 1664 3465 super
1690 3364 1883 3463 principes,
1901 3377 1937 3436 et
1961 3386 2075 3435 errare

486 3477 569 3550 fecit
592 3503 656 3550 eos
675 3479 712 3550 in
735 3478 832 3550 invio
847 3494 884 3551 et
901 3503 976 3552 non
995 3481 1031 3552 in
1050 3481 1118 3553 ria.
1135 3508 1155 3550 r
1174 3483 1366 3554 Haereticns
1382 3484 1531 3583 quippe,
1550 3497 1591 3555 nt
1613 3483 1726 3574 aiunt,
1748 3479 1881 3553 electus
1904 3482 2076 3580 interpre-

487 3609 592 3689 tatur,
613 3620 658 3669 eo
682 3596 847 3670 videlicet
865 3597 965 3695 quod
983 3624 1090 3672 nemo
1106 3599 1293 3673 haereticus
1309 3600 1384 3690 ssat,
1414 3603 1481 3675 nisi
1505 3627 1616 3701 qncm
1632 3600 1786 3702 propriae
1803 3598 1969 3673 elationis
1985 3601 2074 3672 resti·

487 3714 599 3787 matio
619 3716 753 3787 caeteris
774 3716 948 3814 praeierat,
974 3732 1013 3789 ut
1025 3718 1101 3814 jam
1118 3717 1166 3790 de
1180 3720 1437 3794 communione
1457 3721 1609 3793 aliorum
1630 3721 1744 3793 videri
1757 3718 1952 3793 crubescat.
1974 3718 2076 3789 Unde

487 3830 645 3904 isidorus
669 3832 974 3932 Etymologiarnm
1000 3834 1092 3906 libro
1113 3839 1174 3924 lv,
1195 3860 1275 3936 cap.
1310 3833 1374 3909 ru*
1398 3867 1406 3910 ε
1428 3868 1448 3906 n
1461 3839 1619 3929 Haemus,
1650 3840 1778 3937 inquit,
1803 3862 1916 3935 grrcce
1937 3835 1983 3909 ab
2007 3837 2077 3909 ele·

488 3951 608 4024 ctione
644 3966 810 4042 vocatur,
838 3953 939 4052 quod
967 3954 1101 4028 scilicet
1123 3957 1372 4055 unusquisqne
1396 3955 1464 4032 sdri
1493 3957 1599 4056 eligat
1622 3959 1722 4058 quod
1755 3958 1884 4031 melius
1908 3955 1975 4029 sibi
2000 3980 2077 4028 esse

486 4067 642 4143 videtur.
666 4073 738 4144 «Ac
752 4072 783 4143 si
799 4071 944 4164 diceret,
967 4097 1043 4146 non
1065 4074 1229 4175 spiritum
1246 4078 1324 4168 Dei,
1348 4078 1412 4150 sed
1431 4103 1535 4150 suum
1550 4093 1751 4175 sequentes.
1776 4079 1931 4150 Omnem
1959 4087 2077 4147 autem

488 4188 622 4262 elatum
645 4191 738 4263 sicut
760 4191 1019 4291 impatientem,
1047 4193 1154 4267 itaet
1180 4198 1449 4270 contentiosum
1474 4221 1617 4269 necesse
1643 4211 1696 4269 est
1721 4222 1811 4288 esse,
1835 4220 1918 4268 cnm
1943 4196 2024 4293 quis
2047 4194 2079 4265 ei

488 4308 751 4405 quoquomodo
774 4311 935 4383 resistere
954 4314 1115 4412 coeperit.
1134 4317 1176 4385 Et
1192 4314 1268 4388 haec
1287 4316 1433 4413 quidem
1450 4341 1492 4389 ea
1509 4329 1562 4388 est
1581 4317 1779 4407 contentio,
1797 4340 1889 4413 qnae,
1909 4330 1949 4385 nt
1972 4337 2080 4411 suprn

488 4429 927 4520 meminimus,haereticns
943 4433 1038 4506 facit.
1057 4433 1160 4507 Unde
1173 4435 1380 4508 Gennadius
1393 4435 1436 4508 de
1454 4435 1660 4508 Ortlrodoxu
1670 4435 1745 4535 fide
1757 4434 2078 4508 ecclesiasticcrum

493 4546 718 4646 dogmatum,
745 4555 895 4650 cap.'r11
916 4553 964 4625 ita
985 4551 1069 4625 dicit
1091 4580 1099 4626 :
1126 4553 1325 4641 «Quolibet
1348 4556 1428 4653 quis
1449 4556 1649 4654 acquiescat
1672 4555 1806 4648 modo,
1833 4577 1908 4627 non
1928 4565 1987 4626 est
2007 4550 2080 4623 hae-

485 4667 635 4759 reticus,
653 4670 725 4741 nisi
740 4669 778 4741 in
793 4672 1026 4744 contentione
1045 4672 1231 4745 haereticus
1252 4672 1360 4745 fiat.»
1382 4674 1479 4746 idem
1496 4673 1540 4745 de
1558 4677 1661 4747 unico
1687 4676 1871 4772 Baptismo
1890 4671 1984 4745 libro
2003 4673 2049 4743 tv
2069 4701 2077 4741 :

481 4790 681 4882 alostum,
709 4801 783 4862 non
806 4789 1034 4883 latereticnm,
1059 4791 1162 4883 dico,
1190 4793 1258 4865 nisi
1283 4793 1470 4867 manifesta
1500 4791 1568 4865 sibi
1596 4793 1761 4866 doctrina
1786 4791 1969 4865 catholice
1996 4788 2080 4862 fidei

489 4908 651 4980 resistere
676 4907 853 5000 maluerit,
884 4924 919 4982 et
944 4908 1032 4982 illud
1049 4911 1148 5007 quod
1165 4911 1308 4985 tenebat
1323 4913 1530 5010 elegerit.»
1555 4916 1609 4986 De
1635 4911 1765 4987 talibus
1790 4911 1937 5009 quidem
1960 4908 2081 4982 electis

524 5185 624 5249 ¹iterra,
638 5195 693 5250 etp.
709 5201 728 5252 r,
742 5201 764 5240 r.
780 5189 820 5239 tr.
835 5211 864 5230 ι·
875 5186 994 5240 ’Proba
1007 5201 1058 5253 cu,
1076 5203 1098 5241 ι.
1112 5194 1151 5243 to.
1166 5190 1312 5242 -·1nnor.
1325 5187 1441 5254 Etymol,
1453 5191 1497 5243 tu.
1509 5188 1678 5256 stumque.
