4559 6100
677 628 973 700 lNTRODUGTlO
999 628 1059 700 ΑΙ)
1082 629 1382 700 THEOLOGlAM.
1754 633 1817 700 tttt

234 777 352 874 ipsum
371 800 448 847 esse
468 776 613 870 habeat,
637 793 677 850 ut
696 779 741 850 sit
762 777 926 876 quaedam
945 778 1127 875 potentia,
1149 778 1224 875 ipse
1250 802 1335 849 vero
1352 777 1533 850 charitatis
1550 778 1697 849 allectus
1713 778 1824 873 magis

234 894 286 975 ad,
297 893 556 990 benignitatem
576 898 687 968 animi
711 920 820 993 quam
836 896 883 969 ad
901 897 1100 995 potentiam
1121 897 1289 988 attineat,
1310 895 1408 968 urtde
1424 895 1517 967 bene
1536 895 1644 967 Filius
1662 920 1704 967 ex
1723 900 1825 968 Patre

234 1015 330 1111 gigni
347 1013 494 1108 dicitur,
508 1016 581 1088 hoc
597 1032 650 1089 est
665 1042 709 1090 ex
725 1018 803 1116 ipsa
818 1018 930 1089 Patris
943 1015 1143 1089 substantia
1159 1016 1306 1114 proprie
1322 1015 1450 1087 dicitur
1469 1040 1556 1088 esse.
1573 1016 1665 1085 Hinc
1682 1016 1824 1087 Nicaena

235 1134 392 1230 synodus
410 1136 512 1230 quasi
526 1161 710 1235 exponens
727 1136 823 1209 banc
838 1137 1105 1235 generationem
1123 1137 1201 1208 Filii
1219 1160 1261 1208 ex
1280 1140 1384 1208 Patre
1400 1136 1471 1207 ait:
1493 1167 1510 1200 «ι
1527 1134 1717 1207 Credimus
1734 1139 1821 1205 etin

236 1280 345 1326 tinum
362 1255 562 1328 Dominum
576 1260 696 1329 Jesum
705 1256 900 1347 Christum,
915 1255 1044 1329 Filium
1058 1257 1138 1348 Dei,
1153 1271 1279 1329 natum
1291 1280 1334 1328 ex
1349 1260 1453 1327 Patre
1469 1256 1708 1353 unigenitum,
1722 1282 1739 1320 »
1754 1254 1825 1326 boc

236 1389 284 1446 est
297 1399 339 1446 ex
352 1373 552 1447 substantia
567 1377 691 1468 Patris,
707 1406 722 1444 n
738 1381 855 1449 Deum
868 1402 912 1449 ex
922 1381 1014 1470 Deo,
1028 1375 1151 1449 lumen
1163 1401 1207 1448 ex
1221 1375 1400 1448 lumine.»
1417 1378 1496 1447 Non
1511 1376 1718 1472 ignoramus
1733 1399 1827 1447 non·

234 1493 350 1566 nullos
374 1494 704 1568 Ecclesiasticorum
733 1496 925 1570 doctorum
955 1511 1112 1569 astruere
1135 1496 1307 1596 Spiritum
1330 1519 1477 1594 quoque
1499 1510 1663 1567 sanetum
1682 1521 1723 1568 ex
1743 1495 1827 1567 sub·

234 1614 362 1685 stantia
373 1615 486 1686 Patris
501 1640 591 1708 esse,
611 1616 682 1688 hoc
699 1631 752 1689 est
770 1616 816 1689 ab
832 1642 877 1690 ao
895 1619 946 1689 sic
957 1641 1047 1708 esse,
1061 1631 1102 1688 ut
1116 1617 1225 1689 etiam
1244 1617 1320 1714 ipse
1337 1617 1445 1687 unius
1460 1616 1507 1687 sit
1518 1614 1724 1687 substantiae
1742 1639 1825 1687 cum

128 1728 132 1747 ¹
240 1720 353 1827 Patre,
365 1735 511 1834 proprie
519 1748 641 1813 ,tamen
658 1762 732 1808 non
747 1737 901 1810 dicimus
913 1762 956 1809 ex
969 1736 1169 1809 substantia
1181 1737 1293 1808 Patris
1304 1760 1380 1809 esse
1395 1761 1404 1807 :
1420 1735 1518 1808 solus
1534 1734 1641 1807 Filius
1652 1735 1827 1806 dicendus

235 1867 297 1924 est.
317 1854 468 1952 Spiritus
483 1878 583 1944 vero,
600 1857 763 1951 quamvis
779 1856 941 1953 ejusdem
951 1855 1155 1929 substantiae
1169 1857 1213 1928 sit
1221 1880 1306 1927 curn
1320 1860 1420 1927 Patre
1438 1869 1473 1927 et
1488 1854 1591 1945 Filio,
1610 1852 1706 1926 unde
1717 1855 1825 1926 etiam

234 1972 382 2046 Trinitas
399 1976 606 2059 Omousios,
627 1975 663 2046 id
680 1991 733 2049 est
758 1978 867 2049 unius
883 1976 1087 2049 substantiae
1103 1975 1330 2074 praedicatur,
1360 1974 1505 2047 minime
1533 1990 1651 2046 tamen
1678 1998 1719 2046 ex
1744 1974 1827 2047 sub·

235 2094 358 2165 stantia
375 2095 489 2166 Patris
502 2095 661 2185 autFilii,
677 2097 706 2168 si
717 2098 863 2196 proprie
878 2096 1076 2193 loquimur,
1088 2119 1163 2168 esse
1174 2093 1348 2166 dicendus
1360 2109 1425 2185 est,
1443 2093 1542 2190 quod
1556 2108 1698 2192 oportet
1708 2095 1826 2192 ipsum

235 2236 276 2283 ex
300 2217 403 2285 Patre
429 2212 485 2285 vel
509 2214 595 2285 Filio
621 2216 742 2311 gigni:
761 2217 824 2289 sed
849 2216 960 2311 magis
984 2242 1024 2289 ex
1045 2216 1130 2315 ipsis
1151 2214 1261 2287 habet
1283 2213 1499 2313 procedere,
1518 2214 1618 2312 quod
1637 2229 1688 2286 est
1711 2218 1827 2285 Deum

237 2356 274 2403 se
296 2357 358 2429 per
386 2333 594 2407 charitatem
621 2334 667 2407 ad
692 2336 843 2409 alterum
872 2334 1091 2423 extendere:
1116 2335 1390 2434 quodammodo
1418 2324 1643 2432 etenim'per
1666 2316 1827 2407 amorem

242 2454 517 2551 unusquisquea
535 2455 653 2553 seipso
666 2456 711 2527 ad
727 2456 878 2530 alterum
894 2455 1072 2555 procedit,
1092 2480 1175 2527 cum
1188 2456 1347 2555 proprie,
1362 2469 1402 2526 ut
1418 2454 1554 2526 dictum
1572 2469 1638 2542 est,
1660 2478 1768 2525 nemo
1780 2454 1826 2525 ad

237 2571 396 2668 seipsum
406 2572 610 2646 charitatem
620 2574 754 2648 habere
765 2575 918 2666 dicatur,
930 2590 993 2648 aut
1005 2573 1072 2647 sibi
1084 2575 1152 2674 ipsi
1168 2574 1347 2671 benignus
1366 2599 1454 2664 esse,
1467 2573 1531 2645 sed
1548 2572 1661 2645 alteri.
1675 2576 1827 2645 Maxime

235 2703 354 2761 autem
383 2695 479 2763 Deus
497 2717 580 2764 cum
602 2693 733 2766 nullius
753 2693 925 2790 indigeat,
950 2718 1033 2791 erga
1058 2695 1177 2793 ipsum
1201 2693 1431 2789 benignitatis
1455 2693 1586 2765 attectu
1603 2697 1828 2765 commoveri

236 2834 308 2880 non
323 2825 454 2908 potest,
473 2825 514 2882 ut
529 2810 596 2883 sibi
614 2811 712 2884 aliud
733 2838 775 2885 ex
797 2813 1016 2910 benignitate
1042 2812 1240 2912 impendat,
1262 2813 1324 2885 sed
1357 2837 1440 2908 erga
1468 2828 1648 2885 creaturas
1673 2827 1826 2899 tentum,

234 2953 310 3025 quae
321 2929 451 3003 divinae
466 2932 585 3029 gratiae
601 2930 785 3005 beneficiis
799 2933 974 3030 indigent,
990 2958 1066 3006 non
1083 2933 1200 3006 solum
1218 2947 1257 3004 ut
1276 2933 1360 3024 sint,
1381 2932 1443 3003 sed
1459 2946 1498 3003 ut
1514 2931 1607 3004 bene
1621 2933 1704 3003 sint.
1726 2936 1825 3020 Quo·

238 3050 335 3122 dam¹
366 3052 489 3150 itaque
514 3053 627 3126 modo
651 3057 749 3125 Deus
766 3077 787 3126 a
806 3055 923 3153 seipso
949 3055 997 3127 ad
1021 3070 1203 3127 creaturas
1226 3054 1321 3125 exire
1349 3052 1481 3125 dicitur
1506 3077 1572 3151 per
1599 3052 1828 3148 benignitatis

237 3171 399 3250 affectum
418 3174 492 3245 sive
509 3172 688 3266 ellectum,
710 3198 793 3246 cum
809 3173 882 3247 hoc
899 3175 1018 3272 ipsum
1037 3175 1136 3273 quod
1151 3173 1330 3269 benignus
1355 3188 1420 3259 est,
1439 3188 1503 3244 aut
1525 3172 1682 3269 benigne
1696 3171 1830 3268 aliquid

239 3317 278 3364 ex
294 3292 466 3365 charitate
477 3294 561 3390 agit,
579 3293 779 3366 secundum
795 3293 964 3368 allectum
978 3294 1034 3366 rel
1052 3295 1226 3367 ellectum·
1237 3318 1347 3392 quern
1370 3293 1597 3366 increaturis
1612 3291 1755 3382 habeat,
1774 3290 1829 3363 di·

238 3426 344 3483 catur.
358 3417 459 3484 Tunc
480 3437 566 3485 vero
588 3414 625 3484 in
642 3438 680 3485 se
697 3438 761 3513 per
778 3414 1033 3512 benignitatem
1051 3429 1263 3504 remaneret,
1282 3416 1312 3485 si
1325 3411 1392 3483 sibi
1406 3413 1585 3507 benignus
1602 3436 1678 3482 esse
1694 3426 1827 3509 posset,

236 3533 388 3629 aliquam
406 3534 444 3604 in
465 3559 502 3606 se
516 3532 790 3606 beneficentiam
804 3533 1020 3623 exercendo,
1039 3548 1072 3604 et
1089 3532 1235 3629 aliquod
1255 3532 1322 3604 sibi
1339 3530 1555 3602 beneficium
1569 3528 1825 3627 impendendo.

240 3653 286 3721 Ex
301 3655 402 3723 Patre
419 3666 540 3724 alitem
558 3652 664 3724 simul
681 3667 716 3725 et
731 3652 820 3724 Filio
837 3654 989 3750 Spiritus
1001 3651 1198 3751 procedere
1214 3651 1336 3736 habet,
1354 3651 1438 3748 quia
1454 3650 1571 3722 bonus
1591 3650 1667 3747 ipse
1683 3647 1829 3720 allectus

235 3773 307 3843 sire
320 3771 469 3844 effectus
486 3772 583 3844 aliud
601 3771 753 3845 faciendi
769 3773 826 3845 vel
843 3771 1061 3870 disponendi
1086 3797 1129 3845 ex
1153 3772 1315 3870 potentia
1333 3771 1449 3871 >ipsius
1478 3784 1514 3843 et
1541 3770 1715 3869 sapientia
1743 3794 1827 3866 pro-

235 3892 352 3972 venit3
372 3914 457 3963 cum
476 3891 558 3964 ideo
576 3892 710 3964 scilicet
728 3892 811 3965 velit
823 3893 921 3964 Deus
933 3891 1031 3964 aliud
1046 3906 1080 3964 et
1101 3892 1218 3982 faciat,
1237 3893 1323 3989 quia
1347 3906 1383 3963 et
1397 3906 1515 3990 potest
1530 3889 1618 3963 illud
1634 3888 1829 3987 adimplere

234 4024 269 4080 et
286 4010 437 4082 solerter
453 4010 607 4102 efficere,
629 4012 697 4083 nisi
712 4013 810 4084 enim
834 4027 955 4111 posset
973 4011 1084 4104 aliud,
1105 4012 1234 4084 frustra
1251 4010 1338 4083 illud
1357 4010 1474 4104 vellet,
1495 4011 1578 4108 quia
1596 4009 1754 4082 efficacia
1770 4035 1829 4082 ca·⁴

232 4146 344 4220 nerem
362 4145 399 4203 at
416 4132 482 4203 nisi
500 4131 649 4203 solerter
664 4133 768 4204 sciret
780 4132 867 4203 illud
886 4131 1040 4221 efficere,
1066 4157 1140 4205 non
1158 4131 1305 4204 haberet
1322 4132 1502 4229 egregium
1521 4130 1700 4202 effectum.
1730 4134 1829 4201 Non·

229 4248 353 4320 nullos
372 4264 492 4323 autem
511 4251 605 4323 aliud
625 4251 713 4322 velle
730 4252 917 4348 contingit,
940 4251 1040 4349 quod
1064 4275 1138 4323 non
1166 4249 1347 4323 sufficiunt
1362 4249 1573 4348 adimplere,
1596 4248 1695 4346 qnod
1724 4249 1829 4321 etiarn

227 4370 260 4440 si
278 4384 447 4467 possunt,
465 4395 540 4444 non
558 4372 606 4441 ita
625 4385 662 4442 ut
679 4386 822 4469 oportet
833 4371 1005 4470 perlicere
1023 4372 1153 4463 sciunt,
1174 4395 1331 4468 quorum
1354 4369 1500 4467 quidem
1516 4369 1738 4441 voluntatem
1758 4383 1831 4438 tarn

226 4489 448 4586 impotentia
462 4489 625 4588 ipsorum
638 4513 749 4586 quam
767 4492 953 4563 inscientia
970 4488 1249 4564 irrationabilem
1264 4489 1358 4561 iacit.
1383 4494 1429 4561 Ut
1441 4489 1548 4586 igitur
1563 4488 1660 4560 bona
1681 4489 1749 4560 Dei
1765 4512 1833 4557 ro-

224 4608 353 4680 luntas
365 4633 450 4704 erga
472 4607 638 4705 quaelibet
663 4608 824 4681 iacienda
842 4610 897 4681 vel
915 4608 1142 4708 disponenda
1158 4609 1311 4680 omnino
1333 4609 1472 4681 ratione
1491 4607 1657 4706 praedicta
1671 4607 1832 4679 'demon-

220 4742 377 4814 stretur,
397 4752 441 4799 ex
456 4732 559 4802 Patre
576 4742 611 4799 et
626 4727 725 4819 Filio,
742 4729 834 4801 sicut
849 4727 1060 4827 praedictum
1077 4744 1150 4821 est,
1172 4727 1371 4828 procedere
1387 4729 1539 4826 Spiritus
1556 4740 1700 4798 sanctus
1715 4725 1834 4825 perbi-

212 4847 355 4919 hetur.
369 4849 470 4921 Sicut
482 4849 590 4946 igitur
608 4872 651 4920 ex
667 4872 737 4921 aere
750 4847 904 4945 sigillum
920 4872 1052 4920 aereum
1071 4848 1285 4938 habet'esse,
1301 4863 1338 4920 et
1354 4873 1396 4920 ex
1412 4851 1514 4920 Patre
1527 4863 1562 4919 et
1579 4846 1668 4919 Filio
1681 4846 1832 4944 Spiritus

211 4980 391 5052 sanctus,
416 4983 454 5040 ut
473 4967 726 5067 exposuimus,
750 4982 787 5040 et
806 4969 896 5041 sicut
914 4967 1068 5064 sigillum
1087 4968 1123 5040 in
1144 4967 1260 5041 sonna
1281 4969 1461 5067 impressae
1482 4966 1550 5038 sibi
1565 4966 1728 5060 imaginis
1745 4983 1831 5034 con·

249 5231 257 5255 ¹
278 5222 466 5275 Stetbdltct.
488 5226 540 5284 Quo
553 5229 719 5289 proquodam
738 5231 808 5279 amb.
