4559 6100
448 535 518 611 308
1056 536 1180 610 PETRI
1203 533 1430 608 ABAELARDI

448 684 511 758 sed
534 698 681 784 propter
702 684 836 758 malum
854 709 973 778 suum,
992 685 1029 760 id
1053 699 1106 759 est
1127 687 1424 761 incredulitatem.
1444 683 1687 759 attalianum
1710 708 1849 786 sapere,
1869 713 1886 755 o
1912 711 2035 788 super·

433 801 595 898 biendo,
611 803 745 877 scilicet
756 804 924 878 adversus
935 804 1010 896 eos,
1028 795 1120 880 ‹rse'd
1137 807 1236 898 time,
1253 838 1271 874 s
1282 806 1417 879 scilicet
1431 803 1507 877 noli
1517 805 1740 878 committere
1757 805 1825 879 tale
1835 806 1924 905 quid
1938 806 2036 881 unde

448 938 484 994 et
499 938 538 996 tu
555 923 739 1021 frangaris.
755 927 800 995 Et
820 949 941 997 revera
964 940 1107 1024 oportet
1126 939 1161 997 te
1184 927 1322 998 timere.
1340 924 1437 1013 Quid
1458 921 1579 997 autem
1595 925 1716 997 timeat
1730 923 1916 1023 subjungit
1936 954 1944 998 ε
1967 928 2036 999 «Si

448 1038 545 1114 euim
563 1067 638 1115 non
654 1043 813 1142 pepercit
829 1071 847 1111 o
866 1069 888 1117 a
906 1043 1077 1117 fractione
1099 1044 1246 1138 scilieet,
1266 1073 1284 1112 r
1303 1044 1411 1116 ramis
1429 1041 1668 1131 naturalibus,
1682 1071 1702 1112 o
1719 1042 1768 1116 illi
1786 1041 1950 1117 videlicet
1963 1068 2035 1117 suae

448 1160 570 1256 radici,
590 1188 634 1235 ex
648 1187 720 1261 qua
736 1179 850 1257 erant,
869 1165 955 1236 time
970 1163 1123 1268 subaudi
1137 1193 1155 1232 a
1170 1189 1214 1236 ue
1230 1165 1334 1256 sorte,
1349 1177 1420 1236 etc.
1431 1193 1448 1230 a
1460 1168 1504 1234 Et
1514 1177 1554 1235 ut
1567 1162 1639 1235 hoc
1649 1163 1774 1237 timeas
1787 1163 1861 1238 sire
1870 1165 2034 1265 exemplo

447 1281 599 1354 aliorum
614 1297 818 1383 correptus,
844 1285 917 1357 sive
941 1295 1112 1385 susceptae
1133 1284 1251 1381 gratiae
1275 1308 1399 1356 amore
1426 1282 1807 1375 succensus,'attende
1831 1285 2035 1357 memoriter

447 1398 646 1474 bonitatem
662 1404 780 1498 gratiae
794 1418 829 1476 et
845 1404 1066 1476 severitatem
1080 1403 1237 1500 justitiae,
1251 1403 1281 1474 si
1298 1426 1372 1474 non
1388 1402 1624 1501 permanseris
1636 1401 1673 1473 in
1688 1401 1765 1500 ipsa
1780 1401 1938 1474 bonitate
1954 1425 2031 1474 sus·

447 1533 562 1619 cepta,
579 1521 618 1593 id
639 1535 692 1593 est
711 1523 740 1593 si
760 1523 867 1622 culpa
887 1538 950 1596 tua
965 1536 1168 1620 susceptam
1188 1522 1337 1617 gratiam
1358 1520 1527 1593 amiseris.
1549 1519 1732 1619 Alioquin,
1750 1519 1858 1594 idest
1882 1519 2032 1595 aliter'si

445 1639 511 1711 erit
533 1663 642 1737 quam
661 1637 808 1732 moneo,
822 1641 846 1710 'a
862 1643 970 1715 etiam
994 1656 1033 1713 tu
1056 1641 1259 1714 excideris»
1279 1665 1299 1713 a
1317 1640 1438 1714 radice
1454 1654 1577 1714 sancta
1593 1641 1630 1712 in
1647 1664 1719 1737 qua
1733 1664 1801 1738 per
1814 1639 1980 1713 accidens
1991 1645 2033 1714 'es

373 1841 378 1854 .
445 1758 616 1850 insertus,
641 1784 716 1832 non
742 1785 785 1832 ex
810 1758 865 1834 ea¹
879 1775 996 1833 natus.
1019 1758 1122 1832 «Sed
1146 1774 1182 1832 et
1211 1759 1306 1852 illi,»
1324 1762 1433 1833 etiam
1458 1773 1542 1859 post
1562 1759 1771 1832 fractionem
1785 1755 1908 1853 '‘utam,
1936 1761 2032 1833 inse·

444 1891 568 1948 rentur
583 1875 731 1951 loco‘tui
745 1882 864 1970 excisi,
883 1880 973 1952 sicut
986 1895 1026 1952 tu
1041 1904 1061 1952 e
1077 1880 1253 1952 converso
1270 1881 1369 1978 prius
1385 1880 1467 1952 loco
1483 1878 1627 1952 illorum
1642 1877 1850 1952 fractomm.
1869 1883 1914 1951 Et
1930 1880 2035 1976 quasi

444 2011 672 2092 quaereretur,
681 1994 772 2097 'quid
782 1998 854 2071 hoc
864 1999 977 2099 possit
991 1999 1118 2093 facere,
1131 2023 1214 2071 cum
1226 2003 1322 2072 Deus
1333 2023 1401 2098 pro
1415 1998 1522 2096 culpa
1532 2022 1596 2070 sua
1608 2021 1672 2070 ecs
1686 1997 1845 2094 fregerit,
1853 1995 1939 2070 dicit
1947 2000 2034 2096 quia
2104 2000 2107 2008 ’

444 2114 594 2212 ipsemet
609 2141 675 2216 per
688 2119 968 2191 misericordiam
985 2141 1087 2191 suam
1106 2116 1143 2190 id
1161 2118 1276 2191 lacere
1293 2133 1423 2217 potest,
1442 2118 1505 2215 qui
1516 2141 1579 2189 eos
1595 2115 1696 2212 fregit
1708 2125 1856 2215 propter
1872 2117 2032 2215 ipsorum

444 2234 599 2333 culpam.
624 2240 667 2308 Et
684 2236 756 2309 hoc
777 2238 942 2335 estquod
962 2238 1069 2311 dicit:
1090 2269 1107 2303 «
1127 2242 1327 2310 Potensest
1345 2239 1441 2312 euim
1458 2242 1555 2310 Deus
1579 2237 1707 2308 iterum
1728 2236 1886 2308 inserere
1906 2235 2030 2324 illos,a

443 2349 480 2423 id
501 2367 554 2424 est
576 2370 658 2454 post
679 2367 779 2430 tuam
798 2357 1049 2450 insertionem,
1060 2355 1103 2428 ¹et
1117 2377 1220 2429 suam
1236 2357 1460 2430 fractionem.
1476 2356 1557 2428 Dixi
1574 2356 1658 2451 quia
1676 2370 1805 2454 potens
1820 2369 1873 2428 est
1885 2359 2033 2430 Deuset

442 2472 521 2545 illo's
536 2474 705 2571 inserere,
724 2487 791 2549 nec
808 2478 954 2570 mirum,
974 2477 1058 2574 quia
1073 2475 1193 2550 multo·
1206 2476 1244 2549 id
1262 2475 1397 2549 lacilius
1414 2491 1450 2548 et
1465 2474 1728 2549 conducibilius
1742 2487 1878 2547 naturae
1894 2475 2032 2548 ridetur

443 2590 640 2665 secundum
665 2596 928 2694 suprapositam
951 2594 996 2668 de
1016 2595 1110 2667 oliva
1126 2594 1418 2683 similitudinem,
1439 2610 1478 2666 ut
1497 2593 1635 2693 proprii
1655 2595 1746 2666 remi
1768 2595 1876 2666 inseri
1895 2596 2033 2693 possint

443 2735 552 2807 quam
574 2712 692 2784 alieni.
717 2717 759 2785 Et
777 2712 849 2786 hoc
873 2714 1048 2812 estquod
1071 2737 1090 2785 a
1108 2715 1239 2786 minori
1262 2712 1430 2805 ostendit,
1449 2712 1571 2786 dicens
1591 2740 1600 2782 ε
1623 2742 1641 2782 o
1657 2716 1747 2785 Nam
1771 2713 1801 2784 si
1821 2728 1859 2785 tu
1883 2714 2031 2787 Gentilis

443 2830 581 2934 excisus
596 2854 634 2902 es
651 2855 695 2902 ex
710 2831 863 2905 oleastro
880 2860 898 2900 o
919 2832 984 2903 tibi
999 2832 1165 2925 naturali,
1182 2832 1287 2906 idest
1303 2857 1346 2906 ex
1364 2832 1494 2906 arbore
1513 2830 1706 2905 infecunda
1729 2831 1879 2903 Gentilis
1902 2834 2030 2932 populi

444 2963 667 3048 assumptus,
690 2980 708 3020 a
727 2965 854 3023 contra
878 2965 1054 3040 naturam,
1071 2981 1089 3021 o
1107 2952 1145 3024 id
1172 2967 1225 3025 est
1247 2951 1545 3026 consuetudinem
1572 2951 1763 3024 inserendi.
1784 2956 1906 3050 Neque
1932 2953 2028 3025 enim

337 3148 341 3158 ¹
442 3064 668 3142 infructuosae
697 3070 844 3144 arbores
873 3073 981 3145 inseri
1004 3072 1128 3146 'solent
1156 3072 1368 3167 fructuosis,
1400 3097 1467 3145 nec
1498 3072 1672 3145 silvestres
1704 3070 1929 3164 domesticis,
1960 3096 2029 3146 nec

443 3187 605 3261 surculus
627 3189 782 3264 fructum
804 3190 933 3263 radicis
956 3191 1047 3265 ierre
1067 3192 1169 3265 solet.
1196 3191 1267 3265 Sed
1288 3191 1441 3291 propriae
1460 3205 1593 3264 naturae
1613 3192 1900 3289 quantomagis,
1918 3188 1956 3263 id
1976 3207 2030 3265 est

442 3330 551 3405 quam
579 3309 939 3383 facilius‘secundum
961 3312 1127 3385 naturam
1154 3336 1225 3385 suae
1250 3311 1409 3409 originis,
1429 3312 1670 3383 «inserentur
1688 3334 1761 3383 suae
1788 3310 1929 3407 origini,
1944 3339 1962 3379 u
1986 3316 2027 3385 ex'
2074 3346 2084 3351 ·

442 3452 512 3526 qua
523 3427 685 3503 videlicet
700 3430 945 3505 nati'lueruut.
964 3460 982 3500 n
998 3428 1090 3504 Nolo
1104 3431 1214 3525 enim,
1230 3463 1247 3500 a
1264 3457 1307 3505 ac
1322 3433 1352 3504 si
1367 3430 1524 3504 diceret:
1543 3430 1629 3503 ldeo
1645 3437 1893 3502 commemoro
1911 3416 2025 3523 toties,
2069 3518 2073 3527 ¹

442 3569 464 3617 o
482 3549 652 3640 Gentiles,
673 3563 795 3621 vestrae
815 3550 997 3624 electionis
1011 3552 1161 3648 gratiam
1179 3552 1214 3624 et'
1237 3551 1499 3650 reprobationis
1511 3550 1658 3623 illorum
1675 3548 1862 3646 justitiam,
1881 3562 1916 3621 et
1930 3556 2041 3648 post·‘¹

442 3664 879 3740 modum'conr'emionem
896 3669 1054 3766 ipsorum
1071 3669 1239 3742 suturam.
1255 3671 1379 3743 «Nolo
1397 3670 1494 3742 enim
1509 3693 1574 3741 vos
1585 3670 1765 3765 ignorare,
1780 3666 1918 3757 iratres,
1934 3691 2026 3763 mys·

443 3782 2027 3887 teriumhoc,eidestdivinaedispensationisoccultumjudicium,quiaridelicetr'oecitas

441 3902 588 3998 contigit
606 3904 641 3975 in
659 3904 766 3977 lsrael
782 3930 825 3976 ex
837 3918 951 4003 parte,
966 3933 984 3972 n
995 3906 1034 3977 id
1051 3920 1103 3978 est
1115 3907 1263 4005 quidam
1275 3905 1478 3981 Judaeorum
1494 3908 1657 3980 excaecati
1672 3906 1869 3980 adventum
1882 3903 2024 3993 Christi,

440 4045 626 4119 perquem
644 4022 691 4095 de
707 4022 779 4096 fide
796 4023 1187 4116 illuminarentur,·non
1203 4041 1507 4124 recognoverunt,
1528 4054 1547 4096 o
1568 4027 1686 4100 donec
1702 4021 1888 4124 plenitudo
1908 4023 2025 4119 gratie

439 4140 594 4234 intravit,
611 4169 629 4209 o
647 4141 684 4215 id
701 4158 753 4215 est
768 4142 814 4215 de
834 4143 1061 4217 universitate
1078 4146 1430 4219 omnium'centium
1454 4145 1556 4218 multi
1569 4150 1897 4235 convertentur·,·et
1916 4142 2025 4240 spin‘-

440 4258 570 4334 tualem
587 4263 652 4334 Dei
670 4262 862 4355 civitatem,
882 4261 989 4336 idest
1005 4264 1198 4338 Ecclesiam
1224 4265 1419 4355 intrabunt,
1434 4279 1478 4338 ‘et
1495 4295 1513 4332 α
1535 4267 1586 4338 sic
1602 4263 1782 4336 »tandem
1800 4273 1882 4361 post
1897 4270 2035 4332 eorum*

437 4379 654 4473 introitum,
672 4410 691 4449 n
713 4380 832 4453 omnis
855 4382 975 4473 lsrael,
1005 4412 1023 4452 a
1050 4383 1249 4458 secundum
1277 4385 1434 4481 singulas
1456 4383 1623 4456 videlieet
1640 4362 1778 4471 tribus,
1803 4378 1901 4452 unde
1915 4375 2025 4449 multi

436 4494 688 4572 conicerentur
713 4500 749 4571 in
775 4498 847 4572 line
873 4524 938 4599 per
960 4500 1398 4598 pradicationemEuocb
1422 4517 1458 4576 et
1482 4504 1611 4596 Heliae,
1630 4526 1704 4575 non
1728 4515 1862 4573 tamen·
1875 4504 2021 4581 omues,

435 4616 530 4691 curu*
547 4618 593 4692 de
621 4619 836 4692 Antichristo
864 4621 1000 4693 Veritas
1026 4622 1077 4696 'eis
1096 4623 1240 4697 dicat¹:
1269 4624 1394 4698 «Alius
1420 4625 1457 4696 in
1485 4626 1726 4696 nomine'stio
1753 4619 1902 4703 reniet,
1922 4615 2023 4688 illum

435 4730 625 4840 accipietis,
640 4764 658 4805 a
673 4753 712 4812 ut
723 4763 790 4812 nec
805 4739 843 4811 iu
862 4738 934 4813 line
949 4740 1090 4834 mundi,
1103 4744 1195 4816 sicut
1205 4766 1275 4816 nec
1290 4744 1330 4815 in
1347 4741 1649 4817 adventu‘Cbristi
1666 4735 1920 4814 omnestudei
1935 4759 2022 4808 oon·

434 4873 629 4954 vertantur,
640 4858 703 4932 sed
714 4857 797 4932 solae
811 4860 959 4933 Domini
973 4862 1142 4960 reliquia.
1157 4863 1259 4936 Unde
1272 4862 1510 4961 Hieronymus
1522 4861 1567 4936 ad
1579 4859 1759 4934 AEdibiam
1770 4857 1816 4931 de
1827 4856 2023 4954 questione

466 5131 559 5200 arao,
571 5149 626 5200 cap.
639 5150 664 5201 r,
676 5152 700 5189 r.
710 5140 750 5190 ta.
