4559 6100
909 488 1140 561 DlALOGUS.
1747 484 1818 557 655

225 645 315 735 Quis
330 644 438 717 etiarn
450 666 515 715 vos
529 665 552 715 a
567 639 759 714 maledicto
775 638 862 736 legis
875 660 1043 709 excusare
1059 637 1184 736 possit,
1200 635 1263 733 qui
1279 634 1403 707 vestn's
1414 632 1635 729 exigentibus
1651 635 1820 731 peccatis,

223 765 313 839 sicut
336 764 404 863 ipsi
423 760 642 861 profitemini
660 775 790 832 terram
806 757 1055 857 promissionis
1076 756 1260 846 amisistis,
1289 768 1387 827 extra
1411 776 1521 851 quam
1538 753 1686 853 implere
1708 753 1823 851 legem

207 860 426 956 nullatenus
447 879 584 971 valetis,
604 878 735 975 quibus
749 902 817 950 uec
832 892 966 950 vestras
983 875 1202 975 permittitur
1218 873 1435 970 justitiarum
1453 894 1617 943 exercere
1633 871 1821 960 vindictas,

225 1026 291 1075 nec
307 1000 389 1073 licet
405 1001 481 1100 ipsa
497 997 676 1071 celebrare
688 994 861 1070 sacrificia
874 994 929 1067 rel
943 994 1144 1066 oblationes
1155 991 1201 1063 ad
1215 1004 1444 1090 peccatorum
1459 990 1710 1089 purgationem
1727 990 1826 1062 insti·

229 1133 338 1211 tutas,
358 1143 425 1191 nec
441 1118 519 1216 ipsa
534 1117 640 1189 etiarn
659 1116 861 1188 divinarum
877 1112 1026 1185 laudum
1043 1111 1245 1210 persolvere
1261 1110 1413 1182 cantica.
1426 1107 1534 1197 Quod
1546 1108 1692 1204 quidem
1709 1124 1745 1181 et
1761 1134 1826 1182 vos

227 1240 294 1338 ipsi
309 1237 549 1338 profitemini,
570 1235 744 1309 dicentcs¹
764 1261 773 1305 ε
797 1233 1025 1323 «Quomodo
1048 1228 1277 1303 cantabimus
1297 1229 1477 1301 cauticum
1502 1230 1649 1301 Domini
1670 1231 1706 1300 in
1732 1243 1827 1302 terra

227 1355 364 1431 aliena?
377 1385 395 1422 »
415 1359 465 1428 Er
484 1379 559 1453 quo
570 1370 642 1428 tam
657 1378 766 1453 opera
782 1353 869 1449 legis
884 1376 993 1449 qrram
1011 1349 1131 1438 verba,
1151 1349 1242 1422 sicut
1256 1364 1293 1420 ct
1307 1349 1385 1443 ejus
1398 1349 1724 1421 remunerationem
1739 1372 1827 1421 con·

228 1484 295 1543 stat
303 1470 474 1558 amisisse,
494 1493 561 1543 nec
570 1470 646 1565 jam
658 1493 723 1541 vos
732 1481 795 1542 aut
805 1490 935 1539 uxores
945 1478 1079 1538 vestras
1093 1463 1219 1537 hostiis
1234 1462 1290 1535 vel
1307 1461 1554 1535 oblationibus
1567 1464 1705 1545 amissis
1722 1489 1826 1536 mun-

230 1585 309 1658 dari
322 1609 428 1684 posse
443 1583 499 1657 vel
515 1584 675 1657 Domino
697 1582 919 1673 consecrari,
939 1579 1142 1653 sacerdotio
1158 1578 1291 1677 pariter
1301 1592 1337 1649 et
1354 1579 1490 1677 templo
1504 1579 1682 1676 privatos3
1701 1591 1741 1650 ut
1761 1603 1828 1651 uec

230 1723 377 1780 terrenae
394 1707 575 1804 dignitatis
590 1705 756 1779 solatium
776 1704 949 1796 babeatis,
971 1704 1034 1801 qui
1050 1725 1238 1799 nunqnam
1254 1724 1277 1774 a
1293 1701 1452 1772 Domino
1465 1701 1534 1773 nisi
1549 1715 1691 1774 terrena
1705 1717 1828 1801 postu-

229 1826 321 1917 latis,
337 1851 404 1899 nec
419 1827 489 1899 nisi
506 1826 544 1898 in
561 1826 712 1899 terrenis
726 1824 1002 1923 promissionem
1015 1820 1326 1909 remunerationis,
1342 1835 1383 1892 ut
1395 1819 1531 1892 dictum
1546 1834 1612 1913 est,
1627 1822 1825 1919 accepistis.

279 1949 435 2019 lunens.
464 1943 575 2017 Multa
600 1944 773 2016 continue
796 1940 975 2037 objecisti,
998 1964 1077 2036 quae
1093 1963 1168 2010 non
1195 1952 1249 2009 est
1266 1938 1369 2010 facile
1391 1938 1592 2029 recordari,
1622 1954 1663 2011 ut
1681 1939 1829 2035 singulis

230 2064 360 2137 ordine
378 2063 631 2163 respondeam.
659 2067 770 2134 Prout
796 2074 916 2133 tamen
942 2058 1018 2131 bac
1041 2057 1131 2129 mibi
1158 2059 1383 2130 occurrerint
1406 2057 1626 2158 respondere
1650 2059 1825 2132 conabor.

233 2185 305 2254 Etsi
334 2180 615 2255 concederemus
642 2203 740 2252 nunc
768 2202 916 2277 quoque
943 2201 1046 2249 more
1076 2177 1239 2274 priorum
1268 2190 1477 2248 sanctorum
1506 2177 1675 2250 homines
1701 2178 1830 2250 salvari

232 2324 337 2400 posse
354 2298 431 2373 sola
445 2299 599 2371 naturali
613 2299 704 2395 lege,
723 2296 861 2393 absque
876 2294 1043 2368 videlicet
1060 2295 1346 2386 circumcisione,
1365 2311 1428 2368 atu
1444 2297 1571 2368 ceteris
1587 2296 1672 2392 legis
1691 2297 1829 2394 scriptae

232 2419 436 2493 carnalibus
451 2416 705 2507 observantiis,
728 2442 804 2490 uon
826 2431 946 2491 tamen
970 2415 1046 2487 mc
1067 2413 1247 2512 superflue
1260 2414 1430 2512 adjuncta
1455 2441 1533 2489 esse
1555 2417 1830 2489 concedendum

233 2552 303 2630 est,
331 2538 395 2611 sed
420 2538 617 2638 plurimum
642 2536 801 2609 utilitatis
821 2534 955 2609 babere
980 2533 1027 2606 ad
1055 2531 1347 2631 amplificandam
1375 2534 1431 2607 vel
1458 2538 1569 2608 tutius
1596 2535 1831 2613 muniendam

233 2657 456 2753 religionem,
486 2655 591 2728 etad
616 2655 787 2727 malitiam
815 2653 971 2751 amplius
998 2650 1278 2750 reprimendam.
1297 2652 1400 2725 Unde
1428 2667 1536 2726 etex
1563 2653 1620 2726 bis
1647 2679 1727 2753 quae
1753 2657 1830 2755 ipse

235 2774 403 2847 induxisti
427 2772 622 2847 nonnullas
647 2773 770 2871 accipe
795 2773 964 2845 rationes.
991 2770 1175 2860 Quamdiu
1202 2769 1327 2843 fideles
1353 2772 1487 2870 passim
1521 2771 1726 2845 infidelibus
1750 2799 1834 2872 per-

236 2894 335 2966 mixti
362 2894 549 2983 vixerunt,
578 2917 646 2964 uec
669 2891 789 2966 adbuc
814 2892 993 2964 Dominus
1017 2891 1068 2963 eis
1095 2904 1228 2963 terram
1252 2905 1478 2964 concesserat
1503 2893 1704 2991 propriam,
1735 2894 1835 2971 nulla

235 3013 323 3111 legis
339 3011 567 3085 observantia
590 3010 734 3084 suerunt
754 3009 800 3083 ab
819 3012 870 3084 eis
888 3011 989 3085 divisi
1016 3034 1100 3083 cum
1117 3009 1248 3108 quibus
1264 3011 1383 3084 vivere
1405 3010 1642 3108 cogebantur,
1666 3037 1714 3085 ne
1734 3014 1832 3088 vide·

236 3133 318 3205 licet
332 3132 407 3229 ipsa
419 3132 500 3203 vitae
510 3128 762 3201 dissimilitudo
773 3144 915 3227 pareret
926 3128 1140 3202 inimicitias.
1158 3134 1352 3224 Postquam
1365 3155 1455 3202 vero
1466 3132 1643 3204 Dominus
1655 3131 1834 3204 Abrabam

237 3250 283 3323 de
305 3264 400 3322 terra
420 3262 456 3319 et
475 3248 691 3343 cognatione
710 3270 775 3320 sua
799 3247 942 3336 eduxit,
963 3262 1003 3320 ut
1020 3249 1055 3319 ei
1074 3261 1111 3320 et
1133 3248 1262 3320 semini
1287 3249 1364 3344 ejus
1387 3262 1519 3321 terram
1541 3250 1579 3321 in
1600 3250 1834 3323 hereditatem

237 3368 339 3442 daret
363 3390 427 3466 per
448 3389 560 3462 quam
580 3390 603 3438 a
626 3363 793 3461 gentibus
808 3380 1098 3462 segregarentur,
1123 3365 1372 3465 corporalibus
1393 3391 1539 3464 quoque
1553 3367 1640 3464 legis
1664 3368 1835 3467 operibus

238 3512 301 3560 eos
323 3486 466 3586 penitus
493 3507 659 3583 separare
687 3482 863 3570 decrevit,
882 3498 922 3555 ut
934 3498 1035 3556 tauto
1061 3483 1183 3556 minus
1207 3483 1331 3557 fideles
1354 3484 1401 3557 ab
1421 3485 1626 3560 infidelibus
1650 3491 1834 3586 corrumpi

239 3618 398 3703 possent,
428 3619 565 3699 quanto
591 3601 746 3701 amplius
768 3601 817 3675 ab
838 3602 924 3700 ipsis
948 3615 1023 3673 tam
1046 3602 1128 3675 loco
1156 3628 1269 3700 quam
1291 3604 1505 3703 corporibus
1533 3606 1832 3705 disjungerentur.

241 3722 345 3796 Unde
362 3720 511 3794 Abrahae
527 3733 565 3793 et
585 3720 712 3794 semini
729 3721 806 3818 ejus
822 3720 915 3794 lacta
930 3719 1038 3817 hujus
1055 3734 1158 3794 terrae
1177 3723 1415 3820 pmmissione
1431 3724 1469 3796 in
1486 3749 1558 3822 qua
1575 3724 1644 3798 sibi
1661 3697 1838 3798 Dominus

239 3842 416 3942 populum
430 3839 635 3937 aggregaret
652 3852 688 3911 et
703 3840 742 3912 iu
758 3863 832 3938 qua
842 3839 1021 3912 civitatem
1038 3841 1224 3939 propriam
1240 3841 1308 3914 sibi
1325 3843 1570 3935 constitueret,
1589 3845 1704 3940 legem
1719 3846 1836 3918 statim

240 3961 335 4061 cepit
359 3960 543 4031 instituere
567 3957 768 4030 secuudum
792 3982 902 4055 quarn
925 3958 976 4030 ibi
1000 3974 1120 4031 esseut
1143 3959 1286 4047 victuri,
1310 3984 1331 4032 a
1352 3949 1626 4036 circumcisione
1647 3962 1836 4037 inchoans.

241 4078 382 4152 Sciebat
409 4077 545 4177 quippe
569 4077 760 4168 Dominus,
789 4076 919 4149 duram
942 4077 1068 4176 populi
1094 4079 1209 4152 nostri
1230 4079 1407 4151 cervicem
1433 4079 1602 4171 suturam,
1629 4096 1665 4153 et
1681 4107 1767 4155 eum
1791 4083 1838 4155 ad

241 4198 463 4271 idolatriam’
488 4220 634 4295 quoque
661 4219 865 4296 pravosque
891 4196 1077 4292 gentilium
1106 4221 1227 4272 mores
1253 4197 1355 4271 facile
1379 4200 1557 4291 inclinari,
1582 4200 1674 4273 sicut
1697 4226 1737 4274 re
1763 4203 1840 4301 ipsa

242 4330 368 4414 postea
393 4313 586 4414 probatum
604 4330 669 4388 est.
686 4314 791 4388 Unde
811 4314 982 4413 legalibus
997 4315 1235 4390 observantiis
1250 4318 1353 4415 quasi
1376 4321 1531 4392 maceria
1555 4320 1713 4418 quadam
1730 4322 1840 4394 inter·

244 4434 382 4532 positis,
400 4432 560 4505 decrevit
580 4457 710 4505 eorum
726 4435 817 4507 ritus
837 4436 887 4508 ita
911 4435 1127 4533 disjungere,
1147 4451 1189 4509 ut
1206 4436 1304 4509 nulla
1320 4438 1601 4510 conversationis
1617 4439 1673 4511 vel
1691 4439 1839 4513 familia·

244 4552 358 4625 ritatis
382 4551 686 4649 conjungerentur
708 4553 900 4644 societate,
923 4555 1037 4627 immo
1057 4568 1247 4654 perpetuas
1267 4553 1353 4626 hinc
1370 4554 1540 4628 adversus
1554 4581 1592 4630 se
1609 4559 1842 4660 conciperent

244 4669 461 4742 iuimicitias.
483 4669 674 4744 Maximam
697 4694 784 4744 vero
808 4670 901 4743 iuter
922 4670 1089 4746 homines
1111 4672 1387 4746 familiaritatem
1408 4674 1540 4775 copula
1563 4678 1783 4750 matrimonii
1803 4694 1840 4751 et

279 4974 393 5028 'Proim
405 4987 519 5040 curru,
532 4990 557 5027 r.
568 4979 632 5028 4.-
641 4977 652 5008 ²
661 4975 775 5028 Restituit
784 4973 927 5031 abeundo
936 4977 1128 5044 idololatrium,
1141 4981 1266 5034 notius
1275 4983 1384 5045 ulem
1398 4984 1534 5035 meniu
1547 4982 1685 5052 Dudum,
1700 4992 1839 5043 mmet

248 5070 298 5108 vox
307 5056 434 5110 idolatria
444 5057 630 5121 apudauctores
641 5058 713 5107 medtt
725 5058 768 5107 ert
780 5058 909 5119 reperttor.
