4559 6100
465 493 538 566 138
696 424 697 433 ¹
1075 482 1203 555 rarat
1229 482 1464 555 tamisiam

467 666 598 734 remus,
612 637 649 710 id
663 652 717 710 est
732 634 892 708 inviccm
906 630 1230 732 permisceremus¹,
1242 634 1271 705 si
1282 633 1378 706 hanc
1392 656 1468 705 esse
1483 632 1580 704 illam
1593 655 1825 731 poneremus,
1838 632 1929 704 sicut
1945 657 1966 705 e
1980 660 2065 705 con·

467 762 574 833 trario
590 757 830 832 substantiam
842 753 908 826 Dei
925 776 1183 851 separaremus,
1195 753 1225 825 si
1240 754 1277 826 in
1291 777 1337 825 eo
1352 752 1510 825 diversas
1524 776 1601 825 esse
1617 750 1832 824 substantias
1844 766 2061 825 teneremus.

466 880 574 968 Quod
595 878 716 951 statim
739 874 930 972 diligenter
952 897 1135 971 exponens
1160 871 1307 945 subdit:
1332 903 1362 939 rv
1377 871 1451 945 Alia
1472 887 1527 944 est
1552 872 1648 943 enim
1666 894 1821 970 persona
1846 874 1978 965 Patris,
1999 874 2064 946 alia

466 1000 561 1092 Filii,
583 998 652 1070 alia
674 994 979 1095 Spiritus'sancti.
1003 1022 1021 1059 »
1046 993 1146 1065 Sicut
1164 1016 1250 1088 ergo
1272 992 1309 1063 in
1333 996 1411 1064 Deo
1434 1015 1507 1064 una
1524 1004 1578 1063 est
1599 989 1818 1085 substantia,
1838 990 1902 1064 sed
1919 992 2064 1064 diversa

466 1142 648 1216 personae:
664 1116 749 1188 itae
778 1113 960 1185 contrario
984 1113 1022 1182 in
1039 1110 1181 1183 Christo
1208 1135 1280 1183 una
1306 1125 1360 1184 est
1381 1134 1557 1210 persona,
1581 1109 1645 1182 scd
1671 1108 1819 1184 diversa
1835 1111 2061 1202 substantia,

466 1238 606 1331 divina,
626 1250 666 1308 ut
686 1234 913 1323 dictumest,
933 1247 1040 1330 atque
1055 1231 1236 1325 bumana,
1257 1255 1412 1331 quarum
1433 1253 1660 1329 nequaquam
1682 1255 1756 1304 una
1783 1232 1819 1303 in
1847 1229 1993 1304 aiteram
2013 1248 2065 1305 est

467 1372 622 1450 mutata,
656 1355 718 1428 sed
754 1368 905 1451 utraque
930 1351 1113 1451 propriam
1145 1366 1311 1425 naturam
1337 1352 1467 1424 retinet
1498 1350 1620 1424 inilia
1654 1351 1790 1424 unione
1808 1375 1999 1450 personae,
2030 1367 2065 1424 et

466 1474 579 1548 ambae
602 1477 639 1546 in
660 1473 803 1546 naturis
819 1473 891 1543 suis
910 1485 1122 1570 permanent
1140 1472 1386 1570 impermixtae.
1412 1475 1502 1544 Nam
1526 1485 1562 1543 et
1585 1471 1621 1542 in
1645 1470 1807 1568 singulis¹
1830 1472 1915 1543 totis
1936 1472 1988 1543 sic
2010 1471 2066 1543 di-

466 1621 574 1669 versae
588 1609 707 1695 partes
726 1592 775 1665 ad
800 1593 1100 1692 compositionem
1123 1586 1284 1692 ipsorum
1303 1593 1544 1680 conveniunt,
1571 1605 1610 1662 ut
1632 1605 1752 1663 tamen
1775 1592 1811 1663 in
1836 1592 1909 1663 suis
1930 1593 2065 1664 naturis

465 1715 537 1787 sint
556 1714 766 1812 disjunctae,
792 1736 871 1810 quae
893 1711 1049 1810 quadam
1073 1713 1323 1810 aggregatione
1344 1726 1429 1784 sunt
1451 1711 1669 1808 conjuncta,
1695 1709 1794 1782 reiut
1820 1733 1901 1782 ossa
1924 1724 1960 1781 et
1980 1735 2064 1783 caro

466 1841 501 1910 in
528 1838 691 1912 humano
722 1861 892 1938 corpore,
917 1836 973 1909 vel
1000 1837 1094 1934 ligna
1114 1851 1150 1909 et
1174 1835 1311 1935 lapides
1331 1837 1367 1908 in
1394 1837 1500 1908 unius
1521 1835 1652 1908 domus
1673 1834 1948 1934 compositione.
1969 1836 2066 1907 Sicut

466 1982 551 2056 ergo
568 1982 646 2031 ossa
663 1958 701 2029 in
722 1981 797 2029 uno
818 1956 967 2030 bomine
986 1956 1085 2029 carni
1108 1954 1348 2047 adhaerentia,
1376 1956 1412 2027 in
1436 1969 1601 2028 naturam
1625 1955 1742 2026 carnis
1762 1978 1837 2026 non
1860 1968 2062 2045 transeunt,

466 2102 534 2149 nec
560 2079 599 2149 in
624 2100 696 2149 una
728 2075 840 2149 domo
866 2075 1004 2173 lapides
1028 2075 1133 2173 lignis
1161 2076 1337 2173 aggregati
1361 2076 1546 2174 propriam
1574 2073 1809 2147 substantiam
1837 2086 1995 2166 mutant,
2027 2089 2065 2144 nt

465 2195 563 2268 aliud
584 2195 672 2269 fiant
695 2219 807 2294 quam
828 2195 928 2294 prius
950 2210 1071 2289 erant,
1096 2211 1158 2267 aut
1180 2219 1265 2267 caro
1282 2196 1408 2267 animae
1424 2195 1558 2266 sociata
1577 2193 1677 2267 aliud
1692 2218 1802 2292 quam
1815 2217 1900 2267 caro
1919 2192 1979 2286 iit,
1999 2218 2066 2265 nec

465 2316 594 2413 prioris
619 2313 827 2387 substantiae
848 2329 1012 2387 naturam
1038 2316 1191 2404 mutat³3
1221 2314 1268 2388 ita
1291 2338 1359 2387 nec
1375 2313 1541 2386 divinitas
1562 2311 1776 2387 humanitati
1795 2314 1833 2385 in
1857 2337 1968 2406 unam
1985 2337 2065 2411 per·

465 2458 592 2509 sonam
613 2435 811 2531 conjuncta
828 2434 926 2507 aliud
942 2434 1002 2508 fir
1018 2435 1353 2533 quampriuserat,
1372 2434 1538 2533 quamvis
1553 2434 1654 2506 alind
1677 2432 1745 2505 sibi
1768 2434 1805 2505 in
1822 2433 1960 2506 unitate
1984 2457 2064 2530 per·

465 2578 561 2625 sonae
586 2556 797 2651 conjungat.
822 2554 1028 2628 &cundum
1045 2580 1155 2653 quam
1172 2554 1321 2653 quidam
1344 2555 1518 2626 unionem
1538 2577 1720 2652 personae,
1740 2578 1824 2625 cum
1842 2557 1939 2625 Deus
1952 2552 2064 2624 bomo

467 2673 578 2744 iactus
597 2673 746 2766 dicitur,
768 2687 831 2745 aut
855 2672 954 2746 aliud
970 2698 1078 2771 quam
1095 2675 1258 2772 primitus
1279 2674 1384 2747 irrerit
1397 2698 1472 2747 esse
1490 2672 1722 2765 comeditur,
1744 2697 1819 2746 non
1839 2673 1910 2744 hoc
1925 2697 1969 2744 ex
1985 2697 2065 2744 mn·

466 2792 602 2864 tatione
617 2792 844 2886 substantiae,
866 2792 928 2865 sed
952 2794 1087 2865 unitate
1109 2817 1271 2891 personae
1287 2792 1559 2890 intelligendum
1581 2807 1635 2865 est
1657 2821 1666 2864 :
1685 2793 1768 2891 quia
1787 2791 1953 2865 videlicet
1969 2797 2064 2864 Deus

466 2909 653 2983 hominem
670 2910 740 2983 sibi
760 2913 795 2983 in
818 2936 930 2985 unam
948 2936 1139 3012 personam
1161 2913 1397 3009 conjunxerit,
1424 2926 1460 2985 et
1483 2937 1560 2984 rem
1584 2911 1726 2984 alterius
1749 2924 1885 2984 naturae
1909 2913 1946 2983 in
1970 2911 2065 2985 hanc

467 3031 638 3104 unionem
655 3030 724 3104 sibi
743 3032 945 3106 sociaverit.
968 3038 1046 3105 Non
1068 3047 1121 3106 est
1140 3033 1246 3132 igitur
1262 3038 1358 3106 Deus
1374 3033 1410 3105 in
1430 3031 1528 3107 aliud
1549 3045 1704 3105 mutatus
1719 3057 1827 3130 quam
1844 3030 1965 3122 fuerit,
1983 3030 2065 3106 licet

465 3150 562 3223 aliud
577 3151 666 3244 sibi,
682 3166 723 3223 ut
738 3150 874 3224 dictum
894 3167 967 3246 est,
985 3155 1021 3225 in
1036 3153 1131 3225 hanc
1147 3155 1319 3225 unionem
1333 3154 1571 3251 conjunxerit.
1589 3155 1678 3225 Nam
1694 3176 1762 3224 nec
1775 3153 1904 3225 animae
1921 3166 2062 3244 nostrae,

465 3295 561 3360 cum,
577 3272 769 3371 resumptis
785 3271 1012 3373 corporibus,
1027 3273 1077 3345 eis
1091 3273 1127 3344 in
1144 3295 1253 3345 unam
1272 3296 1464 3372 personam
1476 3270 1722 3363 sociabuntur,
1743 3272 1826 3345 ideo
1843 3271 1940 3344 aliud
1956 3296 2064 3369 quarn

464 3406 567 3462 erant
590 3388 804 3482 efficientur,
832 3393 997 3489 quamvis
1020 3393 1138 3492 ipsum
1167 3417 1299 3492 corpus
1321 3416 1466 3465 rursum
1495 3390 1692 3465 animando
1718 3390 1933 3484 vivificetur,
1960 3392 2064 3464 etde

463 3509 661 3582 inanimato
688 3510 733 3581 ad
759 3513 1017 3586 animationem
1037 3527 1295 3612 promoveatur
1315 3541 1324 3584 z
1346 3526 1386 3583 ut
1410 3537 1452 3583 ex
1472 3509 1544 3583 boc
1566 3535 1698 3612 corpus
1719 3514 1838 3612 ipsum
1861 3514 1981 3612 potius
2001 3536 2065 3611 per

464 3629 622 3699 animam
639 3651 747 3722 quam
764 3628 842 3728 ipsa
860 3646 1009 3728 propter
1022 3654 1158 3730 corpus
1172 3632 1302 3704 mutari
1317 3630 1513 3703 dicendum
1530 3633 1588 3706 sit.
1606 3636 1747 3731 Corpus
1763 3633 1897 3730 quippe
1914 3657 1955 3702 ex
1970 3632 2062 3729 ipsa,

465 3769 538 3815 non
556 3746 634 3844 ipsa
647 3770 691 3816 ex
705 3769 860 3845 corpore
885 3748 922 3819 in
945 3750 1139 3846 quemdam
1157 3749 1300 3849 proficit
1326 3765 1479 3838 statum,
1506 3751 1553 3825 ab
1582 3751 1662 3850 ipso
1685 3751 1841 3824 calorem
1860 3764 1897 3823 et
1921 3763 2064 3822 motum

464 3865 680 3963 suscipiens,
700 3890 785 3937 cum
804 3866 880 3964 ipsa
899 3869 935 3938 in
954 3893 992 3940 se
1016 3869 1136 3969 ipsum
1156 3870 1321 3969 persistat
1337 3867 1543 3942 immobilis.
1564 3871 1678 3944 Multo
1694 3874 1813 3946 minus
1829 3886 1950 3944 autem
1966 3874 2064 3943 Deus

463 3983 603 4055 bomini
624 3985 767 4076 unitus,
786 3985 883 4060 aliud
900 3986 949 4060 ob
965 3986 1037 4061 boc
1053 3987 1129 4061 iieri
1146 3989 1322 4063 dicendus
1339 4004 1413 4080 est,
1438 3991 1496 4062 cui
1521 3990 1611 4062 nibil
1630 3991 1794 4065 conferre
1810 4006 1973 4064 creatura
1994 4014 2064 4089 po·

463 4116 542 4174 test.
563 4103 668 4176 Unde
684 4104 731 4178 ab
746 4107 847 4177 omni
863 4106 1100 4182 mutabilitate
1122 4113 1239 4183 Deum
1262 4111 1407 4209 penitus
1424 4112 1624 4185 immunem
1642 4110 1855 4211 profitemur
1872 4135 1960 4183 esse.
1981 4113 2063 4180 Haec

463 4223 769 4320 inpraesentiarum
785 4225 831 4297 de
849 4226 971 4301 divina
992 4230 1176 4329 potentia,
1197 4231 1253 4303 vel
1271 4255 1351 4328 quae
1373 4231 1419 4304 ad
1445 4255 1525 4304 eam
1552 4233 1751 4331 pertinent,
1778 4231 1874 4304 dicta
1900 4228 2063 4304 sufficere

463 4340 628 4415 arbitror.

490 4507 494 4512 ·
511 4465 613 4534 Nunc
634 4463 680 4536 de
703 4466 875 4563 sapientia
893 4468 1003 4567 ipsius
1021 4493 1296 4569 prosequamur.
1308 4475 1409 4544 Hanc
1425 4472 1485 4544 alii
1496 4471 1679 4563 Verbum,
1697 4471 1758 4543 alii
1775 4471 1979 4562 Rationem,
1999 4492 2063 4539 seu

462 4584 617 4654 Mentem
643 4583 833 4680 dixemnt,
852 4590 955 4683 qnasi
975 4589 1139 4662 videlicet
1162 4591 1236 4662 vim
1259 4590 1455 4689 quamdam
1481 4590 1707 4665 discretionis
1723 4589 1769 4664 ad
1787 4590 1910 4663 omnia
1927 4590 2064 4684 integre

463 4703 733 4798 cognoscenda,
748 4719 788 4776 ut
804 4706 841 4777 in
858 4706 958 4779 nullo
975 4708 1051 4805 ejus
1067 4708 1254 4808 dispositio
1269 4712 1382 4809 possit
1399 4734 1517 4784 errare
1533 4767 1542 4802 ,
1561 4710 1651 4783 nibil
1676 4735 1758 4784 eam
1783 4710 1927 4809 penitus
1949 4709 2064 4807 possit

495 5022 500 5045 ¹
513 5013 552 5063 Sto
563 5012 625 5066 Cod.
638 5014 718 5076 Victa
729 5017 927 5067 Permiserimua
937 5018 1009 5069 amb.
1020 5018 1110 5068 -²Stc
1121 5019 1183 5070 Coo.
1199 5019 1260 5072 vict.
1274 5021 1303 5070 ln
1314 5023 1383 5072 deest
1398 5021 1506 5071 tmn.-
1517 5020 1526 5050 ³
1538 5021 1577 5070 Sic
1590 5020 1651 5071 Cod.
1671 5019 1732 5071 Vtct.
1747 5020 1829 5069 Natat
1840 5018 1909 5070 deest
1920 5026 1945 5068 et
1955 5020 2064 5080 spatium

461 5105 561 5143 raecum
574 5095 684 5146 retiatum
694 5103 731 5146 art
747 5098 771 5145 tn
784 5097 843 5146 edit
858 5097 930 5148 amb.
939 5091 970 5135 -’-
983 5100 990 5128 ⁴
1002 5099 1041 5148 Sit
1058 5111 1104 5160 pro
1114 5099 1143 5160 fit
1155 5101 1225 5149 amb.
