4559 6100
672 549 715 619 ΙΝ
740 543 984 620 urtsrotttt
1016 547 1325 625 hD-ROMANOS.
1715 549 1792 624 35³

209 725 224 761 tt
241 693 365 769 Vestra
381 697 478 768 enim
496 696 699 769 ohedientia
715 699 753 768 iu
771 698 871 769 omni
888 696 970 768 loco
984 696 1163 793 divulgata
1179 712 1277 770 est.»
1297 696 1396 789 Ideo,
1423 695 1462 769 id
1491 719 1683 795 vossrogo,
1708 701 1794 796 quia

205 829 304 889 tanto
321 817 555 914 periculosior
571 833 662 890 esset
678 816 985 909 seductio·vestra,
1001 831 1138 914 quanto
1156 816 1239 889 fidei
1255 832 1379 889 restrae
1391 815 1596 894 ohedientia
1616 819 1728 913 magis
1740 834 1793 890 est

203 935 396 1031 divulgata,
414 952 583 1034 tanquam
600 938 637 1009 in
659 938 774 1034 capite
790 935 922 1009 scilicet
936 937 1062 1009 mundi
1078 938 1282 1010 constituta.
1300 935 1482 1009 «Gaudeo
1498 935 1606 1031 igitur
1622 937 1658 1007 in
1674 935 1791 1025 vobis,

203 1054 267 1125 sed
284 1053 369 1128 volo
385 1080 450 1128 vos
462 1057 638 1154 sapientes
655 1058 782 1129 esseio
799 1054 912 1128 bono.
928 1085 946 1124 u
965 1058 1071 1149 Quia,
1086 1056 1252 1129 videlicet
1274 1057 1323 1129 ita
1348 1071 1405 1128 est
1418 1055 1612 1150 divulgata,
1634 1056 1672 1127 iu
1695 1054 1793 1127 bono

204 1173 338 1247 scilicet
353 1174 604 1250 discernendo.
635 1209 652 1242 t
670 1182 713 1249 Et
728 1178 906 1275 simplices
922 1178 959 1249 in
975 1176 1084 1269 malo,
1102 1206 1120 1243 »ι
1137 1177 1174 1248 id
1196 1193 1262 1264 est,
1286 1179 1386 1274 quasi
1397 1177 1607 1249 ⁴nescientes
1625 1178 1793 1273 cuiquam

204 1293 278 1364 ilud
294 1295 510 1389 machinari,
526 1299 628 1394 juxta
644 1297 733 1370 illud
743 1299 919 1388 Veritatis,
933 1327 951 1366 r
960 1295 1154 1396 prudentes
1163 1297 1254 1370 sicut
1262 1312 1456 1395 serpentes,
1470 1309 1506 1368 et
1515 1295 1693 1394 simplices
1704 1298 1794 1369 sicut

203 1412 388 1487 columbae.
411 1445 429 1482 n
457 1444 475 1484 u
487 1420 584 1489 Deus
601 1432 720 1489 autem
736 1418 834 1516 pacis
850 1432 1024 1489 conterat.
1040 1445 1058 1485 n
1081 1421 1127 1489 hc
1144 1418 1173 1488 si
1190 1416 1346 1488 diceret:
1368 1414 1609 1511 Egquuidem
1625 1417 1674 1487 ita
1689 1440 1792 1514 rogo,

203 1547 243 1603 nt
261 1532 336 1624 fiat,
355 1536 418 1607 sed
432 1541 527 1609 Deus
543 1538 778 1637 pacis-potius
793 1561 903 1634 quam
927 1537 1171 1627 dissensionis,
1190 1538 1238 1609 ita
1252 1552 1292 1607 ut
1306 1534 1463 1636 postulo,
1487 1534 1628 1607 efficiat.
1656 1566 1674 1600 ιι
1697 1539 1795 1608 Sata-

203 1676 302 1744 nam,
319 1684 337 1721 »
354 1655 391 1727 id
407 1672 473 1748 est,
489 1682 637 1730 omnem
650 1660 776 1730 animae
794 1672 916 1730 vestrae
931 1657 1197 1741 adversarium,
1210 1687 1227 1723 α
1240 1670 1401 1728 conterat
1420 1656 1487 1726 sub
1504 1653 1656 1753 pedibus
1670 1658 1794 1727 vestris

202 1771 386 1867 velociter,
401 1809 419 1842 a
438 1776 477 1849 id
492 1792 557 1870 est,
576 1779 678 1876 quasi
696 1780 934 1877 impotentem
952 1777 1054 1849 robis
1072 1777 1247 1874 subjiciat,
1263 1791 1304 1848 ut
1320 1777 1353 1847 ei
1375 1799 1440 1869 per
1461 1775 1582 1846 omnia
1603 1774 1794 1873 prevalere

202 1893 358 1989 possitis,
379 1909 557 1969 eteorum
574 1899 708 1969 omnia
716 1896 1003 1970 machinamenta
1021 1897 1248 1988 conculcare,
1278 1897 1370 1967 sicut
1389 1918 1432 1967 ea
1458 1918 1539 1991 quae
1557 1892 1624 1964 suh
1641 1893 1794 1991 pedihus

202 2031 426 2109 premuntur.
451 2018 657 2090 «Velociter
676 2049 693 2084 r
713 2018 847 2090 scilicet
866 2019 902 2088 iu
925 2017 1079 2089 adventu
1102 2043 1197 2089 meo.
1219 2021 1320 2105 Quos
1339 2016 1481 2097 iterum,
1501 2015 1591 2086 sicut
1604 2013 1791 2112 deprecor,

202 2130 410 2206 observetis.
428 2165 447 2203 r
457 2139 579 2208 Gratia
591 2138 736 2209 Domini
749 2138 861 2208 nostri
870 2141 953 2208 lesu
962 2137 1091 2208 Christi
1102 2136 1300 2208 vobiscum.
1316 2134 1451 2205 Salutat
1464 2158 1528 2204 vos
1541 2132 1759 2204 Timotheus.
1773 2163 1791 2201 u

201 2254 373 2338 Quamvis
390 2254 542 2328 dixerit:
560 2258 719 2329 Salutant
737 2282 802 2329 vos
816 2281 942 2328 omnes
956 2256 1133 2347 Ecclesiae,
1160 2253 1358 2353 specialiter
1374 2267 1493 2325 tamen
1521 2266 1557 2324 et
1582 2254 1793 2325 nominatim
1887 2239 1889 2244 ⁴

201 2387 357 2469 exparte
374 2353 517 2447 illorum
531 2401 623 2474 quos
638 2376 806 2469 habebat,
834 2377 1032 2474 praecipuos
1052 2376 1205 2447 salutare
1233 2376 1331 2473 ipsos
1350 2372 1522 2462 decrevit,
1546 2387 1585 2443 ut
1610 2386 1792 2445 tantorum

202 2491 407 2564 testimonio
428 2495 589 2568 virorum
608 2498 738 2594 scripta
755 2496 904 2595 epistola
920 2494 1165 2566 roboraretur.
1195 2523 1212 2560 u
1238 2492 1389 2589 Adjutor
1409 2517 1524 2584 meus,
1548 2506 1584 2562 et
1610 2493 1739 2564 Lucius
1759 2509 1794 2564 et

201 2612 321 2681 lason.
339 2640 364 2676 u·
374 2617 414 2683 ln
428 2615 680 2712 predicatione
694 2617 826 2688 scilicet
840 2630 1011 2710 tanquam
1023 2614 1280 2711 Coepiscopus‚
1300 2627 1340 2685 ut
1356 2612 1405 2683 ait
1419 2609 1642 2682 Ambrosius.
1661 2612 1726 2682 Hic
1742 2628 1795 2684 est

201 2727 260 2799 ille
272 2729 467 2829 discipulus
479 2736 591 2818 Pauli,
609 2734 702 2807 lilius
715 2734 901 2832 cujusdam
911 2732 1069 2804 mulieris
1081 2731 1223 2820 ludaeae,
1238 2730 1403 2803 lidelisex
1419 2744 1520 2828 patre
1537 2730 1671 2825 gentili,
1683 2755 1794 2828 quem

202 2847 278 2944 ipse
301 2852 431 2923 Paulus
445 2854 701 2927 circumcidere
723 2853 930 2954 compulsus
953 2866 1018 2938 est,
1047 2853 1139 2924 sicut
1164 2853 1200 2923 in
1228 2849 1375 2922 Actr'bur
1402 2849 1654 2947 Apostolorum
1680 2854 1794 2924 conti-

204 2971 319 3032 netur.
346 2964 517 3062 Origenes
548 2992 556 3034 :
589 2968 777 3039 «Lucium
804 2969 952 3067 quidam
979 2970 1171 3071 perhibent
1196 2995 1272 3043 esse
1297 2975 1448 3060 Lucam,
1475 2970 1539 3067 qui
1563 2966 1794 3066 Evangelium

195 3079 362 3179 scripsit,
392 3075 460 3181 pro
491 3087 659 3183 eoquod
686 3089 825 3161 soleant
853 3095 1001 3164 nomina
1024 3092 1205 3163 interdum
1233 3089 1434 3163 secundum
1460 3091 1612 3186 patriam
1636 3088 1793 3161 declina-

203 3197 337 3271 tionem
351 3204 510 3275 Graecam
529 3207 799 3303 Romanamque
826 3211 991 3306 proferri.
1020 3215 1128 3281 lason
1156 3210 1214 3281 ille
1242 3224 1310 3297 est,
1335 3209 1381 3279 de
1407 3233 1481 3305 quo
1506 3208 1612 3277 etiam
1634 3207 1671 3277 in
1694 3210 1793 3276 Acti·

201 3315 264 3388 bur
283 3322 537 3416 Apostolorum
559 3325 741 3417 scribitur,
767 3329 868 3425 quod
890 3329 1177 3402 Thessalonicam
1201 3354 1268 3427 pro
1297 3327 1405 3399 Paulo
1422 3340 1458 3397 et
1481 3324 1562 3422 Syla
1578 3324 1791 3395 seditionem

200 3441 512 3514 commoventibus
538 3444 670 3537 turbis,
698 3448 927 3545 semetipsum
956 3448 1110 3537 dederit,
1148 3462 1186 3520 ut
1212 3447 1390 3546 Apostolis
1423 3443 1632 3516 discedendi
1663 3443 1792 3514 faceret

201 3555 417 3631 libertatem.
436 3591 453 3628 n
485 3566 718 3663 «Sosipater,
747 3569 890 3664 cognati
908 3570 997 3640 mei.
1009 3567 1131 3640 Saluto
1150 3593 1215 3640 vos
1232 3592 1314 3662 ego.
1335 3595 1353 3635 u
1373 3567 1572 3662 Origenes:
1590 3564 1792 3660 «Suspicor

199 3675 300 3772 quod
323 3678 398 3775 ipse
420 3682 465 3752 sit
484 3684 599 3778 quiin
619 3685 768 3756 Actibus
783 3687 1035 3785 Apostolorum
1053 3687 1220 3760 scribitur
1246 3688 1428 3784 Sosipater
1446 3682 1572 3782 Pyrrhi
1591 3683 1788 3754 Beroensis.

200 3796 271 3882 Qui
288 3796 422 3871 litteras
440 3804 539 3874 Pauli
558 3804 773 3896 considerat,
793 3807 997 3879 movebitur
1008 3807 1195 3905 quomodo
1218 3806 1348 3878 Paulus
1375 3831 1418 3877 ex
1441 3802 1599 3876 Hebraeis
1615 3801 1792 3874 Timothei

198 3920 491 4014 consanguineus
512 3922 664 4016 dicatur,
684 3925 741 3998 vel
763 3928 1187 4027 lasonisvelSosipatris.
1203 3933 1306 3999 Nunc
1319 3952 1406 4000 vero
1418 3950 1502 3997 cum
1512 3924 1792 4019 caeterisnequa-

194 4060 310 4132 ,quam
320 4038 392 4111 hoc
405 4066 537 4115 nomen
556 4044 762 4141 indulgeat,
788 4063 925 4119 certum
947 4062 1001 4121 est
1019 4074 1101 4120 eum
1117 4048 1224 4121 aliam
1241 4047 1435 4146 quamdam
1455 4048 1708 4142 cognationem
1726 4068 1792 4115 no-

202 4156 338 4229 minare
349 4184 460 4256 quam
472 4166 724 4261 cognationem
742 4169 799 4240 vel
816 4169 1164 4264 consanguinitatem
1180 4170 1257 4240 sine
1272 4167 1385 4239 dubio
1403 4166 1503 4238 sciat.
1520 4195 1537 4230 s
1559 4163 1789 4235 Ambrosius:

204 4304 222 4343 u
236 4279 416 4371 Cognatos
426 4280 512 4354 dicit
531 4286 660 4380 partim
677 4288 828 4382 generis,
848 4289 977 4385 partim
995 4287 1078 4359 lidei
1096 4312 1217 4360 causa.
1234 4317 1251 4353 s
1271 4287 1449 4378 «Tertius,
1471 4285 1533 4379 qui
1547 4284 1671 4382 scripsi
1692 4283 1791 4380 Epis-

202 4395 312 4467 tolam
327 4399 363 4469 iu
380 4402 547 4474 Domino.
568 4405 703 4478 Salutat
724 4431 786 4480 vos
805 4408 922 4479 Caius.
942 4436 958 4475 u
978 4410 1056 4479 Hoc
1074 4422 1127 4480 est
1144 4408 1301 4505 primum
1316 4430 1450 4476 nomen
1469 4405 1544 4500 eju's
1561 4404 1623 4499 qui
1636 4402 1792 4474 dictante

191 4514 325 4605 tauto,
360 4516 455 4591 hanc
479 4522 665 4620 epistolam
692 4526 889 4615 scribebat,
921 4541 1094 4624 tanquam
1120 4526 1280 4598 notarius
1306 4522 1481 4622 Apostoli,
1509 4524 1600 4593 sicut
1618 4545 1716 4592 nuuc
1740 4535 1793 4592 est

191 4633 438 4711 'Cancellarius
467 4644 705 4740 Apostolicus,
731 4646 831 4744 quod
854 4646 1002 4718 sortasse
1019 4645 1143 4718 divino
1159 4645 1317 4743 quodam
1331 4643 1464 4714 lactum
1481 4656 1534 4714 est
1550 4641 1733 4740 praesagio,
1753 4655 1792 4710 ut

202 4753 363 4828 videlicet
387 4758 445 4831 ille
470 4754 592 4835 tertius
618 4764 797 4838 diceretur
816 4767 977 4858 nomine,
1006 4767 1067 4863 qui
1090 4766 1215 4838 tertius
1237 4763 1370 4835 eratin
1392 4762 1616 4861 operatione.
1635 4758 1791 4856 Spiritus

201 4874 333 4973 quippe
359 4895 503 4953 sanctus
525 4883 721 4982 inspirabat
742 4910 822 4981 quae
842 4886 1032 4983 Apostolus
1048 4884 1205 4959 dictabat
1226 4908 1289 4956 seu
1308 4872 1523 4982 proferebat,
1544 4904 1623 4977 qnae
1646 4881 1711 4949 iste
1728 4879 1790 4973 qui

199 4992 334 5067 Tertius
354 4996 496 5092 dicitur,
538 5017 577 5074 ut
601 5002 739 5076 dictum
767 5019 840 5096 est,
880 5028 945 5076 sua
974 5029 1082 5077 manu
1111 5004 1303 5078 scribebat.
1333 5001 1541 5074 Ambrosius
1569 5026 1577 5068 ε
1613 5029 1630 5063 ι(
1646 4997 1711 5067 Hic
1739 5011 1791 5067 est

197 5111 315 5187 Scriba
336 5118 493 5215 epistola·
516 5121 574 5193 cui
596 5123 786 5220 Apostolus
811 5123 988 5196 concessit
1014 5148 1081 5198 suo
1107 5125 1256 5196 nomine
1283 5120 1437 5195 salutare
1452 5169 1456 5176 -
1463 5119 1638 5217 populum
1668 5118 1792 5187 Roma·

318 5258 342 5295 tt
1632 5242 1670 5298 phy)
