4559 6100
456 539 529 610 350
1058 542 1185 618 t’fflttt
1210 542 1445 617 scanno!

454 686 686 762 continebat?
701 716 722 755 a
742 688 952 766 Ambrosius
966 688 1013 764 de
1038 693 1196 766 Priscilla
1211 710 1247 767 et
1264 692 1430 791 Aquila¹2
1455 720 1474 758 e
1486 691 1531 762 lli
1546 687 1735 762 credentes
1753 685 1837 762 iacti
1853 698 1938 760 arnt
1956 683 2043 758 socii

454 804 589 879 laboris
615 807 793 905 Apostoli,
824 823 865 880 ut
890 810 999 884 etiarn
1027 811 1096 910 ipsi
1121 814 1400 886 exhortarentur
1426 823 1573 884 ceteros
1596 806 1644 882 ad
1670 805 1794 880 fidem.
1818 804 1983 901 &nique
2007 822 2044 876 et

457 924 585 1024 Apollo
608 928 772 1024 quamvis
789 928 895 1004 luerit
911 931 1124 1006 exercitatus
1138 934 1178 1005 in
1195 932 1392 1033 scripturis,
1407 928 1456 1004 ab
1471 929 1530 1002 bis
1549 942 1671 1002 manen
1686 927 1783 998 viam
1799 924 1947 998 Domini
1963 920 2043 994 dili·

455 1046 593 1140 genrius
613 1046 805 1118 instructus
821 1062 886 1120 est.
913 1047 999 1126 Ideo
1023 1052 1142 1124 socios
1157 1052 1290 1126 laboris
1309 1052 1367 1124 sui
1387 1049 1475 1122 dicit
1490 1073 1552 1122 eos
1572 1049 1609 1122 in
1629 1046 1772 1120 christo
1790 1049 1887 1117 tem.
1905 1045 2044 1140 coope-

451 1165 535 1280 rarii
551 1165 648 1237 enim
663 1168 740 1263 ejus
754 1167 900 1240 luerunt
915 1170 953 1241 in
968 1169 1174 1266 Evangelio.
1196 1171 1298 1243 Unde
1316 1170 1495 1268 praecipue
1510 1168 1616 1243 donet
1632 1179 1808 1264 quantum
1823 1160 1972 1235 obedire
1992 1163 2043 1236 ets

452 1285 605 1356 Rotnani
621 1283 789 1359 debeant.
801 1315 820 1353 u
845 1288 1034 1385 Origenes’
1053 1316 1062 1359 ε
1085 1294 1240 1363 «Potest
1254 1304 1375 1363 autem
1392 1288 1483 1382 lieri,
1507 1302 1546 1360 ut
1562 1288 1647 1386 quia
1657 1285 1720 1358 illo
1737 1298 1913 1383 tempore,
1933 1282 2043 1379 pulsis

453 1427 495 1475 ex
524 1402 615 1478 urbe
639 1403 770 1478 Judaeis
798 1430 862 1505 per
890 1423 1108 1508 praeceptum
1137 1410 1297 1502 Caesaris,
1327 1408 1543 1482 Corinthum
1569 1418 1758 1496 renerum,
1786 1425 1907 1475 rursus
1935 1398 2042 1472 edicta

454 1541 613 1600 cessante
638 1530 782 1621 saevitia,
805 1532 953 1628 regressi
972 1532 1211 1606 salutarentur
1233 1557 1254 1605 a
1270 1533 1394 1605 Paulo.
1413 1537 1514 1621 Quos
1530 1546 1650 1603 tamen
1668 1539 1816 1628 apparet
1839 1522 2043 1597 ludaeorum

452 1646 603 1740 insidiis,
621 1649 731 1721 Paulo
746 1649 983 1748 periclitante,
1001 1653 1211 1751 semetipsos
1227 1651 1413 1750 objecisse,
1433 1668 1472 1724 ut
1490 1651 1548 1725 ille
1564 1649 1658 1723 liber
1669 1646 1889 1721 abscederet.
1902 1671 1922 1711 a
1942 1643 2044 1731 «Qui

453 1790 520 1862 pro
537 1766 658 1840 anima
683 1792 763 1842 mea
780 1794 863 1842 suas
884 1771 1041 1846 cervices
1065 1785 1354 1870 supposuerunt,
1371 1769 1503 1869 quibua
1520 1795 1595 1843 uon
1612 1793 1680 1863 ego
1696 1766 1794 1840 solus
1807 1764 1938 1861 gratias
1958 1786 2041 1859 ago,

453 1884 579 1957 sedet.
598 1916 616 1952 a
640 1885 681 1960 ld
705 1903 758 1960 est
783 1890 855 1962 vita
879 1891 1127 1964 conservanda
1150 1892 1259 1964 morti
1280 1915 1320 1964 se
1341 1903 1602 1989 opposuerunt.
1629 1919 1647 1954 a
1663 1890 1807 1959 Cunctae
1829 1880 2004 1955 Ecclesiae·
2023 1909 2039 1946 1·

453 2008 615 2092 Quarum
633 2005 798 2081 videlicet
819 2008 1009 2107 Apostolus
1036 2009 1251 2108 praedicator
1266 2034 1330 2083 seu
1347 2009 1478 2082 doctor
1501 2007 1699 2108 specialiter
1720 2004 1863 2078 dicitur.
1885 2005 2043 2073 «Dome-

452 2124 579 2196 sticam
606 2148 735 2199 eorum
760 2127 967 2202 Ecclesiam.
995 2129 1154 2202 Salutate
1176 2133 1386 2229 Eprenetum
1411 2128 1581 2202 dilectum
1605 2125 1696 2198 mihi
1719 2124 1782 2222 qui
1804 2135 1904 2195 est.»
1932 2120 1971 2192 ld
1991 2133 2043 2192 est

453 2255 567 2315 totam
595 2245 759 2343 ipsorum
784 2247 956 2321 familiam
981 2247 1028 2320 ad
1055 2247 1164 2322 fidem
1187 2248 1349 2322 similiter
1375 2271 1602 2322 conversam.
1633 2243 1869 2318 «Primitivus
1895 2241 1983 2316 asie
2007 2241 2042 2311 in

453 2360 609 2435 Christo.
629 2365 787 2439 Salutate
807 2368 1003 2442 Mariam.»
1033 2372 1173 2466 Haymo
1194 2395 1203 2442 r
1226 2399 1246 2436 r
1265 2371 1348 2442 Sive
1370 2369 1457 2467 quia
1478 2368 1579 2466 prius
1605 2364 1770 2438 omnium
1793 2359 1957 2451 credidit,
1982 2384 2044 2433 seu

453 2482 560 2553 etiam
575 2483 662 2580 quia
683 2510 820 2583 magnae
842 2486 1024 2583 dignitatis
1040 2503 1149 2586 atque
1174 2489 1371 2561 nobilitatis
1385 2501 1478 2578 emt,
1498 2501 1538 2558 ut
1555 2483 1759 2558 ostenderet
1778 2479 1919 2554 nobiles
1935 2480 2043 2552 etiam

453 2599 500 2672 ad
526 2600 637 2674 fidem
665 2605 803 2693 venire,
833 2628 875 2677 ac
893 2629 957 2703 per
985 2604 1057 2678 hoc
1085 2607 1252 2680 invitaret
1273 2608 1412 2708 primos
1440 2609 1686 2678 Romanorum
1710 2600 1758 2676 ad
1783 2598 1907 2674 fidem.
1929 2602 2045 2686 «th

455 2720 653 2791 multum.»
672 2722 864 2818 Origenes⁸
880 2748 888 2792 ε
908 2751 927 2790 a
943 2726 1058 2797 Docet
1073 2725 1182 2797 etiam
1205 2723 1336 2800 debere
1362 2724 1470 2797 etiam
1490 2723 1639 2797 feminas
1658 2719 1823 2794 laborare
1839 2744 1907 2817 pro
1922 2715 2043 2790 Eccle-

454 2837 528 2908 siis.
562 2837 744 2912 Laborem
770 2863 854 2912 cum
882 2839 1015 2914 docent
1047 2841 1332 2917 adolescentulas
1364 2843 1487 2918 omnia
1515 2866 1596 2940 quae
1624 2840 1671 2912 de
1700 2838 1826 2912 officiis
1854 2835 2043 2909 mulierum

454 2958 586 3055 scripta
602 2957 815 3032 reseruntur.
827 2987 845 3026 >r
859 2960 1078 3034 «laborarit
1095 2963 1131 3034 in
1148 2962 1267 3036 uobis.
1283 2964 1439 3036 Salutate
1460 2962 1704 3036 Andronicum
1716 2974 1752 3032 et
1767 2958 1908 3030 Juliam.
1925 2983 1943 3022 »
1958 2961 2041 3026 Am·

454 3073 618 3149 brosius‘
636 3103 646 3147 t
667 3107 686 3145 α
701 3077 754 3153 Ad
772 3077 1058 3157 exhortationem
1076 3081 1234 3155 illorum.
1251 3110 1270 3152 n
1289 3087 1429 3181 Haymo
1448 3108 1457 3154 ε
1479 3111 1496 3151 n
1510 3080 1713 3171 Laborarit,
1734 3074 1895 3152 cilicium
1910 3075 2044 3151 scilicet

454 3194 718 3293 predicationis
736 3198 877 3275 leminis
902 3201 957 3277 sui
978 3226 1083 3275 sexus
1105 3201 1353 3302 impendendo
1369 3227 1435 3301 per
1454 3201 1597 3277 domos.
1621 3204 1712 3272 Nam
1736 3200 1774 3270 in
1799 3194 1955 3271 Ecclesia
1970 3218 2045 3267 non

455 3313 636 3389 docebant
650 3318 862 3392 mulieres.»
884 3323 1137 3418 «cognatos»
1155 3321 1366 3395 Ambrosius
1380 3348 1389 3393 τ
1408 3323 1550 3394 «Edam
1563 3321 1663 3418 juxta
1679 3341 1823 3393 carnem
1835 3330 1872 3388 et
1882 3319 1921 3389 S.
1935 3314 2045 3414 Spiri-

454 3449 546 3508 tum.
563 3467 581 3504 s
602 3439 873 3536 «concaptivos
891 3463 993 3513 meos
1007 3441 1071 3536 qui
1086 3455 1171 3514 suut
1188 3439 1341 3515 nobiles.
1359 3470 1376 3508 r
1396 3446 1536 3538 Haymo
1555 3466 1565 3510 ι
1586 3467 1604 3508 r<
1617 3439 1678 3511 lsti
1695 3450 1779 3510 sunt
1793 3435 1915 3509 exules
1931 3431 2046 3506 ellecti

454 3555 607 3654 propriae
629 3556 724 3629 sedis
741 3555 791 3630 ob
813 3559 963 3655 gratiam
986 3561 1074 3653 Dei,
1097 3561 1188 3633 sicut
1209 3576 1246 3634 et
1266 3558 1412 3634 Paulus.
1430 3587 1448 3628 n
1469 3562 1542 3630 «ln
1560 3555 1739 3656 apostolis
1760 3555 1824 3653 qui
1839 3568 1876 3627 et
1890 3566 1973 3626 ante
1988 3575 2046 3623 me

455 3674 612 3767 luerunt,
627 3706 646 3743 s
667 3676 704 3749 id
724 3692 779 3749 est
794 3677 888 3750 inter
903 3677 1168 3776 predicatores.
1189 3677 1339 3751 Videtur
1360 3677 1531 3751 hocloco
1549 3678 1656 3751 etiam
1676 3675 1848 3751 seminam
1867 3671 2045 3772 Apostoli·

456 3818 535 3865 cam
553 3791 685 3885 dicere,
709 3794 778 3866 nisi
794 3793 886 3867 forte
903 3796 1012 3867 istum
1029 3799 1120 3895 «qui
1132 3809 1152 3865 ‘»
1171 3796 1218 3870 ad
1236 3796 1481 3869 Andronicum
1499 3811 1638 3870 tantum
1654 3811 1691 3868 et
1710 3792 1934 3892 supradictos
1950 3791 2047 3861 viros

455 3906 631 3981 violenter
644 3907 851 3983 reseramus.
871 3914 942 3984 «ln
956 3909 1113 3984 Christo.
1132 3910 1290 3986 Salutate
1303 3910 1520 4010 Ampliatum
1535 3910 1706 3987 dilectum
1717 3908 1806 3982 mihi
1818 3908 1855 3980 in
1870 3906 2042 3979 Domino.

455 4028 611 4102 Salutme
637 4028 823 4107 Urbanum
847 4031 1050 4128 adjutorem
1075 4048 1241 4107 nostrum
1264 4035 1301 4105 in
1325 4033 1468 4107 Christo
1491 4047 1526 4107 et
1549 4030 1713 4124 Stachin,
1731 4058 1750 4098 >r
1773 4029 1811 4102 id
1838 4040 1892 4100 est
1914 4027 1951 4096 in
1975 4023 2047 4097 lide

456 4147 598 4221 Christi.
628 4153 874 4245 «Nostrum»
897 4151 970 4225 mei
993 4151 1126 4227 scilicet
1150 4168 1186 4226 et
1211 4152 1378 4226 aliorum.
1401 4152 1607 4226 «Dilectum
1623 4173 1747 4225 meum
1763 4147 1942 4223 salutate»
1963 4158 1998 4215 et
2016 4144 2046 4214 si

457 4292 531 4343 non
557 4269 606 4340 ita
627 4269 844 4366 adjutorem,
867 4300 885 4341 n
905 4270 1098 4369 Apellen.»
1125 4273 1299 4370 Origenes
1322 4300 1331 4343 z
1359 4276 1490 4345 «Puto
1511 4271 1610 4345 hunc
1637 4269 1783 4370 Apellen
1811 4279 1893 4367 post
1916 4262 2046 4341 multas

457 4384 705 4463 tribulationes
722 4392 889 4465 transisse
910 4391 1099 4489 sapienter,
1128 4407 1165 4464 et
1181 4391 1266 4465 ideo
1285 4392 1516 4492 pronunciari
1533 4390 1711 4489 probum,
1729 4386 1928 4463 secundum
1945 4380 2044 4479 quod

433 4552 436 4559 .
456 4505 531 4603 ipse
548 4508 584 4581 iu
599 4502 677 4580 aliis
694 4507 796 4603 dixit,
815 4510 901 4608 quia
914 4525 1085 4608 operatur
1101 4512 1272 4609 patientia
1288 4510 1555 4611 probationem.
1567 4508 1773 4583 Videndum
1785 4520 1839 4580 est
1852 4528 1900 4577 ne
1911 4504 1986 4601 ipsc
2001 4500 2049 4573 sit

455 4625 517 4721 qui
546 4625 584 4699 in
609 4625 755 4701 Actibus
781 4628 1033 4727 Apostolorum
1059 4631 1189 4730 Apollo
1218 4645 1462 4730 nuncupatur,
1493 4628 1773 4719 Alexandrinus,
1800 4628 1838 4701 in
1865 4622 2048 4720 scripturis

492 4971 931 5040 *cm.tnaptrt.aouom.,opp.
939 4974 1101 5042 lhappend,
1111 4979 1159 5029 ool.
1170 4981 1222 5030 108.
1279 4976 1403 5026 madunt
1420 4993 1433 5021 ι
1448 4971 1592 5024 commonet
1617 4977 1662 5024 tros
1686 4974 1783 5023 nomtne
1805 4969 1899 5031 nane.
1917 4980 1989 5031 ΨΜ
2010 4968 2046 5014 ¹¹¹·

458 5053 504 5084 -¹
517 5050 612 5103 Cenat.
624 5052 653 5102 tn
669 5053 753 5117 Epist.
764 5054 799 5105 od
809 5056 882 5106 Rom.
895 5056 937 5106 tn.
955 5055 986 5117 Χ,
997 5070 1023 5121 n.
1036 5059 1090 5109 ott.
1103 5058 1150 5099 »θ
1159 5056 1224 5106 loid-
1279 5058 1410 5119 tuttnnur
1422 5057 1654 5107 adextrortatlonen
1663 5056 1759 5106 tltornrn
1775 5052 2047 5115 impensionem.

460 5141 486 5189 t)-
501 5131 556 5183 082.
571 5157 602 5172 -
614 5136 623 5167 ⁴
635 5134 667 5185 ln
678 5135 759 5200 Epist.
773 5136 808 5186 od
817 5136 888 5187 Rom.
901 5138 948 5187 col.
959 5138 1012 5188 toa.
1023 5137 1101 5189 Locus
1110 5138 1146 5188 sle
1157 5139 1227 5187 rasti·
1281 5144 1309 5187 ut
1322 5138 1413 5199 rnatu
1425 5138 1459 5189 ΙΙΙΙ
1475 5144 1576 5199 agant.-
