4559 6100
906 520 1136 594 DlALOGUS.
1743 526 1815 598 693

222 691 288 738 nec
312 667 389 765 ipse
407 665 624 772 Deuslhnnc
644 666 836 765 parvulum
852 669 916 766 qui
935 695 1122 767 perversus
1143 685 1195 743 est
1218 671 1370 764 futurus,
1391 687 1453 745 aut
1474 672 1613 744 bonum
1630 673 1815 746 hominem

221 801 281 858 aut
307 787 441 858 malurn
465 786 652 859 hominem
679 788 833 879 creavit,
858 789 921 861 sed
943 789 1078 863 bonam
1104 815 1182 862 rem
1199 790 1254 862 vel
1280 789 1386 863 bonae
1415 807 1550 863 naturae
1578 792 1814 866 substantiam

221 931 303 978 eum
332 904 515 997 condidit,
546 930 612 978 nec
640 930 722 978 eum
751 931 886 1003 equum
913 909 976 1007 qui
1014 933 1203 1006 nunquam
1234 909 1431 983 bonusest
1462 910 1622 1002 iuturus,
1655 937 1813 1009 unquam

220 1024 361 1096 bonum
383 1049 517 1122 equum
539 1025 691 1117 creavit,
716 1025 800 1098 licet
821 1027 1017 1099 nonnullos
1041 1053 1220 1125 equorum
1240 1028 1386 1128 vitiosos
1409 1052 1530 1100 creare
1552 1029 1726 1120 videatur,
1753 1034 1814 1128 qui

221 1143 385 1216 videlicet
404 1144 441 1215 in
467 1144 544 1242 ipsa
565 1146 748 1217 creatione
764 1170 828 1218 sua
850 1146 975 1239 vitium
996 1146 1143 1243 aliquod
1165 1144 1379 1218 contrahere
1395 1145 1578 1239 dicuntur,
1604 1147 1700 1219 unde
1716 1163 1815 1246 post·
1918 1159 1922 1168 '

222 1263 372 1339 modum
398 1263 541 1337 inutiles
563 1279 624 1335 aut
646 1289 775 1363 parurn
802 1267 904 1339 utiles
929 1266 1029 1338 hant.
1054 1271 1155 1365 Ipsos
1181 1265 1517 1364 quoquchomines
1540 1265 1747 1339 naturaliter
1773 1295 1813 1341 ex

221 1381 481 1455 elementorum
497 1386 747 1483 complexione
766 1386 802 1457 in
826 1387 904 1485 ipsa
924 1412 987 1460 sua
1003 1388 1184 1459 creatione
1207 1385 1381 1458 nonnulla
1394 1386 1478 1457 vitia
1497 1385 1707 1458 contrahere
1729 1412 1817 1460 con·

221 1516 308 1595 stat,
338 1517 376 1574 ut
401 1502 564 1576 iracundi
580 1505 735 1595 scilicet,
760 1504 815 1578 vel
841 1505 1015 1578 luxuriosi
1040 1506 1096 1577 vel
1116 1506 1195 1579 aliis
1218 1505 1342 1578 irretiti
1364 1505 1458 1576 vitiis
1483 1504 1689 1576 naturaliter
1712 1505 1813 1579 fiant.

222 1623 291 1694 Sed
311 1647 427 1720 neque
444 1622 544 1695 illum
562 1624 717 1697 fortassis
733 1625 900 1723 angelum
917 1626 1042 1698 ceteris
1057 1627 1161 1723 quasi
1177 1624 1364 1697 lucilerum
1379 1623 1576 1723 praelatum,
1596 1650 1706 1722 quem
1723 1642 1817 1723 post·

223 1742 372 1816 modum
388 1757 603 1841 apostatasse
619 1744 747 1835 dicitis,
765 1744 904 1818 bonum
923 1743 1088 1841 angelum
1105 1743 1162 1817 vel
1177 1743 1317 1817 bonum
1334 1745 1499 1843 spiritum
1515 1742 1690 1836 condidit,
1708 1769 1814 1841 quem

180 1862 187 1876 ‘
221 1887 409 1960 nunquam
433 1863 470 1933 in
494 1864 657 1936 veritate¹
678 1864 734 1937 vel
759 1866 794 1937 in
819 1864 1011 1938 dilectione
1031 1862 1098 1935 Dei
1113 1864 1313 1936 constitisse
1338 1863 1466 1952 dicitis,
1494 1867 1545 1935 et'
1570 1863 1730 1960 plerique
1757 1890 1815 1937 ve·

220 1996 332 2053 stmm
366 1982 547 2054 caritatem
582 1982 691 2055 semel
728 1982 911 2075 habitam,
947 2006 1136 2080 nunquam
1172 1982 1348 2056 fateantur
1372 1984 1500 2056 amitti.
1529 1982 1652 2055 Nullus
1682 1985 1816 2084 quippe

220 2102 367 2196 angelus
390 2101 463 2174 sive
489 2102 634 2200 spiritus
649 2117 712 2175 aut
733 2104 840 2176 etiarn
864 2102 977 2175 homo
996 2128 1017 2175 a
1036 2102 1229 2179 dilectione
1249 2104 1315 2175 Dei
1336 2118 1372 2176 et
1390 2127 1472 2175 vera
1495 2102 1640 2176 caritate
1657 2102 1812 2193 alienus,

220 2218 340 2291 bonus
362 2235 457 2292 recte
474 2219 619 2311 dicitur,
638 2222 728 2293 sicut
747 2246 814 2298 nec
835 2222 970 2315 malus,
989 2245 1098 2319 quarn
1115 2220 1178 2293 diu
1198 2238 1347 2320 peccato
1363 2236 1472 2295 caret.
1493 2223 1529 2293 Si
1546 2221 1652 2317 igitur
1668 2224 1815 2321 angelus

221 2338 280 2418 ille
301 2363 421 2437 neque
444 2364 528 2411 curn
552 2355 699 2439 peccato
724 2365 842 2438 neque
865 2366 948 2413 cum
972 2341 1118 2413 caritate
1141 2341 1207 2412 Dei
1232 2356 1371 2414 creatus
1395 2355 1467 2431 est,
1494 2342 1680 2438 quomodo
1699 2341 1816 2414 bonus

221 2457 340 2530 adhuc
365 2457 510 2556 angelus
530 2458 584 2531 vel
608 2459 723 2531 malus
747 2474 886 2533 creatus
908 2485 985 2533 esse
1006 2459 1182 2532 dicendus
1207 2460 1285 2532 est?
1300 2462 1358 2532 Sic
1380 2484 1449 2540 nec
1471 2460 1601 2555 singuli
1626 2460 1812 2555 homines,

221 2603 305 2650 cum
322 2592 489 2651 creantur
503 2580 667 2651 nondum
685 2581 832 2652 rationis
848 2595 1048 2678 compotes,
1068 2594 1131 2651 aut
1148 2578 1236 2650 boni
1253 2579 1432 2668 homines,
1453 2593 1515 2652 aut
1531 2579 1615 2651 mali
1633 2581 1815 2653 creatione

221 2695 365 2769 dicendi
384 2713 487 2786 sunt,
507 2722 590 2769 cnm
606 2697 771 2775 videlicet
787 2701 863 2798 ipsa
878 2699 1059 2771 creatione
1074 2722 1151 2784 sua,
1175 2713 1213 2770 ut
1229 2697 1318 2770 boni
1335 2697 1502 2769 homines
1518 2712 1580 2770 aut
1597 2698 1681 2770 mali
1697 2716 1814 2771 essent

221 2840 296 2887 non
313 2816 529 2916 acceperint.
550 2820 716 2904 Quorum
732 2817 839 2888 etiarn
856 2817 967 2914 aliqui
984 2841 1068 2888 cum
1086 2818 1280 2914 aegrotativi
1297 2816 1353 2889 vel
1370 2817 1467 2889 stulti
1485 2815 1692 2889 naturaliter
1709 2816 1812 2908 fiant,

221 2950 258 3009 et
279 2939 425 3012 diversis
448 2954 520 3011 tarn
538 2939 647 3011 animi
671 2965 778 3037 quam
800 2941 962 3038 corporis
979 2940 1072 3011 vitiis
1090 2941 1257 3039 occupati
1279 2955 1484 3032 nascautur,
1509 2953 1545 3012 et
1569 2964 1695 3013 omnes
1711 2966 1815 3015 com·

223 3061 377 3131 munitur
399 3058 566 3131 homines
590 3075 756 3132 creentur
779 3060 964 3153 mortales,
992 3061 1153 3158 prolecto
1176 3085 1218 3131 er
1242 3061 1318 3158 ipsa
1340 3084 1405 3132 sua
1422 3062 1603 3133 creatione
1620 3060 1816 3135 substantia

222 3174 388 3248 humana:
410 3191 545 3249 naturae
567 3176 684 3270 bona,
710 3178 907 3250 multorum
934 3180 1111 3276 particeps
1136 3177 1177 3250 fir
1205 3178 1396 3250 malorum.
1425 3183 1469 3249 Ut
1494 3179 1591 3250 enim
1614 3180 1816 3253 Aristoteles

225 3295 406 3367 meminit'
434 3309 469 3365 et
497 3295 683 3367 manifesta
716 3310 811 3368 tenet
837 3299 986 3389 veritas,
1014 3297 1114 3369 bono
1142 3296 1362 3368 contrarium
1392 3321 1468 3369 esse
1496 3321 1570 3368 non
1598 3312 1716 3395 potest
1750 3300 1815 3370 nisi

224 3413 372 3486 malum.
405 3418 503 3487 Patet
537 3415 656 3510 igitur,
687 3428 760 3487 tam
786 3413 1039 3487 mortalitatem
1074 3438 1183 3512 quam
1212 3428 1329 3486 cetera
1360 3414 1472 3487 modo
1501 3417 1700 3514 praemissa,
1729 3441 1815 3507 cum

110 3574 119 3589 ·
224 3532 355 3631 quibus
372 3535 566 3623 nascimur,
584 3533 675 3605 mala
693 3558 769 3606 esse
785 3532 1098 3625 connumeranda,
1118 3558 1202 3606 cum
1221 3558 1348 3605 corum
1365 3533 1497 3607 scilicet
1512 3535 1690 3607 contraria
1707 3560 1816 3608 nemo

224 3652 364 3726 dubitet
383 3678 459 3725 esse
477 3653 587 3739 bona,
607 3667 643 3724 et
658 3651 821 3749 quadarn
839 3653 925 3724 vitia
945 3677 1006 3725 seu
1028 3652 1121 3724 mala
1139 3652 1347 3724 naturaliter
1369 3678 1411 3724 ex
1437 3653 1513 3750 ipsa
1535 3655 1716 3726 creatione
1736 3657 1816 3751 qui·

223 3772 377 3844 busdam
401 3772 508 3845 bonis
535 3774 648 3844 inesse
674 3772 891 3859 substantiis,
921 3787 959 3843 ut
984 3773 1182 3845 mortalitas
1206 3772 1360 3860 homini,
1389 3772 1679 3844 irrationabilitas
1705 3798 1812 3871 equo.

224 3895 395 3980 Quamvis
410 3894 506 3966 enim
527 3892 723 3964 mortalitas
739 3916 813 3965 non
831 3890 970 3964 dicatur
986 3893 1112 3964 vitium
1129 3891 1302 3982 hominis,
1325 3916 1409 3962 cum
1425 3890 1591 3965 videlicet
1614 3891 1814 3964 secundum

223 4036 303 4084 eam
321 4036 429 4084 nemo
445 4011 516 4083 alio
532 4011 681 4082 homine
694 4009 929 4099 deteriorsit,
948 4034 1021 4106 qua
1035 4009 1216 4107 aqualiter
1232 4034 1360 4083 omnes
1377 4010 1608 4108 participant,
1627 4011 1814 4107 quoddam

223 4147 343 4205 tamen
364 4146 417 4204 est
433 4132 559 4203 vitium
586 4144 719 4202 natnrae
739 4129 871 4229 inipso
895 4128 1062 4217 homine,
1080 4130 1254 4224 quoniam
1280 4130 1317 4200 in
1336 4129 1407 4200 hoc
1432 4128 1589 4202 humana
1615 4145 1744 4203 natura
1772 4131 1817 4203 ab

226 4275 268 4321 ea
299 4276 378 4350 quae
403 4248 614 4322 immortalis
639 4264 711 4338 est,
739 4248 895 4321 deterior
920 4246 976 4320 vel
1002 4246 1179 4321 infirmior
1207 4248 1336 4321 existit.
1363 4247 1463 4319 Sicut
1497 4246 1602 4343 igitur
1631 4247 1814 4322 hominem

226 4368 435 4466 quemlibet,
448 4367 734 4464 quantiscunque
746 4368 840 4439 vitiis
855 4366 1079 4466 deturpetur,
1096 4390 1173 4438 rem
1188 4364 1323 4438 bonam
1340 4388 1416 4436 esse
1429 4364 1674 4459 concedimus,
1686 4391 1753 4438 nec
1769 4380 1818 4439 ta·

227 4512 310 4557 men
320 4485 551 4559 ideobonnm
567 4487 752 4557 hominem
768 4511 844 4558 esse
861 4490 1066 4573 annuimus,
1078 4487 1126 4558 ita
1141 4510 1161 4556 e
1176 4486 1357 4556 contrario
1375 4482 1571 4581 quamlibet
1580 4508 1724 4582 poenam
1738 4510 1816 4558 rem

227 4629 302 4676 esse
315 4603 446 4676 malam
456 4603 679 4701 profitemur,
689 4603 770 4675 licet
780 4603 1376 4701 nonnullamessebonampoenam
1385 4602 1673 4699 ponamus.Vide
1681 4605 1813 4701 itaque,

225 4749 303 4799 non
320 4747 396 4795 esse
417 4746 657 4820 consequens,
685 4734 724 4792 ut
738 4723 768 4792 si
787 4722 923 4793 honam
939 4736 973 4793 et
984 4722 1116 4817 justam
1135 4745 1281 4821 poenam
1306 4745 1487 4792 summum
1507 4720 1665 4794 hominis
1683 4722 1816 4794 malum

228 4868 304 4917 esse
327 4820 541 4934 statuamus,
564 4839 648 4913 ideo
664 4839 763 4936 quod
785 4839 922 4912 bonurn
946 4855 1018 4933 est,
1047 4866 1229 4914 summum
1251 4841 1327 4936 ejus
1351 4839 1484 4911 malum
1510 4865 1586 4914 esse
1611 4839 1813 4913 credamus.

262 5114 379 5173 'toann..
391 5129 445 5178 cap.
456 5124 513 5178 uu,
526 5128 549 5164 r.
563 5116 603 5167 tt.
619 5141 650 5153 -
661 5107 670 5137 ²
682 5114 746 5167 Cum
756 5117 884 5179 terendum
895 5128 941 5178 pro
953 5123 977 5168 et
988 5116 1087 5179 contult
1096 5112 1237 5168 munius
1250 5140 1280 5153 -
1292 5115 1301 5147 ³
1312 5113 1410 5177 Cetea,
1424 5124 1479 5174 cap.
1491 5123 1524 5173 u,
1538 5114 1562 5164 1.
