4559 6100
462 516 534 591 tta
628 513 862 586 sanctuni
886 512 1047 585 Erfllca
1071 512 1153 586 SEU
1177 513 1309 586 Ltssnu
1332 512 1485 587 uterus
1501 512 1649 587 :sciro
1673 514 1874 587 TEIPSUM.

459 664 712 766 propheticum
730 695 749 735 u
769 664 985 751 mortificare
1001 662 1058 736 vel
1074 663 1254 737 vivificare
1269 663 1431 736 volentes
1453 688 1546 762 quos
1572 689 1647 736 non
1664 680 1829 763 possunt.
1849 693 1868 731 s
1888 664 1961 752 Qui
1978 666 2060 763 epi·

460 811 656 890 scoporum
671 811 818 884 quoque
831 786 1007 858 sententia
1023 783 1070 857 ab
1092 784 1254 884 ipsomm
1269 784 1528 857 communione
1552 785 1753 884 privantur,
1769 808 1855 856 cum
1877 782 2059 880 subjectos

460 905 589 1005 injuste
616 931 638 980 a
670 906 929 979 communione
958 928 1024 976 sua
1056 907 1198 1003 privare
1229 904 1532 1004 presumpserint.
1561 903 1665 976 Unde
1696 903 1903 976 Africanum
1935 891 2068 975 conciss

458 1027 548 1098 lium
565 1050 651 1099 ccx:
669 1056 685 1095 n
701 1030 748 1097 Ut
761 1049 836 1097 non
855 1040 987 1097 temere
1004 1022 1222 1122 quemquam
1243 1023 1503 1096 communione
1515 1023 1632 1125 privet
1644 1024 1859 1122 Episcopum
1878 1037 1915 1096 et
1930 1046 2059 1121 quam·

459 1145 523 1218 diu
541 1147 852 1219 excommunicato
868 1169 954 1217 suus
967 1169 1044 1216 non
1060 1144 1341 1218 communicaret
1356 1142 1568 1244 Episcopus,
1586 1143 1705 1217 eidem
1723 1144 1902 1243 Episcopo
1918 1136 1965 1215 ab
1979 1141 2059 1219 aliis

460 1289 536 1338 non
547 1266 836 1338 communicetur
844 1265 1046 1364 Episcopis:
1059 1278 1099 1336 ut
1111 1264 1224 1363 magis
1239 1264 1438 1364 Episcopus
1449 1279 1592 1361 caveat,
1611 1288 1658 1339 ne
1674 1262 1771 1337 dicat
1785 1264 1822 1338 in
1834 1286 2058 1362 quemquam

347 1398 351 1403 ’
465 1384 565 1482 quod
589 1384 666 1457 aliis
691 1384 919 1457 documentis
940 1384 1157 1461 convincere
1177 1409 1253 1456 non
1279 1398 1451 1484 potest.»

818 1878 1207 1971 auscultaturi
1234 1879 1388 1970 LIBRI
1425 1878 1684 1969 sacuam.

509 2166 682 2264 Superior
700 2166 833 2239 Ethicae
846 2180 978 2240 nostrae
999 2164 1140 2240 libellus
1156 2164 1417 2264 cognoscendis
1432 2168 1489 2240 vel
1502 2166 1721 2266 corrigendis
1735 2168 1891 2265 peccatis
1912 2189 2059 2267 operam

461 2284 573 2375 dedit,
599 2286 727 2386 etipsa
744 2299 891 2386 peccata
915 2284 1075 2358 distinxit
1095 2312 1117 2360 a
1136 2287 1232 2360 vitiis
1251 2311 1331 2385 quae
1347 2284 1538 2360 virtutibus
1553 2286 1723 2360 dicuntur
1743 2288 1937 2362 contraria.
1956 2290 2061 2361 Hunc

461 2429 548 2478 vero
565 2420 726 2506 superest
743 2421 781 2478 ut
800 2405 928 2478 ordine
942 2429 1117 2504 congruo,
1132 2406 1235 2505 Juxta
1251 2405 1339 2479 illud
1354 2405 1546 2479 Psalmistae
1560 2410 1585 2499 ¹,
1606 2435 1624 2474 v
1644 2405 1826 2480 Declinaa
1840 2406 1939 2480 malo
1953 2420 1990 2480 et
2006 2406 2062 2481 fac

460 2523 614 2618 bonum,
628 2506 848 2626 »postquam
860 2523 905 2598 de
915 2524 1017 2598 malis
1026 2526 1164 2624 egimus
1174 2525 1411 2618 declinandis,
1422 2524 1469 2599 ad
1478 2524 1576 2599 bona
1583 2524 1745 2598 iacienda
1751 2525 1924 2600 doctrinae
1931 2540 2062 2600 nostrae

459 2645 591 2741 stylurn
608 2659 873 2718 convertamus.
891 2644 1105 2736 Prudentia,
1123 2642 1212 2717 boni
1231 2634 1385 2741 malique
1401 2644 1583 2737 discretio,
1602 2658 1716 2718 mater
1728 2659 1782 2718 est
1797 2648 1971 2719 virtutum
1986 2670 2062 2745 po-

461 2764 530 2835 tius
540 2787 650 2860 quam
660 2766 795 2852 virtus,
814 2763 860 2836 ad
874 2763 970 2839 hanc
985 2765 1142 2863 pertinet
1159 2787 1226 2861 pro
1246 2747 1479 2862 temporeve!
1494 2764 1576 2837 loco
1590 2779 1627 2838 et
1641 2789 1879 2865 personarum
1887 2764 2061 2863 dignitate

459 2882 744 2981 dispensationes
767 2882 897 2955 facere.
917 2883 1016 2955 Sicut
1039 2898 1161 2955 autem
1176 2881 1262 2955 vitia
1282 2882 1508 2957 distinximus
1527 2908 1549 2957 a
1568 2884 1738 2984 peccatis,
1765 2884 1816 2958 ita
1830 2886 1979 2959 virtutes
1993 2883 2062 2957 illis

459 3003 647 3075 contrariae
662 3001 756 3075 vitiis
778 3000 992 3075 nonnullam
1013 3001 1253 3076 differentiam
1273 3001 1409 3080 habere
1425 3002 1595 3078 videntur
1610 3003 1657 3078 ab
1678 3002 1737 3078 his
1757 3005 1890 3104 quibus
1906 3004 2061 3079 beatitu-

457 3121 580 3195 dinem
601 3146 850 3220 promeremur
867 3119 988 3214 bonis,
1013 3146 1093 3219 quae
1110 3122 1149 3194 in
1168 3119 1270 3194 bono
1291 3122 1493 3196 consistunt
1512 3121 1738 3197 obedientiae.
1760 3125 1861 3198 Sicut
1876 3124 1975 3198 enirn
1989 3125 2061 3197 vis·-

377 3318 380 3322 .
411 3287 413 3293 ·
457 3257 552 3317 tutes
563 3242 656 3316 vitiis
671 3241 777 3315 varice
788 3255 886 3329 sunt,
902 3242 952 3314 ita
967 3256 1156 3340 peccatum
1168 3241 1268 3339 quod
1282 3242 1429 3341 proprie
1442 3238 1573 3315 dicitur
1584 3243 1650 3316 Dei
1664 3258 1906 3344 contemptus,
1920 3244 2063 3318 videtur
2162 3283 2166 3288 v

457 3362 649 3437 adversum
675 3361 889 3434 obedientiae
913 3360 1073 3451 bonum,
1102 3377 1138 3434 et
1159 3359 1326 3435 voluntas
1349 3360 1398 3436 ad
1423 3361 1669 3436 obediendum
1691 3368 1768 3437 Deo
1793 3377 1931 3463 parata.
1961 3363 2062 3437 Multi

432 3555 434 3558 ,
457 3483 593 3584 quippe
610 3496 693 3554 sunt
709 3480 870 3554 fidelium
885 3481 949 3580 qui
965 3494 1072 3553 tantae
1089 3481 1298 3554 constantiae
1314 3506 1390 3554 non
1407 3494 1504 3573 sunt,
1528 3497 1570 3554 ut
1585 3507 1719 3579 agones
1736 3496 1936 3581 martyrum
1951 3484 2062 3556 susti-

458 3625 544 3675 nere
570 3616 736 3701 possent,
761 3599 819 3673 vel
845 3625 921 3673 non
948 3598 1050 3673 facile
1074 3601 1112 3672 in
1140 3598 1414 3674 adversitatibus
1437 3599 1652 3694 deficerent,
1680 3626 1839 3701 quorum
1862 3602 2061 3676 infirmitati

457 3722 636 3794 Dominus
664 3718 879 3818 providens,
895 3744 970 3792 non
989 3718 1164 3820 permittit
1184 3744 1247 3792 eos
1273 3718 1404 3792 tentari
1420 3743 1529 3819 supra
1545 3719 1585 3794 id
1601 3720 1702 3820 quod
1719 3735 1885 3822 possunt,
1913 3746 1982 3796 nec
1998 3745 2061 3796 eoo

458 3838 617 3913 adversis
641 3840 773 3939 probat
789 3864 883 3936 quos
900 3840 1145 3939 pusillanimes
1162 3838 1219 3911 vel
1238 3836 1433 3913 imbecilles
1456 3840 1681 3933 considerat,
1705 3842 1769 3940 qui
1792 3839 1901 3940 hujus
1915 3865 2062 3939 quoque

457 3958 626 4032 beneficii
650 3984 727 4033 non
756 3960 1005 4054 immemores,
1032 3974 1068 4034 et
1091 3959 1179 4033 hinc
1202 3983 1278 4032 non
1308 3959 1475 4034 minimas
1501 3963 1580 4047 Deo
1608 3961 1739 4060 gratias
1769 3973 1931 4059 ugentes,
1959 3974 2061 4034 tanto

458 4079 670 4152 humiliores
688 4079 858 4169 existunt,
877 4092 1014 4176 quanto
1030 4104 1069 4152 se
1085 4078 1278 4153 debiliores
1299 4094 1576 4177 recognoscunt,
1596 4073 1727 4155 neceb
1750 4104 1875 4170 amore
1891 4082 1959 4156 Dei
1976 4104 2062 4181 pos·

458 4212 543 4271 sunt
565 4222 642 4271 esse
667 4198 788 4291 alieni,
810 4198 912 4294 cujus
935 4195 1120 4271 beneficiis
1142 4222 1219 4270 non
1243 4212 1458 4295 permanent
1474 4200 1625 4299 ingrati,
1650 4214 1688 4274 et
1703 4200 1762 4274 cui
1777 4224 1816 4273 se
1833 4201 1914 4300 plus
1928 4198 2060 4274 debere

459 4317 629 4413 fatentur,
649 4342 762 4416 aquo
778 4317 816 4391 in
832 4316 963 4391 talibus
976 4316 1154 4418 accepisse
1166 4316 1348 4390 videntur.
1367 4319 1521 4418 (Cetera
1536 4318 1695 4418 munt.)

494 4549 609 4604 ¹Prolm.
621 4563 708 4615 xxxvi,
719 4563 744 4603 r.
758 4554 800 4608 ts.
