4559 6100
459 520 530 593 508
1064 520 1194 591 PE'l'lll
1220 519 1456 593 ABAELARDl

461 671 516 741 vel
538 696 615 744 esse
632 692 824 769 personam
844 668 891 742 ab
905 670 1065 767 utrisque
1082 668 1353 767 procedentem,
1371 667 1473 766 quod
1489 681 1542 741 est
1558 668 1678 740 dicere
1695 667 1860 740 eamdem
1876 692 1953 742 esse
1967 694 2054 768 pro·

461 792 649 890 prietatem
663 791 849 888 utriusque
867 814 1029 889 personae
1046 817 1055 859 ε
1075 789 1125 860 ita
1140 789 1308 862 videlieet
1325 804 1366 861 ut
1380 803 1543 887 utraeque
1559 810 1722 886 personae
1737 788 1808 859 sint
1822 786 1951 861 eadem
1967 788 2057 862 diffi-

458 913 597 984 nitione
621 909 856 984 terminandae
881 925 989 1007 atque
1013 910 1267 1009 exprimendae,
1287 909 1385 1008 quod
1404 908 1556 981 omnino
1580 906 1710 980 falsum
1725 922 1791 979 est.
1815 909 1959 1007 Quippe
1973 933 2056 982 cum

460 1032 558 1104 idem
582 1033 626 1103 sit
645 1055 799 1103 numero
820 1044 931 1103 status
947 1029 1090 1102 risibilis
1106 1044 1142 1101 et
1157 1044 1269 1103 status
1289 1028 1514 1126 navigabilis,
1536 1043 1644 1125 atque
1659 1028 1805 1126 insuper
1821 1026 1867 1101 de
1882 1054 2058 1125 quocum·

461 1176 532 1248 que
561 1150 699 1223 dicatur
717 1149 850 1222 risibile
872 1149 1012 1222 dicatur
1036 1163 1072 1221 et
1092 1148 1320 1246 navigabile:
1342 1174 1416 1221 non
1441 1163 1562 1221 tamen
1588 1149 1839 1221 honestatum
1861 1148 1963 1221 illum
1983 1174 2058 1223 esse

462 1271 629 1359 dicimus,
647 1270 719 1342 hoc
737 1285 790 1343 est
812 1269 946 1342 risibile
963 1270 1060 1342 idem
1076 1295 1154 1341 esse
1170 1269 1387 1342 diffinitione
1405 1294 1490 1341 cum
1507 1267 1713 1367 navigabili,
1738 1292 1823 1341 cum
1842 1266 1940 1341 aliud
1955 1285 2059 1343 sonet

460 1389 534 1463 hoc
556 1415 690 1467 nomen
718 1389 866 1480 risibile,
895 1389 993 1463 aliud
1017 1390 1090 1463 hoc
1114 1415 1250 1463 nomen
1275 1388 1487 1486 navigabile,
1512 1389 1596 1461 licet
1618 1388 1746 1461 eadem
1768 1412 1825 1461 res
1848 1389 1991 1486 penitus
2015 1391 2059 1461 sit

462 1511 605 1607 utrique
623 1512 763 1584 nomini
780 1536 846 1610 per
862 1511 1139 1609 appellationem
1156 1509 1329 1606 subjecta,
1347 1511 1424 1608 ipse
1437 1508 1604 1582 videlicet
1619 1508 1746 1603 homo,
1764 1509 1825 1582 cui
1839 1523 1913 1581 tam
1927 1509 2059 1583 risibile

461 1654 571 1727 quam
594 1629 794 1727 navigabile
810 1631 999 1729 proprium
1023 1631 1233 1727 assignatur.
1254 1630 1349 1716 Quia
1367 1655 1452 1727 ergo
1476 1643 1607 1703 statum
1620 1627 1790 1702 eumdem
1805 1628 1863 1700 vel
1878 1627 2057 1701 diversum

460 1774 537 1823 non
558 1750 724 1842 dicimus,
753 1753 822 1824 nisi
845 1751 1046 1824 secundum
1067 1775 1271 1850 expressam
1287 1763 1395 1846 atque
1418 1751 1595 1848 integram
1615 1749 1868 1822 diffinitionem
1890 1764 1952 1822 aut
1974 1775 2058 1850 pro-

461 1871 663 1969 prietatem,
675 1886 831 1970 oportet,
852 1896 936 1943 cum
952 1870 1013 1943 hic
1030 1884 1143 1944 status
1157 1869 1215 1942 ille
1233 1869 1385 1961 dicatur,
1395 1870 1492 1944 banc
1508 1896 1585 1943 rem
1601 1895 1684 1943 cum
1701 1868 1761 1941 illa
1777 1869 1904 1941 eadem
1918 1871 2060 1969 penitus

463 1991 670 2088 inexpressa
692 1992 911 2089 proprietate
927 1993 1134 2063 monstrari.
1153 1991 1211 2064 Sic
1227 2005 1263 2063 et
1280 1992 1318 2062 in
1335 1991 1467 2063 divinis
1483 1990 1647 2088 personis
1663 2013 1747 2061 cum
1764 1988 1810 2061 ad
1827 1991 2062 2088 proprietates

464 2106 602 2204 earum,
625 2136 701 2183 non
727 2111 984 2183 adnumerum
1010 2136 1130 2185 rerum
1153 2126 1231 2184 tota
1249 2124 1383 2209 spectet
1400 2110 1599 2198 diversitas,
1628 2133 1703 2181 non
1730 2122 1849 2206 potest
1874 2109 1951 2182 brec
1975 2135 2058 2183 vere

462 2228 523 2303 illa
542 2230 631 2320 dici,
658 2229 747 2302 dum
768 2232 813 2302 sit
834 2230 955 2328 aliqua
970 2230 1197 2330 proprietatis
1213 2229 1413 2323 diversitas,
1431 2231 1556 2303 etiam¹
1575 2228 1723 2302 diversis
1750 2229 1787 2299 in
1813 2253 1919 2301 sensu
1941 2230 2058 2303 nomi·

462 2348 571 2425 nibus
596 2352 827 2450 exprimatur,
847 2353 938 2424 sicut
960 2365 995 2423 et
1014 2352 1051 2422 in
1076 2351 1162 2449 ipsis
1178 2351 1328 2446 contigit
1349 2351 1527 2450 personis.
1557 2348 1665 2422 Aliud
1681 2349 1816 2448 quippe
1839 2363 1945 2423 sonat
1965 2355 2059 2423 Deus

465 2474 585 2563 Pater,
605 2470 704 2544 aliud
727 2486 834 2544 sonat
851 2476 947 2544 Deus
960 2471 1083 2564 Filius,
1102 2470 1199 2543 aliud
1217 2486 1322 2543 sonat
1341 2475 1438 2543 Deus
1460 2471 1611 2568 Spiritus
1632 2482 1777 2542 sanctus
1795 2481 1832 2541 et
1852 2469 1951 2542 aliud
1975 2495 2058 2569 pro·

461 2590 707 2688 prium'habet
724 2596 821 2663 Deus
840 2596 957 2679 Pater,
983 2592 1021 2663 in
1043 2615 1088 2663 eo
1103 2591 1237 2663 scilieet
1252 2590 1352 2686 quod
1371 2605 1517 2688 generat
1536 2596 1655 2663 Deum
1669 2588 1816 2681 Filium,
1840 2589 1939 2660 eliud
1963 2595 2060 2663 Dens

463 2709 584 2799 Filius,
609 2711 647 2783 in
661 2733 706 2781 eo
726 2709 892 2783 videlicet
904 2710 1005 2808 quod
1022 2709 1068 2783 ab
1091 2733 1137 2781 eo
1154 2724 1357 2806 generatur,
1375 2709 1475 2783 aliud
1496 2712 1593 2782 Deus
1608 2709 1760 2809 Spiritus
1777 2722 1931 2801 sanctus,
1957 2708 1995 2779 in
2012 2734 2059 2781 eo

463 2828 596 2900 scilicet
613 2828 712 2924 quod
728 2828 905 2927 procedit.
920 2829 991 2917 Qui
1004 2830 1123 2926 itaque
1137 2829 1223 2902 dicit
1240 2828 1286 2901 de
1306 2834 1397 2919 Deo,
1417 2834 1519 2902 Pater
1539 2846 1593 2903 est
1605 2830 1713 2902 Filius
1723 2833 1747 2922 ⁸,
1770 2855 1846 2902 non
1862 2829 2060 2929 simplicem

464 2948 748 3020 enuntiationem
771 2947 866 3036 lacit,
893 2949 938 3021 ad
965 2949 1187 3022 identitatem
1213 2947 1346 3022 scilicet
1368 2962 1510 3022 tantum
1535 2951 1695 3023 essentia
1716 2949 2056 3042 demonstrandam,

464 3093 506 3142 ac
529 3070 558 3140 si
578 3068 743 3142 videlicet
762 3069 811 3141 ita
833 3069 991 3142 diceret:
1011 3075 1089 3143 Hoc
1104 3069 1206 3169 quod
1225 3084 1278 3143 est
1296 3074 1400 3142 Pater
1424 3084 1478 3142 est
1495 3070 1625 3161 Filius,
1643 3069 1707 3143 sed
1731 3070 1877 3168 insuper
1897 3072 2059 3170 proprie·

464 3204 579 3264 tatum
595 3190 763 3290 exprimit
781 3189 969 3280 unitatem,
993 3192 1081 3263 acsi
1097 3190 1263 3264 videlicet
1289 3190 1398 3280 dicat,
1416 3188 1513 3262 idem
1535 3190 1722 3288 proprium
1739 3214 1816 3262 esse
1837 3189 1946 3287 hujus
1961 3190 2060 3288 qood

464 3323 516 3382 est
539 3310 646 3402 illius,
663 3309 765 3382 *sicut
781 3310 811 3382 si
832 3308 966 3383 diceret
990 3310 1089 3383 hunc
1106 3325 1238 3384 statum
1257 3311 1360 3383 illum
1378 3310 1513 3383 esseio
1528 3308 1586 3382 bis
1602 3308 1786 3401 omnihus,
1811 3335 1890 3408 quae
1914 3309 2060 3384 diversis

462 3429 501 3502 in
524 3456 631 3504 sensu
659 3431 868 3504 nominibus
894 3447 979 3504 suot
1003 3432 1260 3531 exprimenda3
1280 3432 1381 3531 quod
1403 3432 1557 3504 omnino
1585 3430 1713 3505 salsum
1740 3445 1807 3524 est,
1831 3431 1995 3526 quamvis
2017 3432 2061 3504 sit

463 3550 590 3623 eadem
618 3552 761 3649 utrique
784 3576 946 3650 personae
968 3553 1132 3626 essentia.
1161 3557 1251 3625 Nam
1277 3552 1389 3624 etsie
1413 3550 1571 3624 solemus
1595 3550 1737 3644 dicere,
1764 3574 1840 3623 non
1863 3548 1962 3622 idem
1987 3573 2062 3621 esse

463 3670 550 3742 utile
572 3669 673 3767 quod
688 3669 897 3763 honestum,
917 3671 983 3742 etsi
999 3671 1037 3743 id
1053 3670 1154 3767 quod
1169 3685 1222 3742 est
1238 3672 1324 3744 utile
1340 3672 1385 3743 sit
1400 3671 1595 3744 honestum
1616 3697 1625 3740 ε
1644 3695 1713 3743 nee
1728 3670 1825 3744 idem
1841 3693 1919 3741 esse
1935 3672 2062 3741 Gram-

464 3791 637 3861 maticum
659 3805 694 3861 et
711 3793 917 3877 Oratorem,
942 3814 1027 3862 cum
1049 3789 1185 3862 scilicet
1200 3789 1299 3862 aliud
1312 3791 1362 3863 'sit
1380 3792 1572 3890 proprium
1587 3790 1708 3888 hujus,
1729 3789 1827 3864 aliud
1841 3789 1960 3862 illius:
1979 3790 2063 3887 quia

463 3907 547 3980 lioet
570 3906 697 3979 eadem
716 3908 762 3980 sit
777 3909 929 3982 essentia
952 3909 1184 3982 Grammatici
1202 3923 1238 3981 et
1253 3910 1429 4002 Oratoris,
1448 3910 1548 3983 aliud
1563 3924 1684 3983 tamen
1708 3924 1760 3983 est
1777 3935 1853 3983 esse
1870 3913 2062 3982 Gramma-

465 4026 597 4116 ticum,
628 4024 830 4099 aliudesse
857 4031 1073 4120 Oratorem3
1102 4042 1137 4100 et
1163 4028 1261 4103 aliud
1290 4055 1366 4103 esse
1394 4030 1494 4102 hunc
1516 4030 1801 4103 Grammaticum
1828 4051 1938 4126 quam
1961 4025 2063 4100 hunc

465 4150 675 4240 Oratorem,
694 4161 729 4220 et
744 4145 844 4219 aliud
860 4172 937 4220 esse
949 4147 1082 4221 risibile
1099 4174 1210 4247 quam
1231 4148 1443 4247 navigabile,
1463 4150 1548 4223 licet
1569 4173 1641 4223 una
1657 4150 1800 4249 penitus
1817 4149 1863 4221 sit
1877 4149 2064 4246 utriusque

464 4264 674 4340 substantia.
704 4267 762 4338 Sic
789 4265 897 4339 etiam
924 4265 1007 4342 licet
1031 4266 1157 4341 eadem
1182 4271 1227 4342 sit
1255 4270 1369 4342 Patris
1394 4284 1432 4343 et
1458 4269 1534 4341 Filii
1560 4269 1771 4360 substantia,
1800 4268 1983 4341 diversum
2011 4280 2064 4339 est

463 4399 584 4458 tamen
609 4410 685 4458 esse
715 4392 858 4459 Patrem
883 4400 920 4458 et
949 4411 1025 4460 esse
1050 4387 1191 4461 Filium.
1219 4389 1325 4461 Unde
1350 4390 1568 4488 Augustinus
1594 4386 1689 4461 libro
1715 4392 1748 4460 V
1770 4386 1819 4460 'de
1847 4390 2022 4459 Trinitate
2051 4411 2059 4455 ι

466 4534 484 4572 a
500 4506 686 4597 Quamvis,
713 4506 843 4603 inquit,
861 4505 1042 4580 diversum
1070 4509 1116 4580 sit
1129 4515 1271 4582 Patrem
1293 4533 1368 4582 esse
1391 4524 1426 4582 et
1446 4509 1589 4598 Filium,
1608 4534 1685 4581 non
1706 4521 1900 4583 esttamen
1920 4505 2063 4579 diversa

463 4624 674 4698 substantia.
691 4656 709 4692 a
734 4625 834 4698 Idem
855 4627 891 4698 in
908 4630 1015 4699 V112:
1038 4659 1056 4699 «
1069 4628 1173 4701 atiud
1186 4642 1253 4722 est,
1270 4629 1401 4727 inquit,
1419 4633 1538 4704 Deum
1553 4653 1643 4719 esse,
1668 4627 1765 4730 aliud
1780 4632 1922 4700 Patrem
1938 4651 2028 4700 esse.v
2042 4656 2059 4690 n

463 4745 534 4818 Sed
556 4760 593 4818 et
616 4770 701 4818 cum
726 4746 853 4819 eadem
878 4773 948 4822 vox
972 4749 1017 4821 sit
1043 4748 1265 4846 quandoque
1284 4774 1418 4823 nomen
1443 4763 1480 4822 et
1500 4749 1666 4841 verbum,
1689 4749 1744 4821 vel
1764 4747 1876 4820 dictio
1899 4745 2063 4819 simulet

465 4866 599 4954 orati03
620 4891 755 4940 nomen
774 4882 895 4944 tamen
911 4893 988 4946 non
1004 4893 1081 4942 esse
1096 4868 1252 4941 verbum
1270 4869 1521 4974 concedimus,
1539 4895 1625 4944 cum
1641 4868 1714 4943 hoc
1729 4868 1808 4941 sine
1822 4882 1988 4965 tempore
2003 4864 2061 4957 sit,

459 5175 466 5206 ι
497 5138 1959 5216 ¹stemamueanoproetnmproponuetame,pararemus.-2snmo.rm.-³opv.opp.,t.vt11.
