4559 6100
528 26 600 101 776
778 66 781 77 ·
1203 25 1438 99 tertuum.

527 197 601 239 cum
616 174 722 240 subito
734 177 926 262 jaculantur.
940 174 1107 266 Quidquid
1118 177 1285 243 intestinus
1301 176 1451 243 odiorum
1467 176 1567 259 fruor,
1584 173 1741 266 quidquid
1756 174 1963 266 implacabilis
1972 177 2136 242 amentiae

526 294 622 360 turbo
635 310 756 362 rotaret
767 296 800 360 in
812 297 942 362 Petrum
953 345 962 380 ,
974 296 1129 389 quidquid
1139 299 1250 388 iniqua
1260 296 1418 365 conflaret
1432 296 1605 377 aemulatio,
1626 318 1767 362 censurae
1779 295 1966 387 apostolicae
1977 297 2133 362 sobrium

526 438 691 504 nunquam
709 414 882 481 dormitare
894 415 1026 482 deberet
1037 440 1185 483 acumen.
1204 416 1268 484 Sed
1280 417 1373 484 facile
1384 417 1489 483 deviat
1500 440 1520 481 a
1538 417 1676 503 justitia,
1702 417 1757 504 qui
1766 415 1838 506 plus
1846 417 2014 482 homiuem
2027 439 2131 504 quam

523 536 629 601 Deum
654 535 745 600 timet
769 537 803 600 in
829 558 940 602 causa.
962 512 1148 626 Verumque
1176 536 1257 602 illud
1284 536 1443 625 estquod
1466 559 1524 628 per
1547 536 1769 627 propheticum
1793 559 1949 626 organum
1978 534 2128 603 sonat¹:
2245 568 2248 577 ·

528 646 658 711 «Omne
680 662 778 736 caput
802 646 1010 737 languidum,
1029 670 1047 712 a
1064 645 1173 737 planta
1195 645 1287 737 pedis
1308 648 1468 736 usquead
1490 647 1663 729 cervicem,
1685 669 1752 711 non
1769 646 1865 711 estin
1892 669 1932 712 eo
1955 645 2093 711 sanitas.
2113 678 2125 702 ·

569 759 632 825 Sed
651 761 830 850 corrigere,
848 762 998 851 inquiunt
1022 762 1163 828 fautores
1178 761 1334 846 Abbatis,
1353 761 1484 828 Petrum
1503 760 1646 827 volebat.
1663 761 1696 825 Si
1711 760 1860 843 Petrum,
1883 761 1971 826 bone
1992 761 2056 841 vir,
2086 761 2129 826 ad

524 878 684 970 integrum
706 878 781 945 fidei
803 896 921 946 statum
945 880 1138 971 disponebas
1157 904 1325 966 revocare3
1350 905 1408 947 cur
1431 882 1462 946 ei
1485 904 1595 947 coram
1615 881 1737 972 populo
1761 897 1887 946 aetemae
1913 879 2129 972 blasphemiae

524 999 742 1064 characterem
766 999 989 1091 impingebas?
1010 1002 1194 1089 Rursusque
1214 1001 1240 1067 si
1264 1001 1360 1066 Petro
1383 1023 1528 1067 amorem
1548 999 1658 1091 populi
1674 999 1824 1081 tollebas,
1842 999 2009 1088 quomodo
2026 1001 2129 1066 coni·

525 1141 601 1208 gere
616 1116 830 1208 disponebas?
845 1120 896 1184 Ex
912 1143 974 1208 qua
990 1121 1214 1210 complexione
1229 1121 1262 1185 iu
1279 1143 1437 1187 summam
1452 1119 1621 1210 redigitur,
1640 1135 1672 1185 te
1692 1120 1726 1183 in
1741 1119 1873 1185 Petrum
1888 1120 2041 1185 exarsisse
2057 1142 2127 1183 non

526 1259 635 1303 amore
658 1239 881 1327 correctionis,
908 1239 966 1305 sed
983 1239 1142 1307 desiderio
1158 1240 1296 1331 propriae
1318 1240 1461 1306 ultionis.
1486 1239 1640 1305 Praeclare
1662 1238 1783 1304 dictum
1805 1255 1852 1305 est
1872 1238 2092 1329 aPropheta'
2116 1264 2125 1304 z

529 1388 543 1413 α
559 1358 697 1449 Corripit
718 1382 771 1424 me
791 1361 893 1444 justus
915 1360 950 1424 in
977 1360 1205 1427 misericordia.
1222 1391 1235 1419 ι
1256 1360 1322 1425 Ubi
1340 1361 1428 1427 enim
1445 1360 1535 1426 deest
1556 1359 1784 1442 misericordia,
1810 1384 1877 1425 non
1898 1375 1947 1425 est
1968 1362 2127 1425 correctio

522 1477 611 1563 justi,
635 1477 693 1543 sed
714 1476 879 1544 barbaries
901 1479 1067 1545 incondita
1088 1481 1229 1570 tyranni.
1254 1481 1403 1547 Testatur
1421 1482 1518 1547 etiam
1538 1503 1706 1546 rancorem
1727 1482 1825 1547 animi
1841 1483 1909 1566 ejus
1929 1480 2066 1570 epistola
2084 1480 2127 1545 ad

527 1596 751 1663 Innocentium
773 1598 895 1689 Papam
921 1599 1060 1682 directa,
1082 1601 1117 1666 in
1137 1624 1200 1689 qua
1217 1600 1262 1666 sic
1284 1601 1501 1667 stomachatur
1529 1624 1538 1667 ε
1561 1631 1574 1658 ι
1589 1600 1665 1666 Non
1687 1598 1801 1683 debet,
1818 1600 1936 1688 iuquit,
1963 1598 2125 1690 refugium

526 1714 668 1783 iuvenire
685 1717 771 1809 apud
791 1719 902 1785 sedem
917 1719 1015 1803 Petri,
1038 1721 1093 1809 qui
1113 1719 1212 1786 fidem
1227 1721 1395 1811 impugnat
1415 1720 1515 1786 Petri.
1534 1752 1547 1780 ι
1567 1720 1680 1803 Parce,
1705 1743 1813 1811 paroc,
1837 1716 1975 1784 bellator
1989 1718 2125 1808 inclyte.

526 1832 601 1900 Non
627 1834 720 1903 decet
749 1839 946 1906 monachum
973 1840 1018 1906 sic
1046 1863 1203 1931 pugnare.
1230 1838 1333 1906 Crede
1357 1838 1540 1906 Salomoni⁸
1569 1862 1578 1906 ε
1601 1838 1724 1924 «Noli,
1749 1839 1871 1928 inquit,
1893 1839 2031 1903 nimium
2056 1862 2126 1904 esse

522 1956 624 2039 justus
645 1979 653 2023 :
672 1979 713 2023 ne
736 1957 819 2023 forte
844 1957 1090 2049 obstupescas.»
1115 1960 1192 2025 Non
1217 1959 1384 2051 impugnat
1409 1959 1507 2026 fidem
1527 1960 1633 2042 Petri,
1661 1960 1715 2049 qui
1738 1958 1835 2025 fidem
1861 1955 1997 2023 affirmat
2023 1957 2123 2023 Petri.

493 2089 499 2103 ‘
526 2073 631 2141 Debet
652 2100 728 2168 ergo
750 2079 893 2145 invenire
915 2079 1075 2172 refugium
1102 2079 1189 2170 apud
1212 2079 1323 2146 sedem
1347 2080 1446 2146 Petri.
1470 2080 1601 2163 Patere,
1620 2101 1748 2169 quaeso,
1767 2077 1897 2143 Petrum
1923 2093 2029 2142 tecum
2056 2101 2125 2145 esse

527 2194 745 2263 eluistianum.
764 2198 807 2262 Et
828 2199 854 2263 si
870 2203 929 2283 vis,
946 2217 1055 2267 tecum
1072 2201 1132 2267 erit
1146 2200 1332 2267 catholicus.
1350 2201 1392 2265 Et
1407 2202 1434 2268 si
1449 2224 1516 2266 non
1532 2201 1591 2284 vis,
1616 2215 1726 2265 tamen
1741 2199 1802 2264 erit
1815 2195 2002 2263 catholicus.
2027 2199 2127 2264 Com·

525 2314 631 2411 munis
647 2315 734 2380 enim
751 2317 836 2381 Deus
853 2335 913 2401 est,
937 2341 1004 2385 non
1018 2321 1172 2410 privatus.
1191 2319 1255 2386 Sed
1271 2322 1298 2387 si
1313 2320 1403 2387 sedet
1416 2322 1573 2388 sententia
1589 2319 1701 2402 cordi,
1720 2340 1892 2410 pergamus
1906 2317 2024 2408 par-iter
2038 2341 2127 2385 con·

526 2432 691 2523 templari,
714 2435 882 2524 quomodo
907 2437 1020 2504 Petrus
1046 2438 1145 2504 fidem
1167 2437 1295 2505 infestat
1312 2440 1411 2507 Petri.
1436 2440 1552 2506 Scribit
1577 2440 1665 2506 euim
1688 2439 1801 2505 Petrus
1828 2436 1871 2502 ad
1893 2435 2038 2501 ancillam
2059 2438 2128 2502 Dei

526 2550 705 2621 Heloissam
716 2555 811 2621 sacris
822 2555 933 2623 litteris
949 2559 1091 2648 apprime
1105 2560 1299 2642 institutam,
1317 2559 1506 2627 familiarem
1524 2560 1600 2626 satis
1614 2557 1795 2649 epistolam,
1813 2581 1885 2647 quae
1903 2558 1987 2623 inter
2000 2557 2125 2647 reliqua

525 2674 642 2739 horum
657 2674 755 2741 etiam
769 2675 941 2743 verborum
956 2675 1082 2745 redolet
1097 2677 1351 2745 continentiam‘
1372 2702 1380 2745 :

575 2824 588 2850 «ι
598 2793 696 2860 Soror
710 2818 782 2861 mea
792 2796 949 2879 Heloissa,
960 2796 1126 2887 quondam
1141 2799 1221 2864 mihi
1232 2800 1267 2864 in
1283 2798 1390 2865 seculo
1407 2822 1492 2883 tara,
1503 2822 1590 2864 nunc
1603 2800 1637 2865 in
1653 2801 1779 2866 Christo
1794 2799 1966 2881 carissima,
1977 2797 2127 2864 odiosum

527 2936 579 2979 me
597 2914 721 2980 mundo
745 2914 889 2982 reddidit
905 2917 1020 3008 logica.
1043 2919 1145 2983 Aiunt
1164 2919 1253 2985 enirn
1277 2921 1419 3010 perversi
1435 2936 1671 3010 pervertentes,
1688 2944 1826 3011 quorum
1847 2919 2003 3010 sapientia
2023 2935 2072 2984 est
2092 2919 2125 2982 in

526 3031 719 3124 perditione,
737 3059 790 3101 me
805 3036 840 3101 in
855 3035 959 3128 logica
979 3038 1274 3129 praestantissimum
1290 3063 1370 3125 esse,
1389 3039 1496 3107 sedin
1512 3039 1612 3106 Paulo
1624 3066 1691 3108 non
1708 3039 1914 3108 mediocriter
1930 3037 2124 3105 claudicare.

526 3149 670 3239 Cumque
686 3152 805 3244 ingenii
821 3152 997 3243 praedicent
1017 3155 1136 3238 aciem,
1154 3155 1334 3221 christianae
1354 3154 1429 3222 fidei
1448 3156 1639 3222 subtrahunt
1659 3157 1844 3248 puritatem.
1864 3156 1968 3240 Quia,
1989 3171 2026 3218 ut
2048 3156 2127 3220 mihi

527 3268 671 3353 videtur,
689 3270 842 3361 opinione
858 3274 965 3363 potius
986 3273 1198 3340 traducuntur
1218 3274 1446 3361 adjudicium,
1469 3299 1566 3366 quam
1589 3277 1793 3368 experientiae
1815 3277 2013 3368 magistratu.
2041 3274 2126 3340 Nolo

527 3388 572 3451 sic
587 3409 654 3453 esse
670 3390 890 3482 philosophus,
905 3407 941 3458 ut
956 3392 1154 3460 recalcitrem
1169 3393 1284 3461 Paulo.
1297 3395 1373 3460 Non
1389 3397 1434 3461 sic
1449 3418 1516 3461 esse
1532 3396 1729 3480 Aristoteles,
1747 3413 1783 3462 ut
1794 3394 1971 3462 secludara
1987 3395 2124 3459 Christo.

528 3504 603 3571 Non
624 3508 709 3571 enim
727 3507 815 3574 aliud
834 3534 953 3577 nomen
974 3528 1023 3578 est
1036 3513 1096 3579 sub
1113 3513 1212 3596 coelo,
1229 3515 1263 3579 in
1278 3538 1343 3608 quo
1359 3531 1508 3606 oporteat
1523 3539 1576 3582 me
1586 3516 1715 3586 salvum
1735 3515 1816 3583 fieri.
1834 3516 1948 3582 Adoro
1966 3515 2125 3579 Clu-istum

528 3624 561 3688 in
589 3624 719 3694 dexte'ra
740 3628 843 3695 Patris
862 3648 1062 3721 regnantem.
1081 3633 1267 3724 Amplector
1283 3658 1362 3718 ‚eum
1379 3635 1462 3701 uluis
1476 3635 1551 3703 fidei
1567 3637 1601 3702 iu
1621 3660 1717 3703 carne
1732 3636 1878 3728 virginali
1897 3633 1939 3701 de
1961 3633 2127 3699 Paracleto

529 3763 666 3836 sumpta,
692 3747 829 3838 gloriosa
853 3747 1004 3816 divinitus
1025 3769 1225 3843 operantem.
1245 3756 1288 3820 Et
1310 3771 1347 3821 ut
1368 3755 1493 3846 trepida
1509 3755 1701 3839 sollicitudo,
1725 3772 1913 3846 cunctaequc
1936 3753 2085 3844 ambages
2106 3778 2124 3817 a

530 3864 627 3931 corde
649 3867 696 3931 tui
715 3870 853 3958 pectoris
873 3869 1098 3960 explodantur,
1121 3873 1186 3939 hoc
1209 3873 1250 3941 de
1273 3898 1326 3940 me
1350 3890 1479 3958 teneto,
1501 3874 1591 3966 quod
1616 3899 1711 3966 super
1735 3875 1825 3942 illam
1846 3891 1973 3966 petram
1996 3872 2126 3938 fimdari

529 3986 755 4053 conscientiam
768 4013 887 4074 meam,
905 4013 1000 4082 super
1013 4016 1110 4082 quam
1121 3994 1265 4059 Christus
1282 3993 1456 4086 aedificavit!
1464 3994 1638 4061 Ecclesiam
1653 4018 1756 4060 suam.
1773 3997 1870 4081 Cujus
1885 4010 1986 4086 petrae
1999 3993 2126 4058 titulum

529 4104 589 4188 ubi
608 4087 747 4172 breviter
763 4107 942 4198 assignabo.
960 4112 1065 4178 Credo
1081 4114 1115 4178 in
1131 4114 1278 4199 Patrem,
1300 4132 1333 4181 et
1345 4116 1483 4200 Filium,
1508 4131 1541 4181 et
1559 4116 1713 4206 Spiritum
1729 4132 1891 4198 sauctum3
1909 4137 2010 4180 unum
2029 4128 2125 4177 natu·

528 4224 636 4291 raliter
652 4241 685 4292 et
699 4248 812 4292 verum
826 4228 931 4293 Deum
950 4250 958 4293 :
975 4229 1031 4318 qui
1046 4229 1091 4294 sic
1106 4230 1140 4294 in
1156 4232 1300 4321 personis
1314 4234 1474 4323 approbat
1487 4233 1693 4317 Trinitatem,
1711 4249 1748 4299 ut
1762 4257 1888 4325 semper
1902 4235 1937 4299 in
1951 4234 2125 4300 substantia

561 4526 646 4589 ¹bat.‚
664 4542 718 4592 cap.
732 4541 753 4592 r,
768 4542 792 4580 v.
805 4533 821 4583 t
832 4536 858 4580 at
871 4530 1059 4584 6.-²Pralm.
1073 4544 1135 4594 cm,
1146 4547 1170 4586 r.
1184 4536 1208 4587 t.
1222 4561 1251 4576 -
1265 4534 1385 4598 ‘Eadm
1399 4549 1453 4601 cap.
1468 4549 1510 4597 ru,
1524 4551 1547 4589 r.
1567 4538 1648 4589 rt.-
1662 4534 1736 4590 ‘Bet
1751 4536 1853 4601 eptstou
1866 4535 1986 4602 thalami
1998 4544 2127 4588 rocenat

508 4614 514 4625 '
529 4608 632 4670 integra.
648 4608 687 4660 ct.
700 4609 737 4661 t.1
750 4611 851 4673 hujusce
863 4611 987 4675 editionis,
999 4626 1025 4678 p.
1039 4615 1095 4675 oto,
1108 4615 1164 4666 att.
