4559 6100
437 520 511 593 316
1050 515 1173 589 PETRI
1197 514 1428 591 ABAELARDI

435 673 615 750 imitantes
623 669 776 761 honum,
789 666 1013 742 attendentes
1022 666 1122 765 quod
1130 670 1307 769 scripturn
1320 683 1373 742 est
1385 695 1394 741 ε
1407 698 1426 737 «
1438 671 1532 741 Cum
1539 680 1665 740 sancto
1674 680 1818 740 sanctus
1826 668 1909 760 cris,
1923 682 1993 742 etc.
2010 700 2027 736 s

438 821 457 860 r<
478 791 670 863 Caritatem
689 789 937 881 fraternitatis,
953 817 971 854 a
990 787 1028 860 id
1043 802 1097 860 est
1113 787 1261 862 effectus
1280 789 1442 862 fraternae
1458 789 1615 860 caritatis
1631 786 1786 859 invicem
1802 802 2029 878 exercentes,

437 925 477 982 ut
497 911 744 1008 unusquisque
769 908 846 982 aliis
866 922 1038 1004 tanquam
1061 906 1160 980 fratri
1185 907 1393 999 subveniat,
1411 922 1448 981 et
1464 912 1542 979 Deo
1559 920 1731 1003 tanquam
1751 907 1846 980 Patri
1870 906 2029 980 obediat.

437 1033 517 1102 Non
535 1030 654 1102 solum
678 1027 725 1101 de
750 1026 900 1099 utilitate
917 1027 1187 1126 proximorum,
1214 1052 1341 1101 verum
1364 1027 1472 1099 etiam
1495 1026 1541 1099 de
1558 1025 1700 1098 honore
1722 1025 1885 1124 ipsorum
1911 1026 2031 1125 provi·

437 1148 599 1222 dendum
625 1148 817 1236 admonet,
847 1145 989 1238 dicens,
1020 1143 1235 1217 «honores
1266 1145 1400 1218 scilicet
1426 1145 1514 1219 alter
1541 1144 1712 1234 alterum,
1748 1144 1885 1218 scilicet
1913 1175 1931 1213 a
1943 1170 2030 1244 prae·

437 1268 636 1359 venientes,
660 1296 678 1333 s
709 1265 748 1340 id
784 1280 837 1339 est
862 1266 1046 1339 intervos
1076 1263 1150 1337 hoc
1178 1262 1429 1364 providentes,
1456 1278 1496 1337 ut
1528 1289 1612 1338 cum
1643 1264 1733 1336 alius
1760 1289 1823 1337 vos
1849 1263 2031 1337 honorare

435 1388 605 1476 voluerit,
634 1411 700 1459 vos
724 1387 823 1486 prius
840 1410 925 1459 eum
949 1383 1157 1472 honoretis,
1186 1399 1223 1456 et
1244 1382 1461 1456 heneficium
1484 1383 1560 1481 ejus
1577 1397 1735 1457 vestrum
1762 1384 1972 1481 praeveniat,
1991 1399 2031 1455 ut

436 1507 540 1604 quasi
563 1505 727 1579 debitum
747 1505 851 1579 vohis
874 1502 1046 1577 reddatur
1068 1503 1189 1601 potius
1211 1526 1321 1599 quam
1344 1502 1532 1575 tribuatur.
1557 1505 1650 1575 Sunt
1670 1517 1790 1576 autem
1814 1503 1877 1600 qui
1899 1505 2031 1577 nostris

436 1647 511 1707 non
535 1639 641 1723 egent
667 1623 871 1715 benefieiis,
897 1637 933 1697 et
957 1623 1020 1721 qui
1042 1622 1155 1720 magis
1175 1621 1222 1694 ad
1243 1620 1472 1696 dilectionem
1489 1622 1631 1694 honore
1656 1646 1766 1720 quam
1789 1622 1939 1695 utilitate
1955 1636 2031 1696 tra-

436 1742 573 1817 huntur
601 1773 610 1817 ε
639 1743 794 1842 ideoque
819 1755 903 1841 post
927 1741 1113 1815 utilitatem
1136 1739 1303 1814 beneficii
1326 1739 1373 1813 de
1398 1741 1538 1814 honore
1565 1765 1640 1838 quo
1664 1739 1818 1838 diligunt
1842 1740 2032 1840 Apostolus

437 1863 607 1959 providit.
630 1894 648 1930 α
664 1860 910 1934 sollicitudine
935 1883 1010 1932 non
1034 1860 1138 1957 pigri,
1152 1888 1170 1925 a
1196 1858 1268 1932 hoc
1292 1873 1346 1933 est
1371 1859 1518 1932 effectus
1541 1857 1775 1959 providentiae
1797 1874 1927 1931 nostrae
1947 1885 2032 1957 erga

437 1980 618 2078 subjectos
635 1983 784 2079 implere
800 2005 874 2052 uon
887 1978 1105 2082 differentes,
1117 1980 1209 2051 sicut
1222 1980 1394 2078 scripturn
1411 1983 1476 2051 est¹
1490 2007 1498 2051 ε
1512 1983 1765 2076 «Quaecunque
1777 1992 1896 2079 potest
1904 2002 2031 2054 manus

437 2113 499 2173 tua
514 2101 687 2173 instanter
701 2125 864 2199 operare,
877 2113 945 2171 ete.
961 2126 979 2166 n
999 2098 1161 2198 «Spiritu
1176 2098 1364 2171 ferventes.
1380 2128 1397 2164 r
1416 2101 1465 2171 Ac
1481 2098 1674 2171 sidiceret:
1687 2103 1730 2170 Et
1739 2098 1770 2169 si
1779 2123 1854 2171 non
1869 2101 2031 2197 poteritis

437 2216 513 2291 haec
533 2218 738 2317 supradicta
753 2220 894 2318 penitus
914 2217 1077 2317 implere,
1098 2216 1176 2289 zelo
1191 2216 1317 2290 saltem
1330 2218 1486 2314 caritatis
1501 2217 1548 2291 ad
1562 2216 1637 2289 haec
1655 2216 1838 2316 implenda
1854 2217 2028 2312 ferveatis,

436 2352 473 2410 et
494 2337 584 2411 boni
608 2337 773 2412 desiderii
804 2337 971 2410 voluntas
997 2334 1095 2434 apud
1126 2341 1243 2408 Deum
1271 2336 1437 2410 sufficiet.
1465 2337 1655 2408 «Domino
1680 2338 1918 2410 servientes.»
1949 2341 2031 2412 Post

333 2557 338 2560 Π
437 2457 629 2531 fraternam
646 2458 832 2532 caritatem
849 2481 933 2554 erga
944 2457 1166 2555 proximum,
1187 2454 1232 2529 ad
1257 2458 1439 2530 caritatem
1456 2457 1537 2545 Dei,
1555 2480 1628 2553 qua
1642 2456 1841 2530 deservitur
1856 2482 2033 2532 conscen-

436 2576 501 2650 dit.
521 2581 616 2650 Bene
631 2593 752 2650 autem
769 2601 853 2662 cum
871 2576 1032 2650 dicturus
1044 2590 1149 2668 esset,
1171 2606 1189 2642 α
1202 2578 1360 2649 Domino
1377 2555 1584 2670 servientes,
1598 2604 1616 2642 a
1634 2578 1801 2676 praemisit
1818 2578 2029 2678 Apostolus,

435 2698 597 2794 «spiritu
621 2697 833 2786 ferventes»
853 2709 894 2767 ut
918 2695 994 2768 haec
1016 2696 1169 2768 servitus
1192 2694 1308 2768 lutatis
1328 2698 1536 2769 reverentiae
1559 2696 1734 2795 subjectio
1753 2723 1797 2770 ex
1819 2723 1942 2772 amore
1963 2722 2031 2797 po·

435 2818 505 2887 tius
527 2839 638 2912 quam
661 2816 796 2887 servilis
819 2839 864 2887 ex
881 2816 1010 2887 timore
1029 2814 1263 2911 intelligatur,
1284 2815 1485 2890 Christiana
1509 2819 1622 2915 magis
1643 2840 1753 2916 quam
1775 2815 1934 2890 ludaica.
1954 2815 2030 2889 Soli

436 2936 594 3006 Domino
617 2934 805 3024 servimus,
833 2935 1036 3029 cuicunque
1059 2933 1241 3005 servitium
1265 2933 1529 3033 impendamus,
1549 2937 1578 3008 si
1604 2951 1720 3011 toturn
1745 2952 1874 3009 nostrae
1890 2935 2032 3034 subjec-

437 3054 544 3126 tionis
562 3053 672 3126 finem
688 3056 725 3126 in
743 3058 820 3126 Deo
834 3054 1108 3151 constituamus,
1126 3054 1157 3127 si
1171 3052 1339 3127 videlicet
1353 3055 1467 3128 solam
1482 3059 1732 3151 reverentiam,
1750 3081 1859 3154 quam
1876 3058 2032 3131 Praelatis

436 3171 668 3270 exhibemus,
696 3190 844 3279 propter
861 3179 991 3267 Deum,
1011 3173 1114 3271 cujus
1128 3175 1254 3247 vicarii
1269 3190 1365 3263 sunt,
1391 3189 1428 3248 et
1452 3199 1475 3248 a
1496 3201 1570 3274 quo
1589 3177 1805 3276 prelationis
1821 3191 2031 3276 potestatem

436 3308 664 3394 acceperunt,
688 3295 739 3373 eis
761 3293 984 3367 exhibemus.
1004 3294 1074 3381 Qui
1096 3293 1194 3367 enim
1217 3293 1334 3391 legato
1350 3295 1408 3367 vel
1433 3295 1566 3368 vicario
1593 3296 1744 3393 alicujus
1769 3296 1902 3393 praelati
1928 3294 2032 3368 obse·

435 3413 561 3510 quium
580 3412 769 3513 impendit,
785 3429 935 3512 propter
951 3413 1071 3514 ipsum
1085 3412 1338 3486 tantummodo
1352 3415 1551 3512 praelatum,
1569 3438 1592 3487 a
1609 3439 1684 3512 quo
1700 3415 1937 3505 destinantur,
1966 3415 2031 3513 ipsi

436 3535 667 3613 solummodo
686 3534 833 3634 praelato
850 3536 888 3611 in
910 3533 983 3608 hoc
1007 3532 1187 3608 deservire
1208 3534 1391 3626 dicuntur,
1413 3549 1450 3607 et
1466 3536 1499 3607 ei
1517 3533 1583 3607 soli
1601 3550 1749 3635 propter
1765 3559 1871 3632 quem
1891 3548 2031 3607 tantum

431 3653 472 3726 id
486 3655 603 3750 agitur
618 3654 802 3725 servitium
819 3652 875 3725 vel
894 3653 1073 3725 honorem
1088 3652 1310 3752 impendere.
1334 3683 1352 3719 α
1365 3656 1436 3751 Spe
1453 3651 1667 3749 gaudentes,
1681 3683 1700 3721 a
1719 3668 1761 3727 ut
1775 3653 1941 3726 videlicet
1957 3653 2031 3725 sitis

438 3775 506 3845 «in
531 3773 759 3845 tribulatione
784 3772 1007 3870 patientes.»
1033 3772 1138 3843 Unde
1162 3768 1199 3844 et
1225 3771 1415 3870 Apostolus
1445 3771 1639 3847 lacobus¹:
1660 3777 1806 3846 «Omne
1834 3772 2027 3871 gaudium,

436 3894 568 3989 inquit,
599 3892 795 3964 existimate
820 3891 945 3964 fratres
967 3892 1062 3978 mei,
1091 3915 1174 3962 cum
1206 3891 1243 3962 in
1272 3891 1486 3965 tentationes
1510 3892 1727 3986 incideritis,
1753 3894 1905 3965 scientes
1931 3891 2030 3989 quod

353 4090 357 4099 ¹
436 4009 613 4110 probatio,
633 4024 702 4082 etc.
718 4039 736 4076 r
755 4010 936 4097 Dicturus,
956 4042 974 4078 a
985 4011 1022 4081 in
1041 4009 1270 4083 tribulatione
1286 4011 1474 4110 patientes,
1490 4039 1508 4079 n
1526 4011 1619 4085 hene
1634 4013 1816 4113 premisit,
1836 4035 1926 4110 ‹rspe
1944 4033 2031 4109 gau·

434 4132 572 4224 dentes,
591 4159 609 4200 u
634 4145 675 4202 ut
701 4154 782 4229 spes
813 4130 1112 4202 remunerationis
1137 4129 1342 4228 praecedens
1377 4131 1487 4204 fortes
1513 4128 1644 4204 efficiat
1673 4145 1800 4204 contra
1824 4130 2028 4229 passiones,

434 4249 522 4322 dum
545 4249 634 4322 illud
654 4248 845 4322 attendunt
866 4246 966 4345 quod
992 4249 1166 4346 scriptum
1191 4252 1284 4321 est⁸z
1307 4280 1325 4317 ι(
1340 4252 1380 4321 ln
1409 4249 1530 4348 paucis
1555 4250 1694 4344 vexati,
1725 4252 1762 4324 in
1792 4248 1913 4322 multis
1938 4246 2031 4320 bene
2153 4304 2162 4316 .

433 4369 682 4468 disponentur,
705 4383 774 4441 etc.
789 4396 809 4437 u
828 4371 926 4467 «Spe
942 4368 1150 4466 gaudentes,
1163 4395 1180 4436 u
1192 4369 1230 4441 id
1240 4381 1293 4442 est
1303 4371 1550 4468 expectatione
1559 4370 1684 4442 futurae
1695 4368 2030 4455 beatitudinis,cum

433 4513 514 4588 spes
529 4513 605 4561 non
620 4489 689 4560 nisi
703 4485 862 4560 debono
879 4488 924 4559 sit
942 4501 978 4560 et
994 4487 1040 4560 de
1053 4487 1188 4576 futuro,
1204 4502 1240 4559 et
1253 4489 1339 4584 quia
1354 4513 1397 4561 ex
1414 4503 1538 4562 nostra
1556 4490 1687 4561 virtute
1701 4487 1797 4560 hanc
1813 4488 1850 4558 in
1867 4486 2031 4586 passione

433 4608 672 4680 constantiam
694 4605 829 4678 habere
845 4631 920 4678 non
944 4631 1148 4705 possumus,
1170 4622 1210 4679 ut
1227 4609 1429 4680 orationem
1444 4633 1553 4707 super
1573 4608 1645 4680 hoc
1669 4607 1947 4705 frequentemus,
1967 4600 2031 4675 ad·

433 4742 572 4819 monet,
594 4726 716 4799 dicens
727 4753 736 4796 ε
748 4758 766 4794 e
780 4726 944 4798 Orationi
960 4727 1146 4821 instantes,
1161 4755 1179 4795 n
1198 4726 1236 4799 id
1246 4729 1344 4800 estin
1360 4729 1522 4800 oratione
1535 4739 1776 4827 superstantes
1787 4725 2031 4825 potiusquam

428 4847 600 4941 jacentes.
621 4846 730 4934 Quasi
754 4845 851 4917 enim
864 4845 1023 4941 jacentes
1046 4859 1143 4940 sunt,
1167 4847 1229 4944 qui
1255 4871 1293 4919 se
1317 4843 1363 4919 ad
1381 4851 1499 4920 Deum
1524 4869 1589 4946 per
1606 4844 1837 4920 devotionem
1860 4866 1935 4916 non
1962 4841 2031 4914 eri·

468 5120 585 5183 ·Ειι1ιε.,
599 5134 657 5184 err.
669 5132 703 5183 rx,
715 5133 739 5170 r.
754 5122 792 5173 to.
806 5121 854 5158 -¹
865 5116 966 5183 lamb..
977 5131 1032 5184 cap.
1045 5132 1065 5182 t,
1078 5131 1101 5170 r.
1113 5122 1140 5173 2.
1153 5144 1183 5158 -
1192 5119 1203 5153 ⁸
1212 5120 1292 5184 Sap,
1305 5133 1358 5184 cap.
1372 5132 1448 5183 ηιμ.
1461 5122 1484 5171 t.
