4559 6100
683 545 727 616 ΙΝ
751 543 995 616 EPISTOLAM
1021 542 1082 616 AD
1107 542 1330 617 adulans.
1728 543 1799 616 347
1916 533 1928 545 '

213 695 309 766 mina
333 702 505 764 terrarum
520 716 589 791 pro
608 694 755 764 nomine
775 692 1037 785 habitatorum,
1056 693 1147 766 sicut
1163 708 1197 765 et
1216 708 1342 790 potum
1361 693 1507 765 calicem
1526 691 1757 791 appellamus.
1778 721 1797 761 n

216 809 502 900 «solutionem,
526 842 543 877 a
577 836 685 909 quam
711 812 916 910 symbolum
947 817 1069 888 Graece
1100 812 1271 904 dicimus,
1304 810 1365 883 ubi
1391 811 1523 886 scilicet
1548 809 1686 886 diversa
1713 837 1800 883 con-

213 933 375 1004 seruntur
390 955 412 1004 a
427 931 586 1023 diversis,
610 932 700 1004 sicin
716 933 753 1003 in
771 932 1127 1006 commessationibus
1150 931 1227 1004 lieri
1250 931 1354 1005 solet.
1373 932 1433 1004 lsti
1456 955 1541 1003 sero
1567 930 1799 1021 substantias,

213 1050 277 1122 sed
303 1051 504 1147 paupertim
521 1051 836 1128 commessationes
857 1052 904 1125 de
932 1076 999 1125 suo
1027 1050 1307 1147 congregabant.
1334 1050 1501 1122 «Placuit
1525 1050 1634 1122 enim.
1653 1079 1671 1116 n
1699 1051 1749 1120 Ac
1773 1049 1803 1120 si

215 1167 361 1258 diceret,
375 1168 596 1260 «benedixi,
609 1199 627 1236 a
642 1197 659 1238 u
673 1170 933 1261 Prohaverunt,
950 1202 967 1238 n
981 1170 1101 1244 uthoc
1111 1171 1303 1244 voluntarii
1312 1171 1549 1269 potiusquam
1559 1168 1673 1244 coacti
1682 1182 1802 1265 agant,

216 1289 299 1384 quia
314 1312 358 1360 es
373 1312 501 1361 eorum
511 1289 697 1364 voluntate
709 1293 821 1387 magis
837 1316 946 1389 quam
958 1316 1002 1363 es
1016 1304 1138 1363 nostra
1146 1292 1386 1363 concitatione
1402 1288 1440 1363 id
1456 1291 1610 1388 geritur3
1625 1303 1662 1360 et
1677 1288 1804 1362 merito

216 1406 361 1503 placuit,
380 1408 464 1504 quia
481 1408 614 1482 scilicet
633 1409 845 1483 «debitores
861 1425 956 1483 sunt.
972 1443 989 1477 s
1009 1409 1118 1498 Quod
1133 1410 1251 1486 statim
1267 1435 1288 1483 a
1310 1410 1440 1482 minori
1458 1407 1640 1484 convincit
1658 1406 1802 1480 diceus:

219 1559 237 1600 a
252 1535 341 1605 Nam
366 1532 395 1604 si
417 1533 652 1630 spiritualium
671 1559 797 1607 eorum
820 1536 1010 1633 participes
1032 1534 1115 1607 lacti
1135 1548 1220 1607 sunt
1236 1534 1412 1626 Gentiles,
1428 1532 1562 1605 debent
1575 1546 1612 1603 et
1628 1531 1664 1603 in
1681 1556 1805 1606 carua-

216 1650 310 1724 lihus
328 1651 527 1725 ministrare
544 1654 607 1744 eis,
631 1684 648 1719 »
666 1653 705 1726 id
722 1668 772 1725 est
787 1679 871 1726 cum
885 1654 1121 1754 spiritualium
1136 1653 1320 1727 honorum
1337 1679 1416 1752 qnae
1434 1651 1485 1725 illi
1501 1650 1695 1744 habebant,
1716 1652 1808 1728 sicut

216 1770 314 1865 legis,
336 1769 611 1868 Prophetarum,
630 1773 686 1845 vel
703 1774 810 1845 etiam
829 1776 1033 1846 orationum
1054 1788 1090 1847 et
1105 1773 1360 1870 obsequiorum
1380 1771 1599 1861 divinorum,
1620 1794 1698 1867 quae
1714 1795 1806 1868 qun·

217 1887 302 1961 tidie
316 1888 365 1960 ibi
377 1913 445 1987 pro
457 1889 571 1962 salute
581 1893 752 1964 Gentium
773 1891 966 1968 celebrant.
989 1897 1097 1965 «an
1113 1917 1212 1990 ergo.
1225 1892 1349 1979 »Quia
1366 1890 1528 1964 videlicet
1544 1888 1612 1964 illis
1628 1890 1718 1962 sicut
1736 1890 1807 1985 jus·

218 2020 296 2079 tum
311 2021 365 2080 est
382 2007 526 2106 placuit.
756 2001 761 2009 ’

270 2131 392 2198 «Cum
423 2151 737 2220 consummavero,
751 2158 769 2199 n
797 2129 913 2203 idest
939 2130 1123 2229 perfecero
1151 2129 1247 2202 hauc
1271 2128 1507 2224 legationem,
1536 2143 1572 2200 et
1596 2130 1808 2226 pervenient

218 2245 302 2318 illuc
315 2274 332 2313 u
343 2246 566 2343 assignavero
575 2248 625 2319 eis
635 2247 790 2320 linctum
799 2249 924 2322 huuc»
936 2249 1103 2323 videlicet
1113 2249 1360 2344 eleemosynae,
1374 2231 1445 2321 hoc
1454 2262 1520 2338 est,
1534 2247 1732 2320 distinxero
1746 2249 1808 2343 qui

218 2363 372 2437 beneeis
383 2365 536 2458 mittant,
552 2380 592 2440 ut
604 2392 671 2464 pro
684 2369 734 2439 eis
747 2383 917 2466 tanquam
928 2367 1221 2442 benefactoribus
1231 2366 1304 2439 suis
1312 2380 1429 2460 orent,
1446 2366 1693 2464 «proficiscar,
1707 2380 1806 2440 etc.»

219 2484 390 2572 Quamvis
414 2484 509 2558 dicat
536 2486 727 2583 Apostolus
754 2512 792 2560 se
819 2488 1066 2586 profecturum
1092 2489 1129 2560 in
1156 2486 1383 2584 Hispaniam,
1407 2487 1584 2562 incertum
1608 2500 1661 2560 est
1690 2485 1809 2557 adhuc

220 2616 341 2675 utrum
353 2602 391 2675 id
409 2603 543 2698 lecerit,
555 2620 705 2703 propter
721 2606 944 2680 diversorum
959 2607 1161 2705 opiniones.
1183 2606 1423 2702 Hieronymus
1439 2607 1477 2678 in
1495 2607 1629 2678 traam
1645 2603 1708 2678 lib.
1721 2609 1808 2678 tw:

222 2721 434 2796 ‹Volahunt
460 2725 496 2795 in
521 2724 676 2798 navibus
699 2726 992 2824 alienigenarum,
1020 2741 1056 2800 et
1078 2750 1178 2802 mare
1201 2724 1308 2802 simul
1331 2724 1681 2823 depraedabuntur-u
1703 2723 1810 2814 Quod

219 2841 264 2912 de
281 2842 387 2920 unius
408 2841 508 2915 Pauli
532 2844 689 2943 Apostoli
709 2845 945 2942 intelligamus
962 2845 1140 2942 exemplo,
1164 2844 1227 2942 qui
1241 2868 1305 2942 per
1322 2843 1567 2942 Pamphyliam
1589 2859 1626 2920 et
1642 2844 1760 2918 Asiam
1776 2858 1812 2920 et

219 2959 465 3033 Macedoniam
482 2977 519 3033 et
536 2962 719 3058 Achaiam,
740 2979 777 3037 et
796 2965 954 3038 diversas
976 2964 1110 3038 insulas
1135 2979 1243 3060 atque
1263 2964 1465 3064 provincias
1487 2962 1534 3036 ad
1559 2962 1695 3040 ltaliam
1717 2988 1811 3062 qun.-

220 3101 304 3176 que,
324 3093 373 3169 et,
391 3095 430 3154 ut
444 3081 520 3178 ipse
536 3082 672 3174 scribit,
692 3084 738 3157 ad
758 3086 946 3184 Hispanias
960 3085 1240 3180 alienigenarum
1255 3097 1417 3181 portatus
1429 3098 1481 3159 est
1499 3080 1648 3155 ratibus.
1675 3083 1811 3165 Cassio·

217 3197 331 3281 dorus
347 3223 455 3297 super
473 3199 568 3272 hanc
584 3203 698 3300 ipsam
716 3205 912 3303 Epistulam
929 3204 1030 3277 Pauli
1049 3230 1058 3274 ε
1081 3233 1099 3270 s
1114 3201 1323 3275 Proficiscar
1339 3227 1404 3300 per
1420 3226 1484 3289 ros
1501 3202 1538 3272 in
1554 3203 1775 3300 Hispaniam,
1791 3230 1810 3277 u

217 3317 319 3417 quod
338 3317 541 3414 frequenter
557 3319 658 3410 dicit,
681 3323 746 3394 sed
765 3347 952 3420 nunquam
979 3321 1131 3417 legimus
1156 3321 1264 3395 luisse
1283 3320 1517 3418 completum.
1546 3318 1651 3393 Unde
1670 3319 1810 3393 deside·

219 3450 319 3513 ratur
336 3437 437 3534 quod
453 3437 597 3531 dicitur,
619 3426 684 3513 sed
700 3465 776 3514 non
799 3439 1002 3540 prophetali
1027 3440 1176 3513 veritate
1197 3438 1411 3536 completur.
1438 3443 1552 3511 Nemo
1574 3452 1695 3513 tamen
1716 3444 1811 3537 Apo·

219 3555 352 3630 molum
366 3579 469 3628 reum
484 3557 663 3631 mendacii
673 3572 810 3656 arguat,
825 3560 854 3631 si
866 3558 938 3631 hoc
954 3557 1055 3656 quod
1069 3556 1222 3629 credidit
1234 3580 1308 3628 non
1323 3556 1495 3655 implerit.
1515 3559 1622 3628 sNon
1634 3558 1732 3631 enim
1745 3583 1811 3657 per

219 3672 464 3773 duplicitatem
484 3675 626 3750 locutus
641 3691 707 3768 est,
727 3692 767 3750 ut
789 3677 955 3751 videlicet
976 3676 1074 3751 aliud
1097 3675 1234 3749 diceret
1258 3698 1367 3774 quarn
1389 3673 1602 3766 intenderet,
1626 3675 1732 3751 idest
1749 3703 1811 3753 ore

220 3817 332 3892 qnam
356 3794 478 3869 corde.
494 3823 513 3864 n
535 3825 554 3865 u
572 3797 655 3869 Scio
671 3810 792 3869 autem
810 3797 982 3894 quoniam
998 3797 1146 3870 veniens
1164 3795 1306 3887 advos,
1323 3824 1340 3862 s
1361 3794 1399 3867 id
1417 3808 1471 3868 est
1484 3795 1609 3894 spiritu
1634 3797 1812 3875 revelante

221 3911 345 4007 didici,
371 3915 533 4010 quamvis
559 3915 692 3990 scilicet
717 3940 776 3989 me
797 3915 985 3997 transitum
1001 3939 1067 4014 per
1084 3938 1149 3986 vos
1169 3913 1304 3987 habere
1321 3913 1485 3989 dixerim.
1506 3917 1546 3989 ln
1573 3939 1646 4011 quo
1664 3915 1812 4013 quidem

220 4030 423 4107 notandum
448 4047 513 4125 est,
537 4033 637 4130 quod
659 4033 841 4108 dum'hoc
858 4034 926 4109 sibi
944 4033 1139 4107 revelatum
1162 4032 1262 4126 dicit,
1284 4047 1325 4105 ut
1338 4035 1442 4125 sciat,
1461 4035 1579 4107 innuit
1598 4034 1687 4109 illud
1711 4038 1825 4133 quod·

219 4149 267 4223 de
289 4149 458 4248 Hispania
480 4153 650 4249 praemisit
675 4177 718 4226 es
744 4153 915 4251 opinione
940 4154 1061 4252 potius
1086 4177 1196 4252 quam
1220 4177 1266 4225 ex
1283 4154 1478 4229 assertione
1504 4154 1704 4251 protulisse.
1733 4160 1810 4237 ula

221 4267 442 4345 abundantia
458 4268 721 4351 benedictionis
737 4271 868 4345 Christi
885 4273 1074 4364 veniam»
1095 4287 1134 4345 ut
1152 4271 1330 4362 videlicet,
1348 4272 1440 4344 sicut
1455 4271 1501 4344 de
1518 4272 1652 4371 loseph
1669 4274 1810 4371 legitur,

220 4386 268 4458 ad
285 4387 471 4460 introitum
489 4413 610 4465 meum
626 4393 805 4477 Dominus
818 4391 952 4489 largam
970 4391 1073 4465 robis
1090 4391 1242 4465 coelestis
1257 4390 1377 4487 gratiae
1388 4389 1677 4479 benedictionem
1694 4393 1813 4479 infirn-

217 4502 300 4594 dat,
323 4504 362 4579 id
377 4507 482 4578 estin
499 4507 741 4606 spiritualibus
763 4509 987 4608 multiplicet.
1010 4508 1205 4595 «Obsecro
1221 4534 1306 4604 ergo
1327 4533 1392 4583 vos
1408 4509 1546 4599 fratres,
1562 4538 1581 4578 »
1599 4511 1811 4609 atridelicet

215 4623 323 4719 quod
341 4623 427 4699 rolo
445 4627 594 4724 possim.
614 4632 712 4701 «Per
730 4621 1111 4705 Dominum'nostrum
1136 4634 1257 4711 lesum
1274 4627 1454 4715 Christum
1480 4643 1516 4699 et
1539 4654 1606 4728 per
1629 4633 1811 4719 raritatem

213 4741 371 4839 Spiritus
391 4746 523 4838 sancti,
548 4761 588 4820 ut
609 4747 782 4844 adjuvetis
798 4773 869 4839 me,
885 4778 903 4815 a
922 4749 952 4820 si
968 4747 1133 4827 videlicet
1152 4749 1190 4822 in
1209 4773 1254 4823 eo
1272 4746 1426 4847 amplius
1447 4747 1619 4847 perlicere
1636 4750 1755 4838 suus,
1774 4766 1811 4833 et

215 4857 452 4939 dilectionem
472 4865 539 4937 Dei
554 4865 706 4941 hahetis.
724 4872 797 4941 nln
816 4867 1040 4945 orationibus
1056 4866 1103 4949 ad
1118 4871 1248 4962 Deum,
1267 4882 1306 4942 ut
1323 4867 1453 4949 liberer
1467 4866 1515 4943 ab
1530 4867 1735 4943 infidelibus
1747 4870 1813 4966 qui

256 5136 260 5163 ¹
275 5133 342 5193 isat,
353 5147 408 5199 cap.
422 5149 457 5196 ιι,
470 5151 495 5188 v.
506 5141 545 5191 tt.
