4559 6100
750 568 1007 643 Tnaonoott
1032 570 1309 643 eflntstttttt.
1760 567 1834 640 427

236 739 346 814 super
386 724 515 794 Jonam
540 720 768 822 prophetam,
799 744 844 793 eo
870 719 1017 819 quidem
1040 721 1135 811 loco,
1157 745 1231 818 quo
1262 718 1435 819 scripturn
1457 732 1523 811 est,
1547 722 1639 792 lona
1660 716 1831 790 dicente:

241 836 401 912 «Tollite
425 867 497 933 me,
529 857 564 917 et
594 841 722 914 mittite
740 841 778 912 in
802 864 913 931 mare,
943 855 979 912 et
1005 841 1158 914 cessabit
1185 863 1283 911 mare
1301 862 1322 910 a
1339 838 1442 910 robis
1453 841 1476 930 ¹,
1495 870 1513 905 a
1538 836 1641 928 illud,
1668 838 1831 935 inquam,

238 953 447 1057 Hieronymi
471 985 547 1060 quo
574 962 730 1033 dicitur:
754 992 771 1029 a
789 965 868 1032 Non
886 975 939 1032 est
960 962 1054 1033 enim
1068 975 1233 1033 nostrum
1252 974 1405 1031 mortem
1422 960 1593 1056 arripere,
1612 956 1675 1029 sed
1699 956 1834 1029 illatam

237 1070 390 1151 libenter
413 1084 606 1182 accipere:
630 1081 727 1155 unde
747 1096 779 1154 et
800 1083 837 1153 in
857 1082 1165 1180 persecutionibus
1188 1106 1264 1152 non
1288 1080 1371 1152 licet
1395 1080 1543 1179 propria
1568 1103 1679 1150 manu
1700 1077 1832 1176 perire,

238 1192 374 1295 absque
398 1200 460 1273 ubi
483 1204 624 1275 castitas
641 1201 872 1302 periclitatur.
889 1233 906 1269 a
926 1205 1015 1275 Item
1042 1203 1077 1274 in
1106 1200 1237 1274 eodem
1254 1199 1461 1272 decivitate
1474 1202 1545 1271 Dei
1555 1198 1669 1271 libro'
1690 1227 1698 1267 ε
1728 1229 1745 1265 «
1764 1201 1835 1268 Nec

240 1315 413 1410 Samson,
442 1322 571 1420 iuquit,
603 1322 704 1394 aliter
732 1337 933 1416 excusatur,
962 1322 1062 1420 quod
1090 1323 1248 1421 seipsum
1275 1346 1358 1393 cum
1384 1320 1549 1393 hostibus
1573 1319 1677 1391 ruina
1704 1317 1836 1390 domus

240 1443 428 1534 oppressit,
457 1443 525 1514 nisi
547 1443 646 1542 quod
669 1443 822 1516 latenter
844 1443 996 1542 Spiritus
1016 1443 1088 1515 hoc
1105 1443 1272 1540 jusserat,
1295 1441 1358 1539 qui
1380 1465 1445 1539 per
1460 1440 1560 1512 illurn
1588 1438 1759 1511 miracula
1783 1436 1838 1509 ia·
1885 1478 1887 1482 ·

240 1556 369 1632 ciebat.
388 1590 406 1631 a
426 1568 516 1636 ltem
539 1566 575 1636 in
594 1564 740 1637 eodem³
761 1592 770 1637 ε
792 1568 877 1636 rDe
900 1567 1074 1636 Samsone
1093 1564 1189 1636 aliud
1207 1562 1313 1635 nobis
1335 1563 1386 1633 las
1402 1587 1477 1634 non
1496 1575 1549 1634 est
1566 1559 1726 1633 credere.
1746 1564 1837 1634 Cum

240 1693 361 1752 autem
378 1686 475 1756 Deus
487 1684 600 1781 jubet,
621 1709 730 1782 seque
744 1684 871 1781 jubere
892 1685 969 1757 sine
987 1685 1067 1757 ullis
1090 1683 1299 1781 ambagibus
1315 1682 1477 1771 intimat,
1497 1682 1578 1778 quis
1595 1680 1837 1754 obedientiam

241 1796 278 1868 in
296 1801 430 1873 crimen
448 1820 566 1895 vocet,
587 1806 668 1905 quis
685 1805 900 1903 obsequium
919 1806 1059 1904 pietatis
1078 1804 1246 1878 accuset?
1264 1809 1353 1876 Nam
1382 1817 1418 1875 et
1442 1800 1544 1874 miles
1561 1826 1644 1874 cum
1664 1800 1839 1875 obediens
1923 1808 1928 1818 '

242 1923 423 2016 potestati,
442 1924 511 1996 sub
532 1950 604 2024 qua
621 1925 777 2024 legitime
794 1927 1010 1998 constitutus
1027 1941 1098 2016 est,
1113 1925 1299 1998 hominem
1321 1922 1467 2015 occidit,
1486 1922 1585 1995 nulla
1602 1922 1753 1994 civitatis
1768 1947 1839 1995 suae

244 2036 320 2136 lege
330 2066 413 2120 reus
428 2059 480 2117 est
493 2045 696 2132 homicidii,
714 2046 828 2118 immo
844 2047 913 2119 uisi
928 2047 1065 2138 iecerit,
1078 2071 1159 2119 reus
1169 2062 1221 2118 est
1233 2045 1373 2144 imperii
1385 2043 1516 2117 deserti
1529 2058 1637 2141 atque
1652 2044 1838 2117 contemti.

243 2161 351 2246 Quod
379 2163 409 2234 si
433 2166 481 2238 ita
510 2181 582 2258 est,
604 2166 754 2263 jubente
775 2167 1006 2267 imperatore,
1035 2182 1172 2263 quanto
1190 2166 1302 2263 magis
1316 2164 1467 2262 jubente
1492 2164 1712 2235 creatorei»
1732 2167 1771 2235 ln
1786 2164 1842 2236 his

242 2279 363 2375 itaque
392 2282 459 2356 ista
488 2286 601 2358 animi
628 2284 839 2383 magnitudo
865 2300 972 2384 atque
1003 2288 1204 2360 constantia
1231 2288 1345 2356 virtus
1368 2283 1586 2355 tortitudinis
1611 2307 1688 2355 esse
1708 2284 1840 2383 potuit,

243 2399 345 2496 quod
365 2402 402 2474 in
424 2405 586 2503 Diogene
610 2407 759 2478 minime
778 2408 1033 2506 comperimus.
1052 2406 1122 2478 Ubi
1144 2407 1242 2479 enim
1263 2418 1412 2476 nonest
1434 2402 1657 2476 considerata
1676 2401 1844 2476 laborum

245 2523 442 2619 perpessio,
466 2524 538 2597 hoc
559 2541 611 2597 est
629 2525 783 2625 provida
803 2540 840 2598 et
856 2525 1079 2599 rationabilis
1104 2552 1179 2598 non
1205 2525 1326 2598 subest
1349 2523 1546 2597 tolerantiae
1561 2548 1683 2614 causa,
1707 2538 1844 2597 certum

244 2655 297 2713 est
320 2641 567 2716 fortitudinem
588 2670 664 2717 non
685 2670 775 2736 esse,
799 2671 883 2720 cum
899 2647 972 2719 hoc
990 2647 1037 2719 ad
1056 2647 1335 2745 descriptionem
1352 2642 1570 2716 fortitudinis
1591 2644 1752 2718 attineat.
1773 2650 1844 2719 Nec
1927 2683 1929 2685 ’

246 2784 313 2833 nos
334 2762 483 2857 quidem
500 2764 537 2836 in
559 2764 630 2837 hoc
654 2767 821 2839 virtutem
838 2768 1009 2864 Diogenis
1029 2769 1114 2839 satis
1134 2766 1393 2840 commendare
1410 2764 1588 2858 volumus,
1607 2766 1707 2862 quod
1732 2769 1842 2839 ratio·

246 2879 411 2954 nobiliter
442 2884 575 2958 iactum
599 2911 676 2958 esse
701 2912 776 2959 non
802 2912 1057 2984 agnoscamus3
1083 2888 1145 2960 sed
1173 2888 1224 2961 illi
1249 2887 1361 2983 magis
1385 2890 1423 2955 B.
1450 2886 1636 2982 Augustini
1662 2889 1843 2961 sententiae

246 3004 472 3099 assentimus,
491 3007 617 3102 quain
635 3006 763 3080 eodem
781 3010 939 3107 capitulo
958 3010 1065 3108 primi
1083 3008 1167 3082 libri
1185 3007 1228 3079 de
1245 3010 1392 3080 Ciuitate
1408 3008 1478 3077 Dei
1496 3004 1542 3077 de
1558 3006 1845 3081 interlectoribus

247 3123 301 3194 sui
314 3123 545 3220 subjunctum
563 3130 636 3198 est‘
655 3156 663 3198 :
688 3129 946 3226 «Quicumque
964 3129 1036 3201 hoc
1052 3131 1089 3201 in
1106 3130 1231 3228 seipsis
1246 3141 1554 3227 perpetraverunt,
1574 3127 1686 3199 animi
1703 3131 1846 3225 magni-

248 3241 372 3315 tudine
397 3245 566 3335 mirandi,
591 3271 666 3317 non
693 3248 873 3345 sapientiae
892 3251 1041 3322 sanitate
1056 3249 1229 3320 laudandi
1252 3263 1347 3320 sunt.
1365 3253 1594 3344 Quamquam
1617 3247 1647 3318 si
1669 3249 1846 3322 rationem

248 3360 451 3459 diligentius
475 3365 656 3456 consulas,
680 3391 747 3438 nec
770 3367 845 3465 ipsa
871 3366 1017 3465 quidem
1036 3369 1148 3439 animi
1179 3366 1391 3463 magnitudo
1411 3380 1508 3438 recte
1530 3367 1752 3458 nominatur,
1780 3367 1848 3440 ubi

249 3480 400 3579 quisque
425 3506 501 3555 uon
524 3483 680 3557 valendo
695 3485 859 3573 tolerare,
887 3485 945 3558 vel
971 3512 1121 3586 quaeque
1147 3512 1284 3586 aspera,
1312 3485 1369 3557 vel
1396 3485 1512 3557 aliena
1525 3500 1684 3584 peccata,
1715 3488 1847 3587 seipse

249 3600 483 3676 interemerit.
503 3604 614 3699 Magis
632 3604 728 3676 enim
744 3630 846 3678 mens
863 3605 1003 3679 infirma
1022 3606 1318 3706 deprehenditur,
1346 3632 1426 3704 quae
1447 3605 1539 3678 ferre
1563 3631 1637 3677 non
1655 3620 1774 3706 potest
1792 3610 1847 3681 rel

249 3720 377 3794 duram
403 3723 458 3795 sui
480 3725 644 3823 corporis
664 3726 885 3816 servitutem,
904 3728 960 3800 vel
983 3708 1128 3801 stultam
1146 3728 1241 3825 vulgi
1260 3728 1481 3828 opinionem.
1499 3755 1517 3795 r
1534 3727 1633 3799 Sicut
1649 3727 1694 3799 de
1710 3732 1846 3804 Catone

250 3839 306 3912 rel
324 3844 486 3916 Lucretia
502 3843 664 3940 legimus,
683 3871 767 3918 cum
783 3845 842 3919 ille
857 3847 1007 3945 quidem
1023 3851 1086 3947 qui
1104 3849 1195 3922 tanti
1212 3849 1371 3920 nominis
1386 3872 1429 3920 ac
1441 3836 1571 3943 'rigoris
1591 3847 1845 3941 aestimabatur,

250 3962 406 4059 seipsum
434 3965 543 4037 Uticae
572 3966 760 4057 occiderit,
789 3992 835 4039 ne
863 3968 931 4041 sub
960 3973 1098 4043 Caesare
1123 3969 1325 4043 libertatem
1353 3968 1552 4060 amitteret,
1580 3982 1614 4039 et
1642 3966 1702 4040 illa
1731 3970 1848 4046 laudis

251 4081 405 4157 nimium
428 4083 546 4178 avida,
564 4087 679 4158 verita
700 4087 746 4159 sit
766 4112 813 4159 ne
838 4102 1038 4189 putaretur,
1063 4090 1163 4189 quod
1188 4089 1364 4162 violenter
1384 4102 1437 4160 est
1459 4112 1563 4188 passa
1588 4112 1672 4159 cum
1695 4089 1845 4187 viveret,

251 4199 404 4276 libenter
426 4230 529 4303 passa
551 4207 580 4277 si
599 4206 746 4281 viveret.
764 4236 783 4277 r
800 4212 889 4282 Item
911 4211 949 4282 in
972 4209 1121 4283 eodem⁸
1140 4238 1149 4281 :
1173 4242 1190 4277 α
1205 4212 1243 4282 Si
1260 4234 1393 4308 magno
1411 4210 1533 4282 animo
1553 4205 1629 4279 fleri
1645 4211 1847 4308 putandum

251 4336 317 4415 est,
343 4349 427 4397 cum
450 4325 520 4398 sibi
542 4326 656 4400 bomo
681 4330 809 4428 ingerit
829 4345 997 4425 mortem,
1019 4331 1078 4404 ille
1098 4332 1219 4430 potius
1234 4330 1479 4404 Theobrotus⁸
1495 4332 1532 4402 in
1556 4329 1624 4400 hac
1644 4331 1755 4404 animi
1772 4358 1848 4407 ma·

251 4439 438 4536 gnitudine
467 4443 657 4541 reperitur,
686 4469 796 4542 quem
827 4447 945 4519 ierunt
972 4448 1065 4519 lecto
1094 4446 1253 4521 Platonis
1277 4445 1391 4538 libro,
1420 4445 1482 4518 ubi
1512 4445 1558 4517 de
1585 4446 1849 4522 immortalitate

251 4560 379 4632 animae
398 4559 620 4662 disputatum
645 4579 716 4655 est,
737 4589 776 4637 se
801 4567 1019 4667 praecipitem
1044 4565 1186 4639 dedisse
1207 4567 1253 4639 de
1275 4590 1400 4656 muro,
1428 4581 1537 4664 atque
1558 4567 1606 4639 ita
1630 4567 1677 4641 de
1692 4567 1762 4641 hac
1777 4570 1849 4642 vita

251 4680 421 4776 migrasse
444 4682 492 4755 ad
510 4708 592 4756 eam
613 4708 722 4781 quarn
743 4685 897 4759 credidit
913 4711 991 4760 esse
1004 4687 1204 4760 meliorem.
1221 4687 1331 4775 Quod
1347 4701 1467 4760 tamen
1486 4712 1615 4785 magne
1636 4689 1758 4789 potius
1774 4713 1851 4761 esse

253 4798 407 4896 lactum,
436 4828 547 4902 quam
563 4802 673 4899 bene,
691 4806 789 4879 testis
810 4830 888 4879 csse
899 4807 1019 4906 potnit
1038 4807 1139 4880 Plato
1157 4808 1233 4907 ipse
1253 4832 1364 4907 quem
1379 4808 1528 4905 legerat,
1550 4809 1615 4907 qui
1633 4808 1795 4908 prolecto
1812 4808 1850 4881 id

288 5111 370 5173 ¹loa.,
384 5127 437 5176 cap.
452 5127 470 5176 r,
487 5129 507 5163 r.
531 5119 568 5167 tt.
592 5143 620 5151 -
639 5115 713 5166 ’tm
724 5118 745 5175 t,
757 5133 811 5181 rap.
825 5131 876 5169 arr.
890 5119 1024 5180 -³1br'd.,
1079 5120 1165 5170 ‘ibid
1182 5146 1207 5155 -
1220 5120 1275 5170 ‘lta
1286 5134 1372 5171 omnes
1383 5135 1445 5185 pene
1458 5121 1586 5183 Augusttnl
1598 5115 1654 5173 llss'.
1669 5124 1768 5185 legante
1781 5127 1852 5188 rutgo

255 5202 310 5252 cap.
327 5204 395 5243 xxrr.
408 5218 437 5231 -
450 5196 530 5256 'aug
545 5195 575 5245 de
592 5196 668 5246 Cirit.
686 5197 744 5257 Bri,
761 5200 802 5249 ttb.
816 5198 835 5259 Ι,
850 5212 905 5262 rap.
922 5213 981 5250 aar.
996 5227 1024 5238 -
1079 5200 1356 5263 Cleombrotnstegitur.
