4559 6100
470 491 543 565 252
1077 496 1207 568 PETRi
1233 495 1470 571 ABAELARDI

470 644 604 716 scilicet
624 646 733 734 servi,
754 645 791 719 id
808 660 875 738 est,
893 645 999 721 bonae
1013 647 1209 720 voluntatis
1228 673 1291 722 seu
1307 646 1569 749 praceptionis,
1600 643 1659 716 cui
1682 655 1735 715 est
1758 636 2005 713 obediendum
2023 638 2070 710 ad

466 762 655 860 justitiam,
672 764 711 837 id
725 779 790 854 est,
810 766 856 838 ad
874 767 1032 866 aliquam
1041 768 1176 865 justam
1192 770 1453 867 operationem.
1485 797 1503 835 «
1525 764 1664 838 Gratias
1685 774 1821 856 autem.
1845 786 1864 827 u
1891 756 1974 830 Dixi
1997 757 2071 830 sive

470 885 607 983 peccati
623 886 697 958 sive
715 884 946 981 obeditionis,
964 888 1066 987 quasi
1081 886 1286 962 dubitarem
1303 887 1406 985 cujus
1422 887 1515 960 servi
1531 886 1620 978 sitis,
1635 881 1700 956 sed
1716 882 1858 979 gratias,
1875 878 1914 952 id
1929 893 1983 952 est
1996 902 2073 975 gra·

469 1018 522 1077 tes
535 1009 626 1097 Deo,
642 1005 798 1079 subaudi
815 1006 945 1101 refero,
962 1007 1165 1106 quodcum
1184 1007 1335 1080 fuissetis
1350 1007 1451 1107 prius
1467 1007 1559 1080 servi
1580 1002 1730 1105 peccati,
1759 1025 1859 1073 nuno
1880 999 1965 1072 estis
1989 998 2069 1073 iacti

469 1124 562 1197 servi
579 1123 808 1198 obeditionis.
828 1130 873 1199 Et
892 1125 965 1200 hoc
977 1142 1044 1221 est,
1064 1159 1082 1196 ι(
1095 1126 1267 1200 obedistis
1283 1141 1404 1200 autem
1419 1149 1463 1199 ex
1478 1124 1603 1216 corde,
1624 1155 1642 1192 a
1662 1122 1700 1196 id
1717 1136 1783 1210 est,
1803 1145 1926 1193 amore
1949 1120 2070 1219 potius

469 1268 580 1342 quam
596 1245 738 1338 timore,
758 1245 796 1317 in
811 1269 891 1318 eam
906 1246 1074 1341 sormam,
1093 1246 1130 1320 id
1149 1261 1215 1335 est,
1233 1245 1434 1320 secundum
1449 1245 1552 1319 illum
1566 1243 1716 1319 modum
1732 1240 1920 1334 doctrina,
1939 1240 1976 1312 in
1997 1265 2070 1339 qua

469 1363 800 1462 apraedicatoribus
819 1366 902 1438 estis
919 1366 1065 1460 eruditi,
1093 1381 1130 1439 et
1154 1367 1205 1439 sic
1228 1365 1369 1439 liberati
1393 1389 1415 1439 a
1435 1367 1602 1439 servitute
1636 1362 1788 1464 peccati,
1817 1361 1876 1432 cui
1904 1358 2071 1434 videlicet

468 1483 568 1583 prius
585 1482 822 1557 obediebatis.
843 1486 975 1558 «Servi
992 1485 1076 1559 facti
1091 1487 1175 1559 estis
1185 1486 1342 1584 justitiae,
1361 1514 1378 1553 >r
1398 1484 1436 1557 id
1449 1499 1514 1574 est,
1530 1485 1633 1583 justa
1654 1482 1711 1556 vel
1733 1497 1837 1554 rectae
1859 1478 2066 1573 voluntatis,

468 1626 532 1674 seu
546 1600 676 1675 divinae
692 1604 953 1704 praeceptionis,
977 1631 1058 1704 quae
1075 1629 1150 1679 non
1168 1604 1286 1678 solum
1304 1606 1412 1703 justa,
1438 1604 1694 1677 verumetiam
1717 1601 1794 1702 ipsa
1815 1614 1869 1673 est
1890 1600 2069 1700 appellata

464 1722 612 1819 justitia.
631 1728 868 1798 «Humanum
885 1724 980 1798 dico.
997 1756 1015 1793 ι)
1036 1730 1084 1798 Ac
1097 1726 1127 1798 si
1143 1725 1291 1817 diceret,
1312 1741 1347 1798 et
1358 1723 1442 1824 quia
1460 1748 1558 1796 nunc
1575 1724 1697 1821 ajugo
1713 1722 1850 1821 peccati
1866 1720 2008 1794 liberati
2021 1722 2068 1795 ad

468 1839 711 1916 obedientiam
723 1843 866 1940 justitiae
881 1846 965 1918 estis
981 1844 1146 1920 traducti.
