4559 6100
826 516 832 521 ’
895 534 1127 610 uitiosus.
1734 532 1807 607 ms

214 734 313 783 mum
337 708 478 783 bonurn
500 706 771 799 constituerint,
792 704 885 779 sicut
900 706 1056 804 Epicuro
1077 719 1114 778 et
1131 705 1208 802 ejus
1231 702 1461 803 sequacibus,
1481 702 1516 777 id
1532 717 1606 795 est,
1625 704 1809 801 Epicureis

213 828 317 902 multi
333 853 399 928 per
415 828 654 927 ignorantiam
670 828 886 925 imponunt,
912 848 988 897 non
1005 823 1175 923 equidem
1192 825 1450 922 intelligentes,
1469 822 1558 920 quid
1573 822 1636 911 illi,
1656 838 1696 897 ut
1712 823 1808 895 dixi·

213 972 294 1020 mus
306 948 528 1050 voluptatem
545 947 787 1019 nominarent.
805 944 988 1041 Alioquin,
1006 957 1048 1015 ut
1063 943 1232 1032 diximus,
1244 945 1392 1029 Seneca,
1404 942 1652 1015 illemaximus
1662 956 1808 1015 morum

212 1065 408 1140 aedificator
430 1081 467 1140 et
483 1066 821 1158 continentissimae,
847 1064 941 1136 sicut
962 1077 999 1135 et
1022 1063 1173 1163 vosipsi
1194 1059 1432 1160 profitemini,
1456 1061 1553 1151 vitae,
1580 1084 1810 1159 nequaquam

213 1186 358 1285 Epicuri
385 1202 558 1284 tanquam
582 1185 742 1282 magistri
760 1184 816 1257 sui
838 1181 1032 1275 sententias
1056 1196 1130 1254 tam
1156 1181 1284 1253 crebro
1307 1181 1355 1254 ad
1374 1181 1647 1255 instructionem
1659 1192 1810 1255 morum

213 1305 413 1396 induceret,
436 1308 466 1378 si
483 1307 532 1379 ita
547 1320 587 1378 ut
607 1304 751 1395 dicitur,
769 1302 969 1376 sobrietatis
984 1317 1093 1400 atque
1114 1300 1311 1377 honestatis
1326 1302 1505 1375 tramitem
1521 1300 1736 1377 excessisset.

262 1429 466 1517 Cnmsrun.
489 1429 574 1497 Esto
593 1440 634 1498 ut
651 1426 816 1517 estimas,
838 1419 900 1495 sed
923 1420 1008 1512 boc,
1026 1445 1162 1519 quaeso,
1182 1422 1299 1520 aperi,
1319 1436 1439 1497 utrum
1461 1419 1532 1494 hoo
1553 1420 1665 1493 modo
1681 1419 1812 1518 volup·

213 1559 323 1618 tatem
348 1545 598 1642 intelligentes,
623 1544 740 1618 abeis
761 1544 825 1643 qui
847 1542 1016 1615 virtutem
1040 1541 1244 1635 nominant,
1270 1566 1378 1615 sensu
1400 1541 1508 1615 etiam
1531 1543 1623 1614 sicut
1643 1556 1680 1614 et
1695 1540 1814 1613 verbis

213 1664 401 1738 dissident.
904 1651 907 1657 ¹

265 1789 406 1859 anos.
427 1785 530 1859 Nulla
547 1799 610 1858 aut
628 1806 740 1883 parva
759 1794 937 1879 quantum
954 1780 1001 1854 ad
1018 1782 1203 1853 sententiae
1219 1805 1397 1855 summam
1415 1796 1468 1854 est
1485 1805 1612 1853 eorum
1630 1780 1810 1855 distantia.

213 1907 291 1977 Hoc
308 1906 428 2004 ipsum
444 1905 634 1979 virtutibus
651 1902 789 2003 pollere
813 1913 866 1974 est
881 1900 978 1974 hane
1002 1901 1131 1974 animae
1155 1900 1447 1999 tranquillitatem
1472 1899 1607 1974 habere
1626 1915 1664 1974 et
1686 1926 1707 1974 e
1728 1926 1814 1974 con·

214 2048 333 2098 verso.

263 2148 469 2219 Cnnrsrur.
489 2150 568 2217 Una
589 2145 709 2239 itaque
727 2139 903 2214 sententia
922 2153 977 2212 est
993 2154 1232 2236 utrorumque
1247 2140 1293 2214 de
1308 2163 1452 2213 summo
1468 2138 1585 2230 bono,
1606 2164 1693 2213 vero
1716 2166 1813 2215 nun·

215 2267 361 2364 cupatio
377 2266 517 2339 diversa
530 2293 540 2355 3
560 2289 602 2337 ao
617 2265 669 2336 sio
684 2262 764 2335 duae
780 2259 847 2333 illae
863 2284 942 2358 quae
964 2258 1182 2334 videbantur
1205 2259 1252 2334 de
1270 2284 1414 2334 summo
1437 2258 1539 2332 bono
1563 2262 1746 2334 sententie
1770 2261 1817 2334 ad

216 2408 326 2457 unam
346 2400 431 2458 sunt
448 2385 611 2457 redactae.

265 2507 411 2577 Pmms.
428 2506 487 2576 Sic
505 2504 657 2577 aestimo.

264 2626 470 2697 Cunrsrur.
489 2627 534 2694 Et
550 2647 661 2721 quarn
681 2646 771 2719 rogo
787 2620 884 2695 viam
904 2621 1040 2696 adhoc
1060 2645 1243 2695 summum
1259 2621 1402 2695 bonum
1420 2620 1458 2695 id
1480 2636 1534 2694 est
1551 2621 1719 2695 virtutem
1735 2648 1818 2721 per-

216 2743 383 2817 veniendi
400 2742 695 2817 constituebant?

266 2871 407 2941 Primos.
431 2873 555 2968 ipsum
575 2867 739 2967 prolecto
761 2866 908 2940 moralis
923 2867 1089 2941 lectionis
1111 2865 1271 2940 studium
1291 2865 1349 2939 vel
1370 2866 1562 2940 domanda
1583 2867 1702 2940 carnis
1718 2890 1820 2940 exer·
1887 2859 1890 2864 ’

217 2986 360 3076 citium,
379 3003 420 3061 ut
435 2986 536 3062 bona
551 2989 588 3060 in
606 2986 771 3061 habitum
786 2986 938 3061 solidata
950 2987 1133 3079 voluntas,
1150 2988 1263 3061 virtus
1276 2987 1347 3060 dici
1364 3000 1484 3085 queat.

266 3111 472 3181 cummis.
493 3112 536 3179 Et
549 3132 660 3207 quem
676 3132 753 3179 esse
768 3106 916 3180 beatum
933 3106 1135 3181 deliniunt?

270 3229 409 3300 Pmnos.
434 3231 584 3299 Beatum
606 3227 707 3324 quasi
727 3225 823 3298 bene
845 3240 969 3324 aptunr
993 3225 1133 3319 dicunt,
1152 3226 1224 3299 boc
1240 3243 1293 3299 est
1308 3228 1346 3298 in
1364 3225 1535 3299 omnibus
1550 3223 1644 3298 bene
1663 3243 1700 3300 et
1719 3227 1820 3300 facile

218 3368 257 3417 se
271 3359 451 3442 agentem,
476 3359 516 3418 ut
535 3345 633 3417 idem
656 3345 703 3416 sit
721 3343 857 3418 scilicet
878 3344 1025 3418 beatum
1046 3368 1135 3438 esse,
1156 3345 1257 3444 quod
1275 3344 1382 3418 bonis
1398 3343 1562 3417 moribus
1579 3345 1618 3417 id
1639 3362 1693 3420 est
1708 3339 1819 3423 'virtu-

219 3463 315 3537 tibus
333 3464 482 3562 pollere.

267 3587 472 3660 Carreum.
500 3584 682 3681 Numquid
705 3584 752 3657 de
772 3585 1040 3659 immortalitate
1061 3584 1190 3659 animae
1210 3599 1247 3658 et
1269 3584 1429 3683 quadani
1452 3583 1579 3657 futurae
1600 3586 1681 3656 vitae
1700 3584 1821 3660 beati·

219 3703 345 3779 tudine
361 3705 560 3804 quidquam
579 3706 769 3798 aestimant,
788 3719 824 3777 et
840 3730 921 3778 eam
931 3730 1007 3805 ‚pro
1023 3704 1159 3778 meritis
1175 3705 1250 3777 suis
1267 3703 1500 3804 exspectant?

269 3828 412 3898 Pnrnos.
432 3827 484 3899 lta
500 3825 682 3922 equidem,
701 3822 765 3897 sed
779 3824 869 3921 quid
886 3822 993 3897 inde?

267 3946 476 4019 Cauniis.
509 3943 692 4043 Numquid
724 3943 819 4017 illius
842 3945 924 4017 vitae
950 3944 1212 4018 beatitudinem
1229 3944 1394 4042 judicant
1417 3944 1613 4041 majorem,
1636 3942 1700 4016 ubi
1721 3943 1820 4018 vide·

218 4063 302 4137 licet
324 4089 388 4138 eos
409 4078 596 4163 susceptos
616 4063 737 4136 nullus
758 4064 883 4161 affligit
903 4067 1079 4164 passionis
1093 4063 1214 4152 dolor,
1241 4079 1282 4137 ut
1296 4063 1347 4137 ibi
1362 4065 1484 4164 potius
1509 4087 1619 4162 quam
1636 4064 1697 4137 bic
1720 4087 1819 4137 sum·

220 4209 322 4257 mum
336 4186 495 4259 bominis
509 4165 651 4259 bonum
671 4199 707 4257 et
724 4208 847 4257 veram
861 4184 1123 4258 beatitudinem
1143 4186 1412 4286 exspectemus?
1596 4267 1599 4274 ‚

271 4308 413 4379 Pnruos.
442 4306 552 4396 Quies
578 4305 727 4404 quidem
749 4304 843 4378 illius
861 4307 940 4378 vitre
964 4307 1119 4379 maxima
1142 4320 1196 4379 est
1221 4305 1268 4379 ab
1288 4307 1411 4392 omni,
1433 4320 1473 4378 ut
1497 4306 1628 4398 dixisti,
1653 4309 1820 4405 passione

221 4424 412 4516 immunis,
433 4425 496 4497 sed
514 4449 597 4497 cum
616 4426 763 4498 afflietio
779 4440 906 4518 cessat,
925 4448 1156 4523 nequaquam
1171 4426 1294 4520 augeri
1308 4423 1570 4498 beatitudinem
1591 4423 1732 4518 dicunt,
1752 4426 1820 4499 nisi

221 4542 333 4613 virtus
354 4557 552 4637 excrescat,
578 4568 645 4616 neo
667 4546 858 4642 quisquam
879 4544 927 4617 ab
948 4546 999 4617 eis
1016 4529 1157 4617 beatior
1179 4542 1256 4616 fieri
1280 4542 1425 4636 dicitur,
1449 4544 1518 4616 nisi
1541 4544 1675 4618 virtute
1693 4545 1821 4618 melior

221 4658 420 4755 efficiatur;
455 4663 574 4760 ipsum
607 4665 758 4762 quippe,
789 4678 831 4736 ut
858 4663 952 4757 dixi,
979 4662 1159 4736 deliniunt
1192 4662 1337 4736 beatum
1370 4686 1467 4756 esse,
1499 4664 1601 4761 quod
1630 4679 1685 4738 est
1709 4664 1821 4736 virtu·

222 4777 320 4853 tibus
345 4780 495 4881 pollere.
516 4781 620 4854 Unde
640 4797 677 4855 et
697 4780 883 4880 quislibet,
907 4781 996 4854 dum
1013 4807 1082 4881 pro
1101 4782 1239 4880 justitia
1260 4783 1394 4881 patitur
1413 4798 1451 4856 et
1470 4783 1642 4882 patiendo
1667 4783 1823 4882 amplius

222 4903 352 4973 mereri
377 4901 522 4994 dicitur,
549 4927 649 5002 aeque
671 4902 797 4975 beatus
818 4903 857 4974 in
883 4904 1085 4997 tormentis,
1113 4918 1155 4976 ut
1178 4917 1262 4976 ante
1286 4902 1431 4996 dicitur,
1458 4903 1544 5001 quia
1561 4926 1663 5001 aeque
1687 4901 1820 4977 bonus.

224 5022 396 5110 Quamvis
413 5023 510 5095 enim
523 5023 639 5096 virtus
657 5023 733 5121 ejus
754 5044 851 5095 nnnc
868 5024 980 5121 magis
996 5047 1107 5124 qnam
1125 5023 1226 5133 prius
1248 5035 1432 5135 appareat,
1455 5044 1686 5120 nequaquam
1701 5036 1822 5096 tamen

223 5167 267 5217 ex
285 5158 467 5221 tormento
488 5148 617 5242 crevit,
641 5146 704 5221 sed
725 5172 768 5220 ex
788 5160 984 5237 tormento,
1007 5161 1145 5245 quanta
1158 5162 1235 5221 erat
1248 5146 1425 5246 apparuit.
1446 5144 1545 5220 absit
1560 5145 1657 5231 enim
1674 5161 1716 5222 ut
1731 5171 1823 5246 quae·
