4559 6100
735 607 779 679 ΙΝ
804 605 1050 678 urtstutttt
1075 606 1136 679 ΑΙ)
1162 605 1388 678 sontum.
1790 605 1857 678 stt

272 757 421 828 scientes
431 754 506 850 jam
519 753 649 850 legales
660 753 738 827 illas
749 753 993 828 observantias
1005 755 1157 826 omnino
1169 753 1323 846 inutiles,
1336 767 1371 826 et
1380 756 1512 826 Gentes
1525 755 1586 828 vix
1600 767 1661 830 aut
1676 777 1864 853 ntutquam

273 876 307 946 in
329 899 388 946 eas
408 873 533 947 induci
550 897 667 971 posse.
690 878 733 946 Et
750 873 822 946 hoc
839 886 892 945 est
914 872 1012 969 quod
1035 897 1133 944 nunc
1154 871 1284 948 Paulus
1302 873 1479 960 meminit,
1499 871 1648 948 dicens:
1672 905 1690 938 ιι
1711 874 1762 954 llli
1779 874 1863 954 dieo

272 993 419 1083 inimici,
430 1021 449 1060 u
467 992 572 1068 idest
587 991 816 1066 adversantes
834 990 922 1062 mihi
938 1005 974 1063 et
986 990 1234 1063 consimilibus
1248 990 1336 1062 meis
1350 988 1549 1062 secundum
1565 991 1810 1086 Evangelium,
1826 993 1863 1064 id

272 1114 423 1186 estsicut
434 1136 477 1184 ex
490 1126 611 1198 nostra
621 1126 720 1210 patet
729 1110 983 1209 predicatione
991 1135 1118 1183 eornm
1129 1108 1332 1206 gloriationi
1344 1109 1499 1181 maxime
1508 1110 1647 1198 inlestn,
1658 1135 1744 1184 cum
1752 1135 1864 1188 onera

272 1230 356 1326 legis
371 1232 511 1329 penitus
529 1229 730 1318 interdicat,
750 1243 786 1304 et
801 1229 874 1301 hoc
887 1242 1036 1328 propter
1051 1254 1129 1319 vos,
1148 1254 1171 1301 o
1190 1228 1362 1316 Gentiles,
1380 1227 1512 1324 quibus
1527 1228 1604 1300 hec
1621 1253 1732 1304 onera
1750 1231 1866 1328 impo-

272 1372 356 1421 nere
373 1350 555 1422 uolumns.
577 1378 594 1417 ιι
615 1347 685 1420 Sed
703 1363 821 1422 tamen
841 1348 1012 1422 carissimi
1030 1347 1149 1438 nobis,
1177 1377 1195 1414 ι
1220 1347 1259 1422 id
1280 1361 1334 1419 est
1356 1372 1430 1446 prae
1454 1349 1588 1422 caeteris
1611 1363 1739 1422 nostro
1759 1348 1867 1424 inhae·

271 1482 389 1556 rentes
405 1467 595 1560 desiderio,
618 1481 655 1538 ut
672 1467 837 1539 conversi
854 1465 1048 1556 salventur,
1063 1495 1080 1534 ι
1094 1479 1242 1565 propter
1257 1479 1377 1565 patres
1391 1467 1553 1565 ipsorum
1567 1494 1584 1536 u
1599 1467 1812 1563 justissimos
1827 1483 1863 1541 et

273 1611 408 1684 magnae
424 1586 656 1676 auctoritatis,
676 1584 897 1657 Patriarchas
913 1585 1044 1658 scilicet
1061 1599 1095 1656 et
1114 1583 1322 1684 Prophetas.
1347 1614 1365 1654 ιι
1383 1586 1592 1662 Semndum
1610 1586 1821 1662 electionem
1843 1616 1861 1653 u

272 1720 391 1777 tamen
409 1708 476 1778 Dei
493 1705 604 1800 magis
625 1728 735 1800 quam
754 1703 953 1777 secundum
975 1704 1120 1802 propria
1144 1728 1271 1775 eorum
1294 1703 1437 1797 merita,
1455 1706 1519 1802 qui
1543 1729 1606 1777 eos
1628 1730 1693 1803 per
1714 1707 1861 1801 gratiam

271 1848 387 1910 suam,
401 1824 574 1897 Gentibus
587 1821 801 1921 reprobatis,
816 1823 933 1919 elegit,
947 1846 990 1895 ac
1005 1819 1215 1896 mirabiliter
1227 1821 1444 1896 sublimavit.
1460 1827 1549 1895 Nam
1562 1837 1599 1898 et
1611 1828 1727 1900 Deum
1743 1826 1861 1923 ipstun

272 1966 353 2039 erga
369 1942 461 2014 filios
477 1957 624 2042 propter
640 1957 756 2043 patres
773 1944 922 2038 gratiam
939 1966 1041 2012 suam
1055 1939 1260 2013 exhibuisse
1280 1966 1354 2028 non
1370 1943 1534 2037 ignotum
1549 1958 1622 2033 est,
1640 1968 1750 2041 quesn
1764 1945 1863 2018 Salo·

211 2056 213 2059 ’
274 2063 371 2133 moni
388 2061 586 2133 idololatrae
604 2077 752 2160 propter
766 2060 904 2157 justum
922 2073 1060 2158 patrem
1078 2060 1279 2157 pepercisse
1295 2061 1475 2152 novimus,
1493 2075 1529 2133 et
1545 2065 1703 2157 Moysem
1719 2064 1860 2136 veniam

273 2178 490 2277 delinquenti
507 2180 643 2279 populo
663 2192 810 2278 propter
827 2179 950 2251 merita
969 2191 1109 2278 patrum
1134 2179 1343 2277 implorasse
1367 2193 1473 2276 atque
1495 2181 1713 2278 impetrasse.

324 2328 341 2366 ιι
356 2299 438 2374 Siue
463 2300 670 2397 poenitentia
695 2300 805 2370 enirn.
823 2326 842 2366 u
869 2299 979 2386 Quasi
1001 2298 1129 2395 aliqms
1148 2298 1292 2385 diceret,
1320 2323 1398 2395 quae
1425 2321 1510 2370 cura
1535 2299 1581 2369 de
1607 2299 1666 2372 illa
1689 2300 1861 2376 electione

273 2417 504 2514 antiquorum
515 2433 671 2516 patrum,
686 2441 748 2489 seu
765 2415 1063 2515 promissionibus
1075 2418 1130 2489 vel
1143 2415 1360 2492 beneficiisa
1376 2420 1455 2488 Deo
1465 2415 1535 2488 illis
1545 2417 1763 2509 olimlactis3
1777 2443 1860 2494 cum

273 2558 370 2607 nnnc
387 2561 531 2634 prorsus
542 2550 713 2635 appareat
730 2536 768 2607 in
783 2534 918 2610 malitia
933 2534 1089 2606 filiorum
1102 2559 1232 2608 eorum
1247 2558 1326 2631 quae
1339 2535 1375 2604 in
1392 2535 1555 2632 patribus
1565 2537 1674 2630 egerit
1685 2538 1862 2616 Dominus

273 2655 339 2751 ipsi
350 2653 547 2753 displicere.
562 2654 1009 2753 Respondensllpostolus,
1019 2656 1154 2742 imum,¹
1166 2654 1295 2752 inquit,
1313 2655 1420 2728 «sine
1437 2655 1647 2752 paenitentia
1664 2670 1748 2732 suut
1762 2656 1859 2730 duria

272 2774 337 2845 Dei
361 2789 397 2862 et
421 2775 563 2848 vocatio
579 2774 658 2864 Dei,
674 2804 691 2839 »
712 2772 819 2846 idest
839 2796 1025 2870 nunquam
1046 2773 1079 2844 ei
1102 2771 1267 2870 displicet
1291 2797 1329 2843 se
1345 2772 1451 2848 alicui
1472 2772 1672 2871 quidquam
1688 2775 1859 2870 donuae,

272 2893 326 2964 vel
339 2892 387 2964 ad
403 2893 512 2980 fidem
529 2916 749 2991 quemqnam
766 2916 925 2982 vocasse,
944 2893 1029 2989 quia
1047 2891 1215 2964 videlicet
1228 2891 1536 2966 incommutabilis
1550 2906 1604 2972 est
1618 2896 1772 2970 omuino
1787 2898 1863 2992 ejus

272 3012 453 3105 voluntas,
482 3037 549 3086 nec
571 3001 732 3110 unquam
756 3010 856 3109 quud
880 3009 990 3087 semel
1008 3009 1213 3085 laciendum
1235 3034 1312 3082 esse
1330 3010 1469 3107 judicat
1493 3035 1533 3087 se
1549 3011 1639 3087 illud
1655 3013 1777 3089 fecisse
1795 3017 1865 3115 ins

271 3131 401 3230 prohat
421 3161 429 3204 ε
450 3133 551 3230 qnod
568 3134 691 3231 utique
707 3145 800 3205 esset
816 3130 863 3203 de
881 3130 975 3203 lacto
992 3155 1058 3202 suu
1072 3131 1260 3228 poenitere.
1280 3130 1359 3203 tllio
1374 3145 1495 3209 minen
1512 3132 1623 3209 modo
1639 3136 1749 3211 etiarn
1766 3140 1863 3211 Dein

273 3275 537 3349 nonnunquam
554 3252 726 3348 poenitere
746 3248 889 3337 dicitnr,
905 3247 1080 3323 mutando
1097 3247 1230 3323 scilicet
1250 3249 1307 3320 vel
1324 3247 1484 3323 dolcudo
1505 3249 1604 3344 quod
1620 3250 1763 3343 lecerat,
1786 3276 1860 3327 non

272 3369 512 3469 improbando
539 3369 670 3441 lactum
702 3393 827 3452 suum,
857 3366 896 3438 id
927 3380 1079 3439 estnon
1102 3364 1301 3461 judicando
1328 3365 1417 3439 illud
1440 3367 1547 3441 fusse
1574 3369 1735 3455 malum,
1762 3376 1860 3467 quud

272 3491 415 3587 proprie
431 3489 637 3587 poenitentia
656 3485 845 3577 diceretur,
861 3486 964 3582 juxta
980 3483 1068 3556 illud
1085 3483 1292 3582 Philosophi
1311 3511 1319 3554 ε
1344 3513 1362 3548 ι
1382 3485 1592 3579 Paenitentia
1608 3490 1703 3561 enim
1726 3493 1860 3565 malum

274 3608 405 3679 factum
420 3608 622 3681 comitatur.
636 3637 653 3672 »
675 3610 713 3677 ln
731 3605 851 3677 electis
866 3604 933 3675 Dei
951 3603 1049 3676 dona
1064 3602 1141 3698 ejus
1157 3625 1283 3676 eorum
1300 3603 1527 3685 vocationem
1543 3607 1761 3703 praecedunt,
1772 3611 1862 3684 dum
1922 3636 1926 3645 ’

274 3750 400 3801 eurum
411 3727 542 3798 scilicet
551 3723 968 3824 praeperatvolnntatem,
980 3733 1020 3794 ut
1032 3723 1176 3794 vocanti
1185 3746 1248 3793 eos
1256 3722 1303 3793 ad
1317 3745 1354 3805 se
1363 3723 1570 3815 annutiant,
1580 3738 1615 3796 et
1620 3727 1762 3823 jubenti
1769 3730 1861 3803 obs-

170 3850 173 3855 “
274 3843 528 3919 dimensium
545 3847 655 3917 enim.
673 3874 691 3911 »
712 3843 793 3915 Dixi
809 3842 1032 3941 plenitudine
1049 3865 1303 3915 conversarum
1323 3844 1506 3933 Gentium,
1527 3844 1635 3919 etiam
1653 3848 1794 3922 tudens
1813 3853 1860 3923 ad

274 3964 382 4037 tidem
406 3962 682 4037 convertendos.
701 3968 772 4034 Nec
795 3963 927 4033 mirum
950 3962 979 4031 si
1005 3959 1066 4031 fiat
1093 3960 1140 4031 ita
1158 3960 1204 4041 de
1226 3960 1308 4053 illis,
1328 3963 1734 4055 messanensium
1755 3983 1795 4041 et
1816 3970 1862 4042 de

273 4082 377 4155 vobis
393 4084 525 4156 lactum
542 4097 607 4155 est.
626 4086 668 4153 Et
683 4080 755 4151 hoc
772 4094 825 4152 est
844 4106 852 4149 :
871 4108 888 4146 ι
904 4079 1002 4150 Sient
1013 4079 1122 4169 enim,
1139 4093 1208 4151 etc.
1223 4109 1241 4146 r
1257 4108 1275 4145 ιι
1293 4082 1444 4177 Propter
1458 4081 1615 4176 illorum,
1625 4115 1648 4161 s
1662 4086 1863 4163 idestdum

273 4182 436 4275 videlicet
456 4202 525 4274 illis
541 4199 793 4300 repellentibus
812 4223 835 4272 a
855 4222 893 4277 se
914 4197 1204 4297 predicationem
1219 4200 1380 4297 Apostoli
1396 4199 1443 4272 ad
1460 4203 1611 4303 Gentes,
1625 4210 1775 4281 transire
1790 4212 1862 4282 cito

273 4320 450 4419 compulsi
475 4336 575 4410 sunt,
597 4351 615 4387 ιι
631 4320 681 4391 ita
699 4333 734 4392 et
756 4319 826 4408 isti,
843 4344 861 4386 u
881 4318 918 4390 id
937 4331 991 4389 est
1012 4315 1124 4391 ludaei
1143 4346 1160 4382 ιι
1177 4316 1274 4390 nnnc
1299 4343 1373 4393 non
1397 4319 1627 4395 crediderunt
1649 4326 1689 4399 io
1710 4342 1863 4402 vestram

275 4438 604 4531 misericordiam»
623 4438 660 4510 id
682 4451 735 4509 est
756 4460 832 4513 uon
857 4448 1069 4533 receperunt
1088 4434 1379 4533 praedicationem
1403 4462 1474 4534 qua
1493 4464 1560 4515 vos
1572 4443 1862 4521 ¹misericordium

273 4581 294 4627 a
311 4561 389 4631 Deo
412 4560 594 4641 consecuti
616 4559 712 4646 estis,
738 4567 779 4629 ut
799 4570 880 4655 post
898 4579 964 4627 vos
984 4554 1034 4627 ad
1052 4554 1163 4627 fidem
1186 4556 1419 4652 postmodum
1439 4540 1475 4631 et
1494 4560 1562 4658 ipsi
1578 4564 1737 4657 veniant,
1763 4580 1799 4641 et
1819 4592 1863 4639 eo

273 4674 483 4767 humiliores
507 4676 707 4771 efficiantur
728 4675 827 4772 quod
853 4674 901 4748 ad
926 4673 1036 4747 iidem
1057 4697 1121 4757 vos
1135 4687 1350 4769 sequantur,
1368 4678 1469 4771 quasi
1481 4681 1648 4779 ,exempti
1662 4688 1768 4759 vesu-i
1791 4711 1865 4758 ma.

273 4794 416 4890 gislerio
443 4794 534 4871 hinc,
554 4796 686 4871 edocti.
713 4823 731 4863 ιι
748 4792 931 4867 Conclusit
957 4808 1090 4881 autern,
1105 4821 1123 4857 r
1143 4790 1181 4862 id
1198 4805 1252 4875 est
1272 4792 1429 4869 caecitate
1448 4795 1667 4875 infidelitatis
1680 4803 1756 4897 jam
1775 4829 1867 4876 oon·

273 4915 398 5011 stringi
413 4939 539 4989 omues
560 4930 634 4995 tarn
650 4914 793 4989 tudaeos
815 4911 950 4985 scilicet
970 4934 1079 5009 qnam
1100 4913 1233 4987 Gentes
1252 4913 1428 5010 promisit,
1448 4931 1488 4991 ut
1511 4917 1550 4989 in
1575 4922 1740 4995 omnium
1765 4939 1867 5020 post..

274 5033 425 5105 modum
440 5035 675 5106 conversione
687 5054 853 5128 maguam
867 5053 968 5102 suam
983 5030 1209 5101 clementiam
1227 5029 1442 5124 ostenderet,
1457 5033 1587 5129 quibus
1603 5036 1767 5112 videlicet
1780 5058 1863 5115 ante

275 5144 385 5218 tidem
402 5145 541 5219 nullum
557 5149 670 5220 inesse
688 5146 855 5219 meritum
872 5158 1025 5234 constat,
1037 5143 1120 5240 qnia
1139 5144 1215 5213 sine
1229 5143 1303 5253 lide
1318 5145 1537 5243 impossibile
1550 5163 1601 5221 est
1611 5150 1752 5247 placere
1770 5161 1859 5232 Dec.
