4559 6100
739 568 994 641 THEOLOGIA
1019 567 1295 642 cflnls‘tttttl.
1735 569 1802 640 371

217 716 279 810 tia,
305 718 398 790 sicut
420 718 598 817 posterius
623 718 867 792 ostendemus.
890 716 973 791 Tale
995 732 1049 792 est
1071 743 1157 816 ergo
1174 717 1399 818 Sapientiam,
1413 730 1623 818 conceptam
1643 718 1810 815 parturiri

217 839 343 928 aDeo,
362 862 404 910 ac
420 839 449 909 si
469 837 684 927 dictumsit,
700 839 814 937 ipsam
833 838 1049 937 Sapientiam
1064 861 1106 909 ex
1131 838 1209 936 ipsa
1226 838 1340 910 Patris
1354 836 1564 928 substantia,
1587 837 1624 908 in
1651 852 1807 934 quaest,

217 957 325 1052 gigni.
347 958 430 1028 Tale
446 971 499 1030 est
515 957 734 1054 Sapientiam
749 956 874 1029 ludere
890 957 1138 1030 coransPatre
1156 971 1191 1028 et
1215 981 1299 1028 cnm
1316 957 1395 1054 ipso
1412 970 1541 1027 cuncta
1557 968 1806 1052 componere,

218 1074 304 1146 acsi
321 1074 462 1165 dixerit,
486 1076 602 1173 ipsam
623 1075 780 1148 divinam
807 1077 1008 1149 Potentiam
1036 1075 1160 1147 omnia
1185 1076 1221 1146 in
1246 1075 1428 1174 Sapientia
1455 1098 1523 1173 pro
1548 1071 1718 1145 bonitatis
1739 1098 1810 1146 suae

218 1193 363 1278 arbitrio
384 1193 589 1294 disponere,
616 1199 654 1265 u't
675 1195 715 1278 ¹in
740 1197 817 1292 ipso
842 1195 931 1267 ludo
953 1196 1071 1293 ipsum
1092 1194 1264 1266 bonitatis
1283 1194 1451 1267 allectum
1475 1193 1740 1289 intelligamus:
1765 1192 1810 1265 de

218 1337 291 1409 quo
319 1315 490 1411 scriptum
517 1318 588 1386 est¹
606 1341 623 1397 :¹
640 1315 807 1413 «Spiritu
833 1314 905 1385 oris
930 1313 1007 1409 ejus
1031 1314 1149 1385 omnis
1176 1315 1289 1385 virtus
1312 1339 1451 1386 eorum.
1470 1343 1487 1378 »
1517 1311 1626 1403 Quod
1651 1335 1747 1404 vero·
1762 1312 1812 1384 ait

217 1432 433 1530 Sapientiam
455 1457 579 1505 coram
602 1438 680 1505 Deo
706 1438 810 1505 Patre
822 1456 970 1531 semper
986 1433 1161 1525 assistere,
1186 1434 1256 1506 tale
1278 1447 1349 1524 est,
1377 1434 1491 1533 ipsam
1511 1431 1810 1531 omnipotentiam

218 1551 307 1637 nibil
328 1552 480 1643 efficere,
506 1555 573 1626 nisi
597 1568 776 1653 praeeunte
795 1554 933 1625 ratione
958 1569 993 1624 et
1018 1553 1152 1626 ducatu
1175 1553 1374 1651 Sapientiae.
1395 1558 1483 1624 ltem
1500 1551 1596 1623 idem
1620 1551 1656 1622 in
1675 1550 1810 1624 eisdem

221 1671 419 1764 Procerbr'ir¹
437 1672 483 1744 de
509 1673 597 1746 Filio
618 1674 685 1747 Dei
703 1689 738 1745 et
763 1671 933 1745 ineffabili
956 1672 1105 1744 nomine
1129 1672 1238 1770 ipsius
1260 1698 1406 1771 qnoque
1429 1672 1507 1744 Filii
1529 1670 1811 1772 manifestissime

218 1791 353 1883 scribit,
369 1795 470 1889 quasi
489 1791 644 1868 induens
661 1816 852 1892 personam
867 1789 1086 1864 admirabilis
1107 1790 1295 1886 eujusdam
1315 1792 1499 1891 prophetae
1512 1790 1608 1862 hanc
1628 1791 1811 1863 inenarra-

217 1909 326 1984 bilem
364 1912 631 2007 generationem
658 1912 909 2012 propbetantis
935 1927 971 1983 et
999 1911 1221 1984 admirantis.
1258 1912 1351 1984 Dicit
1377 1913 1517 2010 ,quippe
1542 1912 1612 1982 sic'
1641 1936 1649 1979 :
1681 1938 1699 1977 a
1714 1910 1810 1994 Visio
1929 1963 1931 1965 -

218 2054 327 2126 qnam
364 2029 506 2114 loeutus
543 2044 595 2103 est
638 2033 692 2102 vir
729 2056 813 2103 cum
852 2056 926 2129 quo
966 2045 1019 2102 est
1051 2034 1167 2123 Deus,
1205 2043 1240 2101 et
1275 2030 1338 2128 qui
1375 2033 1453 2103 Deo
1489 2053 1610 2103 secum
1647 2041 1811 2101 morante

217 2148 438 2242 confortatos
465 2149 546 2221 ait:
584 2150 673 2236 Quis
704 2151 886 2224 suscitavit
911 2175 1038 2222 omnes
1070 2150 1241 2222 terminos
1264 2149 1391 2223 terrae?
1420 2148 1520 2245 quod
1549 2172 1682 2219 nomen
1713 2148 1807 2243 ejus,

218 2281 254 2339 et
284 2268 396 2365 quod¹
415 2290 549 2354 nomen
565 2268 656 2344 ,Filii
684 2269 783 2364 ejus?
800 2298 817 2335 n
849 2274 967 2358 Quam
997 2267 1140 2340 firmum
1167 2270 1299 2361 etiam,
1325 2292 1507 2366 quamque
1533 2283 1698 2366 apertum
1723 2267 1809 2339 fidei

193 2400 346 2473 „nostrae
371 2385 617 2474 testimonium
640 2387 677 2457 in
698 2387 944 2459 Ecclesiastico
967 2389 1141 2480 occurrit,
1157 2387 1231 2470 ,ubi
1256 2386 1403 2484 quidem
1428 2386 1606 2485 Sapientia
1625 2386 1690 2456 Dei
1716 2398 1752 2456 et
1774 2410 1812 2457 se

219 2504 603 2603 primogenitamante
625 2507 748 2579 omnia
761 2506 860 2593 dicit,
886 2506 1086 2579 secundum
1108 2505 1303 2579 divinitatis
1327 2521 1505 2595 naturam,
1525 2519 1561 2577 et
1578 2503 1811 2603 postmodum

219 2639 378 2712 creatam¹
400 2622 602 2696 secundnm
626 2639 761 2698 naturae
786 2640 916 2698 oostrae
939 2627 1212 2716 assumtionem,
1239 2651 1323 2698 cum
1348 2627 1425 2723 ipsa
1443 2624 1607 2697 videlicet
1627 2623 1673 2695 ad
1697 2624 1812 2720 impe·

220 2743 312 2824 rium
326 2743 437 2814 Patris
456 2768 521 2843 per
534 2744 790 2817 incarnationis
805 2743 969 2817 habitum
985 2745 1141 2816 visitavit
1156 2744 1276 2816 lsrael.
1295 2745 1476 2844 Scriptum
1494 2745 1627 2843 quippe
1643 2758 1695 2814 est
1710 2742 1783 2814 ibi·
1801 2770 1811 2811 ε

223 2864 434 2960 «Sapientia
450 2863 488 2933 in
508 2862 736 2936 multitudine
750 2861 948 2936 electorum
971 2862 1120 2936 habebit
1140 2862 1283 2936 laudem
1307 2877 1344 2935 et
1365 2863 1458 2934 inter
1477 2860 1687 2934 benedictos
1704 2860 1812 2933 bene·

220 2981 371 3075 dicetur,
391 2980 540 3055 dicens:
564 3010 581 3051 a
599 2987 674 3080 Ego
695 3008 737 3057 ex
757 3007 820 3056 ore
839 2984 1001 3056 altissimi
1017 2982 1160 3084 prodivi
1176 2983 1415 3084 primogenita
1436 2996 1519 3056 ante
1544 3005 1692 3053 omnem
1714 3003 1814 3053 crea·

221 3117 350 3175 turam.
379 3107 455 3197 Ego
479 3104 516 3173 in
542 3101 642 3175 coelis
669 3103 736 3176 leci
761 3117 800 3174 ut
826 3103 980 3176 oriretur
1008 3104 1129 3177 lumen
1158 3103 1379 3192 indeficiens,
1409 3117 1446 3174 et
1469 3103 1562 3175 sicut
1589 3101 1721 3173 nebula
1746 3103 1815 3204 tesi

221 3246 368 3305 omnem
386 3234 529 3293 terram.
546 3225 623 3318 Ego
639 3223 676 3294 in
693 3221 870 3295 altissimis
890 3222 1070 3316 habitavi,
1090 3238 1126 3296 et
1148 3223 1301 3297 thronos
1325 3246 1425 3294 mens
1450 3222 1487 3291 in
1506 3220 1675 3293 columna
1692 3219 1811 3293 nubis.

221 3343 358 3438 Gyrnm
375 3340 454 3412 coeli
475 3340 622 3412 circuivi
636 3341 727 3435 sola,
748 3357 816 3417 etc.
836 3370 854 3412 a
876 3347 918 3414 Et
933 3358 1016 3443 post
1033 3347 1192 3441 pauea‘:
1212 3373 1228 3412 a
1244 3348 1345 3414 Tunc
1371 3341 1551 3440 praecepit,
1570 3354 1606 3412 et
1621 3339 1709 3411 dixit
1725 3338 1814 3409 mihi

220 3474 361 3546 creator
376 3459 554 3552 omnium,
573 3462 685 3557 etqui
701 3463 904 3559 crearitme
920 3463 1096 3558 requievit
1113 3463 1150 3534 in
1169 3445 1402 3535 tabernaculo
1421 3484 1517 3551 meo,
1536 3473 1573 3530 et
1589 3458 1678 3530 dixit
1693 3457 1782 3530 mihi
1801 3485 1810 3529 ε

223 3607 241 3646 a
259 3581 298 3648 ln
313 3576 433 3667 ⁸Jacob
455 3577 635 3669 inhabita,
653 3594 690 3652 et
705 3581 741 3651 in
755 3582 861 3654 lsrael
874 3580 1105 3672 hereditare,
1125 3596 1161 3654 et
1182 3583 1218 3653 in
1241 3581 1363 3659 electis
1375 3581 1474 3657 ,meis
1498 3579 1599 3650 mitte
1621 3575 1769 3649 radices.
1793 3604 1812 3644 n

222 3696 421 3787 ln3.eodem
448 3722 595 3796 quoqne
626 3698 720 3772 libro
751 3701 970 3798 apertissime
998 3715 1230 3800 peccatorum
1261 3700 1508 3773 remissionem
1545 3696 1739 3769 consistere
1775 3697 1812 3768 io

222 3817 471 3890 lncamatione
496 3817 625 3891 divinae
652 3820 862 3917 Sapientiae,
888 3843 968 3917 quae
995 3819 1157 3892 Christus
1182 3832 1257 3911 est,
1289 3817 1493 3918 prophetat,
1522 3816 1644 3889 dicens
1668 3829 1815 3915 peccata

220 3934 337 4023 David
365 3959 430 4034 per
455 3935 637 4009 Christum
668 3952 818 4036 purgata
846 3963 953 4023 esse.⁴
976 3938 1031 4012 lbi
1065 3939 1163 4012 enim
1197 3963 1283 4011 cum
1310 3937 1356 4011 de
1384 3935 1492 4011 laude
1520 3935 1636 4009 David
1659 3934 1812 4034 plurima

222 4053 439 4149 dicerentur,
470 4079 611 4130 summa
635 4058 745 4129 totius
776 4056 892 4130 laudis
917 4058 953 4129 in
983 4058 1055 4132 boo
1083 4083 1159 4131 uno
1185 4056 1336 4131 collecta
1361 4071 1435 4146 est,
1466 4080 1539 4153 quo
1566 4054 1809 4127 subdichnr':

225 4172 420 4262 «Christus
440 4176 603 4273 purgavit
617 4191 764 4275 peccata
782 4177 905 4276 ipsius,
924 4191 959 4250 et
979 4176 1146 4252 exaltavit
1160 4179 1198 4251 in
1219 4192 1392 4251 aeternum
1417 4200 1532 4249 cornu
1554 4176 1644 4272 ejus,
1663 4188 1699 4246 et
1715 4173 1816 4246 dedit

222 4290 272 4364 illi
287 4305 696 4393 testamentumregum,
712 4297 885 4370 etsedem
903 4295 1024 4394 gloriae
1040 4299 1078 4370 in
1095 4297 1248 4370 lsrael.»
1695 4276 1698 4283 ¹

271 4410 437 4485 Michaeas
463 4436 610 4512 qnoque
633 4414 681 4489 de
706 4414 777 4489 hac
797 4431 932 4501 aeterna
945 4414 1054 4503 Verbi
1080 4416 1310 4513 generatione
1333 4439 1376 4488 ex
1404 4420 1518 4505 Patre,
1545 4438 1687 4497 necnon
1706 4426 1743 4486 et
1769 4410 1815 4486 de

221 4530 466 4630 temporalier
477 4545 590 4625 matre
600 4535 685 4608 sit⁸r
704 4541 776 4607 «Et
787 4549 826 4608 tu
843 4535 1026 4621 Bethleem
1042 4535 1177 4609 Ellrata
1189 4534 1359 4633 parvulus
1373 4558 1411 4608 es
1427 4535 1465 4607 in
1478 4532 1634 4607 millibus
1647 4531 1739 4605 tuda
1753 4554 1815 4603 :ex

220 4660 260 4720 te
273 4648 362 4737 mibi
375 4650 577 4748 egredietur
592 4655 656 4750 qui
670 4656 718 4727 sit
731 4654 939 4737 dominator
955 4657 994 4729 in
1008 4655 1128 4749 Israel,
1144 4668 1181 4728 et
1197 4678 1357 4757 egressus
1371 4653 1449 4752 ejus
1465 4653 1511 4728 ab
1531 4654 1635 4726 initio
1652 4677 1672 4725 a
1688 4650 1816 4724 diebus

219 4769 472 4863 aeternitatis.»
497 4772 628 4864 Dicant
646 4772 796 4861 rebelles
816 4789 852 4849 et
872 4774 1046 4849 increduli
1069 4773 1193 4869 ludaei,
1216 4773 1262 4847 de
1278 4799 1354 4873 quo
1380 4774 1561 4880 nascituro
1576 4774 1613 4846 in
1635 4769 1815 4845 Bethleem

258 5076 373 5131 'Pralm
385 5083 533 5145 unaco.
544 5084 596 5120 ..s
607 5084 697 5148 Pron,
708 5097 768 5149 m,
779 5099 803 5138 r.
817 5093 840 5140 t.
853 5112 883 5126 -
904 5086 1019 5153 'Boetia
1030 5101 1164 5154 capsur,
1181 5101 1205 5141 r.
1219 5091 1244 5141 t.
1259 5113 1288 5127 -
1303 5086 1402 5149 ⁴ntt..
1413 5099 1438 5143 r.
1452 5087 1490 5141 tt.
1508 5082 1656 5146 -ῑῐδῑᾶοι
1667 5094 1723 5146 “tt-
1737 5092 1817 5145 Μ’,

216 5167 249 5208 r.
267 5158 529 5245 tamquam.
541 5175 566 5227 r,
577 5175 602 5215 r.
613 5167 638 5217 2.
