4559 6100
922 543 1152 618 DlALOGUS.
1764 542 1835 614 663

239 718 282 766 ex
303 693 405 767 vobis
431 718 540 767 omne
567 694 805 766 masculinum
827 694 865 765 in
894 667 1196 790 generationibus·
1210 696 1355 785 restris,
1384 708 1459 765 tam
1487 691 1699 775 vernaculus
1724 717 1833 790 quam

239 813 420 912 emptitius
439 828 476 886 et
492 814 700 911 quicunque
718 838 794 886 non
816 813 922 887 fuerit
939 812 986 885 de
1008 813 1116 911 stirpe
1133 828 1272 903 vestra3
1295 841 1313 879 n
1330 811 1493 911 profecto
1512 810 1595 911 [per
1617 810 1715 909 hoc]
1732 814 1831 911 quod

239 934 288 1004 ait
302 963 320 1000 r«
332 957 376 1005 er
393 932 526 1006 vobis»
540 957 614 1005 non
627 947 767 1006 tanturn
785 932 962 1007 Abraham
978 945 1013 1004 et
1031 947 1196 1031 posteros
1210 933 1286 1028 ejus
1302 929 1591 1030 comprehendit,
1606 929 1670 1003 sed
1686 932 1832 1031 insuper

239 1076 302 1123 eos
324 1052 532 1149 quicunque
554 1051 600 1124 ad
619 1053 788 1128 familiam
812 1068 848 1125 et
871 1052 1136 1152 possessionem
1158 1076 1285 1124 eorum
1308 1051 1505 1150 pertinent,
1533 1064 1573 1123 ut
1598 1050 1649 1121 eis
1669 1049 1835 1124 videlicet

241 1174 416 1270 imperare
441 1186 587 1270 possent
613 1171 717 1245 etad
742 1172 1051 1246 circumcisionem
1077 1195 1218 1269 cogere.
1244 1170 1348 1245 Unde
1371 1171 1479 1245 etiam
1505 1185 1697 1267 postquam
1722 1168 1833 1241 dixit:

242 1318 260 1356 u
275 1305 310 1362 et
326 1288 443 1379 vobis,
458 1319 477 1357 r
490 1303 526 1364 et
543 1305 667 1389 postea
683 1289 865 1364 subdidit:
888 1292 951 1363 «in
968 1289 1258 1387 generationibus
1271 1290 1395 1363 vestris
1408 1305 1483 1362 tam
1499 1289 1713 1367 vernaculus
1725 1313 1835 1386 quam

239 1409 434 1507 emptitius,
449 1442 466 1475 r
484 1425 518 1483 et
533 1408 665 1483 deinde
683 1410 812 1507 adjecit
831 1438 840 1482 ε
859 1411 1148 1509 «etquicunque
1167 1434 1241 1483 non
1259 1408 1364 1483 fuerit
1379 1408 1425 1481 de
1442 1408 1551 1506 stirpe
1564 1421 1694 1501 vestra,
1707 1438 1725 1474 r
1749 1406 1838 1506 [per

239 1527 309 1599 boc
331 1528 432 1625 quod
448 1529 538 1601 dixit
558 1559 577 1597 s
592 1531 630 1601 in
649 1530 939 1625 generationibus
956 1532 1082 1602 vestris
1103 1544 1139 1602 et
1160 1532 1367 1627 quicunque
1389 1552 1464 1601 nou
1476 1528 1557 1604 ,erit
1579 1526 1625 1599 de
1649 1526 1759 1625 stirpe
1776 1551 1836 1598 ve·

238 1646 344 1747 stra]:
362 1678 379 1712 u
390 1647 579 1743 diligenter
591 1649 775 1747 expressit,
788 1650 888 1747 quod
901 1651 1065 1749 superius
1076 1648 1399 1748 comprehenderat
1408 1671 1491 1719 cum
1502 1647 1590 1720 dixit
1601 1675 1619 1715 ι(
1630 1670 1673 1718 ex
1682 1646 1799 1736 vobis,
1815 1675 1832 1713 »r

239 1789 313 1837 non
326 1767 444 1838 solum
463 1764 629 1840 videlicet
644 1793 794 1841 suorum
809 1770 1057 1867 generationes
1067 1770 1322 1868 posteriorum,
1338 1766 1402 1839 sed
1412 1768 1520 1840 etiam
1537 1765 1707 1838 familiam
1724 1789 1833 1863 quam

239 1885 422 1981 possident
432 1885 724 1983 alienigenarum.
741 1889 810 1976 Qui
829 1889 936 1962 etiam
952 1887 1164 1961 sententiam
1175 1886 1347 1976 dicendo,
1368 1916 1386 1956 α
1406 1887 1545 1984 eritque
1554 1898 1699 1983 paetum
1712 1909 1832 1958 meum

237 2006 274 2075 in
292 2028 400 2077 carne
418 2019 546 2093 vestra,
568 2034 585 2072 »
604 2007 656 2078 sie
670 2004 760 2078 dixit
777 2007 986 2103 generaliter
1005 2037 1023 2073 e
1043 2008 1079 2078 in
1097 2030 1205 2079 carne
1222 2020 1351 2097 vestra,
1365 2036 1383 2073 r
1397 2006 1490 2079 sicut
1506 2019 1589 2077 ante
1605 2003 1741 2077 dixerat
1758 2035 1774 2069 «
1795 2006 1831 2076 in

239 2122 354 2195 vobis.
376 2153 394 2189 ι)
415 2123 575 2222 Alioquin
593 2125 747 2197 multum
764 2126 962 2225 incongrue
978 2141 1071 2199 esset
1088 2127 1323 2226 promissum,
1341 2126 1443 2223 quasi
1459 2148 1534 2197 non
1551 2139 1697 2221 pactum
1714 2125 1779 2196 uei
1796 2127 1832 2195 in

239 2265 347 2314 carne
365 2240 527 2342 ipsorum
543 2267 737 2342 apparere,
755 2246 822 2317 nisi
839 2261 875 2318 et
894 2246 1042 2319 advenae
1057 2247 1149 2319 sicut
1172 2260 1207 2318 et
1225 2246 1332 2317 ceteri
1352 2242 1708 2318 circumciderentur.
1729 2244 1833 2316 Unde

237 2375 272 2433 et
288 2386 354 2460 per
369 2364 440 2434 hoe
458 2361 556 2459 quod
571 2362 714 2453 dicitur,
733 2396 751 2432 s
764 2366 801 2437 in
822 2388 930 2438 carne
946 2380 1075 2453 vestra,
1091 2366 1219 2463 »ipsos
1235 2389 1382 2462 quoque
1398 2364 1555 2437 advenas
1571 2362 1832 2461 comprehendi

237 2495 388 2553 constat.
414 2480 504 2554 illud
517 2507 663 2580 quoque
676 2484 777 2583 quod
790 2486 984 2557 novissime
1007 2484 1168 2557 additam
1189 2484 1401 2556 seutentiam
1424 2497 1680 2556 consummat:
1705 2511 1723 2549 α
1745 2487 1832 2556 Mas·

236 2599 339 2671 culus
363 2601 465 2697 cujus
485 2603 646 2700 praeputii
665 2626 750 2675 caro
770 2604 979 2677 circumcisa
1001 2629 1076 2676 non
1097 2602 1219 2691 luerit,
1246 2602 1375 2700 peribit
1399 2603 1520 2675 anima
1543 2599 1603 2674 illa
1626 2600 1672 2672 de
1695 2603 1832 2699 populo

237 2744 323 2810 suo,
354 2721 441 2819 quia
467 2736 613 2819 paetum
647 2747 770 2796 meum
798 2725 936 2796 irritum
960 2725 1060 2814 feeit,
1088 2753 1105 2791 u
1137 2723 1325 2820 quomodo
1352 2722 1400 2797 ad
1428 2722 1608 2822 praemissa
1636 2720 1767 2819 quibus
1797 2740 1833 2796 et

237 2837 382 2912 advenae
402 2842 477 2937 jam
494 2857 578 2913 sunt
596 2843 850 2942 comprehensi
868 2843 1031 2936 retertur,
1055 2844 1122 2916 nisi
1142 2858 1277 2917 etcum
1300 2842 1449 2915 advenis
1469 2856 1614 2939 pactum
1636 2866 1744 2913 suum
1765 2845 1830 2933 sit,
1876 2906 1886 2913 ,

237 2958 360 3032 saltem
384 2984 468 3032 eum
492 2962 622 3033 dieitur
642 2987 650 3031 ε
673 2944 986 3036 «circumcidetur
1003 2988 1047 3036 ex
1065 2963 1186 3056 vobis,
1200 2993 1218 3029 r
1236 2977 1305 3035 etc.
1326 2960 1435 3051 Quod
1451 2985 1537 3032 vero
1553 2974 1723 3034 aeternam
1741 2987 1833 3059 quo·

236 3102 309 3175 que
333 3081 533 3151 animarum
557 3081 816 3155 beatitudinem
840 3110 883 3156 er
899 3083 1065 3182 legitimis
1082 3086 1206 3156 vestris
1222 3082 1325 3154 vobis
1343 3106 1419 3156 esse
1439 3082 1653 3180 promissam
1676 3097 1832 3157 astruere

236 3195 390 3285 laboras,
415 3198 593 3271 vilissime
607 3200 822 3295 conjecture
846 3225 922 3274 esse
944 3227 985 3273 ex
1003 3204 1080 3301 ipsa
1104 3202 1181 3298 lege
1202 3215 1319 3299 potest
1340 3199 1494 3272 ostendi.
1515 3202 1581 3271 Per
1600 3199 1672 3270 huc
1697 3203 1831 3300 quippe

237 3314 337 3411 quod
360 3313 492 3387 dicitur
515 3340 599 3388 curn
619 3317 752 3391 soedere
777 3321 995 3418 sempiterno
1021 3320 1076 3392 vel
1104 3322 1141 3391 in
1163 3318 1279 3390 soedus
1302 3331 1488 3410 aeternum,
1513 3342 1577 3390 eos
1601 3319 1723 3414 quiex
1743 3345 1831 3417 prae-

237 3449 342 3533 eepto
366 3436 432 3507 Dei
456 3436 759 3509 circumcidentur
783 3438 815 3509 ei
840 3437 876 3509 iu
899 3454 1114 3539 perpetuum
1142 3440 1190 3510 ita
1215 3437 1403 3510 foederatos
1430 3435 1612 3532 intelligis,
1642 3452 1679 3509 ut
1702 3462 1768 3510 nec
1793 3443 1829 3511 in

238 3554 360 3626 futuro
387 3555 433 3628 ab
459 3558 535 3653 ejus
561 3557 673 3653 gratia
698 3555 960 3656 disjungantur.
983 3558 1084 3630 Unde
1109 3573 1146 3630 et
1170 3556 1335 3630 lsraelem
1357 3580 1420 3629 seu
1447 3560 1539 3628 Esau
1561 3556 1618 3628 vel
1641 3556 1830 3656 plerosque

237 3674 412 3773 reprobos
439 3675 643 3749 nullatenus
665 3675 922 3774 ambigendum
948 3695 1001 3752 est
1028 3704 1103 3751 esse
1128 3677 1332 3752 salvandos.
1360 3678 1471 3752 Miror
1495 3676 1602 3749 etiam
1627 3677 1727 3774 quod
1755 3704 1829 3752 non

236 3794 389 3867 attendis
410 3809 581 3867 aeternum
606 3796 680 3868 sive
702 3797 961 3897 sempiternum
982 3797 1186 3896 frequenter
1207 3797 1245 3868 iu
1267 3796 1346 3894 lege
1368 3798 1418 3870 sic
1440 3796 1567 3894 accipi,
1591 3809 1631 3869 ut
1647 3796 1726 3872 vitae
1742 3823 1830 3898 prae-

235 3914 343 3985 sentis
367 3915 666 4013 perseverantiam
693 3939 766 3988 nou
786 3916 947 3992 excedat.
966 3916 1069 3989 Unde
1085 3918 1193 3989 etiam
1214 3916 1293 4015 ipso
1315 3930 1421 4013 pacto
1443 3916 1723 3989 circumcisionis
1746 3943 1829 3991 cum

235 4034 471 4129 premittitur,
493 4034 689 4134 «daboque
708 4035 772 4107 tibi
792 4051 827 4108 et
845 4039 973 4109 semini
991 4052 1056 4110 tuo
1074 4052 1208 4110 terram
1224 4036 1519 4135 peregrinationis
1537 4048 1663 4115 tuaeet
1681 4061 1829 4112 omnem

237 4167 366 4225 terram
391 4156 535 4227 Canaau
568 4155 605 4226 in
631 4156 891 4255 possessionem
916 4172 1142 4247 aeternam‚r
1171 4181 1244 4227 non
1272 4154 1383 4227 eredo
1409 4169 1442 4226 tc
1467 4155 1558 4227 adeo
1587 4155 1762 4248 delirare,
1792 4174 1830 4230 ut

234 4275 437 4345 aeternitatis
458 4272 638 4346 vocabulo
666 4276 745 4347 vitae
775 4301 922 4375 quoque
955 4276 1080 4349 sutore
1105 4274 1365 4349 beatitudiuem
1391 4274 1572 4366 includas,
1601 4275 1647 4347 de
1674 4300 1746 4372 qua
1772 4279 1829 4349 hie

235 4391 456 4489 superfluum
474 4407 528 4465 est
547 4395 742 4491 quicquam
757 4400 963 4496 praecipere.
982 4401 1081 4494 Saepe
1094 4397 1215 4481 etiam,
1236 4396 1327 4467 sicut
1347 4396 1455 4486 nosti,
1478 4395 1513 4465 in
1532 4395 1616 4492 ipsis
1639 4394 1725 4491 legis
1747 4421 1831 4494 ope·

237 4508 335 4580 ribus
358 4523 437 4607 quae
460 4511 495 4581 in
519 4511 587 4584 hac
608 4527 748 4586 tantum
772 4516 843 4588 vita
864 4515 1155 4607 celebrabantur,
1175 4515 1230 4587 lex
1253 4512 1447 4610 adjungere
1469 4512 1577 4606 solet,
1605 4513 1828 4612 «legitimum

234 4627 493 4725 sempiternum
511 4631 578 4702 erit
593 4629 699 4703 nobis
717 4633 754 4703 in
773 4636 910 4705 cunctis
925 4633 1216 4731 generationibus
1232 4647 1266 4704 et
1284 4630 1566 4705 habitationibus
1582 4634 1749 4706 vestris.»
1771 4635 1827 4706 Sic

234 4748 345 4834 enim,
366 4760 404 4819 ut
420 4772 463 4820 ex
480 4748 642 4848 pluribus
658 4749 794 4848 aliquid
816 4751 1006 4825 afferamus
1027 4752 1252 4853 exemplum,
1270 4752 1315 4825 de
1339 4751 1553 4826 celebranda
1570 4752 1755 4825 festivitate
1778 4768 1828 4825 ta-

235 4865 514 4940 bernaculorum
539 4868 681 4964 adjecit.
713 4873 803 4941 Cum
831 4870 927 4942 enim
948 4873 1198 4970 permisisset:
1225 4871 1484 4968 «sumetisque
1510 4869 1612 4943 vobis
1632 4869 1691 4942 die
1709 4872 1828 4969 primo

236 4986 369 5059 fructus
392 4984 530 5060 arboris
551 4975 801 5088 pulcherrimae
818 4991 1046 5089 spatulasque
1066 4992 1289 5090 palmarum,
1309 5007 1344 5063 et
1362 5013 1480 5064 ramos
1504 4989 1589 5086 ligni
1608 4988 1827 5063 diversarum

236 5104 417 5178 frondium
433 5122 469 5180 et
488 5107 611 5182 salices
625 5109 671 5182 de
687 5124 858 5200 torrente,
877 5126 911 5183 et
928 5109 1133 5183 laetabimini
1152 5113 1188 5184 in
1206 5112 1364 5183 Domino
1383 5114 1460 5182 Deo
1479 5124 1612 5200 vestro,
1632 5110 1826 5184 celebrabi-
