4559 6100
1155 360 1175 391 ἱ

456 537 512 604 m
1065 531 1190 602 rnrrn
1205 492 1450 604 'ruminor

417 676 424 685 ’
464 681 598 752 malum
622 682 711 751 scire
725 679 891 777 decipere
912 678 967 749 vel
992 678 1196 767 adulterari,
1219 679 1282 750 sed
1299 682 1365 750 ista
1382 680 1618 769 committere,
1634 682 1720 775 quia
1737 681 1812 775 ejus
1828 685 1880 753 rei
1898 683 1993 757 bona
2007 703 2061 760 est

412 797 415 804 ’
462 802 638 897 cogniti0,
665 800 767 895 cujus
789 799 943 895 pessima
958 811 1012 868 est
1026 798 1142 869 actio:
1168 813 1203 868 et
1221 822 1329 869 nemo
1347 776 1471 896 peccat
1489 797 1742 895 cognoscendo
1767 817 1972 898 peccatum,
1996 809 2058 879 sed

462 918 735 991 committend0.
763 917 800 987 Si
821 941 900 1014 quoe
923 930 1043 987 autem
1061 917 1209 988 scientia
1225 917 1359 989 malum
1375 931 1481 1001 esset,
1510 918 1634 1012 utique
1653 932 1689 988 et
1706 918 1841 990 malum
1855 938 1947 993 esset
1962 948 2058 1020 quae·

460 1040 545 1111 dam
569 1060 799 1134 cognoscere.
832 1041 875 1107 tt
893 1036 968 1131 jam
984 1034 1121 1107 absolvi
1143 1059 1164 1105 a
1184 1034 1318 1104 malitia
1334 1038 1430 1106 Deus
1449 1058 1522 1104 non
1542 1049 1682 1131 posset,
1698 1038 1784 1134 quia
1802 1024 1922 1112 omnia
1941 1045 2054 1114 novit.

461 1162 499 1227 ln
528 1158 607 1255 ipso
637 1157 736 1228 enim
758 1154 838 1226 solo
856 1155 1020 1226 omnium
1041 1167 1095 1225 est
1112 1152 1299 1251 plenitudo
1318 1154 1558 1237 scientiarum,
1592 1155 1695 1250 cujus
1711 1155 1851 1237 donum
1868 1174 1921 1230 est
1940 1162 2058 1234 omnis

460 1276 617 1348 seientia.
643 1273 798 1346 Scientia
820 1273 953 1370 quippe
977 1285 1030 1344 est
1053 1271 1330 1370 comprehensio
1351 1271 1514 1342 omnium
1527 1296 1647 1342 rerum
1664 1299 1743 1370 quae
1760 1290 1863 1366 sunt,
1881 1290 1988 1374 atque
2001 1279 2058 1352 his

460 1396 631 1467 veraciter
648 1408 776 1465 cuncta
787 1391 972 1480 discernit,
988 1392 1046 1462 cui
1058 1414 1101 1462 ea
1114 1415 1263 1488 quoque
1279 1416 1357 1487 quae
1369 1415 1444 1461 nnn
1463 1405 1548 1461 sunt
1563 1393 1664 1486 quasi
1678 1396 1864 1490 praesentia
1875 1396 2052 1470 assistunt.

463 1513 563 1585 Unde
590 1528 626 1585 et
649 1512 864 1585 enumeratis
888 1510 994 1582 donis
1014 1510 1167 1607 Spiritus
1186 1510 1276 1606 ejus,
1303 1511 1379 1609 ipse
1402 1509 1589 1607 §Spiritus
1607 1511 1794 1583 seientiaen
1815 1538 1891 1585 esse
1911 1513 2051 1588 dicitur.

457 1633 557 1704 Sicut
568 1647 688 1705 autem
706 1630 790 1701 mali
803 1654 950 1727 quoque
966 1629 1113 1701 scientia
1136 1627 1237 1700 bona
1252 1642 1321 1718 est,
1340 1627 1387 1700 ad
1403 1627 1611 1700 evitandum
1632 1629 1764 1703 scilieet
1782 1632 1916 1705 malum
1933 1657 2056 1709 neces-

457 1754 568 1842 saria,
588 1753 638 1824 ita
657 1764 871 1850 potestatem
892 1750 1001 1822 etiam
1017 1748 1101 1820 mali
1114 1747 1251 1820 bonam
1270 1771 1345 1819 esse
1361 1761 1515 1836 constat,
1533 1746 1579 1819 ad
1596 1750 1877 1846 promerendum
1894 1776 2055 1828 necessa·

460 1874 560 1943 riam.
594 1872 630 1941 si
650 1872 749 1943 enim
767 1893 915 1968 peccare
931 1893 1006 1941 non
1023 1892 1229 1967 possemus,
1248 1866 1337 1938 nihil
1355 1889 1428 1939 non
1447 1868 1631 1964 peccando
1648 1893 1953 1967 promereremur,
1972 1889 2009 1945 et
2021 1878 2055 1945 ei

457 1993 519 2088 qui
532 1991 683 2063 liberum
701 2015 775 2061 nou
792 1989 899 2061 habet
915 1988 1124 2078 arbitrium,
1142 1986 1281 2058 nullum
1298 2010 1341 2056 ex
1359 1984 1415 2056 his
1433 2010 1512 2081 quae
1528 2002 1674 2060 coactus
1689 1989 1781 2085 agit,
1802 1988 1952 2062 debetur
1968 2017 2054 2090 prae·

458 2112 585 2182 mium.
604 2115 646 2182 At
660 2134 745 2182 vero
762 2123 901 2199 eontra,
919 2123 959 2179 ut
974 2109 1024 2179 ait
1039 2106 1233 2206 Propheta¹
1250 2133 1258 2176 :
1281 2106 1385 2192 «Qui
1401 2105 1518 2202 potuit
1532 2106 1729 2204 transgredi
1742 2123 1779 2179 et
1791 2132 1866 2180 non
1881 2125 1934 2183 est
1945 2124 2055 2184 trans·
2135 2146 2143 2165 ·

457 2255 614 2324 gressus,
634 2230 748 2301 lacere
773 2229 867 2299 mala
879 2242 915 2299 et
928 2251 1003 2298 non
1020 2225 1119 2313 fecit,
1141 2224 1224 2297 ideo
1241 2223 1394 2296 stabilita
1411 2238 1497 2294 suut
1510 2223 1609 2296 bona
1623 2226 1716 2298 illius
1730 2229 1766 2298 in
1780 2230 1950 2305 Domino.
1968 2258 1985 2297 u
2003 2235 2053 2302 Ex

457 2346 512 2419 his
529 2350 649 2444 itaque
666 2348 843 2445 liquidum
861 2361 913 2418 est
930 2345 1065 2417 nullam
1090 2358 1151 2416 aut
1172 2345 1355 2415 scientiam
1373 2341 1428 2415 rel
1444 2356 1656 2440 potestatem
1672 2345 1803 2418 malam
1819 2371 1914 2440 esse,
1939 2374 2053 2447 quan·

456 2482 675 2564 tnmcunque
697 2465 790 2538 mala
814 2466 885 2537 sint
907 2464 1073 2539 exercitia
1095 2487 1245 2556 eorum,
1272 2486 1355 2535 cum
1375 2476 1411 2534 et
1426 2465 1522 2533 Deus
1541 2461 1672 2535 tribuat
1690 2490 1836 2538 omnem
1854 2468 2050 2562 scientiam,

453 2601 491 2657 et
503 2611 651 2659 omnem
666 2587 809 2658 ordinet
824 2599 1048 2683 potestatem.
1077 2586 1149 2671 Qui
1166 2584 1273 2655 etiam
1290 2582 1336 2655 de
1350 2596 1523 2681 potestate
1541 2583 1751 2678 iniquissimi
1768 2586 1869 2657 Pilati
1882 2588 2053 2661 adversus
2094 2574 2096 2578 Α

455 2730 493 2774 se
509 2707 598 2776 ait²z
621 2737 637 2770 α
654 2710 733 2777 Non
746 2704 899 2777 haberes
915 2705 952 2774 in
976 2727 1033 2775 me
1049 2716 1276 2800 potestatem,
1299 2702 1365 2772 nisi
1384 2702 1508 2772 datum
1524 2718 1617 2773 esset
1632 2702 1696 2774 tibi
1718 2703 1883 2803 desuper.
1900 2734 1916 2770 υ
1933 2706 2055 2779 Scieb-

456 2826 521 2895 tias
548 2825 667 2923 itaque
690 2823 958 2923 approbamus,
987 2821 1051 2893 sed
1076 2820 1221 2893 fallaciis
1236 2819 1463 2894 abutentium
1482 2823 1688 2894 resistimus.
1722 2827 1800 2895 Non
1819 2824 1938 2914 enim,
1964 2841 2053 2899 teste
2110 2896 2117 2905 ,

455 2941 582 3032 Tullio,
603 2943 831 3015 mediocriter
842 2954 975 3032 errant,
990 2942 1053 3037 qui
1070 2964 1114 3012 ex
1129 2941 1217 3013 vitio
1234 2939 1393 3011 hominis
1406 2939 1592 3013 scientiam
1605 2942 1764 3040 culpant.
1784 2943 1842 3014 Sic
1858 2944 2052 3017 enimcum

455 3063 500 3133 de
512 3064 790 3163 reprehensione
802 3062 1155 3158 argumentationum
1172 3061 1208 3132 in
1221 3061 1406 3132 Rhetorica
1419 3061 1578 3153 doceret,
1595 3062 1746 3134 aitinter
1758 3066 1919 3136 caetera⁸z
1941 3093 1959 3130 ιι
1972 3069 2050 3136 Non

455 3183 501 3255 ad
518 3183 556 3255 id
570 3184 617 3256 ad
631 3184 731 3281 quod
747 3183 941 3255 instituitur
957 3179 1292 3254 accommodabitur
1309 3182 1428 3278 aliqua
1444 3205 1527 3280 pars
1543 3185 1873 3278 argumentationis,
1892 3186 1922 3257 si
1938 3209 1994 3256 res
2008 3210 2050 3257 ex

396 3339 401 3346 ·
456 3304 540 3374 vitio
554 3304 711 3377 hominis
724 3301 1006 3402 vituperabitur:
1023 3316 1063 3373 ut
1076 3301 1105 3371 si
1118 3302 1200 3399 quis
1212 3302 1414 3373 doctrinam
1427 3326 1469 3373 er
1483 3301 1631 3399 alicujus
1647 3304 1748 3376 docti
1760 3303 1853 3376 vitiis
1864 3302 2051 3403 repreben-

454 3422 528 3495 tlat.
543 3454 559 3489 »
580 3424 703 3495 Nullos
717 3437 837 3494 autem
851 3423 961 3494 sacris
978 3422 1087 3493 literis
1099 3420 1261 3492 eruditos
1277 3422 1444 3518 ignorare
1459 3420 1614 3494 arbitror
1626 3423 1707 3522 plus
1724 3425 1761 3495 in
1777 3446 1877 3496 sacra
1888 3421 2051 3494 doctrina

453 3542 652 3639 spirituales
668 3544 764 3613 viros
783 3567 824 3613 er
840 3542 918 3639 ipso
936 3541 1089 3613 scientiar
1102 3539 1243 3631 studio,
1262 3565 1372 3637 quam
1387 3566 1431 3614 cx
1447 3543 1627 3640 religionis
1646 3542 1773 3615 merito
1784 3541 1994 3640 profecisse,
2016 3555 2052 3614 et

452 3686 526 3757 quo
542 3662 695 3760 quisque
708 3660 864 3731 sanctior
881 3673 964 3730 ante
988 3660 1262 3731 conversionem
1280 3684 1382 3731 suam
1403 3663 1615 3761 ampliorem
1633 3661 1851 3733 saecularium
1867 3659 2052 3733 literarum

453 3780 637 3867 scientiam
657 3778 864 3868 habuerat⁸,
883 3792 966 3876 post
985 3779 1259 3850 conversionem
1276 3804 1379 3852 suam
1395 3784 1549 3880 amplius
1562 3807 1645 3854 eum
1663 3783 1699 3853 in
1714 3794 1834 3852 saneta
1849 3777 2052 3851 eruditione

452 3923 515 3970 sua
531 3901 696 3971 valuisse.
713 3896 840 3970 Paulus
854 3897 988 3994 quippe
1004 3898 1195 3995 Apostolus
1210 3897 1293 3969 licet
1309 3922 1384 3970 non
1402 3902 1517 3996 major
1529 3903 1655 3974 merito
1670 3923 1778 3998 quam
1797 3903 1921 3971 Petrus
1935 3897 2053 3971 videa

453 4032 532 4106 tur,
555 4019 612 4090 vel
630 4014 814 4090 confessor
833 4017 1046 4113 Augustinus
1064 4039 1173 4113 quam
1191 4019 1380 4108 Martinus,
1402 4034 1502 4092 tanto
1515 4036 1633 4094 tamen
1653 4034 1800 4117 uterque
1815 4018 1927 4092 altero
1941 4020 2053 4114 majo·

453 4162 529 4210 rem
553 4139 590 4210 in
612 4137 776 4209 doctrina
794 4136 945 4234 gratiam
958 4149 1039 4233 post
1056 4137 1330 4230 conversionem
1346 4138 1493 4231 habuit,
1513 4155 1649 4237 quanto
1663 4154 1767 4212 antea
1783 4138 1919 4235 majore
1935 4138 2052 4210 litera·

450 4284 532 4330 rum
555 4257 700 4329 scientia
725 4255 894 4355 pollebat.
923 4258 972 4326 [lx
996 4279 1070 4352 quo
1094 4257 1272 4354 praecipue
1293 4258 1514 4331 saeeularium
1530 4284 1676 4358 quoque
1692 4261 1875 4348 literarum
1891 4256 2053 4329 studium

452 4377 574 4449 divina
591 4375 855 4475 dispensatione
871 4374 1120 4448 commendari
1138 4374 1312 4466 arbitror,
1337 4401 1412 4448 non
1432 4378 1550 4450 solum
1573 4377 1722 4477 propter
1739 4377 1926 4449 utilitatem
1941 4399 2052 4474 quam

452 4497 651 4582 continent,
672 4518 798 4567 verum
813 4519 859 4565 ue
872 4518 894 4566 a
908 4492 1013 4566 donis
1029 4493 1105 4589 ejus
1119 4491 1242 4565 alienae
1254 4495 1473 4589 riderentur,
1492 4497 1520 4567 si
1539 4494 1585 4569 ad
1600 4481 1740 4567 ndllum
1756 4496 1807 4567 eis
1816 4492 2052 4567 commodum

451 4629 622 4686 uteretur.
649 4615 821 4685 Novimus
839 4627 958 4685 tamen
984 4627 1020 4684 et
1037 4611 1084 4684 ab
1102 4614 1273 4710 apostolo
1290 4612 1442 4706 dictum,
1462 4615 1568 4713 quia⁸
1585 4645 1602 4680 u
1618 4614 1765 4685 scientia
1781 4613 1894 4704 inflat,
1905 4640 1925 4680 u
1945 4612 2054 4685 idest

449 4732 655 4833 superbiam
670 4748 827 4830 generat.
846 4731 916 4804 Sed
934 4756 977 4804 er
997 4732 1068 4804 hoc
1085 4732 1263 4830 praecipue
1277 4732 1376 4805 hona
1402 4757 1479 4805 esse
1499 4732 1740 4822 convincitur,
1761 4732 1846 4828 quia
1863 4733 1899 4803 in
1918 4731 2053 4803 malum

482 5037 487 5063 ¹
505 5030 597 5082 Eorta.
610 5043 664 5091 cap.
678 5041 749 5090 uxr,
760 5041 783 5078 r.
796 5030 834 5079 10.
847 5029 895 5065 -2
911 5026 996 5088 toan,
1008 5040 1063 5090 cap.
1076 5040 1128 5088 xrr,
1149 5042 1171 5077 r.
1185 5029 1227 5078 ll.
1277 5028 1384 5091 pliorem
1395 5034 1453 5091 post
1473 5029 1659 5079 morardum
1669 5041 1744 5079 suum
1757 5029 1846 5078 desunt
1857 5028 1925 5090 apud
1937 5026 2008 5077 lun
2024 5052 2054 5062 -

454 5111 673 5172 —1sselurent.,
691 5110 733 5160 tn.
748 5109 767 5171 l,
780 5107 992 5173 capu-tsrc
1009 5108 1068 5160 Cod.
1084 5106 1147 5158 tter.
1164 5111 1226 5158 Ans·
1278 5107 1613 5171 ‘rememorantes
1632 5109 1653 5158 l.
