4559 6100
557 651 715 723 Etfltct
740 650 823 722 SEU
847 649 976 721 LIBER
998 646 1152 719 DICTUS
1180 672 1189 721 ε
1218 645 1340 718 SCiTO
1365 645 1564 719 Tutesutt.
1790 644 1862 731 629

150 807 152 811 ’
274 814 434 899 oportet,
462 800 509 873 ad
531 799 603 874 boc
628 825 686 873 me
710 797 849 873 inducit
868 812 976 897 atque
998 798 1159 869 animum
1175 796 1297 887 trabit,
1323 809 1362 868 ut
1377 795 1424 868 de
1439 796 1511 869 hoc
1526 820 1702 869 consensu
1720 794 1864 869 doleam

272 935 421 1019 propter
443 919 514 992 hoc
538 933 677 992 tantum
700 919 784 1017 quia
807 919 906 991 ineo
923 920 1041 989 Deum
1064 914 1221 1007 offendi,
1247 939 1322 987 non
1344 914 1451 987 video
1473 914 1626 1012 qualiter
1645 914 1742 987 idem
1760 939 1864 989 amor

273 1037 320 1109 de
336 1038 398 1111 illo
423 1051 631 1136 contemptu
653 1038 779 1110 eadem
805 1036 852 1110 de
883 1060 990 1109 causa
1012 1034 1187 1134 poenitere
1210 1057 1285 1105 non
1315 1048 1442 1129 cogat3
1469 1032 1541 1106 hoc
1566 1048 1632 1127 est,
1657 1058 1733 1105 nou
1754 1035 1791 1105 in
1819 1059 1864 1107 eo

274 1157 461 1256 proposito
482 1170 640 1229 mentem
657 1179 777 1228 meam
800 1169 949 1248 statuat,
969 1168 1010 1226 ut
1032 1154 1194 1251 quisquis
1209 1176 1373 1225 excessus
1387 1152 1568 1223 memoriae
1582 1151 1799 1244 occurrerit,
1818 1152 1864 1224 de

273 1275 352 1372 ipso
373 1276 534 1348 similiter
554 1275 715 1369 doleam,
735 1289 770 1347 et
786 1276 834 1348 ad
850 1272 1138 1347 satisfaciendum
1155 1286 1301 1371 paratus
1317 1271 1397 1342 sim.
1417 1269 1644 1368 Ubicumque
1659 1270 1766 1367 igitur
1781 1295 1864 1344 vera

273 1407 326 1464 est
342 1394 568 1491 poenitentia,
593 1418 778 1468 examore
799 1394 932 1467 seilicet
955 1393 1020 1466 Dei
1042 1390 1121 1465 solo
1146 1391 1380 1490 proveniens,
1403 1389 1523 1463 nulius
1547 1391 1613 1462 Dei
1636 1404 1865 1488 contemptus

274 1528 452 1607 remanet,
477 1516 632 1587 maxime
653 1539 736 1587 curu
753 1516 890 1587 Veritas
916 1514 1031 1585 dicat¹
1058 1538 1102 1583 :tt
1116 1512 1154 1583 Si
1177 1511 1257 1608 quis
1281 1510 1394 1607 diligit
1419 1535 1489 1600 me,
1516 1533 1720 1583 sermonem
1742 1535 1864 1585 meum

273 1631 445 1725 seruabit,
464 1646 505 1706 et
515 1638 618 1708 Pater
634 1658 736 1707 meus
750 1632 873 1729 diliget
890 1657 988 1721 eum,
1014 1630 1112 1704 etad
1131 1654 1216 1703 eum
1236 1630 1438 1719 veniemus,
1459 1644 1495 1701 et
1519 1630 1742 1702 mansionem
1767 1633 1864 1730 apud

274 1775 359 1823 eum
381 1751 564 1825 faciemus.
583 1782 602 1822 o
620 1754 845 1851 Quicumque
861 1777 947 1849 ergo
969 1752 1007 1823 in
1027 1774 1151 1823 amore
1168 1750 1232 1821 Dei
1249 1749 1459 1848 persistunt,
1478 1748 1604 1821 salvari
1620 1774 1763 1822 necesse
1780 1765 1833 1825 est
1852 1779 1860 1823 ε

273 1894 352 1967 quae
376 1871 525 1944 salvatio
548 1895 777 1969 nequaquam
800 1872 1022 1968 contingeret
1038 1895 1113 1943 uno
1137 1882 1303 1968 peccato,
1323 1867 1361 1940 id
1384 1882 1453 1957 est,
1481 1892 1555 1940 uno
1572 1869 1639 1940 Dei
1654 1882 1862 1969 contemptu

273 2002 426 2061 retento.
446 1993 536 2064 Cum
559 2004 679 2063 autem
702 1991 739 2062 in
764 1991 960 2090 poenitente
976 1990 1051 2086 jam
1067 1989 1206 2061 nullum
1230 1992 1327 2060 Deus
1351 1989 1481 2088 reperit
1502 2001 1704 2086 peccatum,
1727 1991 1864 2063 nuliam

272 2106 322 2178 ibi
345 2108 481 2182 invenit
503 2109 746 2183 damnationis
768 2134 931 2199 causam3
950 2123 986 2180 et
1002 2109 1085 2182 ideo
1110 2131 1253 2181 necesse
1273 2122 1326 2181 est
1349 2122 1404 2200 ut,
1427 2122 1576 2207 peccato
1595 2125 1766 2200 cessante,
1788 2135 1863 2183 non

272 2242 380 2299 restet
400 2227 604 2321 damnati0,
629 2228 702 2302 hoc
726 2242 791 2317 est,
826 2229 994 2328 perennis
1014 2252 1128 2327 poenae
1146 2226 1310 2317 efflictim
1331 2242 1367 2300 et
1387 2228 1459 2300 hoc
1477 2242 1529 2301 est
1550 2243 1737 2326 peccatum
1764 2231 1864 2327 quod

272 2347 451 2442 precessit
466 2372 488 2419 a
503 2351 581 2420 Deo
596 2346 798 2419 condonari
816 2371 839 2420 a
856 2372 962 2444 poena
984 2362 1116 2420 eterna
1138 2370 1249 2444 quam
1270 2346 1355 2419 inde
1372 2360 1550 2419 meruerat
1567 2347 1618 2439 ei,
1638 2360 1679 2419 ut
1694 2348 1862 2443 diximus,

271 2490 292 2538 a
320 2468 397 2539 Deo
423 2466 617 2567 provideri.
641 2466 812 2555 Quamvis
838 2467 937 2538 enim
959 2470 1057 2539 Deus
1076 2467 1151 2563 jam
1177 2491 1251 2538 uon
1277 2466 1435 2539 inveniat
1462 2467 1498 2541 iu
1522 2467 1736 2565 poenitente,
1764 2470 1864 2566 quod

271 2587 475 2682 perenniter
490 2585 620 2659 debeat
632 2587 774 2686 punire,
792 2610 938 2684 poenam
952 2601 1072 2660 tamen
1092 2586 1323 2685 praecedeutis
1336 2585 1475 2685 peccati
1490 2584 1622 2660 dicitur
1637 2587 1860 2680 condonare,

271 2730 354 2777 cum
371 2730 436 2805 per
451 2706 536 2792 hoc,
551 2705 652 2804 quod
661 2706 834 2803 gemitum
851 2706 885 2777 ei
901 2707 1116 2805 poenitentiae
1128 2706 1369 2806 inspiraverit,
1379 2730 1462 2779 eum
1480 2706 1701 2803 indulgentia
1715 2707 1864 2807 dignum

270 2824 372 2917 iecit3
390 2824 463 2897 hoe
488 2840 565 2916 est,
598 2825 703 2898 talem
732 2826 792 2898 cui
818 2824 917 2899 nulla
943 2841 1029 2897 tunc
1050 2823 1224 2897 debeatur
1241 2850 1350 2924 poena
1372 2839 1522 2917 aeterua,
1542 2841 1578 2899 et
1599 2851 1707 2924 quem
1730 2829 1769 2901 in
1795 2827 1864 2901 boc

270 2961 366 3021 statu
391 2947 439 3020 de
457 2948 526 3022 hac
542 2949 614 3022 vita
631 2946 879 3041 recedentem,
899 2947 1027 3021 salvari
1051 2972 1197 3021 necesse
1218 2964 1285 3021 est.
1304 2947 1414 3037 Quod
1433 2949 1464 3021 si
1479 2948 1571 3022 forte
1591 2951 1679 3022 etin
1696 2952 1864 3026 eumdem

270 3067 406 3141 recidat
430 3084 697 3168 contemptum,
726 3071 818 3143 sicut
843 3070 935 3142 redit
961 3069 1008 3141 ad
1034 3086 1244 3167 peecatum,
1273 3070 1321 3143 ita
1344 3071 1452 3143 etiam
1480 3070 1648 3144 relabitur
1675 3072 1723 3144 ad
1750 3098 1864 3172 poenae

270 3186 448 3275 debitum,
467 3203 506 3258 ut
522 3213 665 3260 rursum
681 3191 800 3287 puniri
814 3188 956 3276 debeat,
972 3189 1033 3285 qui
1053 3190 1152 3286 prius
1168 3190 1377 3286 poeniteudo
1393 3214 1468 3261 uon
1486 3191 1607 3288 puniri
1623 3208 1813 3266 meruerat.

318 3305 356 3374 Si
378 3305 459 3401 quis
482 3304 574 3377 forte
595 3306 715 3379 dicat:
735 3312 953 3380 «Peccatum
975 3331 996 3378 a
1017 3310 1095 3380 Deo
1112 3306 1325 3398 condonari,
1341 3337 1359 3375 »
1378 3308 1447 3380 tale
1471 3332 1547 3380 esse
1572 3321 1743 3406 tanquam
1768 3309 1864 3383 dice·

271 3438 387 3513 retur,
421 3426 539 3496 Deum
558 3439 707 3524 propter
733 3425 821 3498 illud
847 3426 948 3523 quod
970 3427 1205 3498 commissum
1227 3440 1302 3513 est,
1328 3448 1553 3524 nequaquam
1575 3426 1762 3499 hominem
1786 3453 1863 3502 esse

271 3540 544 3636 damnaturum
574 3543 632 3616 vei
659 3543 758 3636 hoc,
796 3548 914 3616 Deum
943 3543 1040 3643 apud
1065 3569 1104 3617 se
1124 3546 1308 3638 statuisse,
1339 3560 1380 3620 ut
1406 3569 1490 3619 eum
1516 3559 1665 3643 propter
1688 3545 1760 3619 boc
1789 3572 1864 3621 nou

271 3660 479 3752 damnaret;
507 3662 668 3761 proiecto
695 3676 732 3736 et
756 3677 949 3761 antequam
982 3665 1160 3763 poenitens
1189 3679 1391 3763 peccasset,
1420 3663 1696 3740 concedendum
1725 3665 1865 3742 videtur

270 3783 388 3853 Deum
414 3779 639 3854 condonasse
662 3781 751 3854 iliud
776 3795 985 3881 peccatum;
1011 3784 1083 3855 hoc
1105 3798 1177 3871 est,
1209 3783 1308 3883 apud
1330 3808 1368 3856 se
1389 3782 1565 3870 statuisse,
1594 3783 1694 3880 quod
1716 3800 1864 3885 propter

270 3898 358 3971 iilud
384 3925 457 3974 non
485 3917 577 3975 esset
600 3927 683 3974 eum
705 3901 939 3976 damnaturus
963 3933 971 3976 2
994 3904 1085 3977 nihil
1101 3905 1236 4004 quippe
1256 3918 1418 3976 recenter
1436 3903 1533 4003 apud
1550 3927 1587 3975 se
1606 3906 1704 3976 Deus
1720 3908 1861 3998 statuit,

272 4019 327 4090 vel
350 4018 528 4120 disponit,
552 4020 617 4095 sed
641 4022 687 4094 ab
711 4037 845 4095 aeterno
862 4031 1104 4120 quaecumque
1122 4024 1280 4096 facturus
1304 4038 1373 4114 est,
1394 4024 1431 4094 in
1456 4023 1533 4119 ejus
1552 4022 1864 4122 praedestinatione

269 4137 471 4211 consistunt
486 4153 522 4212 et
540 4140 577 4210 in
597 4140 672 4238 ejus
691 4139 916 4239 providentia
932 4140 1076 4240 praefixa
1093 4156 1195 4235 sunt,
1219 4157 1294 4215 tam
1312 4141 1358 4214 de
1374 4141 1643 4215 condonatione
1659 4144 1863 4238 cujuscum-

269 4282 340 4354 que
362 4259 513 4356 peccati,
539 4284 648 4357 quam
672 4260 718 4332 de
744 4261 877 4332 caeteris
900 4285 980 4358 quae
1003 4259 1107 4332 frunt.
1133 4260 1259 4333 Melius
1284 4261 1404 4359 itaque
1425 4261 1532 4334 nobis
1556 4285 1633 4333 esse
1652 4262 1792 4335 videtur
1815 4265 1863 4337 ita

269 4375 539 4475 intelligendum
554 4383 670 4450 Deum
682 4378 889 4451 condonare
901 4395 1101 4479 peceatum,
1119 4380 1329 4478 quemlibet,
1344 4395 1384 4453 ut
1396 4381 1563 4476 diximus,
1575 4405 1639 4479 per
1650 4381 1863 4480 inspiratum

267 4495 300 4565 ei
327 4496 544 4594 poenitentiae
572 4500 743 4592 gemitum
767 4496 916 4594 dignum
940 4498 1161 4596 indulgentia
1182 4499 1341 4592 efficere;
1366 4500 1439 4572 hoc
1461 4515 1532 4594 est,
1563 4499 1669 4572 talem
1692 4501 1751 4572 cui
1776 4516 1862 4574 tunc

266 4613 450 4685 damnatio
477 4640 552 4687 nou
578 4615 764 4706 debeatur,
788 4641 1038 4715 necunquam
1060 4619 1229 4713 ulterius,
1252 4621 1280 4692 si
1304 4621 1341 4693 in
1360 4619 1420 4691 tati
1438 4619 1626 4719 proposito
1647 4635 1859 4718 perseveret.

267 4735 458 4804 Peccatum
470 4734 591 4831 itaque
607 4739 704 4807 Deus
713 4734 910 4831 condonat,
929 4738 1103 4838 cumipse
1120 4763 1141 4812 a
1157 4763 1233 4837 quo
1249 4762 1356 4838 poenu
1373 4736 1450 4812 fieri
1467 4738 1605 4832 debuit,
1625 4739 1740 4834 iaciat,
1752 4741 1863 4844 poeui·

268 4851 414 4924 tentiam
432 4854 657 4953 inspirando,
676 4880 742 4929 cur
757 4857 832 4954 jam
849 4881 924 4930 non
942 4856 1070 4930 debeat
1089 4858 1223 4932 inferri.

301 5104 397 5170 ¹toan,
419 5121 543 5173 cvvav,
566 5122 589 5159 v.
608 5112 649 5160 2³.
