4559 6100
670 579 714 653 ru
740 527 986 654 seimonau
1011 584 1069 655 m
1094 581 1319 658 aomvos.
1723 589 1793 661 aas

200 734 310 819 prout
333 725 509 798 sententia
526 727 741 825 requirebat,
767 733 804 803 in
830 731 1025 806 ablativum
1052 734 1151 833 apud
1176 760 1250 807 nos
1270 736 1315 807 sit
1341 750 1594 809 commutatus.
1623 740 1794 826 Quamvis

197 842 295 913 euim
312 840 390 915 haec
408 845 577 943 Epistola,
597 873 677 946 quae
691 849 738 923 ad
756 854 937 926 Romanos
953 853 1130 950 dirigitur,
1149 855 1267 953 primo
1285 855 1406 927 latine
1417 856 1549 955 scripta
1562 857 1791 956 intelligatur,

198 960 262 1031 etsi
284 961 322 1033 iu
340 964 476 1036 Graecia
493 967 592 1065 apud
610 970 824 1043 Corinthum
844 974 974 1072 scripta
999 974 1120 1067 suerit3
1144 973 1324 1046 credimus
1349 989 1469 1047 tamen
1489 973 1649 1047 diversos
1671 991 1793 1075 postea

198 1078 273 1176 ejus
292 1082 522 1157 translatores
546 1087 603 1159 vel
627 1092 847 1189 expositores
871 1093 1055 1187 exstitisse,
1085 1095 1147 1192 qui
1172 1097 1329 1188 Graecos,
1358 1109 1399 1166 ut
1423 1094 1561 1167 dictum
1586 1107 1653 1184 est,
1678 1096 1793 1170 imita·

198 1211 335 1293 rentur,
358 1226 440 1274 cum
464 1204 562 1277 illam
587 1206 743 1282 fortassis
765 1212 977 1311 scripturam
1003 1213 1167 1287 Latinam
1192 1213 1239 1286 ad
1267 1215 1416 1286 manum
1439 1237 1516 1286 non
1542 1212 1729 1308 baberent,
1759 1232 1794 1288 et

198 1316 281 1390 ideo
304 1320 352 1392 ad
378 1323 594 1423 exemplaria
621 1331 745 1403 Graeca
767 1347 1004 1405 recurrerent.
1028 1337 1131 1405 Nunc
1158 1333 1264 1431 igitur
1286 1347 1478 1430 utramque
1502 1333 1656 1407 litteram
1684 1359 1795 1433 expo·

196 1459 339 1511 namus.
359 1444 451 1513 Cum
472 1443 592 1542 itaque
614 1449 838 1546 praemissum
856 1452 919 1542 sit,
940 1481 958 1521 n
973 1452 1220 1525 testimonium
1237 1451 1412 1525 reddente
1431 1451 1497 1524 illis
1519 1453 1758 1547 conscientia,
1773 1482 1791 1522 u

196 1555 317 1652 addit,
341 1573 408 1633 «et
424 1565 644 1639 conscientia
660 1569 932 1666 cogitationum,
952 1586 1020 1644 etc.
1031 1600 1049 1639 r
1069 1577 1118 1644 Ac
1134 1573 1163 1644 si
1181 1572 1329 1665 diceret,
1347 1583 1385 1645 et
1400 1572 1462 1645 tali
1477 1574 1699 1645 conscientia
1714 1597 1794 1671 quae

196 1698 282 1748 non·
295 1694 389 1752 erret
409 1680 447 1752 in
472 1682 688 1759 discretione
711 1713 877 1787 operum,
901 1714 943 1763 ea
965 1691 1099 1765 scilicet
1122 1691 1316 1765 discutiens
1341 1692 1540 1765 secundum
1564 1693 1659 1791 ipsas
1682 1693 1793 1765 animi

195 1796 448 1892 cogitationes,
475 1801 547 1874 hoc
573 1819 627 1876 est
655 1806 886 1881 intentiones.
915 1815 1003 1899 Quae
1034 1810 1181 1910 quidem
1211 1812 1445 1908 cogitationes
1468 1811 1603 1884 habent
1627 1835 1793 1884 accusare

195 1914 250 1986 vel
271 1915 465 1991 defendere
481 1922 580 2020 apud
597 1928 714 1998 Deum
736 1929 856 2026 potius
872 1955 980 2029 quam
996 1933 1172 2005 exteriora
1192 1956 1315 2031 opera.
1337 1935 1381 2003 Et
1400 1931 1473 2004 hoc
1489 1946 1543 2004 est
1557 1932 1790 2021 conscientia,

196 2032 291 2128 dico,
317 2039 589 2136 cogitationum,
616 2045 654 2117 id
670 2060 740 2142 est,
764 2072 844 2146 quae
862 2051 956 2150 ipsas
972 2052 1206 2149 cogitationes
1225 2050 1508 2149 magis‘attendit
1533 2074 1644 2148 quam
1667 2075 1790 2150 opera.

197 2156 238 2224 Et
255 2179 367 2253 quare
383 2184 444 2233 cas
458 2165 613 2238 maxime
632 2181 771 2265 penset,
794 2173 965 2262 annectit,
984 2197 1064 2270 quae
1080 2186 1249 2245 accusant
1272 2171 1329 2243 vel
1346 2184 1517 2244 excusant
1538 2170 1635 2269 apud
1659 2175 1788 2243 Deum.

196 2275 478 2371 Cogitationem,
503 2281 599 2374 dico,
622 2286 716 2359 inter
736 2312 773 2361 se
801 2291 955 2364 invicem
977 2292 1111 2365 scilicet
1135 2291 1360 2385 habitarum,
1380 2307 1421 2364 ut
1446 2290 1492 2363 de
1517 2291 1602 2388 ipsis
1628 2288 1793 2363 videlicet

198 2394 410 2471 existimaret
425 2401 606 2499 agendum
627 2405 718 2479 sicut
735 2406 781 2479 de
801 2408 897 2500 aliis;
918 2411 1020 2507 juxta
1037 2411 1134 2483 illam
1156 2409 1321 2483 videlicet
1339 2410 1602 2509 suprapositam
1621 2407 1792 2481 naturalis

195 2506 283 2605 legis
298 2515 483 2609 regulam:
505 2547 523 2584 α
538 2518 648 2606 Quod
672 2520 737 2593 tibi
765 2521 841 2595 fieri
868 2549 944 2597 non
965 2525 1030 2618 vis,
1049 2525 1110 2600 alii
1134 2549 1180 2596 ne
1205 2524 1341 2596 leceris.
1358 2552 1377 2591 u
1392 2527 1458 2595 Et:
1482 2526 1605 2610 «Quae
1627 2521 1733 2594 vultis
1752 2539 1793 2596 ut

196 2626 326 2704 iaciant
339 2635 444 2708 vobis
457 2636 638 2731 homines,
655 2656 690 2714 et
706 2667 772 2714 vos
788 2642 891 2717 tacite
908 2644 990 2716 illis.
1006 2673 1023 2713 r
1046 2673 1065 2713 a
1081 2649 1119 2717 ln
1137 2643 1208 2717 die.
1224 2673 1243 2712 »
1262 2648 1340 2717 Hoc
1356 2658 1410 2716 est
1423 2644 1459 2714 io
1478 2657 1656 2741 tempore.
1678 2670 1696 2711 α
1708 2646 1791 2730 Quo

191 2747 367 2842 judicabit
392 2760 501 2829 Deus.
518 2787 536 2824 u
562 2760 629 2833 Per
655 2760 769 2834 sdium
791 2788 913 2853 suum,
942 2763 981 2835 id
1006 2777 1060 2836 est
1086 2768 1208 2836 lesum
1238 2763 1438 2855 Christum,
1465 2762 1664 2835 secundum
1692 2762 1792 2859 quod

195 2871 365 2971 scriptum
383 2890 438 2948 est
456 2904 465 2949 ε
481 2906 499 2946 u
514 2882 618 2952 Pater
633 2905 741 2955 omne
753 2882 929 2980 judicium
944 2883 1045 2956 dedit
1060 2882 1166 2956 lilio¹.
1184 2913 1202 2952 »
1223 2914 1241 2951 s
1259 2883 1410 2957 Occulta
1426 2884 1631 2972 hominum,
1647 2911 1665 2950 »
1684 2882 1722 2954 id
1740 2897 1793 2955 est

194 2989 412 3069 intentiones
433 3000 553 3097 potius
573 3026 683 3100 quam
703 3004 879 3078 exteriora
895 3029 1018 3105 opera.
1044 3003 1281 3078 «Secundum
1301 3003 1535 3102 Evangelium
1555 3027 1698 3097 meum,
1719 3030 1736 3070 υ
1754 3003 1792 3076 id

194 3125 258 3199 ⁰⁸¹2
276 3114 369 3186 sicut
380 3140 449 3214 ego
463 3119 620 3218 praedico
634 3146 791 3197 asserere
803 3124 970 3197 videlicet
984 3129 1100 3198 Deum
1113 3126 1235 3225 potius
1247 3126 1497 3216 intentionem,
1514 3147 1621 3220 quam
1639 3147 1791 3222 operum

195 3236 535 3312 remunerationem.
551 3242 587 3312 Si
601 3266 689 3315 vero
703 3243 746 3316 sit
762 3242 937 3316 ablativus
950 3243 1135 3317 absolutus
1146 3244 1219 3317 boc
1233 3245 1345 3318 modo
1362 3271 1370 3314 ε
1388 3274 1405 3310 «
1421 3249 1462 3316 Et
1478 3244 1572 3315 inter
1587 3242 1791 3314 seinvicem

193 3354 470 3448 cogitationibus
483 3360 746 3453 accusantibus,
757 3377 844 3457 etc,
857 3393 875 3430 n
891 3362 1165 3435 continuabitur
1178 3363 1226 3436 ad
1237 3363 1460 3462 praemissum
1473 3360 1583 3437 alium
1595 3358 1791 3433 ablativum

193 3472 263 3542 sic:
286 3504 304 3540 a
319 3475 420 3565 Dixi,
440 3480 662 3554 conscientia
684 3484 846 3581 ipsorum
871 3483 1044 3556 reddente
1070 3483 1138 3555 illis
1161 3484 1428 3573 testimonium,
1457 3494 1493 3553 et
1511 3481 1790 3576 cogitationibus

193 3594 262 3665 suis
275 3619 368 3693 quas
383 3595 522 3671 habent
537 3600 630 3675 inter
646 3627 683 3675 se
700 3603 868 3694 invicem,
879 3634 897 3670 r
917 3604 955 3676 id
972 3618 1038 3698 est,
1059 3629 1124 3704 per
1143 3630 1233 3703 quas
1248 3629 1324 3677 sese
1340 3604 1390 3675 ita
1402 3618 1442 3675 ut
1458 3601 1547 3675 alios
1563 3615 1730 3701 pensant,
1750 3619 1790 3676 ut

194 3709 328 3785 dictum
354 3731 424 3809 est;
455 3718 561 3816 ipsis,
582 3721 745 3820 inquam,
773 3724 845 3796 suis
868 3723 1158 3822 cogitationibus,
1190 3723 1306 3796 idest
1332 3723 1487 3823 propriis
1512 3719 1785 3816 intentionibus,

194 3831 363 3907 subaudis
384 3836 620 3913 reddentibus
646 3842 714 3914 illis
734 3844 995 3917 testimonium.
1022 3847 1067 3914 Et
1088 3857 1142 3916 est
1161 3844 1263 3941 quasi
1283 3843 1457 3940 expositio
1470 3841 1555 3938 ejus
1576 3839 1676 3939 quod
1698 3866 1789 3938 prae·

195 3953 341 4027 missum
359 3970 424 4049 est,
447 3962 718 4054 «conscientia,
736 3994 754 4030 s
774 3963 922 4055 scilicet,
946 3992 964 4033 a
978 3964 1155 4062 ipsorum,
1169 3992 1187 4031 r
1206 3987 1249 4035 ac
1265 3963 1295 4034 si
1311 3961 1460 4054 diceret,
1477 3960 1789 4056 «cogitationibus

185 4093 330 4168 comm,
349 4090 418 4148 etc.
434 4105 453 4145 r
473 4083 515 4150 Et
531 4104 644 4177 quare
661 4083 905 4155 testimonium
918 4082 1091 4155 reddatur
1106 4083 1170 4170 eis,
1185 4080 1223 4152 id
1239 4093 1293 4152 est
1307 4104 1451 4152 securos
1466 4103 1529 4152 eos
1545 4078 1674 4151 faciant
1688 4080 1788 4175 cogi·

183 4193 343 4266 tationes
358 4219 431 4267 suae
450 4197 548 4296 apud
565 4203 682 4273 Deum
698 4201 833 4296 subdit,
854 4203 939 4301 quia
957 4200 1123 4274 videlicet
1139 4198 1237 4290 solae,
1255 4212 1296 4270 ut
1310 4197 1447 4271 dictum
1464 4212 1534 4288 est,
1553 4199 1788 4296 cogitationes

176 4312 284 4411 apud
304 4317 425 4387 Deum
440 4316 576 4391 habent
598 4344 765 4394 accusare
779 4324 836 4395 vel
852 4319 1058 4394 defendere.
1079 4324 1124 4393 Et
1142 4320 1215 4392 hoc
1230 4333 1284 4391 est
1299 4317 1397 4418 quod
1416 4319 1609 4416 supponit,
1630 4349 1648 4385 α
1674 4324 1788 4394 Accu·

174 4433 351 4507 santibus
367 4451 430 4508 aut
447 4439 554 4512 etiam
571 4440 861 4536 defendentibus,
877 4457 945 4517 etc.
969 4471 987 4511 »
1007 4442 1185 4531 Quaeritur
1204 4454 1325 4514 autem
1342 4438 1530 4536 quomodo
1555 4453 1639 4537 post
1662 4439 1788 4515 datum

170 4553 472 4630 circumcisionis
488 4559 700 4633 mandatum
710 4564 740 4630 ⁸:
755 4562 910 4634 «Omnis
921 4561 1043 4634 anima
1053 4561 1112 4633 cui
1123 4584 1209 4633 caro
1221 4559 1385 4659 praeputii
1396 4559 1604 4631 circumcisa
1621 4583 1696 4630 non
1712 4560 1787 4633 iuc-

166 4674 230 4745 rit
235 4728 247 4765 ,
257 4689 346 4765 eto,
358 4704 376 4743 »
390 4677 549 4750 Gentiles
563 4679 800 4753 incircumcisi
813 4679 1055 4771 salvabantur,
1069 4681 1161 4752 sicut
1176 4677 1246 4751 lob
1262 4692 1298 4751 et
1314 4677 1461 4751 fortasse
1476 4677 1638 4776 plerique
1654 4679 1727 4772 alii,
1741 4679 1787 4752 de

161 4792 356 4891 qualibus
367 4795 505 4869 dictum
517 4812 591 4870 est:
609 4829 627 4866 c
641 4803 733 4871 Cum
746 4790 850 4873 enim
856 4814 992 4899 gentes,
1004 4815 1072 4873 etc.
1084 4830 1102 4866 s
1116 4797 1187 4872 Sed
1196 4799 1226 4871 si
1236 4797 1424 4896 diligenter
1435 4796 1664 4869 attendamus
1675 4797 1786 4875 verba

157 4914 262 5014 ipsa
278 4916 493 5013 Scripturas,
515 4932 622 5017 atque
643 4919 763 5018 ipsum
789 4920 1072 4994 circumcisionis
1095 4918 1304 5010 exordium,
1329 4942 1409 5015 quae
1424 4917 1543 5016 primo
1562 4916 1710 4990 thrahae
1733 4931 1785 4989 est

195 5198 204 5224 ¹
219 5189 322 5248 locu„
332 5203 388 5255 cap.
400 5205 429 5257 v,
442 5206 465 5243 v.
478 5196 517 5246 22.
531 5220 560 5232 -
571 5196 580 5226 ²
592 5196 690 5262 Genea,
700 5210 755 5262 cap.
767 5210 827 5262 xvu,
839 5213 863 5253 r.
879 5201 917 5253 rt.
1646 5287 1665 5343 4

307 5302 332 5340 u
1626 5288 1643 5343 Ξ
