4559 6100
541 524 700 597 Ettttet
725 523 807 596 SEU
832 522 961 594 ttBEtt
984 519 1137 593 uterus
1165 546 1174 593 r
1203 517 1326 591 SClTO
1350 517 1549 591 xsstrstttt.
1775 515 1847 591 629

135 683 137 687 ’
258 688 419 774 oportet,
447 674 588 747 adhoc
613 699 671 747 me
695 672 834 746 inducit
853 685 960 770 atque
982 670 1144 742 animum
1160 669 1282 761 trabit,
1307 682 1347 741 ut
1362 666 1496 741 deboc
1511 691 1688 741 consensu
1705 666 1848 740 doleam

258 808 406 893 propter
427 794 499 866 boc
523 807 663 866 tantum
685 792 770 891 quia
792 793 829 864 in
846 815 891 863 eo
908 793 1025 862 Deum
1049 787 1205 879 ollandi,
1233 812 1308 860 non
1329 786 1436 860 video
1459 786 1612 883 qualiter
1631 786 1727 859 idem
1745 811 1850 860 amor

258 912 304 984 de
321 912 384 985 illo
408 926 617 1011 contemptu
639 911 764 984 eadem
790 909 837 982 de
868 932 975 982 causa
997 908 1172 1007 poenitere
1195 930 1271 977 non
1300 919 1427 1001 cogat;
1454 904 1526 978 hoc
1551 921 1617 999 est,
1642 930 1718 976 non
1739 906 1776 977 in
1804 931 1849 979 eo

258 1032 446 1130 proposito
467 1045 625 1103 mentem
643 1053 762 1102 meam
785 1042 933 1121 statuat,
954 1042 995 1098 ut
1017 1026 1179 1123 quisquis
1194 1048 1358 1097 excessus
1372 1023 1553 1096 memoriae
1567 1024 1784 1116 occurrerit,
1803 1024 1849 1096 de

258 1150 337 1247 ipso
358 1150 519 1222 similiter
540 1149 700 1242 doleam,
720 1162 757 1221 et
772 1147 819 1220 ad
835 1145 1123 1220 satisfaciendum
1140 1158 1286 1242 paratus
1302 1143 1382 1214 sim.
1403 1141 1629 1240 Ubicumque
1645 1143 1751 1239 igitur
1766 1167 1850 1215 vera
1955 1206 1960 1215 ,

258 1282 312 1339 est
328 1269 554 1366 poenitentia,
579 1293 622 1341 ex
638 1291 764 1341 amore
784 1267 917 1340 scilicet
939 1266 1004 1338 Dei
1027 1264 1106 1337 solo
1131 1263 1366 1362 proveniens,
1389 1261 1509 1335 nullus
1533 1262 1598 1333 Dei
1621 1276 1850 1359 contemptus

259 1401 437 1481 remanet,
462 1388 617 1460 maxime
638 1413 722 1461 curn
738 1388 875 1460 Veritas
901 1385 1016 1458 dicat¹
1043 1410 1087 1455 z«
1101 1384 1139 1455 Si
1163 1384 1243 1481 quis
1266 1382 1380 1478 diligit
1404 1407 1475 1472 me,
1501 1405 1706 1454 sermonem
1728 1405 1849 1455 meum

258 1505 430 1598 ser-rabit,
448 1520 490 1580 et·
500 1512 604 1580 Pater
620 1531 722 1578 meus
736 1505 859 1603 diliget
875 1530 973 1593 eum,
998 1502 1097 1576 etad
1116 1527 1201 1575 eum
1221 1502 1424 1592 veniemus,
1445 1516 1481 1573 et
1503 1502 1728 1575 mansionem
1752 1505 1849 1601 apud

260 1649 343 1699 eum
366 1625 549 1699 faciemus.
569 1655 587 1695 u
605 1627 830 1723 Quicumque
846 1649 932 1722 ergo
954 1624 992 1696 in
1012 1647 1137 1696 amore
1153 1623 1218 1694 Dei
1235 1622 1445 1720 persistunt,
1464 1620 1591 1693 salvari
1606 1645 1749 1694 necesse
1765 1637 1819 1695 est
1837 1651 1845 1693 ε

258 1768 338 1840 quoe
361 1745 510 1818 salvatio
535 1768 763 1842 nequaquam
785 1744 1009 1840 contingeret
1023 1767 1099 1816 uno
1122 1752 1289 1840 peccato,
1308 1740 1347 1812 id
1370 1754 1438 1830 est,
1466 1764 1541 1813 uno
1559 1740 1625 1812 Dei
1640 1754 1848 1841 contemptu

259 1877 411 1936 retento.
432 1867 521 1937 Cum
545 1878 665 1936 autem
687 1865 724 1935 in
750 1863 945 1963 poenitente
962 1864 1037 1960 jam
1053 1861 1192 1934 nullum
1216 1864 1313 1933 Deus
1338 1861 1467 1959 reperit
1487 1873 1690 1957 peccatum,
1712 1861 1849 1934 nullam

257 1980 307 2052 ibi
330 1982 466 2055 invenit
488 1984 731 2057 damnationis
754 2006 916 2070 causam3
936 1996 972 2054 et
988 1981 1071 2054 ideo
1095 2004 1239 2053 necesse
1259 1995 1313 2053 est
1335 1994 1390 2072 ut,
1413 1993 1562 2080 peccato
1580 1995 1752 2071 cessante,
1774 2006 1849 2054 non

258 2116 365 2173 restet
386 2102 590 2195 damnatio,
615 2102 689 2175 hoc
712 2113 777 2190 est,
812 2101 980 2199 perennis
1000 2124 1115 2200 poenae
1131 2098 1296 2190 afflicti03
1317 2114 1352 2171 et
1373 2100 1445 2172 boc
1462 2113 1514 2172 est
1535 2114 1722 2197 peccatum
1750 2103 1850 2199 quod

259 2221 437 2316 precessit
451 2245 473 2294 a
489 2225 567 2294 Deo
582 2219 783 2293 condonari
802 2242 824 2292 a
842 2243 948 2318 poena
970 2234 1102 2293 aeterna
1124 2243 1234 2316 quam
1255 2217 1341 2291 inde
1358 2232 1537 2291 meruerat
1552 2220 1604 2310 ei,
1623 2232 1665 2290 ut
1680 2219 1848 2312 diximus,

257 2364 277 2413 a
306 2342 383 2412 Deo
408 2339 603 2441 provideri.
627 2339 798 2428 Quamvis
824 2339 923 2412 enim
945 2343 1042 2412 Deus
1061 2339 1136 2435 jam
1163 2363 1237 2410 non
1263 2339 1420 2413 inveniat
1447 2339 1484 2412 in
1508 2338 1722 2437 poenitente,
1750 2342 1849 2437 quod

256 2461 462 2557 perenniter
475 2459 605 2533 debeat
618 2459 760 2558 punire,
778 2483 924 2557 poenam
938 2475 1057 2532 tamen
1079 2458 1310 2558 precedentis
1322 2458 1460 2556 peccati
1477 2457 1608 2531 dicitnr
1624 2458 1846 2553 condonare,

257 2603 340 2651 cum
357 2604 422 2678 per
436 2579 522 2665 boc,
537 2579 637 2677 quod
647 2580 820 2677 gemitum
837 2580 870 2650 ei
887 2580 1102 2678 poenitentiae
1114 2579 1354 2678 inspiraverit,
1365 2603 1448 2650 eum
1465 2578 1687 2675 indulgentia
1701 2579 1850 2678 dignum

256 2698 357 2791 fecit3
376 2698 449 2770 boc
474 2714 551 2790 est,
583 2700 689 2773 talem
718 2700 778 2772 cui
803 2697 901 2770 nulla
927 2714 1015 2770 tunc
1036 2696 1211 2770 debeatur
1227 2721 1335 2795 poena
1357 2711 1508 2790 aeterna,
1528 2711 1564 2769 et
1584 2723 1693 2795 quem
1716 2699 1755 2773 in
1780 2700 1851 2773 hoc

256 2835 350 2894 statu
377 2821 424 2895 de
442 2822 512 2895 hac
528 2823 599 2895 vita
617 2821 865 2915 recedentem,
885 2820 1012 2894 salvari
1036 2845 1183 2894 necesse
1204 2836 1271 2893 est.
1290 2819 1400 2909 Quod
1420 2821 1449 2892 si
1466 2820 1557 2894 forte
1577 2835 1613 2893 et
1627 2822 1665 2894 in
1682 2822 1850 2896 eumdem

256 2940 391 3015 recidat
416 2954 683 3039 contemptum,
712 2943 804 3016 sicut
829 2941 921 3015 redit
947 2939 994 3013 ad
1019 2957 1229 3039 peccatum,
1259 2940 1307 3014 ita
1330 2941 1438 3014 etiam
1465 2940 1634 3015 relabitur
1661 2941 1709 3015 ad
1736 2968 1850 3042 poenae

257 3061 434 3149 debitum,
451 3076 493 3133 ut
508 3086 651 3134 rursum
666 3064 786 3161 puniri
799 3062 942 3149 debeat,
957 3062 1020 3158 qui
1038 3063 1138 3159 prius
1154 3061 1363 3160 poenitendo
1379 3086 1455 3134 non
1473 3062 1593 3160 puniri
1610 3078 1800 3136 meruerat.

304 3179 341 3249 Si
364 3180 446 3275 quis
469 3178 560 3251 forte
581 3179 701 3252 dicat:
721 3185 940 3252 «Peccatum
961 3204 983 3251 a
1003 3183 1081 3251 Deo
1098 3179 1312 3270 condonari,
1328 3209 1345 3248 r
1364 3179 1433 3252 tale
1457 3204 1534 3252 esse
1558 3193 1729 3278 tanquam
1755 3181 1851 3255 dice·

258 3309 374 3388 retur,
407 3300 525 3369 Deum
545 3314 694 3396 propter
719 3298 807 3371 illud
833 3297 934 3395 quod
956 3299 1192 3370 commissum
1214 3311 1288 3387 est,
1314 3321 1541 3395 nequaquam
1561 3298 1748 3371 hominem
1772 3325 1849 3374 esse

257 3414 531 3509 damnaturum3
559 3418 618 3489 vel
646 3416 744 3509 boc,
782 3420 899 3489 Deum
929 3415 1026 3515 apud
1051 3441 1090 3489 se
1111 3418 1294 3509 statuisse,
1325 3430 1367 3490 ut
1393 3440 1477 3490 eunr
1502 3431 1651 3515 propter
1675 3417 1747 3492 boc
1776 3443 1850 3493 non

257 3534 465 3627 damnaret3
494 3536 654 3635 proiecto
682 3549 719 3608 et
743 3549 935 3633 antequam
969 3537 1147 3634 poenitens
1175 3550 1377 3635 peccasset,
1407 3534 1683 3610 concedendum
1711 3537 1852 3611 videtur

256 3657 375 3727 Deum
401 3653 625 3727 condonasse
649 3654 738 3727 illud
763 3668 971 3754 peccatum3
997 3656 1069 3728 hoc
1092 3669 1163 3742 est,
1196 3654 1295 3754 apud
1316 3679 1355 3727 se
1376 3653 1551 3742 statuisse,
1580 3653 1681 3752 quod
1703 3672 1852 3757 propter

257 3773 344 3846 illud
371 3799 444 3847 non
471 3790 563 3849 esset
586 3800 670 3848 eum
692 3776 926 3849 damnaturus
950 3806 958 3848 :
980 3774 1071 3847 nihil
1088 3778 1223 3875 qnippe
1242 3789 1404 3848 recenter
1423 3774 1521 3874 apud
1537 3799 1574 3846 se
1594 3778 1691 3847 Deus
1707 3778 1848 3869 statuit,

258 3893 314 3965 vel
337 3892 514 3993 disponit,
539 3894 603 3967 sed
627 3895 674 3967 ab
697 3911 832 3968 aeterno
849 3903 1090 3992 quaecumque
1110 3896 1267 3968 facturus
1291 3909 1361 3985 est,
1381 3896 1418 3965 in
1444 3894 1520 3990 ejus
1540 3893 1850 3993 predestinatione

256 4011 457 4084 consistunt
473 4027 509 4085 et
527 4013 564 4084 in
583 4013 659 4110 ejus
678 4012 903 4112 providentia
919 4012 1063 4112 praelixa
1080 4027 1181 4107 sunt,
1207 4028 1281 4086 tarn
1299 4013 1345 4086 de
1361 4012 1630 4085 condonatione
1646 4014 1850 4109 cujuscum-

257 4155 327 4227 que
349 4132 499 4229 peccati,
525 4156 634 4229 quam
659 4132 705 4203 de
730 4133 864 4204 caeteris
886 4157 967 4229 qnae
990 4131 1094 4205 finnt.
1119 4132 1247 4205 Melius
1270 4134 1391 4231 itaque
1412 4131 1519 4205 nobis
1543 4156 1620 4204 esse
1638 4132 1780 4205 videtur
1802 4136 1851 4208 ita

256 4249 527 4347 intelligendum
540 4256 656 4323 Deum
669 4250 876 4325 condonare
887 4267 1088 4351 peccatum,
1106 4252 1316 4350 quemlibet,
1330 4267 1371 4325 ut
1383 4251 1550 4346 diximus,
1562 4276 1627 4350 per
1637 4252 1850 4350 inspiratum

254 4368 287 4438 ei
314 4369 531 4467 poenitentiae
559 4371 730 4466 gemitum
754 4368 904 4467 dignum
927 4370 1148 4468 indulgentia
1169 4371 1329 4463 efficere3
1354 4371 1426 4443 boc
1449 4386 1519 4464 est,
1549 4370 1656 4442 talem
1679 4372 1739 4444 cui
1763 4386 1850 4444 tunc

254 4486 438 4559 damnatio
464 4514 539 4561 non
565 4487 751 4579 debeatur,
775 4513 1026 4588 necunquam
1048 4489 1216 4584 ulterius,
1239 4493 1267 4563 si
1291 4492 1329 4563 in
1347 4489 1408 4562 tali
1424 4490 1613 4590 proposito
1634 4505 1846 4589 perseveret.

254 4608 446 4678 Peccatum
458 4608 578 4705 itaque
594 4611 691 4681 Deus
700 4607 897 4702 condonat,
915 4609 1090 4708 cumipse
1107 4634 1127 4683 a
1145 4634 1220 4708 quo
1236 4633 1343 4709 poena
1360 4607 1438 4682 fieri
1454 4608 1592 4703 debuit,
1611 4608 1728 4705 saciat,
1739 4612 1850 4714 poeni·
1903 4697 1907 4704 4

254 4725 402 4797 tentiam
420 4727 644 4824 inspirando,
664 4753 730 4802 cur
744 4729 820 4826 jam
837 4753 911 4801 non
929 4729 1058 4804 debeat
1075 4730 1210 4803 inferri.

289 4978 385 5042 Hom„
408 4993 531 5045 capam,
554 4993 577 5029 r.
595 4984 637 5033 28.
