4559 6100
958 475 1201 549 DlrlLOGUS.¹
1801 477 1872 551 647

277 627 400 702 rustici
414 642 454 700 ut
472 626 616 701 litterati
635 625 682 699 de
703 626 772 699 hac
789 625 1165 718 sentireasseruntur,
1191 639 1228 698 et
1249 624 1308 699 ille
1332 623 1556 698 firmissimus
1578 627 1615 698 in
1638 625 1711 700 lide
1725 625 1870 719 dicitur,

275 748 338 847 qui
368 771 601 821 communem
626 745 753 846 populi
777 770 852 818 non
877 744 1018 817 excedit
1043 770 1202 818 sensum.
1221 745 1331 834 Quod
1355 744 1518 843 proiecto
1547 734 1631 819 id'eo
1659 762 1798 820 certum
1820 763 1875 821 est

275 867 450 957 accidere,
479 867 581 966 quod
608 866 743 939 nemini
764 864 861 965 apud
886 890 971 937 suos
994 864 1082 963 quid
1106 866 1152 937 sit
1167 864 1389 937 credendum
1411 866 1495 938 licet
1516 864 1711 962 inquirere,
1737 892 1805 941 nec
1827 867 1875 940 de

278 984 335 1059 his
362 1012 442 1085 quae
471 986 517 1058 ab
543 985 714 1060 omnibus
736 985 905 1058 dicuntur
930 984 1078 1083 impune
1106 984 1285 1058 dubitare.
1314 983 1430 1056 Pudet
1455 1008 1613 1081 namque
1636 984 1802 1058 homines
1830 987 1876 1060 de

276 1104 386 1178 bisse
409 1107 634 1203 interrogari,
659 1104 854 1205 dequibus
876 1105 1096 1205 respondere
1117 1129 1193 1177 non
1217 1102 1411 1177 sufficiunt.
1436 1108 1551 1177 Nemo
1570 1105 1706 1204 quippe
1725 1104 1877 1181 libenter

220 1304 225 1311 ,
277 1224 432 1313 accedit,
463 1226 526 1324 qui
549 1226 596 1299 de
623 1226 777 1326 propriis
798 1224 935 1299 viribus
960 1224 1108 1317 diffidit,
1134 1238 1171 1297 et
1194 1224 1382 1298 ultroneus
1404 1225 1517 1297 currit
1540 1224 1588 1297 ad
1611 1250 1791 1324 pugnam,
1813 1228 1878 1326 qui

276 1345 433 1419 victoriae
459 1360 580 1446 sperat
595 1346 759 1443 gloriam.
790 1347 833 1418 Hi
860 1348 967 1420 etiam
994 1346 1033 1419 in
1058 1359 1195 1447 tantam
1224 1370 1317 1445 saepe
1344 1360 1587 1443 prorumpunt
1610 1347 1807 1439 insaniam,
1836 1363 1879 1420 ut

278 1464 379 1564 quod
403 1490 441 1537 se
457 1488 532 1537 non
551 1489 657 1563 posse
680 1464 876 1563 intelligere
899 1464 1131 1555 confitentur,
1153 1464 1299 1538 credere
1319 1491 1358 1538 se
1376 1463 1537 1563 profiteri
1555 1490 1632 1538 non
1650 1465 1875 1558 erubescant,

278 1585 379 1683 quasi
394 1584 433 1656 in
450 1584 652 1684 prolatione
668 1585 863 1659 verborum
886 1587 1005 1684 potius
1023 1610 1133 1684 quam
1156 1586 1193 1657 in
1215 1584 1540 1684 comprehensione
1553 1584 1665 1657 animi
1680 1585 1771 1658 fides
1789 1610 1878 1660 con·

279 1705 397 1797 sistat,
425 1718 461 1777 et
486 1705 557 1777 oris
581 1706 659 1804 ipsa
686 1709 731 1809 ⁸l¹
757 1706 870 1803 magis
892 1731 1004 1804 quam
1028 1705 1162 1779 cordis.
1184 1690 1256 1792 Qui
1278 1705 1364 1779 hinc
1387 1729 1461 1804 quo
1484 1705 1636 1779 maxime
1662 1705 1875 1804 gloriantur,

281 1849 366 1897 cum
389 1838 487 1897 tanta
506 1824 654 1897 credere
676 1824 884 1916 rideantur,
909 1851 988 1923 quae
1005 1849 1073 1897 nec
1091 1849 1156 1897 ore
1179 1824 1305 1897 disseri
1331 1850 1399 1897 nec
1416 1837 1537 1898 mente
1557 1826 1701 1924 concipi
1719 1825 1875 1899 valeant.
1903 1890 1906 1897 .

285 1948 387 2032 Quos
417 1946 525 2017 etiarn
550 1944 642 2018 adeo
667 1960 971 2046 praesumptuosos
995 1957 1032 2017 et
1056 1941 1170 2016 elatos
1204 1943 1287 2016 facit
1312 1945 1467 2042 propriae
1501 1958 1606 2017 sectae
1627 1945 1876 2043 singularitas,

280 2078 322 2135 nt
344 2087 582 2163 quoscunque
606 2089 629 2138 a
656 2088 695 2137 se
720 2064 876 2137 viderint
898 2065 935 2139 in
966 2063 1038 2137 lide
1060 2063 1217 2155 divisos,
1248 2087 1268 2135 a
1294 2063 1540 2136 misericordia
1566 2065 1633 2138 Dei
1660 2065 1818 2156 alienos,
1843 2081 1880 2140 et

278 2182 450 2256 omnibus
474 2182 554 2257 aliis
576 2183 843 2276 condemnatiS,
869 2183 966 2256 solos
991 2207 1029 2255 se
1052 2182 1250 2280 praedicent
1273 2181 1412 2254 beatos.
1446 2183 1519 2255 Diu
1545 2184 1665 2281 itaque
1689 2185 1784 2259 hanc
1812 2211 1880 2284 ego

280 2301 585 2402 generishumani
602 2304 796 2377 caecitatem
813 2318 921 2400 atque
939 2300 1145 2402 superbiam
1163 2301 1410 2394 considerans,
1429 2301 1476 2375 ad
1492 2302 1652 2375 divinam
1664 2329 1723 2377 me
1740 2306 1878 2377 contuli

279 2421 575 2512 misericordiam,
598 2423 805 2523 suppliciter
824 2438 860 2496 et
872 2423 1003 2521 jugiter
1022 2447 1103 2494 eam
1123 2421 1335 2520 implorans,
1356 2435 1398 2493 ut
1414 2420 1461 2494 de
1477 2412 1574 2495 tanta
1591 2447 1756 2496 errorum
1771 2450 1880 2499 vora·
1997 2483 2009 2511 ,

278 2542 361 2639 gine
377 2556 413 2615 et
439 2557 513 2615 tam
535 2540 728 2615 miserabili
751 2541 924 2640 charybdi
946 2567 1004 2615 me
1025 2541 1194 2639 dignetur
1212 2540 1366 2614 educere
1391 2555 1499 2638 atque
1520 2540 1568 2614 ad
1592 2557 1738 2641 portum
1759 2545 1881 2619 salutis

278 2660 326 2735 de
348 2663 456 2735 tantis
472 2661 639 2762 procellis
655 2661 822 2761 dirigere.
841 2668 895 2735 De
911 2686 985 2759 quo
1003 2664 1111 2735 etiam
1126 2640 1227 2733 bunc
1243 2686 1303 2733 me
1317 2660 1446 2733 videtis
1470 2659 1662 2734 sollicitum
1677 2678 1713 2736 et
1729 2688 1880 2763 respon·

287 2783 433 2856 sionum
448 2797 648 2856 vestrarum
666 2781 892 2855 documentis
908 2796 1080 2881 tanquam
1098 2779 1317 2881 discipulum
1332 2781 1565 2854 vehementer
1582 2783 1774 2856 intentum.

326 2907 481 2976 lunens.
508 2906 608 2975 Duos
633 2903 781 3000 quidem
805 2903 909 2975 simul
938 2902 1191 2998 interrogasti,
1225 2899 1290 2974 sed
1315 2899 1406 2974 duos
1438 2901 1542 2974 simul
1557 2904 1780 3002 respondere
1805 2931 1879 2978 non
1926 2890 1932 2902 ⁶

282 3022 468 3111 convenit,
499 3047 546 3095 ne
577 3021 768 3096 multitudo
802 3022 1030 3119 loquentium
1057 3020 1258 3122 praepediat
1287 3020 1520 3095 intellectum.
1552 3023 1816 3123 Respondebo,
1850 3028 1879 3100 si

155 3233 159 3242 ἡ
278 3141 409 3241 placet,
428 3166 496 3238 ego
518 3144 669 3240 primus,
696 3144 781 3241 quia
805 3144 912 3242 primi
936 3168 1004 3214 nos
1028 3145 1063 3213 in
1087 3141 1225 3215 cultum
1250 3142 1317 3215 Dei
1336 3142 1515 3232 venimus,
1541 3142 1605 3214 vel
1618 3144 1771 3241 primam
1794 3145 1880 3242 legis

281 3262 505 3361 suscepimus
528 3261 766 3360 disciplinam.
787 3267 910 3334 Frater
925 3286 1011 3334 vero
1032 3261 1097 3332 iste
1116 3261 1180 3357 qui
1197 3284 1234 3332 se
1247 3259 1487 3332 'christianum
1508 3259 1712 3359 prolitetirr,
1734 3264 1799 3336 ubi
1822 3291 1881 3337 me

286 3379 441 3454 deficere
470 3380 528 3454 rel
561 3381 684 3453 minus
710 3380 872 3454 sufficere
898 3380 1146 3478 conspexerit,
1184 3379 1448 3478 imperfectioni
1477 3404 1565 3452 meae
1597 3380 1697 3478 quod
1729 3382 1882 3457 desuerit

279 3499 476 3599 supplebit,
498 3502 561 3598 qui
577 3500 680 3598 quasi
692 3499 767 3572 duo
788 3522 923 3572 cornua
940 3499 983 3570 in
993 3496 1139 3570 duobus
1158 3522 1285 3594 gerens
1299 3497 1552 3589 Testamentis,
1570 3499 1704 3597 quibus
1718 3518 1878 3577 armatus

280 3619 435 3693 validius
450 3618 548 3693 hosti
563 3620 726 3694 resistere
741 3619 874 3722 poterit
890 3632 927 3691 et
942 3617 1127 3692 dimicare.

330 3744 543 3816 Pumosoen.
563 3743 739 3816 hssentio.

328 3865 482 3936 lunens.
508 3867 586 3936 Hoc
605 3878 726 3937 autem
751 3878 835 3937 ante
855 3857 1057 3938 collationis
1082 3879 1213 3938 nostrae
1234 3860 1444 3939 conflictum
1466 3889 1693 3966 praemonere
1716 3880 1751 3938 te
1772 3867 1877 3961 volo,

280 4006 329 4055 ne
358 3983 389 4055 si
412 3982 505 4055 forte
530 3984 795 4083 simplicitatem
822 4008 940 4057 meam
965 3984 1298 4085 philosophicarum
1326 3988 1474 4059 veritate
1504 3985 1687 4061 rationum
1712 4012 1882 4087 superare

279 4102 450 4195 videaris,
476 4117 512 4177 ta
535 4117 679 4176 nostros
700 4103 783 4178 ideo
800 4105 926 4177 vicisse
948 4105 1124 4201 glorieriS,
1148 4129 1217 4179 nec
1232 4104 1513 4180 imbecillitatem
1538 4107 1644 4180 nnius
1664 4106 1881 4181 homunculi

279 4221 327 4296 ad
348 4223 475 4322 populi
498 4222 608 4296 totius
631 4239 819 4297 convertas
840 4224 1089 4322 ignominiam,
1101 4249 1178 4298 nec
1193 4249 1238 4299 ex
1260 4225 1418 4299 hominis
1435 4227 1525 4300 vitio
1545 4226 1656 4301 fidem
1672 4226 1878 4325 redarguas,

280 4364 445 4414 neceam
461 4341 688 4416 calumnieris
700 4368 902 4433 erroneam,
921 4343 1022 4441 quod
1038 4369 1108 4442 ego
1120 4369 1201 4419 eam
1217 4345 1391 4419 disserere
1408 4346 1529 4418 minus
1544 4346 1732 4419 sufficiam.

329 4465 471 4532 Pmnos.
489 4464 534 4532 Et
548 4459 621 4533 hoc
636 4486 783 4560 quoque
799 4463 951 4562 provide
966 4465 1051 4536 satis
1067 4464 1212 4538 videtur
1227 4488 1305 4537 esse
1318 4463 1473 4555 dictum3
1493 4463 1556 4537 sed
1571 4465 1669 4538 nulla
1687 4479 1740 4538 est
1757 4490 1880 4540 neces·

279 4580 383 4654 sitate
397 4579 631 4679 praemissum,
650 4606 734 4654 cum
750 4606 809 4655 me
824 4582 992 4657 videlicet
1006 4582 1054 4656 ad
1072 4585 1229 4658 veritatis
1245 4582 1528 4681 inquisitionem,
1549 4609 1624 4658 non
1648 4585 1696 4659 ad
1717 4586 1879 4660 elationis

278 4699 558 4774 ostentationem
577 4698 743 4774 laborare
759 4724 834 4774 non
855 4700 1038 4795 dubitetis,
1058 4727 1126 4776 nec
1144 4718 1184 4776 ut
1203 4702 1402 4801 sophistam
1419 4704 1605 4797 corrixari,
1622 4705 1686 4777 sed
1700 4719 1740 4778 ut
1757 4704 1880 4804 philo-

162 4891 164 4900 .
277 4820 479 4921 losophum
495 4819 651 4892 rationes
666 4822 830 4915 scmtari,
849 4834 903 4912 et,
922 4819 1024 4920 quod
1040 4838 1094 4895 est
1115 4824 1326 4915 maximum,
1351 4848 1412 4896 me
1426 4822 1577 4897 salutem
1595 4825 1723 4898 animas
1739 4826 1877 4898 venari.

328 4945 484 5016 lunens⁴
503 4940 681 5013 Dominus
694 4940 771 5040 ipse
786 4941 851 5039 qui
867 4941 967 5014 hunc
984 4943 1102 5015 zelum
1122 4943 1188 5016 tibi
1202 4944 1299 5017 visus
1315 4959 1370 5017 est
1386 4942 1595 5043 inspirasse,
1622 4958 1664 5016 ut
1679 4970 1748 5044 pro
1765 4943 1880 5020 salute

280 5061 410 5136 anime
426 5077 498 5154 ture
522 5075 627 5136 tanta
641 5085 728 5135 eum
747 5061 907 5160 inquiras
927 5061 1187 5156 sollicitudine,
1206 5063 1314 5138 nobis
1328 5061 1427 5138 hanc
1448 5063 1609 5137 conferat
1622 5063 1876 5162 collationem,
