4559 6100
449 502 519 574 576
1049 502 1178 575 PETRI
1203 502 1440 576 ABAELARDI

447 667 572 716 motum
589 647 616 732 ¹,
637 651 713 739 quia
729 673 789 715 nec
805 653 902 716 etiam
923 652 1058 743 digitum
1074 677 1205 720 movere
1220 670 1364 745 poterat,
1382 655 1443 719 nisi
1459 668 1615 741 quantum
1631 655 1661 717 ei
1681 651 1867 743 inspirabat.
1890 652 1942 718 Sit
1965 676 2043 741 ergo

447 770 558 813 omnes
587 749 804 838 oppositiones
832 767 1005 829 cassantur,
1030 764 1102 840 quae
1122 768 1216 817 erant
1235 775 1243 818 ε
1262 751 1355 818 aliter
1368 752 1422 817 hic
1440 766 1507 827 est,
1525 750 1616 815 aliter
1631 766 1679 816 est
1694 748 1739 814 ibi
1759 772 1767 814 ε
1785 751 1848 815 hoc
1863 766 1927 830 est,
1945 748 2044 815 hic²?

447 846 575 927 unitur,
593 846 639 910 ibi
655 862 787 913 nonest
803 848 942 929 unitum,
962 864 995 913 et
1010 865 1127 914 cetera.

1035 1208 1221 1301 CAPUT
1255 1211 1453 1301 xxviii.

1038 1429 1082 1483 De
1108 1436 1288 1483 sacramento
1312 1422 1458 1503 baptismi.

493 1612 629 1676 Ostenso
645 1612 808 1700 hucusque
825 1612 866 1678 de
882 1635 1007 1677 summo
1024 1611 1266 1687 beneficiorum,
1288 1611 1330 1677 ad
1345 1610 1536 1676 beneficium
1552 1626 1823 1675 sacramentorum
1839 1609 2044 1678 divertamus.

450 1708 538 1773 Sicut
559 1710 646 1774 enim
672 1712 864 1774 necessarius
888 1711 949 1775 fuit
971 1712 1037 1795 ejus
1058 1709 1229 1790 adventus,
1257 1709 1301 1774 sic
1325 1731 1452 1798 quoquo
1474 1710 1649 1773 necessaria
1674 1724 1746 1799 post
1768 1731 1863 1773 suum
1880 1710 2048 1774 transitum

450 1822 647 1871 sacramenta
662 1807 800 1895 reliquit.
816 1808 960 1873 Decebat
972 1808 1070 1885 enim,
1084 1830 1204 1872 novum
1220 1829 1329 1896 regem
1345 1828 1429 1871 nova
1441 1808 1513 1891 jura
1524 1804 1585 1869 sibi
1600 1806 1790 1894 relinquere,
1803 1807 1884 1870 sicut
1899 1823 1932 1872 et
1943 1807 2048 1872 adhuc

452 1901 520 1966 fieri
536 1903 628 1986 solet,
644 1927 718 1968 cum
734 1927 824 1994 reges
835 1905 1080 1970 substituuntur.
1095 1906 1222 1970 Horum
1236 1918 1508 1969 sacramentorum
1526 1901 1587 1967 alia
1598 1921 1672 1969 sunt
1686 1902 1873 1994 spiritualia,
1890 1903 1952 1969 alia
1967 1927 2045 1970 non.

454 1999 634 2087 spiritualia
655 2017 729 2065 sunt
747 2002 801 2066 illa
824 2011 963 2088 majora,
984 2028 1055 2093 quae
1077 2002 1196 2068 scilicet
1220 2001 1411 2067 adsalutem
1427 2000 1559 2067 valent:
1579 2025 1716 2090 quorum
1738 2018 1845 2066 tamen
1861 2025 1962 2067 unum
1983 2020 2045 2083 est,

454 2095 543 2183 quod
559 2119 626 2160 non
643 2096 831 2164 adsalutem
847 2117 978 2190 spectat,
996 2101 1053 2167 sed
1066 2124 1191 2191 magnae
1209 2102 1255 2165 rei
1271 2115 1503 2165 sacramentum
1514 2113 1572 2181 est,
1585 2099 1704 2165 scilicet
1714 2098 1910 2188 conjugium.
1926 2100 2048 2164 Ducere

453 2193 612 2273 siquidem
632 2218 768 2261 uxorem
789 2220 853 2261 non
877 2215 925 2263 est
947 2199 1077 2284 alicujus
1100 2199 1207 2263 meriti
1228 2196 1438 2274 adsalutem,
1462 2197 1520 2261 sed
1542 2212 1673 2286 propter
1692 2197 1981 2261 inconvenientiam
2007 2197 2049 2262 ad

454 2288 588 2356 salutem
613 2309 661 2357 est
688 2316 884 2360 eoncessum.
912 2296 968 2361 Fst
993 2313 1100 2362 autem
1123 2311 1359 2361 sacramentum
1379 2294 1545 2359 invisibilis
1565 2295 1674 2385 gratiae
1699 2293 1828 2359 visibilis
1849 2295 1985 2383 species,
1999 2295 2049 2359 rel

455 2410 551 2453 sacrae
567 2390 613 2454 rei
631 2392 775 2481 signum,
793 2393 827 2458 id
844 2409 907 2473 est,
926 2393 1058 2479 alicujus
1074 2394 1199 2458 secreti.
1218 2393 1362 2457 Primum
1386 2394 1503 2457 horum
1520 2407 1567 2457 est
1582 2392 1779 2482 baptismus,
1801 2392 1858 2480 qui
1879 2392 2048 2457 circumci-

455 2486 552 2551 sionis
575 2488 699 2553 obtinet
719 2488 837 2554 locum.
858 2491 903 2553 Ut
919 2492 1005 2556 enim
1029 2492 1074 2555 ait
1094 2491 1207 2555 beatus
1227 2490 1399 2580 Gregorius
1418 2514 1427 2554 ι
1446 2491 1510 2555 hoc
1538 2488 1614 2554 facit
1631 2490 1725 2554 nobis
1746 2488 1944 2577 baptismus,
1963 2488 2050 2577 quod

456 2581 535 2647 olim
551 2584 615 2667 his,
639 2587 695 2673 qui
715 2586 756 2651 de
773 2610 889 2677 genere
907 2590 1046 2654 Abrahae
1066 2604 1170 2662 erant,
1188 2588 1404 2671 circumcisio,
1423 2588 1492 2653 aliis
1512 2585 1664 2652 sacrificia
1683 2585 1734 2652 vel
1749 2610 1808 2675 pro
1821 2585 1957 2674 parvulis
1972 2584 2051 2651 fides

455 2698 636 2768 parentum.
657 2683 774 2747 Dicunt
793 2701 901 2750 tamen
917 2685 1061 2774 quidam,
1079 2685 1169 2774 quod
1189 2686 1222 2749 in
1238 2687 1302 2750 hoc
1319 2684 1489 2767 differunt,
1515 2684 1604 2772 quod
1627 2685 1731 2750 aditus
1751 2682 1822 2748 coeli
1842 2681 1939 2747 modo
1962 2698 2051 2771 patet

457 2777 641 2865 baptizatis,
666 2796 743 2844 tunc
758 2804 834 2846 vero
850 2806 931 2850 non.
944 2783 1019 2848 ·Sed
1035 2807 1095 2848 nos
1112 2782 1264 2862 dicimus,
1287 2782 1376 2870 quod
1397 2784 1460 2847 hoc
1481 2806 1549 2847 non
1567 2781 1643 2846 facit
1661 2781 1855 2870 baptismus,
1876 2778 1932 2844 sed
1948 2781 2051 2867 passio

458 2872 627 2958 adjuncta3
652 2900 723 2964 quae
738 2879 765 2942 si
780 2879 1011 2945 circumcisioni
1033 2880 1143 2945 addita
1160 2898 1259 2961 esset,
1282 2896 1315 2943 et
1331 2880 1466 2959 Iaceret,
1491 2881 1572 2944 sicut
1587 2880 1629 2944 de
1645 2878 1772 2944 duobus
1787 2878 1926 2943 nummis
1943 2875 2051 2941 videre

458 2994 637 3060 possumus.
661 2977 742 3040 Cum
762 2978 848 3042 enim
869 2978 942 3069 plus
958 2979 1150 3068 accipiamus
1165 3001 1224 3068 pro
1241 2977 1367 3041 duobus
1383 3001 1479 3067 quam
1498 3001 1558 3068 pro
1574 3001 1659 3057 uno,
1676 3000 1743 3041 non
1758 2993 1868 3041 mmen
1883 2974 1956 3066 plus
1969 2973 2052 3038 valet

458 3093 652 3161 unusquam
673 3073 764 3140 alter.
786 3076 849 3141 Sed
867 3077 952 3142 dicet
974 3076 1086 3165 aliquis
1105 3099 1113 3140 ε
1132 3077 1198 3140 Cur
1214 3077 1258 3139 ita
1279 3090 1402 3140 mutata
1417 3092 1464 3141 est
1483 3074 1699 3140 circumcisio?
1720 3075 1855 3164 Propter
1875 3074 1952 3139 novi
1971 3074 2051 3163 regis

460 3191 575 3234 noram
601 3170 705 3262 legem
725 3173 971 3256 instituendam,
999 3190 1130 3264 propter
1150 3173 1330 3238 inimicitias
1349 3173 1432 3238 inter
1456 3174 1586 3238 Iudaeos
1607 3190 1640 3237 et
1663 3171 1804 3237 Gentiles
1823 3168 2049 3246 dissolvendas,

457 3283 588 3356 propter
603 3270 784 3359 superbiam
797 3270 981 3338 Judaeorum
998 3270 1247 3338 retundendam.
1262 3272 1344 3335 Cum
1361 3271 1447 3336 enim
1460 3287 1592 3361 propter
1606 3269 1720 3360 legalia
1735 3267 1853 3333 Judaeis
1864 3266 2005 3334 Gentiles
2021 3282 2052 3331 et

458 3387 643 3430 econverso
658 3368 912 3450 inimicarentur,
925 3393 1090 3459 nunquam
1102 3370 1245 3436 Gentiles
1255 3368 1309 3434 illa
1321 3370 1510 3459 reciperent.
1529 3370 1611 3435 Item
1627 3370 1653 3432 si
1664 3368 1853 3455 reciperent,
1864 3364 1969 3430 Iudaei
1979 3364 2052 3429 inde

458 3464 659 3550 superbirent
674 3482 706 3530 et
722 3468 811 3554 quasi
827 3467 903 3532 inde
920 3491 953 3533 se
967 3471 1137 3553 jactarent,
1156 3468 1211 3555 qui
1228 3467 1371 3533 dicerent
1390 3491 1398 3532 :
1416 3467 1527 3532 Velitis
1541 3464 1659 3544 nolitis,
1674 3464 1716 3530 ad
1732 3480 1841 3529 nostra
1856 3478 2052 3529 sacramenta

460 3560 587 3625 tenutis
597 3560 710 3628 modo.
723 3563 865 3652 Ideoque
878 3566 1071 3630 conveniens
1080 3564 1151 3644 fuit,
1168 3563 1222 3627 illa
1240 3564 1385 3629 evacuari
1395 3581 1429 3629 et
1444 3564 1517 3645 alia,
1531 3587 1602 3653 quae
1613 3564 1722 3652 utique
1737 3561 1842 3627 forent
1857 3561 2050 3637 communia,

460 3660 620 3723 constitui.
645 3661 781 3750 Propter
796 3662 859 3727 hoc
873 3686 1002 3752 quoque
1018 3662 1196 3752 baptismus
1211 3662 1283 3726 loco
1300 3663 1547 3727 circumcisionis
1562 3660 1670 3743 subiit,
1688 3660 1762 3749 quia
1778 3658 1975 3723 circumcisio
1989 3659 2051 3722 im·

460 3754 636 3838 perfectum
653 3775 722 3822 erat
738 3776 984 3841 sacramentum,
998 3774 1109 3848 utpote
1124 3757 1199 3822 solis
1213 3759 1348 3824 attinens
1363 3761 1517 3825 maribus.
1536 3760 1715 3850 Baptismus
1729 3780 1806 3822 vero
1819 3755 1995 3846 perlectum
2007 3770 2053 3818 est

460 3868 706 3928 sacramentum,
719 3856 794 3943 quia
808 3858 932 3947 utrique
949 3857 1038 3922 sexui
1054 3856 1328 3923 accommodatur.
1340 3856 1428 3924 Solet
1443 3859 1554 3947 quaeri,
1571 3880 1628 3921 cur
1643 3856 1745 3945 magis
1760 3855 1794 3918 in
1811 3876 1894 3942 aqua
1909 3874 2003 3941 quam
2018 3852 2053 3914 in

461 3945 524 4010 alio
544 3946 668 4036 liquore
690 3952 865 4041 baptismus
883 3954 1080 4019 conficiatur.
1106 3954 1158 4019 Ad
1180 3953 1268 4043 quod
1284 3955 1415 4044 quidem
1437 3956 1527 4047 plura
1551 3952 1737 4045 responderi
1759 3968 1893 4042 possunt
1910 3974 1918 4014 ι
1935 3949 2050 4039 primo,

461 4044 534 4130 quia
560 4063 692 4137 propter
720 4049 869 4115 decorem
895 4053 1084 4117 sacramenti
1109 4051 1173 4116 boc
1190 4052 1308 4117 Iactum
1334 4070 1392 4119 est.
1422 4054 1536 4120 Nullus
1561 4052 1647 4118 enim
1671 4051 1776 4140 liquor
1799 4047 1881 4114 adeo
1905 4045 1989 4111 valet
2013 4043 2055 4109 ad

462 4140 658 4209 abluendum
675 4163 711 4210 ut
726 4169 827 4236 aqua,
846 4166 879 4213 et
893 4148 968 4214 ideo
986 4151 1177 4215 conveniens
1193 4168 1262 4215 erat
1280 4168 1313 4216 et
1330 4150 1484 4218 decorum
1501 4168 1548 4230 ut,
1567 4151 1648 4215 sicut
1665 4148 1788 4213 ablutio
1809 4146 1925 4211 animae
1942 4143 2055 4208 melior

461 4255 508 4302 est
531 4241 679 4306 omnibus
700 4243 786 4322 aliis,
805 4247 850 4310 sic
872 4270 930 4337 per
948 4250 1015 4333 ejus
1036 4246 1167 4337 liquoris
1189 4247 1387 4314 ablutionem
1408 4247 1648 4339 significaretur,
1673 4244 1762 4335 quod
1779 4244 1880 4333 magis
1904 4241 1988 4307 valet
2013 4239 2055 4304 ad

462 4334 669 4405 abluendum.
680 4342 761 4406 Item
777 4361 910 4434 propter
926 4348 1079 4430 majorem
1098 4345 1283 4411 facultatem
1297 4345 1496 4426 habendam,
1514 4363 1550 4411 ut
1566 4367 1677 4411 omnes
1692 4360 1758 4407 tam
1774 4363 1941 4432 pauperes,
1959 4360 2056 4427 quam

462 4432 574 4498 divites
593 4436 657 4500 hoe
675 4456 804 4527 possent
824 4442 956 4523 habere,
991 4466 1051 4508 nec
1071 4461 1202 4533 propter
1224 4443 1365 4531 inopiam
1391 4458 1625 4509 excusarentur.
1648 4441 1680 4504 Si
1708 4440 1794 4505 enim
1825 4436 1917 4503 fieret
1937 4437 1970 4499 in
1993 4432 2056 4499 alio

462 4531 597 4618 liquore,
614 4557 681 4598 non
697 4552 763 4601 tam
788 4538 880 4604 facile
896 4541 1030 4628 quilibet
1045 4557 1152 4631 posset
1173 4541 1305 4605 habere.
1328 4542 1366 4604 In
1382 4542 1446 4605 hoc
1461 4555 1674 4621 sacramento,
1692 4539 1772 4602 sicut
1787 4553 1820 4602 et
1835 4537 1869 4599 in
1886 4534 1973 4612 aliis,
1992 4530 2057 4597 duo

462 4643 552 4710 sunt,
576 4630 681 4719 ipsum
706 4634 824 4700 scilicet
840 4654 1073 4702 sacramentum
1089 4654 1121 4702 et
1135 4638 1232 4726 ipsius
1252 4661 1315 4703 res.
1336 4638 1577 4704 Sacramentum
1598 4652 1646 4701 est
1659 4636 1728 4726 ipsa
1745 4634 1884 4701 exterior
1905 4629 2054 4694 ablutio:

463 4748 513 4790 res
523 4728 617 4813 hujus
633 4734 821 4797 sacramenti
838 4733 970 4798 interior
986 4750 1033 4800 est
1045 4734 1178 4799 ablutio.
1197 4735 1269 4801 Hoc
1285 4752 1529 4815 sacramentum,
1547 4735 1628 4800 sicut
1643 4749 1675 4798 et
1690 4746 1925 4798 sacramentum
1937 4727 2054 4802 altaris,

464 4821 516 4887 alii
528 4824 570 4890 ad
585 4826 696 4911 vitam,
715 4828 767 4894 alii
785 4830 827 4894 ad
844 4847 981 4896 mortem
997 4833 1169 4922 accipiunt.
1188 4833 1250 4915 Qui
1267 4834 1353 4898 enim
1369 4857 1442 4899 vere
1460 4831 1629 4910 accedunt,
1648 4846 1681 4896 et
1692 4852 1762 4894 rem
1776 4845 1809 4894 et
1823 4838 2057 4893 sacramentum

497 5101 502 5128 ¹
514 5095 555 5148 Sic
566 5097 717 5154 Rhunwatd.
729 5104 766 5154 au
777 5110 936 5158 normaton
952 5104 1078 5157 Mtebot?
1087 5133 1116 5143 -
1126 5108 1135 5137 ²
1145 5104 1286 5161 Rbetnwrld
1295 5110 1386 5160 omittit
1397 5108 1446 5158 hic.
