4559 6100
348 553 351 562 '
470 579 547 651 aaa.
1072 575 1199 646 rsnu
1225 574 1459 649 armanni

469 731 507 802 id
523 743 576 801 est
593 752 659 827 per
675 726 847 825 Spiritum
862 738 1038 813 sanctum,
1056 725 1120 822 qui
1136 739 1302 823 utsupra
1317 724 1454 798 dictum
1473 738 1540 813 est,
1564 723 1670 798 docet
1687 729 1755 798 nos'
1770 726 1857 823 quid
1876 729 2054 803 orandum

468 851 513 920 sit
540 861 577 919 et
600 845 757 944 postulat
776 868 842 942 pro
862 841 969 914 nobis
984 843 1238 938 gemitibus...
1253 842 1312 915 ¹id
1328 858 1381 917 est
1396 857 1558 917 sanctum
1573 860 1813 942 consequatur
1827 844 1996 921 ellectum
2016 864 2056 920 ut

468 993 536 1040 nos
553 990 679 1038 omnes
695 980 838 1038 sanctos
853 961 997 1036 efficiat.

518 1116 536 1153 a
554 1086 677 1158 Habeo
695 1108 829 1181 ergo.»
848 1083 942 1171 Quia
966 1080 1132 1153 videlicet
1155 1083 1204 1153 ita
1225 1082 1316 1154 facio
1338 1105 1417 1178 quae
1442 1081 1572 1154 Christi
1596 1099 1681 1156 sunt
1703 1084 1916 1182 quaerendo,
1937 1086 2057 1160 habeo

469 1206 681 1303 «gratiam»
699 1205 785 1277 hinc
802 1228 869 1303 pro
886 1202 1041 1293 Christo,
1058 1202 1116 1272 cui
1133 1202 1170 1272 in
1185 1200 1259 1273 boc
1273 1200 1450 1294 deservio,
1469 1201 1517 1274 ad
1530 1203 1631 1298 quod
1650 1235 1667 1270 a
1679 1208 1809 1296 Deum,
1822 1235 1839 1270 a
1856 1204 1895 1278 id
1912 1219 1964 1277 est
1978 1231 2057 1305 pre·

466 1328 570 1416 tium,
588 1325 713 1398 divino
728 1322 886 1421 judicio,
913 1323 1041 1393 sinon
1068 1320 1252 1410 humano,
1281 1320 1367 1393 hino
1396 1322 1556 1417 acquiro.
1589 1322 1698 1410 Quod
1722 1323 1868 1421 quidem
1899 1324 2054 1398 dicendo

465 1447 630 1544 exemplo
643 1469 710 1517 suo
727 1443 774 1516 ad
792 1444 951 1514 trarernae
968 1439 1170 1512 dilectionis
1185 1441 1461 1514 sollicitudinem
1469 1465 1531 1512 eos
1540 1439 1765 1514 adhortatur.
1788 1473 1805 1509 a
1819 1448 1898 1515 Non
1909 1444 2021 1515 enim.
2032 1473 2049 1507 a

466 1563 631 1638 Ostendit
656 1561 845 1661 quomodo
862 1559 1057 1633 sanctificet
1081 1560 1137 1634 vel
1160 1560 1390 1632 commendet
1411 1560 1702 1659 predicationem
1724 1587 1847 1653 suam,
1872 1561 1994 1634 dicens
2016 1587 2054 1634 se

465 1709 540 1756 non
564 1707 779 1781 praesumere
803 1680 939 1778 aliquid
957 1679 1070 1777 loqui,
1093 1679 1130 1750 id
1147 1693 1200 1752 est
1216 1679 1283 1752 sibi
1298 1680 1475 1777 imputare
1491 1703 1556 1777 per
1568 1679 1788 1776 jactantiam,
1806 1705 1962 1777 quorum
1980 1705 2055 1754 non

465 1803 595 1875 lrabeat
612 1801 820 1891 efficaciam,
838 1800 929 1872 sicut
946 1797 1083 1896 pseudo
1098 1797 1259 1895 Apostoli
1272 1797 1458 1872 faciebant.
1481 1827 1498 1866 a
1510 1802 1549 1869 lu
1568 1798 1772 1872 obedientia
1788 1801 2000 1887 Gentium»
2017 1801 2054 1872 id
2109 1833 2115 1840 ·
2144 1843 2150 1856 ·

464 1940 518 1994 est
534 1937 681 2021 pmpter
704 1922 775 1995 hoc
797 1935 838 1993 ut
862 1919 1107 1992 obedientiam
1131 1920 1224 1992 inter
1238 1924 1370 1993 Gentes
1396 1919 1554 2012 trabam,
1572 1921 1648 1992 haec
1672 1920 1782 1994 efficit
1803 1922 1965 2019 inquam,
1989 1923 2056 1993 «in

466 2042 599 2129 verbo,
616 2073 634 2110 a
659 2041 696 2114 id
715 2057 769 2114 est
785 2067 848 2139 per
864 2039 1016 2110 verbum
1032 2064 1151 2125 sunm,
1174 2069 1192 2105 r
1207 2054 1243 2112 et
1258 2039 1369 2129 sactis,
1386 2070 1404 2107 r
1423 2039 1531 2112 idest
1551 2065 1616 2139 per
1630 2041 1813 2113 miracula.
1835 2045 1922 2128 Quae
1936 2044 2055 2115 statim

466 2165 557 2235 facta
572 2160 769 2234 subdividit
783 2161 921 2248 dicens,
938 2189 956 2226 a
966 2160 1003 2230 in
1019 2159 1167 2251 virtute,
1177 2188 1196 2228 n
1210 2160 1247 2231 id
1262 2175 1316 2232 est
1328 2183 1392 2258 per
1404 2161 1601 2259 potentiam
1616 2161 1703 2234 mihi
1716 2161 1896 2251 collatam,
1915 2163 2055 2259 «signo-

466 2307 547 2352 rum
565 2296 602 2353 et
628 2279 888 2378 prodigiorum,
905 2307 923 2346 r>
942 2277 978 2350 id
1006 2293 1058 2350 est
1084 2279 1270 2376 signorum
1293 2278 1522 2351 mirabilium.
1550 2282 1641 2351 Sunt
1657 2281 1753 2352 enim
1778 2282 1879 2377 signa
1893 2280 2056 2378 quaedam

466 2401 653 2491 naturalia,
669 2401 715 2472 de
732 2400 863 2497 quibus
874 2423 948 2470 non
967 2399 1154 2488 miramur,
1170 2400 1261 2472 sicut
1277 2399 1323 2471 de
1339 2399 1490 2498 planetis
1502 2402 1672 2497 scriptum
1686 2414 1751 2488 est,
1769 2415 1810 2471 ut
1824 2401 1944 2472 sintin
1960 2405 2056 2497 signa

468 2537 502 2591 et
520 2535 695 2618 tempora.
715 2523 803 2607 Quae
819 2533 905 2589 vem
924 2531 1050 2589 contra
1068 2532 1246 2609 naturam,
1266 2518 1305 2591 id
1324 2533 1378 2590 est
1396 2519 1565 2591 usitatum
1581 2533 1715 2590 naturae
1733 2544 1877 2592 utimum
1894 2521 2055 2607 veniunt,

467 2657 506 2710 ut
531 2640 693 2737 leprosos
712 2638 899 2725 mundare,
918 2637 974 2708 vel
995 2650 1158 2709 mortuos
1181 2639 1363 2728 suscitare,
1382 2637 1458 2711 haec
1482 2638 1660 2736 pmdigia‚
1686 2637 1724 2710 id
1748 2652 1799 2711 est
1824 2639 2058 2712 admiratione

467 2761 577 2856 digna
605 2759 786 2830 dicuutur.
818 2756 923 2828 Unde
949 2755 1155 2854 prodigium
1181 2757 1281 2852 quasi
1313 2756 1542 2854 prodendum
1575 2756 1686 2853 digito
1715 2758 1858 2829 dicitur.
1889 2759 2057 2828 «Virtute

470 2878 621 2974 Spiritus
637 2877 770 2962 sancti,
782 2904 799 2943 n
818 2875 856 2947 id
871 2889 923 2948 est
938 2899 982 2945 ex
999 2887 1175 2973 potestate
1192 2898 1257 2972 pcr
1273 2875 1423 2969 gratiam
1433 2877 1499 2947 Dei
1510 2874 1599 2947 mihi
1608 2874 1751 2964 collata,
1763 2876 1809 2948 ad
1819 2875 2054 2948 differentiam

466 2997 598 3070 scilicet
619 2994 876 3068 miraculorum
900 2993 1104 3067 antichristi
1131 3018 1196 3066 seu
1217 3015 1418 3092 magorum.
1438 2995 1633 3092 Origenesz
1657 3023 1675 3065 a
1695 2996 1802 3093 Signa
1816 2994 2054 3095 appellantur,

466 3122 501 3187 in
521 3116 651 3214 quibus
668 3140 752 3188 curn
768 3117 812 3189 sit
833 3113 967 3211 aliquid
990 3112 1152 3186 mirabile
1173 3113 1351 3187 indicatur
1366 3139 1513 3212 quoque
1535 3114 1668 3211 aliquid
1693 3114 1863 3188 futurum.
1891 3114 2056 3212 Prodigia

466 3238 609 3308 veroin
635 3234 767 3333 quibus
794 3232 1046 3307 tantummodo
1073 3232 1235 3305 mirabile
1262 3233 1398 3330 aliquid
1426 3234 1637 3307 ostenditur.
1668 3236 1851 3333 Scriptura
1877 3234 2057 3307 interdum

467 3356 613 3426 abusive
635 3369 672 3427 et
693 3354 858 3453 prodigia
882 3377 949 3451 pro
974 3352 1096 3447 signis,
1117 3366 1154 3423 et
1168 3353 1269 3448 signa
1286 3377 1354 3450 pro
1375 3352 1547 3452 pmdigiis
1564 3353 1679 3451 ponit.
1705 3354 1811 3450 Signa
1836 3368 1872 3427 et
1896 3353 2057 3452 prodigia

466 3499 532 3570 pro
547 3498 622 3547 uno
639 3475 861 3572 accipiuntur
872 3472 943 3544 lroc
956 3471 1051 3542 loco.
1073 3498 1090 3538 r
1113 3500 1130 3537 a
1144 3476 1195 3542 lta
1212 3485 1263 3544 ut.
1280 3502 1297 3538 r
1316 3471 1489 3561 Gloriam,
1506 3473 1667 3568 inquam,
1681 3471 1801 3544 lrabeo
1815 3472 1915 3570 ¹apud
1928 3477 2056 3561 Deum,

467 3610 609 3666 tantum
630 3593 763 3665 scilicet
789 3591 834 3664 de
859 3590 984 3662 labore
1007 3615 1103 3674 meo,
1123 3604 1163 3659 ut
1187 3603 1299 3662 totam
1321 3591 1419 3663 illam
1434 3605 1563 3664 terram
1585 3591 1632 3663 ab
1649 3592 1844 3664 lentsalem
1858 3596 1986 3688 ‘usque
2012 3592 2056 3662 ad

468 3715 646 3806 Illyricum
673 3709 884 3807 repleverim
910 3706 1163 3806 predicatione
1177 3707 1377 3803 Evangelii,
1404 3724 1444 3781 ut
1470 3708 1634 3783 videlicet
1659 3708 1824 3782 ostendat
1848 3709 1997 3807 dignum
2022 3736 2058 3781 se

465 3857 486 3902 a
500 3832 669 3904 Romanis
685 3828 857 3917 exaudiri,
868 3828 960 3922 quia
970 3840 1023 3898 tot
1039 3839 1074 3897 et
1090 3827 1196 3897 tantis
1206 3827 1251 3897 sit
1266 3827 1463 3900 exauditus.
1480 3832 1638 3924 Haymo:
1653 3859 1671 3896 r
1684 3828 1863 3925 Illyricum
1871 3831 2058 3901 Provincia

464 3964 517 4022 est
542 3948 622 4020 finis
643 3948 730 4020 Asiae
751 3946 796 4018 ad
812 3946 1028 4044 principium
1046 3947 1211 4041 Europae.
1227 3974 1245 4009 »
1274 3946 1366 4018 «Sic
1383 3961 1550 4019 autem.»
1569 3948 1711 4022 Scilicet
1726 3948 1837 4021 verbo
1855 3962 1890 4020 ct
1907 3948 2008 4020 lactis
2023 3963 2058 4020 et

463 4072 593 4140 virtute
614 4069 799 4164 signorum
818 4067 855 4136 in
873 4064 929 4136 his
946 4063 1048 4155 locis,
1074 4062 1136 4134 ubi
1154 4064 1252 4160 prius
1269 4063 1315 4137 de
1335 4065 1476 4139 Christo
1492 4065 1543 4139 nit
1562 4068 1714 4139 omnino
1736 4067 1898 4141 auditum
1921 4068 2055 4153 luerat,

466 4204 504 4256 ut
529 4185 695 4258 videlicet
720 4208 795 4256 non
819 4186 864 4255 sit
888 4180 1052 4254 mirabile
1075 4182 1105 4253 si
1128 4181 1227 4279 apud
1252 4207 1317 4254 vos
1338 4183 1414 4279 jam
1438 4184 1621 4259 Christum
1647 4186 1834 4259 confessos
1854 4186 2057 4284 pradicatio

465 4330 543 4377 mea
558 4304 679 4376 locum
696 4303 841 4376 habeat.
867 4333 884 4368 α
903 4307 953 4373 Nc
963 4325 1082 4398 super.
1095 4328 1112 4368 rr
1134 4307 1182 4373 Ac
1198 4301 1229 4373 si
1239 4301 1391 4374 diceret:
1406 4306 1483 4377 Hoc
1499 4303 1633 4376 scilicet
1647 4304 1737 4377 mibi
1752 4306 1999 4402 contingente,
2019 4319 2056 4374 ut

464 4450 539 4495 non
565 4421 753 4496 aedificium
780 4422 866 4494 fidei
893 4420 1108 4493 collocarem
1135 4442 1244 4517 super
1272 4420 1425 4494 aliorum
1449 4422 1740 4520 praedicationem
1767 4424 2053 4523 precedentem,

464 4568 542 4638 quae
570 4543 671 4638 quasi
701 4565 788 4647 meae
816 4539 1079 4637 praedicationis
1102 4538 1377 4613 funda-earum
1400 4558 1506 4615 esset.
1530 4548 1570 4615 ln
1598 4569 1673 4641 quo
1700 4543 1878 4616 difficilius
1903 4543 2059 4616 ostendit

465 4665 564 4760 quod
581 4662 632 4734 ibi
649 4661 744 4752 fecit,
763 4685 874 4758 quam
886 4659 987 4758 quod
1004 4660 1102 4758 apud
1118 4663 1299 4733 Romanos
1316 4662 1552 4760 lacerecupit.
1568 4692 1587 4731 a
1601 4664 1780 4762 Scriptum
1793 4679 1860 4754 est,
1871 4695 1888 4729 »
1901 4664 1937 4735 in
1955 4664 2055 4751 isaia,
2102 4656 2109 4667 ⁸

498 5018 719 5069 'Stctmbocrlua
737 5013 1233 5077 Gemmttburpropemitibustegendum
1296 5018 1362 5076 Deo,
1382 5024 1524 5079 textumque
1547 5019 1581 5068 tta
1607 5019 1700 5069 restitut
1722 5031 1814 5081 porse:
1832 5020 1864 5069 tn
1879 5016 1994 5082 postulat
2012 5030 2059 5080 pro

466 5111 518 5147 csse
536 5099 641 5148 rtdetur.
661 5097 811 5159 conjicimus
821 5107 921 5156 quoque
937 5094 1006 5156 quod
1028 5095 1140 5156 sequitur
1150 5095 1180 5143 r'd
1196 5101 1233 5144 ert
1294 5095 1458 5158 gementibus.
1471 5116 1484 5141 α
1494 5096 1553 5148 star
1563 5104 1666 5163 serapte
1676 5100 1741 5158 Deo,
1753 5117 1766 5145 ι
1778 5098 1808 5149 id
1820 5104 1856 5149 ert
1866 5104 1981 5150 nactam
2000 5109 2058 5145 con·

465 5186 579 5227 manat
595 5183 760 5241 campumt
775 5175 887 5237 effectam
908 5174 994 5225 retent
1014 5176 1046 5225 ad
1061 5173 1109 5236 liat
1130 5181 1233 5239 accepto
1294 5181 1415 5238 regamur
1426 5177 1552 5240 offanum,
1565 5186 1613 5230 eta.
