4559 6100
217 79 301 146 riam
332 75 563 168 pervenisse.»
590 50 816 162 Quidmirum
835 75 933 168 igitur
952 80 980 144 si
1000 78 1052 143 isti
1079 99 1162 166 quos
1178 98 1237 161 ‚me
1258 77 1369 143 assera
1393 75 1510 162 injuste
1530 89 1752 166 persecutum,
1782 77 1817 143 in

216 195 375 286 aliquibus
392 195 443 262 rel
464 195 557 262 dictis
570 196 623 263 vel
639 195 729 264 factis
746 194 918 285 aliquando
933 197 1045 269 ,minus
1059 195 1195 287 provide
1211 210 1362 286 egerunt,
1383 194 1438 284 qui
1454 195 1672 285 superioribus
1689 193 1818 263 duobus

215 315 331 381 sauma
346 314 532 381 doctoribus
547 331 580 381 et
594 314 787 405 martyribus
803 337 1007 404 nequaquam
1022 316 1202 406 superiores
1218 312 1416 381 extiterunt?

258 433 334 500 Vidi
355 436 443 500 enim
472 433 641 501 dominum
667 435 846 500 Robertum
871 434 1005 500 feminas
1036 458 1056 500 a
1084 434 1160 499 viris
1174 433 1238 499 suis
1255 432 1430 524 fugientes,
1451 433 1527 498 viris
1541 434 1617 523 ipsis
1632 433 1816 499 reclaman-

214 552 321 637 tibus,
345 555 509 644 ⁴recepisse
540 570 592 636 et,
621 554 771 645 episcopo
786 552 1023 645 Andegaviensi
1048 569 1085 618 ut
1108 575 1165 618 eos
1180 551 1331 618 redderet
1351 553 1573 643 praecipiente,
1590 551 1816 620 inobedienter

213 672 375 761 usquead
398 688 537 739 mortem
556 672 756 739 obstinanter
776 673 925 738 tenuisse.
950 670 1050 756 Quod
1069 671 1190 738 factum
1213 695 1310 761 quarn
1331 670 1548 737 irrationabile
1569 671 1610 736 sit
1632 672 1813 752 considera.
1846 690 1849 703 '

213 790 247 856 Si
266 792 353 856 enim
375 782 457 857 uxor
471 793 541 857 viro
560 791 706 858 debitum
724 807 837 883 negat,
855 807 888 857 et
909 791 952 857 ob
968 791 1032 856 hcc
1046 789 1100 858 ille
1120 792 1274 857 moecbari
1293 790 1510 880 compellitur,
1529 792 1634 876 major
1653 789 1747 880 culpa
1768 808 1817 858 est
1875 854 1880 861 .

212 910 433 1000 compellentis
462 933 560 999 qnam
581 911 714 1001 agentis.
741 912 809 975 llea
832 932 910 1000 ergo
931 908 1080 976 adulterii
1105 925 1153 975 est
1177 909 1296 976 femina
1320 909 1425 973 virum
1448 907 1614 974 dimittens
1627 917 1750 1000 'postea
1774 934 1817 977 ex

212 1029 400 1094 necessitate
415 1045 615 1120 peccantem.
633 1027 809 1112 Quomodo
825 1050 906 1119 ergo
919 1050 991 1093 eam
1012 1030 1154 1094 retinens
1172 1043 1206 1094 et
1227 1028 1338 1093 fovens
1354 1028 1506 1093 immunis
1521 1044 1556 1095 et
1570 1051 1639 1093 non
1654 1030 1815 1121 particeps

212 1147 355 1233 ejusdem
370 1149 512 1214 criminis
526 1147 609 1215 crit?
623 1148 682 1214 Illa
698 1150 786 1214 enim
801 1171 1005 1238 nequaquam
1015 1149 1080 1214 hcc
1095 1148 1231 1230 faceret,
1247 1148 1309 1212 nisi
1324 1148 1380 1237 qui
1388 1170 1462 1213 eam
1476 1149 1629 1214 retineret
1643 1148 1813 1217 inveniret.

128 1348 133 1353 Ι
211 1264 298 1331 Audi
318 1266 451 1332 beatum
480 1269 696 1359 Augustinum
721 1267 832 1334 durius
852 1265 1085 1356 inloquentem.
1111 1269 1167 1333 Ait
1195 1268 1283 1333 euim
1308 1289 1317 1331 ε
1345 1267 1519 1352 «Dimissa,
1543 1266 1570 1331 si
1596 1289 1655 1357 per
1674 1267 1815 1333 inconti-

211 1386 355 1451 nentiam
376 1388 501 1478 cogitur
522 1387 617 1453 alicui
633 1385 793 1477 copulari,
810 1388 875 1453 hoc
895 1402 944 1453 est
957 1388 1123 1453 moechari.
1144 1384 1244 1471 Quod
1259 1386 1285 1451 si
1302 1385 1356 1451 illa
1373 1410 1440 1451 non
1458 1386 1585 1468 feccrit,
1607 1386 1661 1452 ille
1681 1402 1812 1469 tamen,

209 1521 367 1595 quantum
386 1507 421 1570 in
438 1529 478 1572 eo
494 1521 558 1589 est,
576 1507 680 1572 facere
696 1505 869 1596 compulit,
885 1522 919 1573 et
933 1505 1008 1573 ideo
1025 1507 1089 1573 hoc
1103 1507 1150 1575 illi
1166 1523 1335 1597 peccatum
1350 1509 1448 1590 Deus,
1467 1508 1526 1572 etsi
1551 1505 1606 1571 illa
1628 1522 1712 1572 casta
1736 1530 1813 1598 per-

209 1639 358 1706 maneat,
376 1625 560 1715 imputabit.
583 1625 617 1691 Si
637 1627 734 1717 igitur
748 1649 822 1692 reus
838 1641 886 1691 est
907 1625 1048 1691 criminis
1062 1626 1113 1692 vir
1127 1649 1263 1692 uxorem
1279 1642 1390 1715 postea
1411 1649 1479 1691 non
1492 1640 1680 1715 peccantem
1702 1625 1815 1692 dimit·

209 1757 297 1825 tens,
313 1758 435 1832 quanto
459 1746 560 1835 magis
589 1747 616 1811 si
646 1745 699 1811 illa
716 1745 941 1837 peccaveriti'»
962 1743 1049 1810 Audi
1082 1746 1180 1811 etiam
1206 1747 1339 1811 beatum
1363 1746 1555 1835 Gregorium
1577 1744 1620 1811 ad
1639 1744 1814 1836 quemdam

210 1859 364 1928 abbatem
386 1864 609 1954 inloquentem
624 1864 667 1931 de
685 1864 828 1955 quodam
845 1867 1036 1956 conjugato,
1061 1889 1160 1955 quem
1177 1868 1222 1931 ita
1238 1864 1476 1956 suscipiendum
1493 1867 1661 1956 cognovit,
1686 1867 1713 1932 si
1731 1891 1816 1934 uxor

209 1981 278 2066 ejus
292 1982 437 2048 similiter
459 1985 602 2049 converti
617 1984 765 2051 voluerit.
786 1983 871 2053 Nam
896 2008 971 2050 eum
992 2008 1093 2049 unum
1116 1986 1283 2073 utriusque
1308 2008 1423 2074 corpus
1443 1985 1584 2074 conjugii
1608 1985 1813 2075 copulatione
1903 2067 1905 2072 Α

207 2099 251 2165 sit
272 2099 413 2184 lactum,
435 2102 587 2169 indecens
611 2120 659 2169 est
680 2120 804 2194 partem
828 2104 971 2169 converti
994 2119 1027 2169 et
1047 2120 1173 2193 partem
1192 2103 1270 2170 inde
1291 2104 1325 2168 in
1346 2103 1455 2170 seculo
1479 2125 1619 2170 manere.
1646 2104 1714 2169 Aut
1736 2128 1813 2197 ergo

207 2234 344 2309 uterque
387 2221 532 2288 discedat
558 2239 614 2287 aut
647 2239 781 2313 uterque
812 2238 989 2288 remaneat.
1017 2222 1083 2288 Sed
1111 2222 1154 2289 de
1191 2221 1325 2289 domino
1359 2221 1513 2288 Anselmo
1551 2223 1810 2315 archiepiscopo,

207 2363 307 2429 quern
333 2357 367 2406 et
388 2343 462 2407 vitae
483 2345 633 2409 sanctitas
655 2344 812 2424 honorat,
840 2359 873 2408 et
899 2342 1053 2409 doctrina
1080 2342 1281 2435 singularitas
1307 2343 1392 2408 ultra
1417 2365 1623 2408 communem
1642 2343 1813 2411 hominum

206 2446 392 2524 mensuram
416 2461 558 2543 extollit,
586 2462 665 2550 quid
687 2461 883 2526 dicamlrlit
905 2463 1047 2527 enimin
1068 2463 1152 2527 libro
1182 2485 1277 2551 quem
1304 2461 1373 2527 Cur
1398 2462 1486 2526 Deus
1510 2461 1627 2526 homo?
1650 2462 1809 2549 intitulat,

207 2576 302 2647 ahter
315 2579 421 2644 Deum
438 2601 506 2644 non
523 2603 616 2669 posse
635 2581 783 2645 homines
798 2579 936 2658 salvme,
955 2581 1017 2645 nisi
1032 2581 1114 2646 sicut
1128 2581 1216 2662 fecit,
1232 2580 1269 2646 id
1283 2596 1331 2647 est
1344 2581 1404 2645 nisi
1420 2581 1521 2645 homo
1533 2578 1635 2659 fieret,
1656 2597 1689 2647 et
1702 2584 1811 2650 omnia

203 2695 261 2761 illa
287 2720 358 2786 quas
383 2719 493 2786 passus
516 2714 563 2763 est
585 2713 761 2787 pateretur.
782 2698 858 2784 Ejus
881 2699 1073 2763 senteutiam
1096 2714 1281 2765 sanctorum
1304 2699 1492 2786 doctorum,
1510 2722 1648 2788 quorum
1664 2698 1811 2769 doctrina

205 2814 309 2906 fulget
334 2815 477 2895 ecclesia,
502 2813 816 2884 dictavchenrenter
838 2818 1115 2908 impugnant-Ait
1137 2820 1224 2886 enim
1250 2835 1377 2884 sanctus
1402 2820 1498 2884 Leo:
1522 2849 1535 2877 ι
1554 2820 1684 2884 Comei
1709 2821 1811 2889 multa

205 2934 270 3000 alia
286 2951 492 3026 suppeterent
508 2935 551 3001 ad
567 2937 793 3004 redimendum
809 2961 910 3033 genus
925 2939 1119 3016 humanum,
1140 2939 1227 3007 hanc
1245 2940 1446 3030 potissimum
1461 2937 1557 3029 elegit
1575 2940 1673 3020 viam,
1690 2956 1810 3007 utnon

204 3056 322 3121 virtute
347 3057 512 3146 potentie,
542 3057 600 3123 sed
621 3059 746 3126 ratione
766 3073 910 3124 uteretur
929 3059 1069 3144 justitiae.
1086 3090 1101 3117 »
1127 3058 1216 3124 Audi
1226 3105 1232 3116 ,ι
1241 3058 1375 3124 beatum
1396 3058 1610 3149 Augustinum
1631 3060 1673 3125 de
1697 3061 1811 3126 Tn’ni-
1925 3083 1929 3094 ·

203 3188 272 3241 tate
283 3198 295 3239 .·
311 3206 327 3232 α
340 3176 405 3241 Cur
414 3200 493 3260 non,
504 3178 689 3268 postpositis
703 3177 992 3244 innumerabilibus
1013 3178 1118 3244 modis
1133 3178 1250 3269 quibus
1266 3178 1308 3245 ad
1325 3201 1385 3244 nos
1399 3177 1625 3245 redimendum
1641 3181 1689 3245 uti
1704 3196 1811 3269 posset

204 3297 423 3386 omnipotens,
432 3319 519 3363 mors
526 3298 594 3384 ejus
609 3297 809 3389 potissimum
825 3296 1016 3389 eligeretur?
1031 3329 1045 3356 υ
1055 3301 1145 3364 ¹Item
1160 3322 1168 3365 ε
1187 3300 1275 3364 «Eos
1286 3299 1341 3388 qui
1350 3296 1464 3363 dicunt
1477 3321 1485 3364 :
1500 3300 1617 3364 «Itane
1628 3298 1810 3365 defuitDeo
1885 3371 1890 3378 ‚

207 3445 223 3473 α
243 3414 362 3482 modus
378 3414 470 3498 alter,
489 3441 554 3505 quo
568 3403 880 3484 liberaret'homincs
901 3441 919 3482 a
934 3419 1060 3484 miseria
1077 3417 1280 3484 mortalitatis
1294 3419 1408 3506 hujus,
1425 3434 1461 3484 ut
1481 3419 1692 3510 Unigenitum
1708 3417 1810 3485 lilium

206 3565 222 3593 ι
241 3558 337 3601 suum
351 3536 519 3602 bominem
535 3537 604 3603 fieri
618 3553 822 3627 mortemque
837 3539 962 3629 perpeti
984 3537 1101 3604 vellet?
1111 3570 1125 3596 r
1145 3560 1260 3628 parurn
1281 3551 1329 3603 cst
1352 3537 1398 3601 ita
1419 3535 1580 3620 refellere,
1604 3553 1641 3602 ut
1666 3535 1810 3604 dicamus

203 3653 341 3720 modum
361 3656 458 3722 istum
474 3658 600 3723 bonum
615 3682 695 3742 esse,
712 3682 777 3748 quo
794 3681 854 3724 nos
868 3682 927 3748 per
942 3657 1156 3726 mediatorem
1176 3660 1312 3725 liberare
1334 3656 1484 3749 dignatus
1504 3674 1567 3740 est,
1584 3659 1809 3726 verumetiam

204 3788 242 3840 ut
263 3772 470 3844 ostendamus
492 3800 560 3842 non
586 3778 684 3844 alium
699 3778 835 3845 modum
852 3779 1037 3869 possibilem
1056 3781 1127 3868 Deo
1150 3776 1305 3860 dcfrrisse,
1323 3781 1413 3866 cnjus
1428 3778 1579 3867 potestati
1598 3792 1714 3842 cuncta
1730 3777 1809 3843 sub-

199 3894 326 3980 jacent‚
343 3891 401 3958 sed
417 3894 568 3961 sanandae
584 3913 701 3962 nostra
717 3899 853 3964 miseriae
871 3899 1168 3964 convenientiorem
1190 3897 1326 3963 modum
1345 3896 1444 3961 alium
1463 3919 1532 3961 non
1552 3895 1646 3962 lirisse
1669 3913 1724 3963 aut
1741 3920 1809 3966 esse

204 4014 423 4103 oportuisse.»
437 4016 520 4080 Item
539 4038 573 4081 :-
584 4016 716 4095 Poterat
730 4019 841 4107 utique
858 4020 944 4084 Deus
958 4019 1125 4085 hominem
1143 4017 1272 4084 aliunde
1288 4017 1462 4107 suscipere,
1480 4016 1535 4105 qui
1551 4032 1633 4082 esset
1648 3985 1811 4084 mediator

203 4134 265 4199 Dei
290 4150 324 4200 et
341 4134 524 4218 hominum,
542 4158 610 4201 non
625 4159 666 4203 ex
681 4160 798 4227 genere
813 4136 898 4205 illius
913 4137 1036 4221 Adam,
1055 4138 1138 4204 sicut
1158 4138 1264 4228 ipsum
1280 4136 1533 4225 quamprimum
1549 4137 1668 4202 creant
1684 4160 1751 4203 non
1767 4135 1810 4204 de

204 4276 322 4346 genere
338 4255 459 4321 crearit
480 4254 628 4343 alicujus,
650 4273 779 4348 poterat
795 4257 845 4324 vel
865 4258 911 4326 sic
935 4259 986 4324 vel
1011 4281 1078 4348 quo
1103 4257 1200 4325 vellet
1222 4257 1285 4324 alio
1299 4256 1418 4339 modo,
1442 4279 1550 4324 meare
1566 4280 1668 4324 unum
1686 4256 1807 4342 alium,

203 4396 270 4463 quo
294 4375 475 4442 vinceretur
498 4377 602 4444 victor
624 4378 751 4468 prioris.
776 4376 840 4444 Sed
864 4376 978 4444 melius
997 4378 1155 4465 judicarit
1170 4378 1212 4445 de
1228 4380 1299 4470 ipso
1317 4379 1372 4469 qui
1390 4379 1493 4444 victus
1515 4378 1619 4445 fuerat
1640 4378 1808 4450 hominem

204 4516 377 4561 asmmerc.
390 4526 406 4554 »
425 4493 519 4562 [dem
533 4496 575 4566 de
589 4498 703 4588 Agunt
717 4497 895 4564 etruriam
914 4521 923 4565 ι
946 4528 962 4556 ι
975 4497 1070 4565 Stulti
1084 4515 1161 4565 sunt
1176 4501 1233 4590 qui
1253 4499 1365 4564 dicum
1384 4521 1392 4565 ε
1414 4529 1430 4557 α
1449 4499 1558 4585 Quare
1574 4502 1649 4588 [non
1680 4511 1808 4590 poterat
