4559 6100
917 511 1148 584 nranoous.
1705 483 1707 486 ’
1754 517 1826 588 oua

233 682 299 729 uec
323 659 400 756 ipse
418 656 636 762 Deushunc
655 657 846 756 parvulum
863 660 927 757 qui
946 685 1133 758 perversus
1154 676 1206 733 est
1229 662 1381 755 loturus,
1402 678 1464 735 aut
1485 662 1624 735 bouum
1641 664 1826 737 homiuem

232 792 292 848 aut
318 778 452 849 malum
476 777 664 850 homiuem
690 779 844 872 creavit,
869 780 932 853 sed
954 780 1089 854 bonam
1116 806 1193 853 rem
1210 781 1265 853 vel
1291 780 1396 852 bonae
1426 797 1561 854 naturae
1589 782 1825 857 substantiam

232 922 315 972 eum
342 895 526 988 condidit,
557 921 623 969 nec
651 921 733 969 eum
762 922 896 994 equum
923 901 986 997 qui
1025 925 1214 997 nunquam
1245 899 1442 973 bonusest
1473 901 1633 992 iuturus,
1666 927 1824 1000 uuquam

231 1015 372 1087 bonum
394 1040 527 1113 equum
550 1016 702 1109 creavit,
727 1016 810 1089 licet
832 1018 1028 1116 nonnullos
1052 1043 1231 1117 equorum
1251 1019 1397 1118 vitiosos
1420 1043 1542 1091 creare
1565 1019 1737 1111 videatur,
1764 1025 1826 1118 qui

232 1134 396 1207 videlicet
415 1135 451 1206 in
477 1135 554 1233 ipsa
576 1137 759 1208 creatione
775 1161 839 1209 sua
859 1138 986 1230 vitium
1007 1137 1154 1234 aliquod
1176 1135 1390 1209 contrahere
1406 1136 1588 1228 dicuutur,
1615 1137 1711 1210 unde
1727 1153 1826 1236 post·
1929 1149 1933 1158 ’

233 1253 383 1330 modum
408 1254 552 1328 inutiles
574 1269 635 1327 aut
657 1280 785 1354 parum
813 1257 915 1329 utiles
940 1257 1039 1330 hant.
1065 1262 1166 1356 Ipsos
1192 1280 1340 1354 quoque
1361 1256 1528 1328 homines
1552 1256 1758 1330 naturaliter
1784 1285 1824 1331 ex

232 1372 492 1446 elementorum
508 1377 758 1474 complexione
776 1377 813 1448 iu
837 1378 915 1475 ipsa
934 1403 998 1451 sua
1014 1378 1195 1451 creatione
1218 1376 1392 1449 oonrrulla
1405 1378 1489 1448 vitia
1508 1375 1718 1449 contrahere
1740 1403 1828 1450 con·

232 1507 319 1586 stat,
349 1508 387 1565 ut
412 1493 575 1567 iracundi
591 1495 746 1586 scilicet,
771 1495 826 1568 vel
853 1497 1027 1569 luxuriosi
1051 1497 1107 1568 vel
1127 1497 1206 1569 aliis
1228 1497 1353 1568 irretiti
1375 1496 1469 1567 vitiis
1494 1494 1700 1567 naturaliter
1723 1496 1824 1570 fiant.

233 1613 302 1685 Sed
321 1638 438 1711 neque
455 1613 555 1686 illum
574 1615 728 1688 fortassis
744 1616 911 1714 angelum
928 1618 1053 1689 ceteris
1063 1617 1171 1714 'quasi
1187 1616 1375 1689 luciferum
1390 1614 1588 1714 praelatum,
1607 1641 1717 1713 quem
1735 1632 1828 1715 post·

233 1733 384 1805 modum
399 1748 614 1832 apostatasse
630 1734 758 1826 dicitis,
776 1735 915 1808 honum
934 1734 1099 1832 angelum
1116 1735 1173 1807 vel
1188 1734 1327 1808 bonum
1345 1736 1510 1834 spiritum
1527 1733 1702 1826 condidit,
1719 1760 1826 1832 quem

191 1853 198 1866 '
233 1877 420 1950 nunquam
444 1854 481 1924 in
505 1855 668 1928 veritate¹
691 1854 745 1927 vel
769 1857 805 1927 in
830 1855 1022 1929 dilectione
1042 1853 1109 1927 Dei
1125 1855 1324 1927 constitisse
1349 1855 1477 1942 dicitis,
1505 1858 1556 1926 et'
1582 1853 1741 1952 plerique
1768 1881 1826 1928 ve·

231 1987 343 2044 strum
377 1973 558 2046 caritatem
593 1973 702 2046 semel
740 1973 922 2066 habitam,
958 1997 1147 2071 nunquam
1183 1974 1358 2062 fateantur
1384 1975 1511 2047 amitti.
1540 1973 1664 2046 Nullus
1693 1976 1827 2074 quippe

231 2093 377 2187 augelus
400 2092 474 2165 sive
500 2093 645 2191 spiritus
660 2108 723 2166 aut
744 2095 851 2167 etiam
875 2093 988 2166 homo
1007 2118 1028 2165 a
1047 2093 1240 2170 dilectione
1260 2095 1327 2166 Dei
1347 2109 1383 2166 et
1401 2118 1482 2166 vera
1506 2094 1651 2167 caritate
1668 2094 1823 2184 alienus,

231 2210 350 2282 bonus
373 2225 468 2283 recte
485 2211 630 2302 dicitur,
649 2213 738 2283 sicut
757 2236 825 2288 nec
846 2213 981 2305 malus,
1000 2212 1189 2309 quamdiu
1209 2229 1358 2311 peccato
1374 2228 1483 2286 caret.
1504 2213 1540 2284 Si
1557 2213 1663 2308 igitur
1679 2214 1825 2310 augelus

231 2329 291 2409 ille
314 2354 431 2428 neque
455 2355 539 2402 cum
563 2346 711 2430 peccato
734 2356 853 2429 neque
875 2356 958 2404 cum
983 2332 1129 2403 caritate
1152 2332 1218 2404 Dei
1243 2348 1382 2405 creatus
1406 2347 1478 2422 est,
1505 2331 1691 2429 quomodo
1710 2332 1827 2405 bouus

232 2448 351 2521 adhuc
375 2449 521 2547 angelus
541 2450 594 2522 vel
619 2449 734 2522 malus
758 2465 897 2524 creatus
919 2475 996 2523 esse
1017 2450 1193 2524 dicendus
1218 2451 1296 2524 esti
1311 2453 1369 2523 Sic
1391 2476 1460 2532 nec
1482 2452 1612 2546 singuli
1637 2451 1823 2546 homines,

232 2594 316 2642 cum
333 2583 500 2642 creantur
514 2569 679 2642 nondum
696 2572 843 2643 rationis
859 2585 1059 2668 compotes,
1079 2585 1142 2642 aut
1159 2569 1247 2642 honi
1264 2570 1443 2659 homines,
1464 2584 1526 2643 aut
1542 2569 1626 2642 mali
1644 2572 1826 2644 creatione

231 2687 377 2760 dicendi
395 2704 497 2778 sunt,
518 2713 601 2761 cum
617 2688 782 2766 videlicet
799 2692 874 2788 ipsa
889 2690 1070 2761 creatione
1085 2712 1162 2775 sua,
1186 2689 1329 2761 utboni
1346 2687 1512 2760 homines
1529 2703 1591 2761 aut
1608 2688 1691 2760 mali
1708 2707 1824 2772 esseut

232 2832 305 2878 non
324 2808 539 2907 acceperint.
561 2811 727 2895 Quorum
744 2809 850 2879 etiam
867 2808 977 2905 aliqui
995 2832 1079 2879 cum
1097 2808 1291 2905 aegrotativi
1307 2807 1365 2880 vel
1380 2808 1478 2880 stulti
1495 2807 1704 2881 naturaliter
1720 2808 1823 2900 fiant,

232 2943 268 3000 et
289 2930 436 3002 diversis
458 2946 530 3003 tam
548 2931 657 3003 animi
681 2956 789 3029 quam
811 2932 973 3030 corporis
990 2932 1082 3003 vitiis
1101 2933 1268 3030 occupati
1289 2947 1495 3023 nascantur,
1520 2945 1556 3003 et
1580 2956 1706 3004 omnes
1722 2958 1826 3005 com-

233 3052 388 3123 muniter
410 3050 576 3123 homines
600 3066 767 3123 creentur
789 3051 975 3143 mortales,
1003 3052 1164 3149 profecto
1187 3076 1229 3122 ex
1253 3052 1329 3149 ipsa
1351 3076 1416 3123 sua
1433 3053 1614 3124 creatione
1630 3051 1827 3126 substantia

232 3166 399 3240 humanae
419 3182 556 3240 naturas
577 3168 694 3261 bona,
720 3169 918 3241 multorum
945 3170 1122 3267 particeps
1147 3168 1188 3240 fit
1215 3168 1407 3241 malorum.
1436 3174 1480 3241 Ut
1505 3171 1602 3241 enim
1625 3171 1827 3244 Aristoteles

236 3287 417 3358 meminit⁸
444 3300 479 3356 et
507 3286 693 3359 manifesta
726 3301 822 3360 tenet
848 3290 996 3379 veritas,
1026 3287 1125 3359 hono
1153 3287 1372 3359 contrarium
1402 3312 1581 3360 essenon
1609 3302 1727 3386 potest
1760 3291 1826 3361 nisi

235 3405 382 3477 malum.
414 3410 514 3478 Patet
547 3406 666 3502 igitur,
698 3419 770 3478 tam
797 3404 1050 3478 mortalitatem
1084 3429 1193 3503 quam
1222 3419 1339 3477 cetera
1371 3404 1483 3481 modo
1511 3408 1710 3503 praemissa,
1739 3433 1829 3499 ,cum

122 3566 131 3581 ·
234 3524 365 3623 quihus
383 3526 576 3616 nascimur,
595 3524 686 3598 mala
703 3550 779 3598 esse
795 3523 1109 3616 connumeranda,
1129 3549 1212 3597 cum
1232 3548 1358 3596 eorum
1375 3525 1508 3598 scilicet
1523 3527 1701 3598 contraria
1719 3551 1827 3599 nemo

235 3644 375 3717 dubitet
395 3669 470 3717 esse
487 3645 597 3731 bona,
617 3659 653 3715 et
668 3643 832 3741 quadam
849 3645 935 3715 vitia
956 3669 1016 3715 seu
1039 3643 1131 3716 mala
1150 3643 1357 3715 naturaliter
1379 3669 1421 3715 ex
1448 3644 1524 3742 ipsa
1546 3645 1727 3716 creatione
1748 3647 1827 3742 qui·

233 3764 388 3837 busdam
412 3764 519 3837 honis
545 3766 659 3836 inesse
684 3763 901 3851 substantiis,
931 3779 970 3835 ut
995 3763 1192 3837 mortalitas
1217 3763 1370 3851 homini,
1399 3761 1690 3835 irrationabilitas
1716 3789 1824 3862 equo.

235 3885 406 3972 Quamvis
421 3885 516 3957 enim
538 3883 733 3956 mortalitas
750 3908 824 3956 non
841 3882 981 3955 dicatur
997 3883 1122 3955 vitium
1138 3882 1313 3973 hominis,
1336 3907 1419 3955 cum
1436 3881 1602 3956 videlicet
1625 3883 1825 3955 secundum

234 4028 314 4076 eam
331 4027 440 4075 nemo
456 4003 526 4076 alio
543 4002 691 4074 homine
705 4001 940 4091 deterior-sit,
959 4025 1031 4098 qua
1045 4001 1227 4098 aequaliter
1243 4025 1371 4074 omnes
1387 4001 1619 4099 participant,
1638 4002 1824 4098 quoddam

234 4139 353 4196 tamen
375 4137 428 4196 est
444 4124 570 4194 vitium
597 4136 730 4193 naturae
749 4122 882 4220 inipso
905 4121 1072 4210 homine,
1091 4122 1264 4216 quoniam
1291 4122 1328 4192 iu
1346 4119 1417 4192 hoc
1442 4120 1600 4193 humana
1625 4136 1755 4195 natura
1783 4122 1828 4194 ah

236 4267 279 4313 ea
310 4268 389 4341 quae
414 4240 625 4313 immortalis
649 4255 722 4329 est,
749 4240 905 4313 deterior
931 4239 987 4312 vel
1013 4238 1190 4313 infirmior
1219 4241 1346 4312 existit.
1374 4239 1473 4310 Sicut
1508 4239 1613 4335 igitur
1642 4239 1825 4313 hominem

237 4359 445 4457 quemlibet,
458 4359 744 4456 quantiscunque
757 4359 850 4431 vitiis
866 4358 1090 4458 deturpetur,
1108 4382 1184 4431 rem
1200 4356 1334 4430 bonam
1351 4380 1426 4428 esse
1439 4355 1684 4450 concedimus,
1697 4382 1764 4429 nec
1779 4373 1828 4430 ta·

238 4503 321 4549 men
331 4477 562 4550 ideobonum
577 4479 763 4550 hominem
779 4503 855 4551 esse
871 4483 1076 4566 annuimus,
1089 4479 1136 4550 ita
1152 4477 1367 4550 econtrario
1385 4474 1581 4573 quamlibet
1591 4500 1735 4573 poenam
1749 4502 1826 4549 rem

238 4620 313 4668 esse
326 4595 457 4668 malam
467 4594 690 4693 profitemur,
699 4595 781 4667 licet
790 4595 1003 4668 nonnullam
1012 4620 1089 4668 esse
1097 4595 1233 4668 bonam
1241 4618 1386 4694 poenam
1395 4593 1684 4690 ponamus.Vide
1692 4596 1824 4692 itaque,

236 4740 314 4790 nou
331 4739 407 4786 esse
428 4737 667 4812 consequens,
695 4727 735 4784 ut
749 4715 778 4784 si
797 4713 934 4785 honam
949 4727 984 4785 et
995 4714 1127 4810 justam
1146 4737 1291 4813 poenam
1316 4736 1497 4784 summum
1517 4712 1676 4785 hominis
1693 4713 1826 4785 malum

239 4859 315 4908 esse
337 4812 552 4925 statuamus,
574 4831 658 4904 ideo
675 4830 773 4929 quod
795 4830 933 4903 bonum
957 4847 1029 4925 est,
1057 4858 1240 4905 summum
1261 4832 1337 4928 ejus
1361 4830 1495 4903 malum
1520 4856 1596 4905 esse
1621 4831 1823 4905 credamus.

273 5105 390 5165 'torum
401 5120 455 5169 cap.
467 5116 523 5169 un,
537 5119 559 5155 r.
574 5108 614 5159 rt.
630 5131 661 5145 -
671 5098 681 5128 '
693 5107 756 5159 Cum
767 5109 895 5171 tegendum
906 5120 951 5170 pro
963 5113 987 5159 et
998 5107 1098 5170 curtialt
1106 5103 1248 5159 mantua
1260 5131 1290 5144 -
1301 5106 1311 5138 ³
1322 5104 1421 5167 Cetea,
1435 5115 1489 5165 cap.
1502 5115 1534 5165 n,
1549 5106 1572 5156 t.
