4559 6100
750 526 1005 599 THEOLOGlA
1030 527 1309 601 cflntsTtaNt.
1761 525 1834 597 tat

230 676 316 749 dam
338 678 556 771 censebant;
585 691 622 750 et
646 675 693 749 ad
718 699 799 750 eam
820 674 982 749 moribus
1002 677 1124 775 potius
1144 682 1256 775 qnam
1271 675 1391 749 verbis
1407 672 1598 747 nitendum
1619 696 1708 747 esse.
1730 673 1836 747 Unde

231 799 409 888 Socrates,
428 811 469 869 ut
479 797 555 894 jam
569 795 704 895 praesati
716 794 1023 885 sumus,‘nolebat
1034 795 1245 868 immundos
1262 795 1413 868 terrenis
1428 791 1684 893 cupiditatibus
1695 793 1837 867 animos

232 942 272 990 se
288 918 325 989 in
344 917 467 989 divina
482 916 621 1005 conari,
640 918 816 1014 quoniam
838 916 984 1014 quidem
1001 914 1048 988 ab
1067 916 1118 988 eis
1133 940 1259 991 causas
1275 938 1397 990 rerum
1415 912 1560 986 videbat
1577 914 1724 1010 inquiri,
1746 936 1837 1011 quas

234 1037 381 1109 nonnisi
402 1036 440 1110 in
467 1036 532 1110 Dei
552 1034 739 1138 voluptate
763 1060 840 1108 esse
866 1035 1047 1130 credebat,
1071 1051 1107 1108 et
1127 1035 1211 1108 ideo
1234 1034 1430 1135 purgandae
1449 1033 1559 1106 bonis
1581 1031 1741 1108 moribus
1757 1033 1837 1105 vitae

233 1155 402 1229 censebat
425 1153 645 1227 instandum.
673 1155 783 1252 Cujus
807 1156 940 1256 etipse
964 1181 1042 1229 non
1071 1157 1265 1229 immemor
1290 1156 1506 1253 Augustinus
1525 1153 1723 1240 sententiae,
1742 1151 1837 1225 libro

234 1275 353 1375 primo
384 1278 500 1373 Super
525 1277 711 1367 Genesim,
736 1291 863 1349 contra
887 1276 1085 1350 calumnias
1111 1275 1414 1368 Manichaeorum,
1446 1276 1563 1373 ipsam
1588 1297 1735 1371 quoque
1761 1272 1839 1347 aliis

187 1480 188 1483 Ἴ
234 1394 426 1494 explicavit
442 1393 560 1467 verbis
576 1395 648 1467 hoc
665 1396 796 1468 modo¹
816 1423 824 1468 ε
847 1426 865 1463 a
883 1398 954 1484 Qui
971 1396 1077 1468 dicit:
1097 1400 1219 1484 Quare
1242 1394 1439 1469 Deusfeeit
1454 1408 1491 1467 et
1509 1391 1669 1466 terram?
1685 1416 1837 1491 respon·

236 1513 397 1588 dandum
417 1514 466 1586 illi
485 1529 558 1587 est:
578 1515 671 1602 Quia
689 1514 814 1588 voluit.
835 1513 1010 1589 Voluntas
1026 1516 1124 1588 enim
1144 1516 1212 1588 Dei
1226 1538 1334 1588 eausa
1350 1527 1404 1587 est
1417 1513 1498 1586 coeli
1518 1527 1555 1585 et
1572 1527 1686 1605 terrm,
1701 1526 1737 1584 et
1754 1511 1838 1585 ideo

237 1635 353 1731 major
374 1658 485 1732 quam
510 1634 644 1707 coelum
672 1650 708 1707 et
733 1649 842 1708 terra.
872 1637 943 1724 Qui
970 1649 1091 1709 autern
1120 1635 1230 1708 dicit:
1251 1639 1372 1723 Quare
1396 1631 1536 1706 voluit?
1562 1633 1678 1729 majus
1701 1629 1839 1726 aliquid

235 1753 363 1851 quaerit
385 1778 495 1852 quam
519 1768 571 1827 est
593 1753 761 1828 voluntas
783 1755 861 1828 Dei.
888 1754 983 1827 Nihil
1006 1770 1128 1828 autem
1149 1756 1266 1853 majus
1282 1753 1433 1828 inveniri
1456 1766 1585 1851 potest.
1606 1753 1648 1822 At
1663 1751 1693 1823 si
1708 1749 1841 1827 volun.-

236 1886 348 1946 tatem
362 1873 430 1944 Dei
445 1897 554 1946 nosse
568 1874 722 1971 quisque
738 1874 930 1967 desiderat,
946 1873 1010 1949 fiat
1025 1876 1162 1949 amicus
1175 1880 1253 1949 Deo
1266 1901 1283 1946 >z
1299 1875 1386 1973 quia
1403 1873 1433 1947 si
1447 1870 1668 1945 voluntatem
1682 1870 1841 1943 bominis

238 2018 343 2065 nosse
360 1993 479 2085 vellet,
502 1993 605 2090 cujus
627 1995 764 2067 amicus
786 2021 862 2067 non
880 2009 985 2086 esset,
1013 2020 1140 2069 omnes
1157 1993 1439 2095 imprudentiam
1462 2007 1526 2069 aut
1543 1991 1728 2065 stultitiam
1746 1990 1841 2063 deri·

237 2110 377 2185 derent.
403 2118 483 2185 Non
507 2126 628 2186 autem
648 2112 801 2187 efficitur
822 2116 960 2187 amicus
973 2116 1051 2202 Dei,
1072 2116 1141 2188 nisi
1157 2114 1417 2215 purgatissimis
1436 2111 1612 2201 moribus,
1637 2124 1674 2184 et
1690 2110 1751 2182 illo
1770 2108 1842 2183 sure

237 2234 420 2333 praecepti,
439 2231 485 2303 de
506 2255 580 2328 quo
602 2232 690 2305 dicit
711 2235 947 2333 Apostolus’:
973 2235 1100 2307 «Finis
1118 2250 1242 2309 autem
1261 2234 1429 2334 praecepti
1445 2247 1499 2305 est
1514 2231 1641 2303 caritas
1664 2230 1710 2303 de
1730 2228 1842 2305 corde

240 2380 261 2418 α
272 2375 366 2450 puro
381 2366 418 2424 et
433 2352 652 2425 conscientia
669 2352 768 2426 bona
784 2368 820 2426 et
839 2352 910 2426 tide
928 2379 1003 2426 non
1022 2352 1106 2428 ficta
1121 2381 1130 2426 ε
1146 2385 1163 2420 a
1175 2377 1286 2452 qnam
1302 2354 1361 2426 isti
1376 2354 1406 2426 si
1423 2351 1613 2442 haberent,
1630 2373 1707 2422 non
1724 2362 1843 2423 esseut

239 2470 407 2544 haeretici.
426 2503 443 2538 s
466 2476 646 2560 Quantam
668 2475 777 2546 etiarn
795 2474 832 2546 in
851 2477 969 2547 Deum
985 2475 1226 2549 reverentiam
1241 2477 1406 2548 Socrates
1427 2471 1607 2563 habuerit,
1634 2484 1678 2549 ut
1691 2469 1724 2543 ei
1742 2469 1844 2542 vide·

161 2652 173 2673 .
238 2592 322 2664 licet
347 2592 470 2664 omnia
494 2606 617 2665 nostra
643 2593 810 2666 tribuerit
830 2608 939 2692 atque
962 2593 1189 2694 adscripserit
1211 2593 1329 2684 bona,
1357 2593 1518 2697 maxime·
1528 2615 1572 2665 ea
1594 2615 1675 2687 quae
1697 2587 1743 2661 ad
1765 2613 1845 2688 per·

239 2710 415 2810 cipiendae
432 2711 589 2783 veritatis
613 2713 766 2785 attinent
793 2713 1062 2803 discretionem,
1090 2714 1245 2812 ipsemet
1269 2711 1472 2811 profitetur,
1500 2711 1603 2806 cujus
1626 2732 1782 2807 persona
1797 2710 1844 2781 in

245 2832 375 2903 Timaeo
390 2830 547 2905 Platonis
562 2831 780 2927 introducta,
798 2847 963 2934 utsupra
979 2857 1125 2931 quoque
1142 2833 1387 2923 meminimus,-
1403 2854 1552 2903 omnem
1574 2828 1845 2926 intelligentiam

241 2964 276 3022 et
298 2951 473 3023 rationem
497 2951 534 3022 in
552 2953 653 3025 omni
670 2954 816 3026 veritate
837 2951 1064 3026 discutienda
1080 2976 1100 3024 a
1118 2956 1196 3026 Deo
1214 2952 1367 3053 simplici
1382 2949 1633 3024 obsecratione
1649 2947 1845 3047 petendam

240 3084 362 3144 censet
383 3097 392 3141 ι
413 3072 450 3142 in
478 3085 618 3144 tantum
648 3090 686 3145 ut
714 3099 777 3147 eos
801 3098 929 3146 omnes
956 3098 1024 3172 pro
1052 3073 1194 3146 furiosis
1220 3087 1255 3146 et
1283 3070 1510 3172 inexpiandis
1535 3069 1689 3153 habeat,
1720 3069 1844 3165 quiin

243 3188 413 3262 omnibus
431 3203 527 3261 recte
548 3190 696 3287 agendis
720 3192 881 3264 divinam
906 3216 982 3264 non
1006 3194 1176 3265 invocent
1199 3215 1320 3290 opem.
1340 3194 1380 3262 ln
1405 3213 1479 3287 quo
1498 3203 1620 3285 aperte
1640 3212 1679 3258 se
1696 3187 1787 3259 nihil
1804 3211 1847 3259 ex

241 3333 280 3382 se
304 3332 424 3408 posse,
452 3307 516 3380 sed
544 3332 587 3380 ex
608 3308 737 3383 diunae
757 3309 937 3383 beneficio
963 3310 1081 3406 gratiae
1106 3323 1337 3409 protestatur.
1365 3307 1521 3379 Audiant
1541 3306 1666 3378 saltem
1685 3304 1846 3403 philoso-

243 3428 402 3528 phorum
428 3427 620 3501 consilium
644 3428 683 3501 hi
707 3430 769 3528 qui
794 3454 832 3502 se
848 3428 1089 3529 philosophos
1115 3427 1343 3528 profitentur.
1364 3425 1522 3500 Audiant
1548 3424 1735 3521 magistros
1761 3448 1847 3497 suos

242 3549 307 3648 qui
330 3562 570 3620 contemnunt
595 3563 755 3637 sanctos,
784 3562 822 3621 ut
848 3550 879 3621 si
902 3548 1067 3621 videlicet
1091 3549 1245 3648 cupiunt
1272 3552 1391 3619 Deum
1414 3543 1634 3641 intelligere,
1663 3541 1775 3615 velint
1799 3543 1847 3618 ad

244 3666 518 3765 intelligendum
545 3689 583 3739 se
605 3665 698 3741 bene
722 3668 879 3742 virendo
900 3692 1116 3768 praeparare,
1140 3683 1177 3742 et
1198 3669 1293 3741 viam
1316 3665 1567 3740 humanitatis⁸
1585 3662 1757 3761 arripere,
1775 3688 1849 3764 qua

245 3787 321 3859 sola
346 3786 393 3859 ad
414 3786 664 3861 celsimdinem
681 3787 780 3861 illam
800 3788 1042 3887 intelligentiae
1058 3788 1257 3881 acceditur,
1278 3811 1477 3886 numquam
1493 3784 1701 3884 pervenitur
1718 3806 1846 3882 quarn·

247 3905 308 3978 diu
326 3906 364 3977 in
379 3904 448 3978 hac
466 3905 609 3978 mortali
625 3930 734 3980 carne
750 3908 894 3981 vivitur.
929 3939 947 3974 ι(
968 3907 1213 4007 Corruptibile
1229 3908 1327 3982 enirn
1343 3931 1476 4007 corpus
1492 3917 1659 4002 aggravat
1674 3904 1846 3997 animam,

245 4039 284 4098 et
306 4025 476 4125 deprimit
497 4039 638 4100 terrena
653 4026 866 4102 inhabitatio
891 4052 1037 4101 sensnm
1053 4027 1167 4102 multa
1181 4028 1434 4125 cogitantem.
1453 4054 1471 4096 »ι
1492 4022 1597 4098 Unde
1619 4036 1655 4095 et
1671 4023 1850 4098 Dominus

248 4146 361 4243 Moysi
373 4145 548 4243 quaerenti
565 4145 691 4220 faciem
706 4147 784 4244 ejus
797 4146 920 4221 ridere
934 4146 1158 4245 respondit⁸z
1180 4179 1197 4214 α
1211 4152 1291 4222 Non
1310 4145 1447 4222 videbit
1455 4169 1521 4217 me
1537 4142 1651 4216 homo
1664 4144 1817 4217 etvivet.
1829 4172 1849 4212 a

247 4267 328 4363 tpsa
349 4266 484 4364 quippe
501 4265 591 4338 visio
613 4265 809 4339 divinitatis
827 4267 905 4367 ipsa
924 4280 977 4340 est
996 4266 1116 4340 futura
1131 4265 1331 4360 beatitudo,
1349 4264 1397 4339 de
1410 4288 1484 4363 qua
1505 4263 1593 4336 dicit
1610 4262 1819 4360 apostolus·
1838 4289 1847 4334 ε

251 4388 392 4488 «Nunc
420 4383 584 4458 videmus
599 4410 665 4483 per
683 4385 870 4485 speculum
886 4387 925 4460 in
942 4389 1142 4484 aenigmate,
1170 4400 1256 4459 tunc
1283 4400 1405 4461 autem
1432 4384 1520 4458 facie
1542 4382 1590 4455 ad
1612 4382 1752 4455 faciem.
1768 4410 1787 4451 »
1809 4388 1852 4458 Et

248 4501 350 4576 alibi'
368 4530 378 4575 e
400 4535 417 4570 α
432 4507 474 4575 ln
491 4529 600 4603 quem
617 4503 823 4580 desiderant
841 4506 959 4605 angeli
975 4506 1194 4605 prospicere.
1215 4538 1232 4573 s
1248 4505 1320 4578 Sed
1336 4518 1470 4578 etcum
1489 4502 1627 4579 dictum
1643 4506 1724 4594 est⁸,
1746 4503 1849 4575 e'l'ol·

248 4620 343 4693 latur
366 4622 511 4722 impius,
539 4649 586 4697 ne
603 4623 723 4698 videat
745 4624 896 4723 gloriam
913 4627 1002 4715 Dei;
1021 4653 1040 4694 u
1059 4625 1128 4700 tale
1145 4639 1262 4699 estne
1281 4623 1440 4698 videndo
1456 4623 1609 4716 fruatur,
1628 4622 1714 4720 quia
1730 4621 1852 4695 videre

250 4739 320 4812 frui
339 4754 404 4814 est.
422 4746 534 4817 Tanta
552 4759 608 4818 est
621 4744 720 4817 enim
743 4742 838 4818 illius
857 4745 978 4845 gloriae
993 4743 1197 4837 beatitudo,
1222 4759 1263 4820 ut
1278 4770 1388 4818 nemo
1408 4769 1489 4818 eam
1510 4741 1633 4816 videre
1649 4755 1770 4839 queat,
1788 4744 1853 4837 qui

287 4975 343 5025 'De
365 4976 453 5028 deaut
471 4985 559 5028 contra
581 4977 740 5043 anunm,
764 4982 813 5032 111),
837 4981 860 5046 t,
881 4995 937 5045 esp.
955 4991 981 5032 u.
995 5006 1026 5019 -
1080 4978 1163 5030 matt.
1177 4975 1201 5042 1,
1215 4988 1374 5039 eremias.
1388 4978 1430 5032 ta.
1445 5002 1477 5014 -
1492 4975 1577 5037 ’Pam
1596 4975 1715 5039 impr,
1730 4987 1754 5026 r.
1770 4975 1809 5027 ta.
1823 5000 1854 5013 -

252 5053 338 5105 ’Timo
351 5056 378 5116 Ῑ,
395 5069 449 5121 021).
467 5071 492 5120 l,
506 5072 530 5109 V·
542 5061 567 5111 5·
580 5085 611 5098 ¹·
626 5061 704 5125 ⁸122·
723 5062 875 5112 hbllllllllllll.
887 5085 919 5100 ···
936 5062 1028 5125 ‘wop
1081 5061 1170 5121 'Mn
1185 5071 1241 5121 ω·
1253 5071 1322 5121 xm,
1334 5070 1357 5108 v·
1371 5060 1409 5116 lo·

252 5144 308 5196 esp.
324 5148 361 5199 rx,
377 5150 401 5188 r.
417 5141 455 5191 ts
468 5164 499 5176 -
515 5138 625 5204 Ἰαὼ,
645 5152 700 5204 cap.
717 5152 808 5203 min,
824 5153 848 5193 r.
865 5144 905 5195 ²0.
918 5167 948 5181 »-
958 5140 968 5173 ⁸
980 5140 1028 5192 Go-
1075 5183 1079 5194 ,

374 5245 399 5285 u
1696 5228 1735 5284 58
