4559 6100
754 534 1007 611 trinomen
1031 534 1308 609 cflmsrttttt.
1757 532 1828 604 ll?

820 1081 1055 1215 LIBER
1119 1077 1238 1211 ΙΙΙ.

283 1462 371 1532 Cum
396 1458 516 1530 omnis
539 1453 791 1529 controversia
807 1453 980 1526 discussio
1004 1452 1124 1525 autin
1147 1450 1282 1549 scripto
1299 1463 1362 1523 aut
1383 1448 1578 1521 iuratione
1599 1465 1771 1540 versetur,
1791 1466 1830 1523 ut

234 1577 369 1651 eisdem
390 1576 616 1666 terminetur,
642 1574 671 1645 si
689 1570 897 1670 hujusmodi
923 1586 977 1645 est
992 1597 1071 1671 quae
1088 1570 1197 1643 finem
1215 1569 1380 1668 accipiat,
1406 1568 1524 1668 primo
1541 1566 1647 1640 nobis
1663 1594 1830 1644 necessa-

233 1698 327 1769 rium
349 1695 517 1770 duximus
537 1692 738 1792 exscriptis
757 1689 1034 1791 praecellentium
1058 1689 1275 1789 sapientium
1300 1687 1347 1761 ad
1371 1703 1501 1761 nostrae
1522 1687 1606 1761 fidei
1624 1688 1828 1763 firmamen-

234 1829 311 1888 tum
331 1815 559 1888 auctoritates
575 1811 760 1904 conferre3
784 1808 916 1883 deinde
932 1810 1026 1910 ipsas
1051 1810 1159 1882 etiam
1177 1810 1406 1882 auctoritates
1431 1808 1476 1880 ad
1497 1823 1627 1881 nostrae
1643 1808 1830 1909 perlectio-

234 1961 317 2009 nem
342 1935 594 2035 disputationis
619 1945 779 2032 superest
804 1927 1006 2003 rationibus
1036 1928 1185 2003 fulcire:
1206 1931 1243 2001 irr
1270 1929 1327 2001 bis
1353 1927 1500 2028 quidem
1526 1929 1562 2002 in
1590 1929 1723 2028 quibus
1753 1956 1826 2005 non

234 2054 522 2129 irrationabiliter
540 2052 709 2125 videntur
731 2050 947 2151 oppugnari,
973 2074 1019 2123 ne
1037 2050 1128 2122 sorte
1156 2049 1244 2122 illud
1270 2049 1402 2122 comici
1424 2063 1537 2148 poetae
1563 2050 1670 2122 nobis
1692 2054 1828 2153 impro-

233 2190 404 2274 peretur:
424 2174 517 2245 Huic
537 2196 630 2272 opus
657 2184 710 2243 est
730 2184 898 2269 patrono,
922 2193 1032 2267 quem
1053 2170 1142 2242 mihi
1158 2193 1247 2269 paro
1272 2168 1513 2242 defensorem.
1538 2173 1665 2242 Beatus
1682 2196 1828 2271 quoque

234 2295 447 2390 Augustinus
471 2292 586 2391 capite
604 2314 632 2362 rr
655 2289 738 2362 libri
760 2288 803 2360 de
822 2286 980 2360 Moribus
998 2287 1162 2360 Ecclesiae
1186 2303 1313 2362 contra
1339 2288 1554 2361 Manichacus
1578 2291 1826 2365 auctoritatem

236 2413 364 2485 rationi
380 2409 665 2512 praemittendam
681 2424 816 2500 censet,
835 2407 984 2481 dicens:
1008 2436 1026 2477 u
1040 2411 1182 2479 Naturae
1209 2407 1357 2504 quidem
1382 2407 1473 2481 ordo
1498 2408 1547 2481 ita
1571 2434 1608 2481 se
1634 2409 1757 2500 babet,
1790 2430 1830 2488 ut

233 2557 316 2605 curn
333 2530 468 2630 aliquid
483 2529 651 2621 dicimus,
671 2530 852 2602 rationem
868 2526 1045 2628 praecedet
1063 2528 1268 2600 auctoritas.
1290 2531 1380 2600 Nam
1399 2543 1435 2599 et
1450 2524 1591 2601 infirma
1609 2530 1699 2602 ratio
1715 2530 1828 2606 videri

234 2675 308 2725 non
333 2665 465 2750 potest,
497 2674 576 2747 quae
600 2673 684 2721 cum
711 2646 852 2721 reddita
877 2646 998 2738 fuerit,
1023 2647 1270 2719 auctoritatem
1291 2659 1416 2745 postea
1439 2671 1504 2746 per
1532 2672 1642 2745 quarn
1667 2647 1830 2725 firmetur

234 2769 418 2841 assumit.»
439 2773 560 2842 Restat
575 2769 696 2864 itaque
713 2791 811 2839 nunc
828 2765 935 2837 nobis
951 2780 1034 2864 post
1052 2765 1308 2838 auctoritatum
1335 2764 1608 2838 tundamentum
1623 2767 1829 2845 fulcimenta

234 2887 513 2987 superinducere
536 2889 730 2972 rationum,
751 2886 906 2958 maxime
923 2884 1007 2957 ideo
1026 2910 1073 2957 ne
1088 2884 1287 2957 verbositas
1302 2885 1532 2957 inimicorum
1554 2884 1684 2959 Christi
1700 2904 1830 2963 nostra

235 3007 377 3081 insultet
403 3007 630 3107 simplicitati.
667 3005 735 3096 Qui
763 3029 847 3079 eum
874 3004 1013 3102 aliquos
1037 3003 1166 3078 idiotas
1192 3019 1254 3078 aut
1280 3005 1400 3076 minus
1429 3004 1588 3078 eruditos
1618 3006 1831 3084 christianos

235 3127 486 3201 inductionum
511 3150 659 3199 suarum
681 3124 818 3221 laqueis
842 3125 1107 3225 praepedierint,
1135 3151 1284 3197 summae
1309 3123 1346 3196 id
1369 3124 1436 3197 sibi
1455 3124 1574 3223 gloriae
1595 3127 1826 3203 adscribunt:

235 3248 364 3346 quibus
388 3244 534 3345 quidem
552 3269 627 3317 non
644 3241 778 3316 sufficit
802 3258 842 3316 ut
858 3244 926 3317 soli
944 3243 1158 3335 moriantur,
1177 3244 1247 3317 uisi
1264 3244 1370 3317 etiam
1388 3241 1477 3315 alios
1494 3244 1566 3317 suis
1583 3248 1828 3347 consepeliant

234 3366 431 3456 erroribus,
457 3364 520 3437 illo
550 3363 716 3436 videlicet
742 3360 949 3436 ludaeorum
979 3387 1094 3453 more,
1122 3388 1197 3460 quo
1229 3388 1290 3435 eos
1315 3363 1455 3435 Veritas
1484 3361 1571 3436 dicit
1582 3368 1604 3460 ¹,
1636 3392 1764 3441 ornare
1794 3384 1828 3442 et

235 3485 371 3559 aridam
394 3486 564 3578 circuire,
595 3497 636 3556 ut
658 3506 773 3554 unum
802 3481 932 3555 faciant
961 3483 1233 3583 proselytum.»

283 3605 456 3678 Omnium
485 3617 604 3676 autern
630 3602 813 3674 bonorum
835 3600 938 3699 quasi
962 3599 1241 3675 fundamentum
1268 3618 1397 3676 sanctae
1421 3604 1601 3677 Trinitatis
1627 3604 1736 3679 fidem
1761 3634 1828 3709 po·

235 3724 366 3814 rrimus,
391 3740 430 3796 ut
455 3722 501 3795 ab
521 3724 598 3823 ipsa
621 3721 750 3794 divinae
766 3737 901 3794 naturae
919 3722 1135 3819 cogitatione
1154 3722 1319 3794 omnium
1343 3722 1528 3797 honorum
1549 3723 1703 3798 ducatur
1727 3753 1830 3802 exor-

236 3844 349 3917 dium.
370 3842 542 3939 Quisquis
558 3837 682 3941 itaque‘
695 3841 768 3913 boe
785 3840 1059 3914 fundamentum
1077 3840 1292 3915 labefactare
1313 3845 1460 3943 poterit,
1489 3844 1578 3917 nibil
1605 3845 1828 3922 fructuosum

237 3963 281 4035 de
305 3964 360 4036 his
381 3964 489 4036 etiam
512 3961 620 4063 [quae]
640 3960 958 4062 supet-edificanda
982 3976 1066 4034 sunt
1086 3959 1269 4060 relinquit.
1289 3963 1394 4036 Unde
1419 3980 1454 4038 et
1478 3990 1546 4038 nos
1569 3967 1726 4066 primum
1745 3969 1830 4044 huic

237 4098 335 4158 tanto
352 4082 512 4184 periculo
530 4097 603 4156 tarn
621 4082 884 4172 auctoritatum,
899 4105 1007 4178 quam
1026 4081 1208 4154 rationum
1222 4084 1388 4183 clypeum
1405 4111 1590 4187 opponere
1606 4090 1828 4176 curavimus,

237 4204 273 4275 in
291 4227 335 4277 eo
353 4201 501 4302 quidem
518 4201 644 4275 conlisi
662 4201 725 4299 qui
742 4226 827 4273 suos
847 4200 1040 4294 confortat,
1059 4199 1198 4274 dieens'
1218 4230 1226 4273 :
1250 4206 1369 4276 «Cum
1392 4206 1558 4278 steteritis
1578 4221 1660 4280 ante
1677 4234 1777 4307 reges
1794 4228 1830 4284 et

236 4321 414 4421 praesides,
433 4321 543 4394 nolite
567 4320 723 4419 cogitare
739 4320 940 4419 quomodo,
959 4336 1021 4393 aut
1042 4320 1131 4419 quid
1149 4321 1369 4426 loquamini,
1390 4323 1535 4397 dabitur
1559 4328 1655 4399 enim
1672 4329 1775 4402 vobis
1790 4331 1827 4404 in

237 4443 294 4515 illa
312 4442 404 4515 hora
421 4441 508 4538 quid
525 4440 737 4539 loquamini.
758 4469 775 4511 u
793 4443 902 4537 Cujus
918 4440 1065 4539 quidem
1085 4442 1195 4514 fretus
1212 4443 1343 4517 auxilio
1362 4446 1530 4542 parvulus
1545 4445 1660 4521 David
1675 4450 1829 4525 immen-

236 4586 317 4634 sum
331 4576 366 4632 et
382 4560 562 4633 tumidum
579 4561 718 4634 Goliam
738 4560 886 4660 proprio
905 4561 1017 4659 ipsius
1034 4561 1146 4633 Goliae
1163 4560 1284 4660 gladio
1297 4563 1484 4661 jugulavit.
1505 4571 1548 4639 Et
1564 4593 1633 4640 nos
1651 4595 1736 4668 ergo
1750 4572 1830 4670 ipso

235 4677 476 4753 humanarum
500 4680 620 4778 gladio
637 4683 831 4773 rationum,
849 4678 980 4777 quibus
1005 4706 1072 4753 nos
1097 4697 1168 4754 tarn
1187 4681 1394 4783 philosophi
1411 4710 1520 4783 quarn
1538 4687 1694 4762 baeretici
1715 4691 1829 4789 impe·

237 4803 346 4894 tunt⁸‚
366 4798 403 4871 in
429 4823 492 4871 eos
512 4824 687 4873 converso
712 4799 844 4872 robore
862 4824 1002 4873 eorum.
1026 4801 1126 4873 Multi
1150 4826 1309 4901 namque
1322 4803 1396 4904 jam
1414 4804 1571 4880 clamant
1592 4808 1712 4908 magni
1733 4810 1831 4882 Anti·

268 5076 274 5105 ¹
286 5070 389 5137 lautu,
401 5086 456 5136 erp.
473 5083 543 5133 xxru.
555 5084 578 5122 r.
596 5073 635 5124 15.
645 5096 676 5109 -
686 5073 696 5103 ²
708 5069 806 5132 flattu,
819 5070 881 5136 cap-'5
891 5083 920 5134 x,
931 5083 956 5122 r.
970 5072 1009 5123 tt.
1020 5096 1049 5109 -
1063 5070 1129 5122 ⁸nrc
1139 5071 1223 5123 deuse
1242 5073 1340 5124 udatur
1356 5076 1456 5139 attqncd
1473 5078 1589 5142 verbnm,
1604 5080 1770 5145 enimcum
1789 5090 1832 5135 ant

237 5156 351 5204 numer.
