4559 6100
715 513 760 586 lN
784 511 1031 585 EPISTOLAM
1055 512 1116 585 tu
1143 510 1370 587 ROMANOS.
1766 516 1840 591 atu

242 682 332 751 esse,
355 672 392 730 et
411 658 510 755 juxta
528 660 693 733 Veritatis
712 685 840 734 vocem
860 684 1004 733 necesse
1024 662 1083 752 sit,
1101 673 1143 732 ut
1156 662 1303 734 veniant
1318 659 1505 752 scaudala,
1525 660 1613 759 quid
1630 664 1840 762 contingere

243 792 361 877 potest
382 793 422 852 ut
437 779 695 852 rationabiliter
714 779 882 853 doleant?
898 781 936 853 Si
952 780 1067 874 euim,
1088 796 1127 854 ut
1144 785 1183 853 B.
1202 779 1366 853 meminit
1383 779 1613 878 Augustinus,
1628 780 1768 858 honum
1786 802 1839 860 est

241 898 376 972 malum
391 923 482 990 esse,
500 901 661 999 quisquis
673 899 718 974 de
730 901 825 976 malo
839 900 951 993 dolet,
968 901 1096 975 dehoc
1110 899 1273 1001 prolecto
1286 899 1385 972 dolet
1400 899 1502 998 quod
1517 899 1658 974 honum
1672 919 1724 976 est
1741 930 1834 980 esse:

240 1033 277 1090 et
295 1020 457 1116 quisquis
472 1020 550 1091 vult
570 1020 687 1119 ipsum
704 1045 778 1093 non
794 1045 885 1113 esse,
905 1022 1029 1119 utique
1046 1021 1122 1093 vult
1143 1045 1218 1093 unu
1238 1044 1314 1093 esse
1332 1018 1370 1092 id
1387 1017 1487 1118 quod
1503 1019 1642 1093 bonum
1663 1036 1806 1098 estesse
1825 1055 1834 1097 z

239 1152 275 1210 et
296 1138 345 1210 ita
365 1151 439 1211 tam
461 1138 590 1212 divinae
609 1138 834 1238 dispositioni
857 1163 966 1237 quam
990 1142 1121 1213 rationi
1143 1141 1343 1213 contrarius
1363 1164 1441 1213 esse
1464 1138 1625 1225 videtur,
1649 1154 1686 1213 et
1707 1140 1837 1217 frustra

239 1254 325 1330 dicit
340 1256 388 1330 ad
403 1261 540 1331 Deum¹
557 1289 567 1330 ι
590 1290 608 1326 u
625 1261 701 1332 Fiat
716 1258 882 1333 voluntas
898 1274 978 1350 tua,
994 1288 1013 1328 u
1037 1261 1139 1356 cujus
1161 1260 1294 1333 scilicet
1315 1259 1491 1332 voluntati
1518 1284 1580 1332 seu
1606 1258 1833 1360 dispositioni

238 1377 468 1473 quantumin
485 1403 524 1451 se
540 1393 594 1449 est
616 1379 838 1453 adversatur.
855 1378 927 1453 Sed
952 1382 1037 1477 quia
1051 1378 1128 1452 haec
1151 1378 1328 1452 discutere
1352 1377 1486 1453 altioris
1507 1393 1560 1453 est
1583 1377 1832 1480 philosophia,

236 1496 448 1593 perfectioni
465 1513 597 1571 nostrae
612 1522 834 1572 reservamus
853 1498 1078 1598 Theologiff.

287 1614 496 1715 «idipsum
515 1618 670 1691 invicem
688 1618 894 1713 sentientes,
912 1648 929 1685 ›>
949 1643 1013 1719 per
1026 1619 1182 1693 caritatis
1197 1617 1362 1692 videlicet
1382 1618 1549 1692 allectum
1570 1619 1619 1691 ita
1635 1616 1725 1690 alios
1741 1620 1832 1694 sicut

234 1736 371 1834 seipsos
388 1724 606 1836 reputantes,
615 1739 714 1835 juxta
730 1738 820 1812 illud
836 1738 1040 1812 Veritatis⁸z
1064 1768 1080 1807 v
1096 1743 1184 1827 Quae
1199 1736 1305 1811 vultis
1324 1753 1362 1811 ut
1379 1739 1509 1812 saciant
1525 1736 1628 1811 vobis
1642 1737 1829 1832 homines,

234 1868 270 1928 et
286 1880 350 1928 vos
362 1856 489 1929 eadem
505 1857 572 1929 illis
589 1857 711 1946 lacite3
730 1887 748 1928 u
768 1873 804 1931 et
814 1857 902 1931 illud
918 1884 926 1929 ε
949 1859 1093 1948 «Quod
1112 1858 1179 1931 tihi
1193 1884 1267 1931 nun
1283 1859 1349 1951 vis,
1368 1858 1426 1932 alii
1445 1884 1491 1932 ne
1507 1859 1641 1932 feceris.
1662 1888 1680 1925 s
1699 1858 1765 1932 Vel
1782 1859 1831 1932 ita

237 2002 253 2041 v
262 1973 418 2074 idipsum
428 1975 580 2051 cumalii
590 1979 795 2072 sentientes,
805 1979 935 2076 »quasi
943 1977 1041 2051 hona
1049 2002 1179 2051 eorum
1189 1979 1280 2052 sicut
1288 1979 1714 2053 detrimentanostraesse
1723 2003 1830 2078 repu-

234 2107 361 2186 tantes,
380 2096 437 2170 vel
448 2096 605 2196 idipsum
624 2098 670 2170 de
687 2097 759 2171 fide
775 2099 986 2190 sentientes,
1003 2111 1042 2170 ut
1059 2097 1159 2173 nulla
1181 2099 1253 2171 siut
1272 2096 1464 2172 schismata
1481 2099 1517 2171 io
1541 2098 1613 2172 fide
1628 2096 1827 2173 Catholica.

233 2214 286 2288 dd
313 2214 413 2315 quod
436 2217 591 2291 maxime
617 2220 795 2317 pertinere
812 2219 955 2291 videtur
980 2218 1079 2315 quod
1099 2218 1267 2292 subdittu
1286 2246 1295 2291 t
1317 2251 1335 2288 α
1350 2223 1429 2292 Non
1453 2219 1523 2294 alta
1547 2220 1739 2318 sapientes,
1753 2247 1772 2286 u
1790 2219 1829 2292 id

232 2349 286 2406 est
316 2360 391 2408 non
416 2336 571 2437 superbe
596 2337 732 2436 aliquid
756 2362 822 2436 per
847 2336 1011 2411 haeresim
1034 2354 1310 2437 presumentes,
1341 2337 1430 2410 dum
1455 2363 1499 2411 ex
1525 2339 1684 2412 novitate
1708 2337 1828 2435 aliqua

230 2458 423 2551 quaerimus
439 2457 596 2553 gloriari.
616 2456 719 2530 «Sed
734 2456 961 2530 humilibus»
978 2458 1110 2555 quibus
1121 2457 1287 2531 videlicet
1300 2462 1398 2531 Deus
1409 2456 1472 2531 dat
1486 2458 1647 2557 gratiam,
1661 2456 1827 2556 superbis

230 2576 408 2670 resistens,
432 2608 450 2645 α
465 2580 729 2651 consentientes
746 2605 763 2645 u
782 2578 818 2649 in
839 2575 923 2650 fidei
939 2577 1072 2650 seilicet
1089 2579 1226 2651 unitate
1242 2603 1311 2651 nos
1327 2579 1378 2651 eis
1396 2578 1585 2652 sociantes.
1604 2577 1714 2666 Quod
1734 2602 1826 2677 qua·

227 2693 308 2769 liter
324 2696 496 2772 faciamus
512 2696 620 2772 docet
638 2723 724 2770 cum
741 2696 915 2795 adjungit,
937 2698 1086 2770 «Nolite
1103 2721 1180 2770 esse
1198 2697 1392 2796 prudentes
1410 2697 1509 2797 apud
1525 2698 1786 2796 vosmetipsos,
1803 2728 1822 2765 s

225 2813 267 2887 id
290 2831 345 2891 est
362 2816 591 2918 prudentiam
616 2832 790 2913 vestram,
815 2818 844 2890 si
867 2841 976 2915 quam
1001 2816 1160 2912 hahetis,
1182 2817 1295 2890 nolite
1318 2815 1365 2889 ad
1387 2816 1538 2914 gloriam
1559 2830 1716 2890 vestram
1737 2840 1822 2889 con·

223 2950 380 3030 vertere,
398 2962 466 3012 nec
487 2937 533 3011 de
550 2937 610 3012 illa
628 2938 664 3010 in
682 2937 785 3011 vohis
810 2937 967 3037 gloriari.
987 2941 1060 3011 Vos
1077 2939 1186 3011 etiam
1210 2936 1308 3032 dico,
1331 2935 1457 3010 «Nulli
1477 2936 1612 3010 malum
1634 2962 1702 3037 pro
1727 2937 1824 3010 malo

219 3055 461 3147 reddentes»
475 3056 513 3130 id
530 3072 584 3132 est
599 3059 782 3132 neminem
794 3059 878 3158 quia
895 3082 964 3131 nos
979 3058 1080 3153 laesit,
1098 3057 1162 3132 sed
1177 3058 1297 3158 potius
1308 3058 1393 3156 quia
1403 3059 1542 3156 justum
1554 3071 1608 3130 est
1616 3056 1820 3156 punientes.

217 3178 421 3248 Possumus
434 3175 542 3246 etiam
550 3175 651 3273 quod
667 3176 806 3249 dictum
822 3190 886 3270 est,
908 3177 1059 3250 «Nolite
1075 3202 1153 3250 esse
1163 3176 1373 3276 prudentes,
1384 3189 1470 3269 etc,
1488 3205 1506 3244 u
1525 3176 1574 3248 ita
1590 3176 1764 3274 accipere,
1784 3191 1823 3248 ut

214 3291 298 3364 hoc
311 3291 360 3364 illi
376 3294 639 3392 competentius
655 3292 886 3391 adjungatur;
904 3294 963 3367 ille
981 3296 1115 3368 etenim
1132 3293 1292 3395 prudens
1308 3293 1407 3394 apud
1423 3295 1655 3392 semetipsum
1673 3291 1819 3382 dicitur,

214 3411 287 3509 qui
303 3423 400 3485 totus
415 3437 482 3486 suo
492 3413 630 3511 judicio
643 3415 781 3507 nititur,
799 3429 837 3488 ut
851 3412 1030 3513 quidquid
1046 3414 1154 3487 istum
1170 3438 1246 3487 esse
1268 3410 1485 3502 decreverit,
1505 3411 1631 3508 exequi
1643 3410 1728 3484 velit
1751 3427 1821 3484 rut

215 3555 307 3604 cum
324 3533 459 3605 nemini
475 3534 640 3607 irascenti
656 3557 719 3605 sua
736 3534 788 3605 ira
809 3532 972 3606 videatur
987 3533 1113 3626 invisa,
1134 3534 1172 3606 in
1193 3556 1414 3632 quocunque
1433 3529 1629 3604 olleuditur
1649 3530 1819 3604 ulciscen-

215 3648 312 3722 dum
339 3666 453 3751 putet.
484 3654 551 3725 Cui
578 3651 728 3750 quidem
754 3650 914 3752 periculo
942 3653 1121 3744 occurrit,
1146 3653 1295 3727 dicens:
1318 3650 1446 3725 «Nulli
1470 3649 1604 3723 malum
1628 3673 1697 3750 pro
1721 3651 1819 3723 malo

213 3769 426 3845 reddentes.
441 3773 641 3872 »Superius
658 3772 809 3861 dixerat,
823 3802 842 3842 u
855 3771 967 3845 nolite
980 3772 1192 3847 maledicere
1207 3770 1504 3873 persequentibus
1514 3795 1599 3844 vos:
1614 3799 1632 3838 u
1647 3770 1708 3843 hic
1725 3769 1817 3842 lacta

213 3889 317 3963 mala
331 3892 424 3965 sicut
439 3894 547 3966 etiam
562 3893 674 3966 verba
686 3892 780 3965 mala
793 3891 976 3991 prohibet.
997 3892 1263 3966 «Providentes
1276 3892 1388 3985 hona,
1405 3905 1492 3981 etc,
1507 3921 1524 3957 2>
1545 3890 1581 3963 id
1598 3904 1650 3963 est
1665 3891 1819 3963 nitentes

210 4021 398 4104 quantum
414 4033 606 4107 possumus
622 4021 663 4081 ut
676 4032 788 4108 opera
803 4023 926 4082 nostra
940 4033 1015 4081 non
1034 4010 1153 4082 solum
1173 4011 1265 4098 Deo,
1283 4007 1471 4081 sedetiam
1493 4006 1702 4079 hominibus
1719 4005 1818 4078 hona

209 4126 423 4218 videantur,
441 4140 537 4201 ntea
550 4129 684 4201 scilicet
699 4127 959 4218 imitarivelint,
976 4128 1033 4201 vel
1048 4132 1166 4201 Deum
1183 4125 1268 4200 inde
1286 4125 1500 4224 glorificent,
1516 4127 1607 4198 sicut
1623 4140 1659 4198 et
1674 4126 1815 4198 Veritas

207 4246 312 4318 aiv:
331 4250 494 4320 «Luceat
505 4248 566 4320 lux
581 4262 700 4320 vestra
715 4271 840 4320 coram
855 4245 1080 4338 homiuibus,
1093 4262 1163 4320 etc.
1177 4276 1196 4316 u
1217 4275 1235 4316 «
1247 4247 1284 4318 Si
1300 4244 1377 4319 lieri
1397 4260 1527 4344 potest,
1544 4270 1629 4318 cum
1645 4243 1816 4317 omnihus

205 4361 429 4437 hominibus
448 4390 574 4464 pacem
594 4364 788 4457 habentes3
813 4394 832 4435 u
851 4366 992 4464 itaque,
1020 4380 1060 4438 ut
1086 4366 1256 4455 diximus,
1284 4364 1374 4438 nulli
1401 4365 1568 4439 videlicet
1588 4363 1722 4437 malum
1748 4387 1814 4461 pro

204 4480 315 4555 malo
328 4482 532 4579 reddentes,
551 4499 587 4559 et
603 4484 830 4584 providendo
847 4484 945 4559 bona
961 4488 1070 4559 etiam
1083 4511 1209 4560 coram
1227 4485 1450 4558 hominibus.
1472 4484 1628 4575 «Quod,
1643 4513 1661 4551 t>
1682 4481 1816 4555 scilicet

201 4624 343 4704 paoem
363 4601 498 4676 habere
514 4629 599 4677 cum
614 4604 798 4694 omnibus,
822 4630 899 4678 vex
920 4605 1025 4678 vobis
1041 4621 1106 4694 est,
1123 4634 1142 4676 u
1164 4603 1203 4678 id
1220 4618 1273 4678 est
1289 4629 1333 4676 ex
1349 4604 1497 4704 propria
1513 4618 1643 4677 natura
1659 4600 1811 4690 hahetis,

201 4740 249 4799 ut
269 4716 437 4800 videlicet
452 4729 504 4800 eis
518 4730 673 4802 maxime
689 4728 889 4803 concordes
904 4730 993 4821 sitis,
1012 4754 1108 4828 quos
1125 4754 1191 4828 per
1211 4744 1376 4803 naturam
1394 4727 1575 4803 affiniores
1592 4725 1809 4825 conspicitis.

139 4996 148 5005 ,
237 4951 244 4978 ¹
257 4944 361 5007 Metto,
380 4960 434 5010 up.
448 4961 486 5012 u,
503 4962 527 4998 r.
542 4950 579 5000 lu.
592 4947 815 5010 —²Quastloueur
831 4951 894 4999 hauc
911 4960 984 5010 quam
1039 4949 1281 5016 lopicchrirtiouo,
1292 4952 1367 5011 tlhr,
1377 4944 1809 5004 sununem.v1detntn.-⁸ttutt.‚

193 5028 333 5081 uostertn
343 5032 441 5083 lutrod.
452 5032 488 5082 od
500 5031 596 5094 Theoi,
609 5032 662 5083 uo.
674 5045 715 5094 ru,
728 5045 754 5095 p.
770 5033 847 5084 itaet
857 5044 925 5095 sqq,
933 5035 985 5094 lam
1038 5041 1092 5093 cap.
1106 5042 1147 5090 ru,
1160 5044 1182 5080 r.
1199 5034 1235 5082 n.
1245 5032 1293 5069 -⁴
1303 5029 1401 5091 hauh,
1416 5042 1498 5091 caps,
1510 5042 1531 5079 r.
1545 5029 1582 5080 to.

193 5111 335 5172 tenuerat,
348 5112 674 5173 uaetartttterum,elsdem
685 5113 854 5175 peneverhts,
867 5111 983 5163 lottec-
1124 5138 1130 5149 ·
1423 5146 1427 5153 .
