4559 6100
852 397 995 468 656
1391 455 1396 462 .
1717 347 1722 353 ⁶
2059 395 2315 468 PE'rm
2369 394 2838 466 AssAEtAnol

851 543 1268 617 communio
1326 567 1587 615 mensae
1630 541 2054 615 contrahere
2091 542 2312 644 solet.
2355 540 2560 613 Unde
2609 541 2702 613 ad
2748 540 2899 613 haec
2944 541 3248 614 maxime
3294 540 3728 614 removenda
3780 556 3851 614 et
3897 544 4037 615 cir-

851 663 1365 736 cumcisionem
1420 663 1720 734 instituit
1768 661 2121 733 Dominus
2167 675 2237 732 et
2277 660 2745 733 delicatorum
2789 659 3115 733 ciborum
3162 686 3362 733 esum
3410 661 3795 734 interdixit.
3840 661 4037 734 Adeo

852 808 1166 880 namque
1211 782 1768 854 circumcisionis
1807 781 2089 878 signum
2133 779 2482 852 Gentibus
2524 779 3005 854 abominabile
3036 780 3342 874 videtur,
3396 796 3476 852 ut
3518 783 3576 854 si
3610 807 3743 854 nos
3784 807 4037 854 eorum

856 902 1153 973 feminas
1179 901 1696 991 affectaremus,
1726 899 2131 972 nullatenus
2164 898 2375 972 nobis
2404 901 2478 972 in
2507 901 2649 972 hoc
2678 901 3188 972 consentirent.
3222 900 3454 989 Unde,
3478 902 3603 972 etsi
3629 901 3781 973 aliae
3804 916 4041 974 essent

860 1022 1207 1107 rationeS,
1253 1019 1383 1091 has
1432 1021 1505 1091 in
1555 1020 1880 1119 praesenti
1926 1017 2142 1091 credo
2186 1017 2539 1094 sufficere.
2571 1018 2787 1107 Quod
2827 1033 3066 1090 tamen
3111 1019 3667 1092 circumcisionis
3708 1045 3834 1092 seu
3865 1020 4039 1117 legis

859 1141 1195 1212 meritum
1238 1164 1580 1211 evacuare
1620 1139 1731 1211 vel
1782 1152 2166 1210 extenuare
2205 1137 2514 1224 laboras,
2555 1164 2641 1211 ex
2683 1139 2836 1237 ipsa
2878 1137 3142 1209 scilicet
3172 1140 3590 1210 auctoritate
3632 1139 4032 1238 Scripturae,

862 1285 990 1358 per
1038 1260 1265 1357 ipsam
1298 1256 1518 1330 credo
1549 1257 1771 1330 refelli
1799 1283 2037 1357 posse,
2069 1259 2127 1329 si
2166 1281 2251 1330 ea
2288 1257 2638 1348 videlicet,
2670 1283 2828 1355 quae
2854 1256 2945 1328 de
2972 1258 3152 1329 serie
3186 1259 3563 1355 Scripturae
3589 1259 3856 1331 furatus
3889 1284 4042 1330 esse

861 1377 1229 1451 reticendo
1265 1377 1561 1470 videriS,
1623 1377 1999 1474 diligenter
2043 1377 2406 1468 attendaS,
2462 1403 2620 1475 quae
2671 1378 2804 1450 tibi
2849 1375 3066 1448 credo
3122 1377 3446 1448 nocitura
3489 1375 3803 1449 videbas.
3857 1381 4040 1449 Cum

863 1499 1056 1568 enim
1109 1510 1396 1594 pactum
1448 1495 1648 1594 quod
1699 1521 1826 1596 per
1877 1497 2484 1569 circumcisionem
2545 1497 2923 1582 DominuS‚
2970 1519 3135 1566 cum
3180 1496 3336 1593 ipso
3383 1496 3816 1588 institueret,
3868 1496 4043 1568 dixit

866 1606 1184 1687 Abrahae¹
1222 1643 1239 1686 ι
1279 1646 1313 1680 ιι
1342 1618 1659 1687 Statuam
1702 1629 1992 1713 pactum
2033 1639 2277 1686 meum
2314 1616 2496 1686 inter
2523 1640 2642 1687 me
2675 1627 2746 1686 et
2776 1627 2846 1687 te
2891 1628 2960 1685 et
2996 1638 3241 1685 semen
3276 1639 3487 1686 suum
3520 1630 3682 1712 post
3717 1630 3788 1686 te
3820 1616 3894 1686 in
3920 1641 4045 1712 ge-

864 1735 1351 1807 nerationibus
1379 1736 1547 1827 suis,
1576 1733 1838 1806 foedere
1866 1734 2328 1833 sempiternO,
2357 1749 2434 1805 ut
2458 1736 2593 1806 sim
2616 1738 2807 1805 Deus
2834 1748 2997 1804 tuus
3016 1747 3085 1805 et
3108 1734 3394 1805 seminis
3421 1735 3597 1805 tui.»
3614 1738 3792 1806 Cum
3819 1736 4037 1825 enim,

869 1885 904 1923 «
940 1854 1203 1927 foedere
1235 1855 1671 1953 sempiterno
1700 1882 1733 1919 »
1760 1855 1882 1943 ait,
1912 1884 1946 1919 α
1979 1868 2057 1924 ut
2084 1855 2218 1924 sim
2241 1857 2436 1925 Deus
2469 1868 2633 1925 tuus
2658 1867 2728 1925 et
2744 1853 3033 1924 seminis
3060 1853 3190 1943 tui,
3224 1880 3257 1919 »
3286 1867 3606 1949 patenter
3633 1852 3887 1925 edocet
3914 1879 4050 1927 nos

866 2000 950 2047 ex
1002 1974 1544 2046 circumcisione
1577 1978 1731 2045 Deo
1780 1974 2187 2073 perenniter
2232 1998 2385 2044 esse
2428 1971 2919 2060 foederandOS,
2972 1985 3041 2042 et
3092 1995 3222 2069 per
3263 1971 3416 2043 haec
3466 1996 3600 2042 nos
3648 1996 3812 2042 eum
3880 1997 4049 2072 pro-

868 2095 1126 2166 mereri
1166 2098 1423 2187 Deum,
1476 2108 1555 2165 ut
1603 2093 1853 2165 necin
1901 2093 2039 2165 hac
2085 2094 2265 2185 vita,
2320 2090 2584 2164 scilicet
2625 2115 2757 2162 nec
2795 2091 2869 2161 in
2918 2090 3152 2162 futura
3196 2090 3684 2187 disjungamur
3729 2090 3819 2162 ab
3860 2092 4042 2189 ipso.

868 2213 1084 2302 Quod
1137 2214 1349 2285 etiam
1391 2214 1542 2312 ipse
1592 2227 1949 2312 repetem,
1999 2227 2076 2284 ut
2123 2212 2345 2310 magis
2399 2211 2759 2283 memoriae
2808 2210 3264 2282 commendet
3313 2210 3572 2306 adjecit
3624 2237 3640 2280 ε
3685 2239 3722 2276 κ
3759 2212 4051 2309 Eritque

868 2349 1161 2432 pactum
1204 2358 1448 2405 meum
1491 2333 1565 2404 in
1610 2356 1827 2405 carne
1854 2346 2086 2404 vestra
2133 2331 2205 2402 in
2251 2330 2484 2403 foedus
2515 2344 2893 2418 aeternum3
2928 2358 2962 2397 >a
3009 2343 3089 2400 ut
3130 2326 3745 2426 quemadmodum
3787 2329 4051 2402 scilicet

869 2453 1312 2524 circumcisio
1356 2454 1429 2523 in
1483 2475 1699 2524 carne
1732 2444 1965 2523 'semel
2012 2451 2193 2522 facta
2238 2449 2511 2524 aboleri
2538 2451 2688 2546 jam
2731 2473 2878 2521 non
2916 2462 3180 2546 potest,
3234 2448 3336 2518 sic
3384 2456 3821 2543 nequeamus
3871 2449 4049 2520 adeo

869 2572 1164 2643 ulterius
1208 2571 1539 2666 disjungi.
1589 2571 1730 2658 Qui
1782 2596 1915 2642 nos
1965 2570 2463 2669 spiritualiter²
2501 2570 2912 2641 confortans
2959 2569 3058 2640 ait
3096 2594 3112 2637 ε
3160 2596 3197 2634 α
3247 2568 3455 2638 Eritis
3498 2567 3675 2639 mihi
3710 2569 3783 2638 in
3818 2592 4053 2667 popu·

873 2692 1021 2760 lum
1067 2704 1137 2761 et
1171 2714 1305 2784 ego
1338 2688 1544 2760 vobis
1577 2713 1702 2760 ero
1741 2689 1814 2759 in
1850 2694 2110 2761 Deum.
2168 2720 2201 2755 2>
2243 2687 2447 2759 Unde
2504 2703 2573 2760 et
2614 2692 2846 2759 Deum
2904 2687 3297 2787 specialiter
3349 2685 3848 2776 Hebraeorum,
3903 2712 4056 2759 non

876 2822 1154 2881 tantum
1202 2812 1431 2879 Deum
1486 2806 1882 2900 Abraham,
1939 2812 2133 2879 Isaac
2173 2822 2245 2879 et
2289 2806 2510 2879 Jacob
2557 2833 2633 2880 sc
2690 2808 2841 2906 ipse
2884 2807 3234 2878 nominat.
3309 2811 3660 2877 intantum
3728 2831 3899 2877 vero
3963 2832 4050 2878 ex

873 2927 1414 3000 circumcisione
1463 2930 1655 2999 Deus
1713 2927 1859 2999 sive
1904 2926 2219 2998 filiorum
2266 2928 2413 2999 sive
2472 2928 2624 3023 ejus
2673 2926 2825 2999 fieri
2879 2927 3227 3012 innuitur,
3286 2926 3412 3022 qui
3468 2938 3631 2998 ante
3685 2926 4054 2998 circumci-

872 3051 1152 3123 sionem
1222 3073 1356 3120 nec
1415 3047 1718 3140 horum,
1786 3073 1921 3121 nec
1983 3047 2366 3121 hominum
2431 3053 2622 3120 Deus
2678 3050 2766 3120 sit
2827 3047 3241 3148 appellatuS.
3323 3051 3740 3144 Congruum
3813 3062 4056 3120 autem

874 3169 1157 3241 foederis
1193 3170 1478 3264 signum
1515 3168 1702 3239 inter
1732 3193 1809 3239 se
1850 3182 1920 3240 et
1955 3193 2090 3241 nos
2123 3169 2686 3241 circumcisionis
2727 3168 3068 3257 instituit;
3127 3180 3208 3236 ut
3240 3166 3363 3263 qui
3400 3165 3522 3238 illo
3559 3165 3890 3239 membro
3924 3168 4058 3239 sci-

874 3290 1040 3361 licet
1066 3303 1522 3385 generantur,
1555 3286 1754 3386 quod
1786 3287 2183 3386 specialiter
2209 3304 2373 3386 post
2405 3302 2744 3386 susceptae
2775 3285 3336 3359 circumcisionis
3370 3283 3856 3357 obedientiam
3891 3312 4060 3358 con-

876 3423 1224 3501 secratur,
1278 3433 1365 3480 ex
1411 3409 1568 3507 ipso
1617 3431 1909 3505 quoque
1945 3432 2089 3479 suae
2125 3408 2600 3503 generationis
2645 3408 3119 3478 instrumento
3163 3430 3239 3478 se
3283 3403 3707 3477 sanctificari
3745 3407 4058 3478 Domino

877 3528 1428 3620 admoneantur,
1486 3541 1563 3598 ut
1608 3527 1707 3598 sic
1771 3525 2099 3598 videlicet
2141 3527 2434 3598 interius
2487 3551 2530 3599 a
2574 3526 2760 3597 vitiis
2805 3526 3403 3598 circumcidantur
3450 3524 3523 3595 in
3573 3524 3828 3615 corde,
3881 3525 4064 3597 sicut

872 3648 1020 3743 jam
1058 3647 1360 3726 exterius
1389 3647 1787 3717 circumcisi
1821 3661 1987 3718 sunt
2027 3648 2100 3718 in
2144 3670 2402 3734 carne;
2438 3661 2509 3717 et
2541 3671 2583 3717 a
2612 3645 3055 3743 praecedente
3088 3669 3216 3717 sua
3257 3643 3755 3717 Chaldaeorum
3800 3643 4061 3716 inlide-

880 3763 1057 3835 lium
1082 3766 1356 3861 origine
1376 3818 1395 3855 ‚
1442 3765 1537 3835 ita
1571 3764 1891 3837 moribus
1919 3791 1993 3837 se
2021 3778 2437 3864 amputent,
2478 3765 2658 3836 sicut
2696 3766 3003 3864 primam
3039 3762 3225 3836 illius
3258 3763 3563 3835 membri
3596 3778 3868 3862 partem
3907 3788 3949 3834 a
3982 3788 4058 3834 se

882 3898 1382 3965 removerunt,
1429 3908 1579 3955 non
1629 3899 1775 3956 tam
1811 3884 1902 3956 ab
1948 3885 2048 3957 eis
2080 3910 2247 3957 cum
2295 3884 2650 3957 Abraham
2693 3908 2997 3982 corpore
3041 3874 3253 3982 quam
3304 3898 3544 3955 mente
3578 3883 4053 3979 egredientes»,

881 4004 1062 4075 sicut
1097 4002 1328 4075 David
1366 4018 1885 4076 commemorat
1921 4002 2209 4075 fidelem
2252 4003 2569 4074 animam
2612 4003 2916 4075 invitans
2957 4003 3086 4075 sic⁸
3122 4028 3138 4073 ε
3175 4031 3210 4068 c<
3241 4001 3673 4074 Obliviscere
3705 4000 4061 4099 populum

881 4137 1087 4194 tuum
1148 4136 1220 4193 et
1264 4120 1566 4192 domum
1621 4124 1841 4219 patris
1903 4122 2032 4192 tui.
2083 4149 2118 4188 η
2165 4119 2372 4192 Unde
2417 4135 2488 4192 et
2539 4123 2892 4192 Dominus
2945 4121 3296 4220 populum
3358 4122 3581 4192 vineae
3631 4144 4059 4218 comparans

883 4240 1121 4313 electae
1141 4296 1161 4335 ,
1198 4240 1690 4336 conqueritur,
1726 4263 1802 4310 se
1836 4252 2240 4337 expectasse
2279 4267 2316 4306 α
2357 4253 2439 4309 ut
2488 4237 2749 4310 faceret
2799 4262 2971 4312 uvas
3002 4254 3072 4311 et
3114 4238 3276 4311 fecit
3319 4238 3744 4312 labruscas⁸.
3789 4269 3824 4305 >a
3869 4239 4065 4311 Sicut

885 4375 1124 4432 autem
1184 4374 1376 4432 totus
1454 4357 1606 4455 ejus
1663 4356 1973 4458 populus
2034 4358 2251 4430 vineae
2314 4371 2817 4456 comparatur,
2891 4360 2990 4430 sic
3050 4357 3312 4454 singuli
3375 4356 3620 4430 fideles
3679 4356 3940 4431 vitibus
3998 4371 4068 4429 et

886 4504 1136 4552 eorum
1175 4480 1503 4576 genitalia
1536 4477 2049 4577 propaginibus
2076 4481 2100 4516 ⁸
2129 4503 2448 4575 congrue
2489 4479 2981 4551 conferuntur.
3024 4478 3297 4551 Palmes
3326 4491 3565 4550 autem
3598 4479 3784 4571 vitis,
3825 4480 3962 4550 nisi
3995 4479 4066 4549 in

887 4625 963 4673 se
1002 4597 1455 4699 praecidatur,
1505 4596 1872 4670 labruscas
1913 4599 2151 4697 potius
2191 4622 2410 4694 quam
2455 4622 2628 4671 uvas
2669 4597 2911 4691 affert,
2956 4610 3029 4668 et
3061 4610 3405 4669 remanet.
3443 4596 3550 4669 Ad
3602 4596 3792 4670 hanc
3834 4599 4068 4696 itaque

950 4908 1177 4971 Ἥρωι,
1214 4919 1324 4970 cap.
1348 4918 1473 4967 xvn,
1511 4918 1556 4956 v.
1589 4908 1637 4957 7.
1665 4930 1723 4943 -
1754 4907 1773 4937 ²
1807 4904 1915 4968 Vel,
1933 4914 1990 4956 ut
2023 4908 2222 4971 conficit
2252 4904 2554 4968 Rhelnwald,
2581 4904 2888 4970 specialiter.
2936 4931 2992 4941 -
3027 4905 3047 4936 ⁸
3068 4906 3263 4958 Psalm.
3301 4916 3441 4971 xuv,
3480 4920 3524 4956 v.
3556 4906 3634 4958 11.
3661 4930 3717 4941 —
3742 4902 3924 4968 ⁴1⁸8„
3959 4918 4067 4967 cap.

890 5001 938 5037 v.
959 4989 1008 5037 2.
1031 5013 1093 5025 —
1121 4989 1140 5021 ⁸
1161 4986 1472 5039 palmitibus
1492 4987 1691 5049 conjicit
1716 4984 2014 5037 Rhelnwald.
