4559 6100
889 538 1123 611 DlALOGUS.
1730 542 1802 614 tta

175 715 276 763 ecce
295 690 407 762 dedit
423 689 601 760 Dominus
617 687 781 786 spiritum
805 686 1017 760 mendacem
1039 688 1088 758 iu.
1103 711 1169 758 ore
1185 686 1349 757 omnium
1369 686 1628 784 prophetarum
1656 704 1804 762 tuorum

176 814 254 907 qui
266 810 338 882 hic
357 824 453 902 sunt,
466 824 501 880 et
513 810 656 880 locutus
669 821 721 879 est
735 820 861 879 contra
873 822 908 879 te
921 808 1070 880 malum.
1086 836 1104 873 α
1116 808 1199 878 Sive
1207 820 1328 877 autem
1337 808 1375 877 in
1386 822 1528 879 sanctos
1540 810 1615 881 sire
1626 810 1662 880 in
1673 810 1804 907 impios

178 931 388 1001 Dominus
413 927 749 1030 diabolum'saevire
778 928 982 1025 permittat,
1012 940 1153 998 constat
1179 926 1341 1023 profecto
1371 951 1438 998 nec
1468 929 1587 1025 ipsum
1615 928 1683 999 nisi
1709 927 1804 999 bene

179 1050 416 1144 permittere
436 1046 536 1145 quod
554 1046 693 1118 bonum
714 1060 768 1118 est
786 1047 964 1144 permitti,
989 1070 1055 1117 nec
1088 1045 1188 1116 illum
1218 1044 1284 1114 nisi
1307 1044 1533 1119 malefacere
1557 1047 1657 1145 quod
1683 1062 1804 1119 tamen

182 1163 349 1238 bonurn
369 1182 422 1239 est
438 1166 528 1252 fieri,
546 1181 582 1238 et
599 1191 664 1238 cur
679 1165 754 1257 frat,
775 1164 1025 1238 rationabilem
1041 1163 1150 1236 babet
1167 1187 1331 1254 causam,
1348 1164 1429 1237 licet
1447 1166 1552 1238 nobis
1568 1166 1802 1261 incognitam.

183 1289 241 1354 Ut
270 1288 379 1358 enim
406 1287 465 1358 ille
491 1311 641 1382 magnus
667 1285 904 1385 philosophus
929 1300 1058 1357 vester
1072 1287 1110 1356 in
1132 1287 1261 1355 Timeo
1287 1310 1354 1356 suo
1378 1287 1555 1377 meminit,
1576 1310 1660 1358 cum
1688 1291 1804 1357 Deum

185 1406 346 1501 optime
363 1421 493 1478 cuncta
514 1407 630 1479 facere
649 1406 817 1504 probaret
839 1432 847 1475 :
870 1436 887 1475 n
905 1409 1036 1495 Omne,
1055 1404 1191 1500 iuquit,
1212 1404 1312 1500 quud
1328 1405 1484 1502 gignitur
1502 1406 1681 1502 exaliqua
1698 1429 1805 1478 causa

186 1524 365 1620 gignitur
381 1527 592 1597 necessaria.
607 1525 701 1596 Nihil
717 1526 813 1596 enim
825 1524 878 1613 fit,
896 1525 1127 1620 cujusortum
1144 1548 1219 1594 non
1230 1522 1386 1619 legitima
1398 1548 1504 1596 causa
1519 1540 1556 1596 et
1572 1525 1661 1597 ratio
1678 1549 1805 1621 praece·

188 1640 276 1713 dat.
294 1672 314 1712 n
334 1650 457 1740 lnquo
468 1658 630 1741 patenter
641 1644 855 1736 ostenditur,
867 1667 1121 1740 quaecunquea
1137 1641 1472 1739 quocunquefrant,
1485 1645 1568 1740 quia
1582 1643 1658 1714 haec
1668 1644 1805 1741 optima

189 1759 341 1835 divinae
359 1763 590 1861 providentiae
612 1761 878 1860 dispensatione
895 1765 1127 1857 contingunt,
1147 1760 1404 1833 rationabiliter
1423 1778 1458 1833 et
1478 1762 1572 1835 bene
1589 1764 1639 1835 sic
1662 1786 1704 1835 ea
1721 1788 1806 1861 pro·

192 1882 347 1971 venire,
366 1884 458 1953 sicut
478 1883 662 1971 eveniunt,
681 1883 766 1979 quia
781 1882 947 1954 videlicet
969 1881 1235 1969 rationabilem,
1255 1906 1320 1952 cur
1336 1881 1442 1972 fiant,
1466 1881 1624 1955 habeant
1645 1905 1802 1975 causam,

191 2003 375 2096 quamvis
395 2003 425 2073 is
446 2003 508 2099 qui
529 2026 570 2073 ea
589 2000 689 2088 lacit,
709 2026 783 2072 non
810 2001 1067 2074 rationabiliter
1090 2026 1133 2073 ac
1156 2000 1249 2073 bene
1266 2002 1346 2099 ipsa
1369 2002 1491 2090 saciat,
1516 2027 1679 2076 neceam
1695 2003 1733 2073 in
1749 2001 1806 2073 his

187 2118 402 2212 faciendis,
423 2145 533 2217 quam
550 2126 659 2210 Deus,
680 2145 824 2193 causam
842 2120 1014 2193 attendat.
1035 2125 1126 2192 Cum
1144 2123 1264 2215 itaque
1280 2120 1369 2191 nibil
1391 2122 1459 2192 nisi
1482 2126 1560 2193 Deo
1577 2122 1806 2220 permittente

200 2236 289 2310 lieri
308 2255 458 2331 constet,
479 2240 568 2311 nihil
584 2241 718 2339 quippe
734 2264 779 2311 eo
797 2241 909 2314 invito
925 2241 982 2313 vel
998 2241 1183 2313 resistente
1199 2239 1275 2312 sieri
1292 2241 1416 2338 possit,
1435 2255 1644 2338 certumque
1660 2243 1806 2339 insuper

200 2357 253 2428 sit
273 2382 503 2456 nequaquam
525 2359 660 2458 aliquid
676 2364 794 2431 Deum
809 2361 887 2432 sine
903 2384 1011 2433 causa
1027 2362 1248 2459 permittere,
1265 2359 1426 2457 nihilque
1440 2360 1591 2432 omnino
1608 2360 1677 2431 nisi
1701 2362 1807 2433 ratio·

204 2476 381 2550 nabiliter
407 2479 541 2569 iacere,
570 2495 611 2550 ut
636 2495 709 2552 tarn
733 2479 920 2577 permissio
945 2479 1021 2575 ejus
1045 2504 1156 2576 quam
1181 2479 1275 2551 actio
1301 2478 1521 2552 rationabilis
1551 2481 1617 2568 sit;
1644 2480 1808 2578 profecto

202 2618 296 2667 curn
321 2597 457 2689 videat,
480 2624 545 2671 cnr
563 2599 702 2696 singula
729 2623 808 2696 quae
831 2598 939 2684 fiunt,
967 2598 1045 2670 fieri
1067 2599 1266 2697 permittat,
1291 2612 1413 2670 curet
1437 2599 1515 2697 ipsa
1535 2597 1698 2670 facienda
1720 2601 1804 2688 sint,

203 2739 288 2788 non
315 2716 476 2812 ignoret,
507 2720 615 2790 etiam
640 2721 670 2790 si
694 2718 788 2791 mala
813 2718 885 2791 sint
910 2717 966 2789 vel
991 2717 1086 2790 mala
1111 2717 1222 2808 frant3
1250 2742 1325 2790 non
1359 2720 1456 2789 enim
1480 2716 1620 2790 bonum
1645 2732 1736 2792 esset
1766 2741 1809 2790 en

205 2837 387 2931 permitti,
408 2838 476 2909 nisi
497 2837 637 2911 bonum
655 2855 745 2912 essct
763 2864 807 2912 ea
828 2839 925 2934 lieri,
948 2864 1014 2912 nec
1036 2838 1192 2938 perfecte
1212 2836 1330 2909 bonus
1353 2852 1462 2928 esset,
1480 2839 1556 2935 qui,
1574 2862 1657 2910 cum
1672 2853 1805 2936 posset,

207 2978 288 3027 non
316 2956 531 3030 disturbaret
555 2960 592 3032 id
625 2959 726 3058 quod
749 2959 827 3032 lieri
850 2985 924 3032 non
941 2959 1081 3032 bonnm
1099 2973 1204 3053 esset,
1225 2959 1337 3030 immo
1362 2973 1525 3059 patenter
1547 2958 1750 3055 arguendus
1770 2959 1807 3030 in

209 3099 257 3145 eo
282 3076 382 3170 quod
398 3102 473 3149 non
492 3079 536 3150 sit
554 3078 695 3151 bonum
712 3079 802 3170 fieri,
822 3079 1083 3152 consentiendo
1106 3094 1147 3150 ut
1167 3079 1229 3151 frat
1248 3106 1256 3149 ε
1276 3093 1375 3178 patet
1392 3081 1512 3177 itaque
1528 3077 1706 3176 quidquid
1724 3102 1809 3149 con·

209 3194 315 3289 tingit
330 3193 501 3285 fieri,cur
517 3196 579 3269 frat
594 3198 650 3270 vel
667 3222 741 3271 non
761 3198 821 3270 liat
838 3196 1088 3271 rationabilem
1102 3196 1237 3271 habere
1253 3223 1417 3287 causam3
1430 3197 1585 3295 ideoque
1598 3197 1739 3271 bonum
1756 3211 1809 3269 est

207 3313 302 3386 illud
318 3312 396 3385 fieri
413 3315 468 3387 vel
484 3315 623 3387 bonum
640 3332 785 3390 estnon
804 3316 899 3409 fieri,
920 3319 1027 3390 etiam
1048 3319 1078 3388 si
1095 3316 1142 3389 ab
1159 3341 1224 3405 eo,
1245 3342 1266 3392 a
1285 3342 1360 3415 quo
1376 3318 1470 3391 bene
1487 3342 1563 3390 non
1580 3317 1639 3408 fit,
1656 3316 1732 3408 fiat,
1751 3318 1808 3389 vel

212 3432 343 3524 abeo,
367 3458 482 3532 aquo
504 3461 579 3508 non
603 3435 663 3530 fit,
686 3438 779 3509 male
795 3461 870 3509 non
891 3436 972 3525 frat,
992 3436 1063 3508 hoc
1085 3451 1138 3509 cst
1157 3438 1250 3511 mala
1271 3438 1470 3510 intentione
1491 3437 1689 3510 dimittatur
1713 3434 1803 3509 fieri.

214 3556 318 3627 Unde
342 3560 451 3630 etiam
476 3560 553 3658 ipsa
573 3560 664 3632 mala
692 3585 788 3654 esse,
813 3562 871 3632 vel
898 3559 975 3632 sieri
1000 3560 1140 3632 bonum
1163 3576 1236 3650 est,
1263 3562 1426 3659 quamvis
1450 3562 1528 3659 ipsa
1552 3559 1646 3633 mala
1671 3583 1807 3657 nequa·
1934 3629 1937 3636 .

214 3698 324 3771 quam
346 3677 416 3748 sint
432 3677 543 3752 bona.
563 3680 671 3767 Quod
691 3694 728 3751 et
743 3681 880 3753 Veritas
903 3681 981 3778 ipsa
997 3694 1159 3778 patenter
1175 3679 1382 3778 profitetur,
1403 3705 1487 3752 cum
1512 3680 1605 3752 ait¹:
1628 3684 1811 3752 sNecesse

213 3809 267 3866 est
295 3796 391 3868 enim
425 3817 464 3869 ut
496 3801 643 3871 veniant
667 3799 847 3872 scandala.
879 3803 937 3871 Vae
967 3812 1087 3871 antem
1114 3799 1255 3872 homini
1282 3800 1350 3889 illi,
1376 3823 1575 3898 perquem
1598 3797 1808 3871 scandalum

213 3914 323 3986 venit.
345 3943 364 3984 n
384 3922 433 3988 Ac
458 3917 488 3988 si
512 3914 634 4016 ape'rtc
657 3919 754 3991 dicat
774 3945 782 3988 :
803 3922 1060 4017 Opportunum
1076 3933 1145 4007 est,
1162 3933 1199 3990 et
1216 3917 1383 3995 humanae
1398 3943 1599 4015 congruum
1616 3917 1741 4010 saluti,
1769 3930 1809 3989 ut

213 4033 360 4130 quidem
374 4050 411 4108 et
426 4061 485 4109 me
500 4037 639 4110 offenso
655 4037 713 4111 vel
726 4038 837 4110 irato¹
855 4037 1067 4111 scandalum
1081 4036 1167 4110 inde
1182 4039 1311 4111 animae
1327 4063 1411 4130 suae,
1426 4038 1527 4111 idest
1538 4037 1809 4111 damnationem

213 4152 419 4245 incurrant,
449 4171 488 4229 ut
514 4182 579 4256 per
603 4157 846 4256 quorumdam
871 4157 1005 4230 scilicet
1034 4158 1206 4230 malitiam
1234 4156 1272 4230 id
1298 4174 1440 4254 agatur,
1468 4183 1533 4257 per
1557 4156 1659 4255 quod
1682 4180 1809 4230 omnes

213 4272 417 4365 salventur,
438 4279 644 4375 quicunque
661 4277 826 4353 videlicet
845 4277 998 4351 sanandi
1017 4276 1420 4376 praedestinantur..Sed
1437 4292 1557 4353 tamen
1575 4302 1628 4349 vae
1643 4275 1716 4365 illi,
1737 4276 1808 4349 boc

213 4404 267 4463 est
293 4392 479 4466 damnatio
513 4397 601 4489 erit,
632 4398 733 4494 cujus
763 4398 914 4472 consilio
944 4397 1002 4470 vel
1026 4398 1259 4496 persuasione
1285 4397 1359 4468 hoc
1388 4394 1598 4469 scandalum
1626 4408 1804 4469 movetur.

214 4509 348 4583 Malum
365 4513 486 4610 itaque
502 4529 555 4586 est
570 4515 792 4606 scandalum,
811 4515 876 4588 sed
892 4515 1033 4599 bonum
1054 4531 1107 4589 est
1128 4513 1338 4588 scandalum
1354 4538 1444 4587 esse.
1463 4516 1521 4587 Sic
1537 4530 1573 4587 et
1589 4514 1730 4589 bouum
1745 4529 1807 4589 est

214 4629 402 4726 quodlibet
426 4632 562 4705 malum
587 4657 683 4726 esse,
711 4658 794 4707 cum
821 4649 942 4707 tamen
971 4635 1112 4707 nullum
1139 4633 1275 4707 malum
1302 4634 1348 4706 sit
1370 4632 1524 4706 bonum.
1553 4633 1662 4722 Quod
1688 4649 1724 4706 et
1748 4634 1807 4707 ille

213 4770 365 4846 magnus
386 4752 541 4824 veritatis
562 4750 756 4851 discipulus
772 4752 959 4825 attendens
979 4754 1215 4852 Augustinus,
1243 4767 1297 4844 et,
1318 4776 1428 4850 quam
1447 4754 1583 4851 optime
1598 4754 1675 4851 ipsa
1696 4752 1806 4825 etiam
1907 4796 1914 4809 ·

215 4868 308 4943 mala
330 4875 428 4944 Deus
450 4871 613 4968 ordinet,
632 4870 878 4966 considerans,
897 4872 946 4946 ita
959 4872 1007 4947 dc
1021 4873 1098 4971 ejus
1113 4872 1277 4948 bonitate
1294 4887 1330 4946 et
1355 4871 1493 4946 diaboli
1510 4872 1667 4970 nequitia
1683 4870 1807 4970 loqui·

227 5144 232 5157 '
246 5140 347 5207 Ἥκω.
356 5179 363 5204 ,
373 5156 428 5207 erp.
442 5157 516 5210 snit,
533 5158 555 5195 r.
570 5150 594 5198 t.
606 5171 637 5187 -
649 5144 808 5203 ’findendo
821 5146 852 5201 st
861 5154 901 5198 ne
912 5145 1000 5210 olimst
1011 5143 1051 5199 rel
1061 5144 1138 5199 tratt.

372 5253 396 5291 n
