4559 6100
476 462 548 536 690
1078 454 1206 532 PETlil
1233 455 1469 530 tumtum

476 611 581 681 ciant.
609 608 769 680 Positivae
786 621 906 680 autem
918 606 1063 704 justitia
1084 603 1174 676 illud
1195 618 1260 695 est,
1284 606 1386 703 quod
1407 604 1455 678 ab
1475 601 1684 678 homiuibus
1705 583 1909 678 institutum
1930 602 1976 674 ad
2001 604 2071 674 uti·

475 728 609 800 litatem
635 725 769 799 scilicet
787 726 842 797 vel
866 725 1092 797 honestatem
1116 725 1226 796 tutius
1252 723 1485 798 muniendam
1510 724 1563 797 vel
1581 721 1888 822 amplificandam,
1911 739 1973 794 am
1990 722 2068 795 sola

476 847 737 919 consuetudine
760 861 821 919 aut
846 844 968 944 scripti
991 843 1116 915 nititur
1138 844 1368 934 anctoritate,
1394 857 1519 942 utpote
1543 867 1657 941 posnae
1681 842 1918 916 vindictarum
1946 844 2002 914 vel
2029 843 2070 913 in

476 965 722 1037 examinandis
753 963 1038 1037 accusationibus
1068 963 1252 1035 sententia·
1277 963 1516 1058 judiciorum,
1553 989 1637 1037 cum
1664 962 1761 1061 apud
1791 962 1880 1036 alins
1908 963 1995 1035 ritus
2020 965 2067 1035 sit

478 1085 682 1158 duellorum
693 1087 748 1157 vel
765 1084 863 1180 igniti
879 1082 976 1172 ferri,
992 1081 1086 1179 apud
1101 1081 1191 1154 alios
1206 1096 1326 1154 autem
1343 1084 1462 1155 ornnis
1471 1084 1719 1155 controversiae
1734 1082 1814 1154 furis
1823 1084 1868 1154 sit
1881 1084 2067 1179 juramen·

480 1219 568 1292 tum,
588 1219 623 1275 et
643 1202 789 1276 testibus
805 1204 923 1275 omnis
941 1201 1114 1274 discussio
1133 1201 1413 1274 circumferatur.
1436 1200 1539 1273 Unde
1561 1201 1618 1294 fit,
1638 1216 1678 1272 ut
1694 1225 1778 1274 cum
1795 1202 2071 1300 quibuscunque

479 1324 672 1395 vivendum
695 1338 763 1412 est,
786 1322 891 1394 nobis
908 1346 1033 1394 eorum
1052 1345 1198 1418 quoque
1220 1322 1398 1409 instituta,
1421 1346 1501 1419 quae
1522 1320 1697 1413 diximus,
1722 1321 1813 1393 sicut
1838 1337 1874 1395 et
1895 1322 2072 1395 naturalia

474 1443 556 1537 jura
578 1457 772 1514 teneamus.
802 1445 887 1540 lpsae
902 1465 1048 1538 quoque
1065 1439 1159 1536 leges
1178 1464 1267 1536 quas
1283 1440 1422 1513 divinas
1442 1440 1570 1534 dicitis,
1597 1455 1697 1514 vetus
1714 1440 1847 1514 scilicet
1870 1465 1913 1513 ac
1932 1466 2069 1514 novum

479 1575 748 1650 testamentum,
767 1559 931 1656 quaedam
948 1560 1122 1632 naturalia
1138 1559 1284 1632 tradunt
1302 1574 1480 1659 precepta
1502 1585 1582 1656 quae
1599 1560 1748 1633 moralia
1765 1559 1901 1649 dicitis,
1924 1575 1963 1632 ut
1988 1560 2072 1633 dili-

479 1704 560 1776 gere
585 1684 701 1752 Deum
727 1680 782 1751 vel
806 1682 1029 1779 proximum,
1048 1705 1124 1751 non
1151 1679 1361 1772 adulterari,
1389 1704 1464 1753 non
1488 1680 1611 1770 furari,
1636 1704 1712 1753 non
1737 1679 1955 1752 homicidam
1971 1680 2069 1770 freri3

479 1800 643 1896 quaedam
669 1825 756 1872 vero
781 1803 882 1898 quasi
907 1801 1067 1899 positivae
1090 1801 1233 1896 justitia
1260 1816 1365 1890 sunt,
1384 1826 1465 1897 quae
1487 1800 1702 1899 quibusdam
1727 1826 1770 1875 ca
1798 1816 1960 1901 tempore
1984 1820 2071 1877 sunt

481 1919 771 2007 accommodata,
791 1935 831 1991 ut
851 1921 1075 1993 circumcisio
1099 1920 1229 1991 ludaeis
1246 1934 1282 1991 et
1304 1919 1503 2019 baptismus
1520 1920 1622 1993 robis
1644 1933 1681 1992 et
1700 1921 1870 2019 pleraque
1891 1922 1960 1995 alia
1978 1948 2072 2021 quo-

480 2063 562 2111 rum
584 2038 744 2136 figuralia
766 2041 901 2111 vocatis
925 2054 1110 2137 praecepta.
1142 2042 1292 2112 Romani
1314 2064 1460 2137 quoque
1481 2038 1671 2138 pontifices
1696 2040 1752 2112 vel
1776 2041 1966 2138 synodales
1983 2069 2072 2116 con·

479 2174 624 2249 ventus,
644 2159 804 2257 quotidie
823 2184 918 2233 nova
942 2160 1103 2231 condunt
1129 2158 1290 2250 decreta,
1311 2160 1367 2231 vel
1390 2158 1673 2258 dispensationes
1696 2160 1835 2258 aliquas
1859 2161 2070 2261 indulgent,

479 2277 610 2375 quibus
637 2280 732 2351 licita
756 2280 856 2377 prius
873 2280 949 2377 jam
967 2280 1100 2370 illicita,
1125 2279 1218 2352 vele
1235 2304 1410 2351 converso
1436 2278 1513 2353 fieri
1538 2281 1741 2373 autumatis,
1759 2283 1861 2379 quasi
1881 2284 1918 2355 in
1944 2308 2072 2357 eorum

480 2414 654 2497 potestate
684 2404 779 2472 Deus
807 2401 967 2498 posuerit
992 2400 1048 2473 vel
1075 2399 1394 2499 permissionibus,
1426 2415 1466 2472 ut
1490 2401 1588 2472 bona
1612 2402 1667 2473 vel
1695 2402 1788 2475 mala
1814 2428 1890 2476 esse
1918 2404 2069 2494 faciant,

479 2544 559 2616 quae
581 2520 680 2617 prius
702 2543 777 2591 non
799 2532 902 2591 eraut
926 2535 960 2591 et
986 2518 1055 2616 legi
1078 2534 1207 2594 nostra
1231 2513 1493 2618 possit'eorum
1520 2522 1711 2594 auctoritas
1733 2521 1975 2621 prejudicare.
2003 2531 2071 2608 su·

479 2651 596 2735 perest
619 2651 740 2709 autern
764 2661 878 2728 nunc,
899 2652 938 2709 ut
960 2652 1042 2736 post
1061 2638 1387 2711 considerationem
1402 2639 1559 2734 justitia,
1583 2641 1629 2712 ad
1653 2640 1806 2738 reliquas
1822 2642 1912 2715 duas
1935 2647 2075 2718 virtutis

474 2755 614 2852 species
630 2754 751 2826 stilum
767 2769 1035 2827 convertamus.

1067 2886 1114 2949 De
1127 2884 1270 2974 partibus
1282 2885 1489 2952 fortitudinis.

528 3024 714 3098 Fortitudo
730 3027 850 3124 itaque
865 3024 970 3099 nobis
987 3025 1127 3100 duabus
1148 3021 1307 3127 partibus
1325 3030 1466 3105 videtur
1486 3033 1758 3134 comprehendi,
1777 3037 2072 3133 magnanimitate

372 3180 376 3185 ·
481 3144 616 3217 scilicet
634 3161 668 3218 et
685 3145 884 3219 tolerantia.

1094 3269 1182 3352 Quid
1197 3272 1451 3362 magnanimitas.

530 3408 799 3503 Magnanimitas
816 3434 903 3483 vero
918 3425 990 3502 cst,
1010 3435 1083 3509 qua
1097 3437 1180 3484 cum
1198 3414 1416 3487 rationabilis
1431 3417 1634 3490 substantia
1650 3444 1758 3495 causa
1775 3424 1941 3520 qnalibet
1960 3427 2073 3499 ardua

482 3527 628 3624 aggredi
655 3553 778 3600 sumus
803 3530 930 3627 parati.
955 3528 1158 3603 Tolerantia
1186 3549 1305 3607 autem
1332 3551 1402 3626 est,
1432 3538 1562 3634 quain
1590 3537 1697 3634 hujus
1724 3544 1897 3641 propositi
1928 3547 2073 3647 incepto

482 3660 688 3718 constanter
702 3671 987 3745 perseveramus.

1056 3770 1104 3835 De
1119 3772 1261 3861 partibus
1276 3777 1504 3865 temperantiae.

532 3909 785 4005 Temperantia
802 3934 888 3982 vero
910 3927 1085 4008 quantum
1103 3914 1192 3988 mibi
1210 3916 1363 4011 videtur,
1381 3945 1447 3993 nec
1462 3947 1529 3995 vos
1544 3925 1747 4025 improbare
1765 3927 1931 4021 arbitror,
1951 3948 2069 4030 partes

483 4027 539 4098 hae
555 4040 652 4114 suut,
670 4025 863 4121 humilitas,
881 4029 1073 4129 frugalitas,
1093 4036 1347 4126 mansuetudo,
1367 4041 1521 4130 castitas,
1539 4043 1724 4118 sobrietas.

1140 4216 1227 4299 Quia
1243 4218 1414 4285 sumtum.

531 4348 718 4421 Humilitas
735 4365 787 4422 est
803 4374 867 4450 per
884 4377 992 4450 quarn
1009 4354 1055 4427 ab
1071 4358 1232 4456 appetitu
1248 4359 1363 4431 inanis
1378 4362 1497 4457 gloriae
1515 4366 1563 4437 ita
1581 4392 1647 4440 nos
1664 4382 1919 4469 temperamus,
1938 4378 2065 4447 utnon

489 4491 597 4567 supra
615 4493 724 4566 quam
744 4495 881 4567 sumus,
897 4474 1010 4547 videri
1026 4491 1251 4575 appetamus.
1788 4478 1791 4485 ’

1143 4668 1231 4749 Quid
1243 4668 1416 4761 frugalitas.

534 4800 726 4898 frugalitas
751 4826 837 4874 vero
861 4818 914 4876 est
938 4807 1124 4903 superfluae
1150 4811 1367 4907 profusionis
1385 4814 1539 4910 frenum,
1563 4843 1754 4917 perquam
1771 4823 1937 4898 videlicet
1960 4854 2087 4928 supra·

483 4942 593 5015 quam
608 4926 844 4993 necessarium
862 4938 913 4995 est
931 4923 1113 5023 possidere
1129 4931 1341 5028 respuimus.
1365 4934 1422 5005 Sic
1442 4948 1478 5006 et
1496 4940 1731 5012 mansuetudo
1756 4941 1897 5017 frenum
1920 4961 1971 5020 est
1988 4951 2065 5039 irae,

485 5050 521 5107 et
535 5040 673 5112 castitas
690 5038 847 5130 luxuriae,
868 5056 904 5114 et
919 5044 1091 5118 sobrietas
1108 5047 1210 5144 gulae.
1928 5046 1935 5053 ⁸
