4559 6100
431 613 477 684 60
1032 608 1159 680 PETRI
1185 606 1417 679 ABAELARDl

429 775 487 831 tus
512 781 658 856 quoque
685 758 924 853 Hieronymus
951 753 1057 827 nobis
1073 754 1279 854 proposuit,
1308 752 1354 826 de
1379 752 1511 850 quibus
1538 756 1631 826 inter
1656 767 1775 825 cetera
1800 753 2019 827 insecundo

432 881 566 949 Contra
597 878 826 949 Jovinrbnnm
853 875 1017 948 meminit
1042 874 1211 947 dicens¹:
1241 872 1508 963 «Bardesanes,
1539 875 1592 944 vir
1620 871 1850 969 Babylonius,
1876 874 1916 947 in
1945 871 2018 944 dno

429 996 599 1094 dogmata
622 993 720 1094 apud
737 994 846 1067 indos
868 974 1179 1092 gymnosophistas
1193 991 1333 1083 dividit,
1353 1016 1508 1088 quorum
1525 1016 1640 1063 unum
1657 989 1812 1089 appellat
1828 991 2020 1065 Brachma-

429 1139 507 1206 uas,
526 1115 677 1188 alterum
694 1116 904 1207 Samoneos,
922 1113 986 1210 qui
999 1126 1107 1185 tautae
1121 1110 1349 1182 continentiae
1365 1110 1449 1198 sint,
1466 1124 1507 1180 ut
1526 1108 1580 1181 vel
1593 1110 1709 1207 pomis
1726 1108 1897 1183 arborum
1917 1111 2018 1207 juxta

429 1238 590 1332 Gangem
608 1234 770 1326 flurium,
791 1232 845 1305 vcl
860 1231 1007 1331 publico
1025 1232 1128 1302 orizae
1147 1243 1183 1301 ct
1202 1228 1324 1300 farinae
1339 1228 1480 1301 alantur
1504 1225 1607 1318 cibo;
1636 1242 1671 1300 et
1694 1253 1779 1301 cum
1804 1252 1867 1301 rex
1886 1227 1933 1300 ad
1955 1251 2018 1299 eos

428 1355 579 1445 venerit,
601 1353 752 1427 adorare
772 1350 852 1422 illos
867 1351 993 1423 solitus
1013 1351 1071 1442 sit,
1096 1371 1296 1448 pacemque
1318 1347 1511 1446 provinciae
1534 1371 1606 1418 snae
1629 1347 1667 1417 in
1690 1345 1835 1418 illorum
1853 1345 2019 1444 precibus

429 1472 593 1545 arbitrari
609 1473 725 1544 sitam.
741 1496 759 1542 a
777 1470 831 1543 td
843 1495 936 1568 quos
952 1471 1061 1542 etiam
1075 1467 1197 1540 divina
1211 1467 1320 1563 gratia
1343 1465 1633 1565 praedicationem
1649 1465 1830 1562 Evangelii
1846 1464 2019 1537 directam

428 1617 516 1682 esse,
536 1593 612 1690 ipsa
635 1589 795 1687 ejusdem
819 1588 980 1686 Epistola
995 1586 1046 1659 ad
1061 1593 1230 1686 Magnum
1246 1590 1435 1658 Oratorem
1445 1584 1623 1684 perhibet,
1636 1583 1694 1657 his
1708 1584 1845 1657 verbis¹
1860 1608 1870 1655 ε
1887 1612 1904 1652 a
1922 1589 2020 1656 Pan·

430 1725 557 1798 taenus,
577 1710 704 1783 Stoicae
720 1724 823 1782 sectae
838 1707 1088 1807 philosophus,
1107 1705 1156 1778 ob
1172 1705 1359 1803 praecipuae
1378 1703 1589 1775 eruditionis
1606 1705 1755 1799 gloriam
1774 1688 1795 1775 a
1817 1704 2017 1794 Demetrio,
2049 1720 2053 1727 ’

428 1830 645 1905 Alexandriae
667 1829 851 1928 episcopo,
872 1828 1000 1900 misam
1015 1840 1067 1899 est
1083 1825 1237 1915 Indiam,
1255 1837 1296 1893 ut
1311 1822 1492 1895 Christum
1509 1821 1605 1921 apud
1621 1821 1859 1896 Brachmauas
1875 1836 1910 1894 et
1925 1820 2018 1893 illius

324 1999 328 2009 ·
427 1950 539 2045 gentis
555 1948 792 2048 philosophos
807 1945 1027 2046 praedicaret.
1048 1976 1065 2011 a

475 2070 610 2143 Seneca
626 2090 773 2166 quoque
789 2066 881 2138 iuter
897 2065 1083 2137 universos
1106 2061 1342 2162 philosophos
1363 2073 1437 2133 tam
1453 2060 1598 2134 moralis
1621 2059 1793 2137 doctrinae
1807 2083 1917 2156 quam
1938 2059 2017 2132 ritae

428 2189 580 2286 gratiam
596 2185 766 2286 adeptus,
785 2186 956 2285 Spiritum
978 2200 1142 2257 sanctum
1163 2182 1345 2255 bonorum
1370 2181 1536 2252 omnium
1564 2178 1833 2257 distributorem
1855 2192 2018 2278 patenter

431 2305 633 2403 profitetur,
646 2307 696 2377 ita
710 2303 758 2376 de
770 2304 848 2402 ipso
864 2302 912 2377 ad
926 2303 1072 2376 Paulum
1082 2301 1293 2399 Apostolum
1306 2300 1342 2371 in
1360 2313 1486 2394 quarta
1500 2296 1658 2370 scribens
1665 2298 1839 2395 Epistola⁸
1851 2322 1859 2366 ε
1879 2295 2017 2368 «Proli-

427 2440 503 2497 teor
536 2449 593 2497 me
618 2423 713 2496 bene
730 2435 916 2520 acceptum
938 2421 1130 2492 lectionem
1150 2417 1333 2492 literarum
1362 2432 1503 2488 tuarum
1521 2441 1611 2513 quas
1630 2418 1786 2508 Galatis,
1809 2414 2014 2501 Corinthiis,

426 2542 560 2615 Achaeis
576 2543 712 2615 misisti.
728 2541 879 2640 Spiritus
892 2539 988 2612 euim
1006 2550 1150 2611 sanctus
1167 2538 1203 2608 in
1218 2551 1253 2609 te
1264 2559 1373 2633 supra
1388 2533 1546 2608 excelsos
1561 2534 1761 2626 sublimior,
1778 2534 1862 2607 satis
1873 2557 2016 2606 venera·

424 2660 515 2734 biles
538 2686 662 2733 sensus
683 2659 894 2758 exprimit.»

474 2784 593 2851 Restat
609 2778 766 2875 denique
782 2777 829 2850 ad
847 2778 1044 2851 marimum
1065 2776 1167 2851 illum
1189 2777 1397 2852 latinorum
1416 2772 1729 2878 philosophorum,
1748 2773 1937 2848 Boethium
1948 2776 2016 2845 sci·

426 2898 520 2989 licet,
540 2896 780 2971 descendere:
800 2898 863 2994 qui
888 2921 1015 2968 omnes
1033 2896 1106 2969 fere
1131 2896 1330 2970 liberalium
1353 2900 1484 2970 artium
1504 2897 1729 2997 disciplinas,
1755 2892 1946 2967 scribendo
1962 2894 2017 2966 vel

426 3015 687 3104 transferendo,
705 3041 767 3089 seu
785 3016 892 3088 etiam
907 3016 1122 3116 exponendo
1139 3016 1248 3090 latine
1262 3016 1420 3111 tradidit,
1441 3043 1484 3092 ac
1500 3017 1686 3118 diligenter
1700 3028 1829 3088 sanctae
1841 3013 2018 3085 Trinitatis

424 3135 534 3210 fidem
549 3136 764 3234 Symmacho
779 3160 906 3209 socero
922 3160 965 3208 ac
975 3137 1126 3208 Patricio
1140 3135 1332 3209 scribendo
1348 3136 1559 3226 edisserens,
1575 3136 1621 3210 de
1634 3136 1768 3207 unitate
1779 3159 1925 3231 quoque
1938 3157 2017 3232 per·

423 3282 519 3329 souae
543 3257 675 3329 Christi
698 3281 740 3329 ac
767 3257 971 3329 diversitate
995 3269 1204 3329 naturarum
1225 3280 1305 3354 qnae
1325 3256 1362 3328 in
1388 3256 1529 3329 Christo
1552 3272 1658 3348 suut,
1676 3255 1805 3327 divinae
1833 3252 1966 3324 scilicet
1983 3267 2018 3323 et

423 3374 602 3467 hnmanae,
621 3374 668 3448 a'd
682 3379 858 3448 loannem
875 3375 1077 3446 Diaconum
1095 3375 1159 3473 qui
1176 3389 1302 3474 postea
1320 3380 1416 3474 Papa
1427 3374 1575 3447 effectus
1588 3388 1660 3465 est,
1679 3371 1871 3445 scribendo
1892 3387 2020 3443 contra

408 3494 618 3592 ·Eutychem
629 3493 1251 3592 etNestorium,optimcdisputavit,
1262 3492 1444 3592 fidemque
1454 3507 1657 3566 nostramet
1668 3516 1784 3584 suam,
1794 3516 1840 3563 ne
1850 3491 1887 3562 iu
1897 3489 2017 3587 aliquo

423 3612 613 3705 vacillaret,
633 3627 709 3685 tam
725 3611 771 3684 de
789 3610 972 3683 divinitate
984 3635 1095 3706 qnam
1111 3610 1158 3706 de
1175 3610 1369 3691 divinitatis
1380 3612 1627 3685 incarnatione
1642 3609 1844 3698 tractando,
1867 3610 2017 3706 inexpu-

422 3731 609 3829 gnabiliter
625 3731 785 3803 astruxit.
813 3734 959 3802 Constat
974 3730 1155 3826 egregium
1171 3745 1374 3804 senatorem
1390 3734 1590 3804 Romanum
1607 3756 1752 3830 qnoque
1773 3743 1809 3800 et
1832 3728 2016 3800 consulem

422 3866 529 3947 atque
542 3847 745 3947 patricium,
761 3863 925 3945 tempore
938 3846 1097 3945 praedicti
1114 3848 1262 3920 loannis
1278 3852 1382 3947 Papae
1399 3849 1562 3922 floruisse
1578 3876 1599 3925 a
1614 3850 1791 3947 Sylvestro
1809 3851 1903 3944 Papa
1920 3846 2015 3916 vice·

423 3969 521 4057 simi,
540 3982 576 4040 et
591 3968 729 4062 eumin
746 3965 806 4038 illa
821 3966 1070 4065 persecutione
1087 3966 1369 4039 Christianorum
1384 3991 1456 4065 qua
1474 3970 1511 4040 iu
1530 3974 1705 4041 loannem
1720 3972 1851 4065 Papam
1867 3979 2020 4038 ceteros·

423 4113 493 4184 qne
506 4087 725 4160 Christianos
740 4085 979 4158 Theodericus
988 4087 1112 4179 saeviit,
1129 4111 1296 4159 unacum
1313 4087 1485 4187 praedicto
1499 4089 1716 4186 Symmacho
1729 4085 1950 4160 occubuisse.
1964 4089 2018 4158 De

422 4232 495 4304 quo
512 4207 549 4278 in
566 4208 682 4278 Gestis
698 4204 922 4297 Pontificum,
940 4229 1081 4277 necnon
1100 4219 1136 4277 et
1151 4206 1186 4276 iu
1201 4205 1295 4279 libro
1310 4207 1569 4280 Mae'racnlorum
1586 4214 1625 4280 B.
1646 4207 1828 4279 Benedicti
1844 4207 2018 4303 scriptum

422 4340 487 4420 est,
502 4324 655 4423 qualiter
664 4323 829 4397 videlicet
840 4323 966 4396 ambos
977 4322 1217 4396 Theodericus
1227 4349 1287 4397 rer
1299 4324 1503 4398 Gothorum
1514 4327 1743 4400 interfecerit.
1755 4330 1797 4397 ln
1812 4327 1928 4398 Gestis
1940 4324 2018 4422 qui·

422 4444 504 4518 dem
519 4446 568 4517 ita
588 4446 759 4544 scriptum
771 4445 928 4542 reperies
941 4470 978 4513 :a
996 4446 1066 4515 Ber
1079 4442 1265 4516 haereticus
1277 4442 1518 4519 Theodericus
1534 4445 1626 4518 duos
1643 4459 1826 4519 senatores
1839 4459 1875 4516 et
1889 4468 2018 4516 consu·

421 4565 472 4638 les
479 4579 515 4637 et
526 4565 696 4663 patricios
706 4562 824 4659 gladio
834 4562 1022 4651 interfecit,
1033 4562 1221 4635 Boethium
1234 4564 1545 4660 etSymmachum,
1557 4589 1714 4663 quornm
1725 4565 1834 4637 etiam
1843 4561 2016 4636 abscondi

422 4708 575 4782 corpora
589 4682 672 4754 fecit
688 4696 724 4754 et
739 4683 921 4781 praecepit.
935 4711 951 4746 r
966 4686 1005 4752 ln
1018 4679 1113 4752 libro
1129 4696 1251 4753 autem
1262 4683 1521 4756 Miracnlornm
1535 4683 1694 4783 praedicti
1710 4684 1824 4755 sancti
1840 4683 1889 4755 ita
1904 4682 2019 4753 conti-

426 4817 548 4876 netur:
568 4833 585 4869 «
601 4800 844 4873 Theodericus
861 4815 943 4899 post
955 4800 1160 4873 Odoacrem
1170 4801 1375 4874 Gothorum
1390 4804 1632 4903 principatum
1648 4828 1732 4875 cum
1748 4803 1846 4897 regio
1867 4802 2018 4873 nomine

423 4924 629 5019 suscipiens,
648 4922 762 4993 homo
778 4919 947 5019 pestilens
967 4919 1103 4991 Arianae
1121 4935 1237 5015 sectae,
1253 4920 1410 5019 denique
1426 4917 1519 4994 inter
1536 4937 1654 4996 cetera
1667 4921 1827 4995 facinora
1839 4924 2017 4992 loannem

460 5205 465 5230 ⁸
487 5200 565 5265 oon,
575 5208 594 5249 t.
607 5198 649 5260 lv,
660 5213 685 5262 p.
696 5200 737 5251 11.
747 5236 754 5260 ‚
766 5198 813 5249 cal.
825 5199 881 5250 206.
895 5225 923 5235 -
934 5199 943 5229 ²
955 5195 1032 5261 Bptst.
1045 5201 1086 5261 tt,
1098 5197 1177 5263 opp,
1190 5208 1208 5251 t.
1218 5199 1260 5263 lll,
1272 5213 1298 5264 p.
1313 5195 1410 5258 theat.
1422 5203 1478 5254 ate.
1489 5203 1534 5239 -³
1545 5202 1606 5254 letas
1615 5203 1833 5265 eptstolasconstat
1844 5212 1897 5248 csse
1909 5201 2016 5261 spurias.
