4559 6100
489 548 648 633 nrfllcl
672 561 754 632 SEU
778 560 907 631 LlBElt
930 558 1084 632 DlG‘l'US
1109 587 1120 632 ι
1148 560 1274 632 SCl'l'O
1298 559 1498 633 TElPSUM.
1759 562 1824 634 621

236 710 368 811 gravia.
391 713 523 783 Rursus
536 709 796 784 damnabilium
810 708 974 805 quadam
991 708 1191 783 criminalia
1203 710 1385 802 dicuutur,
1404 709 1536 807 quaein
1554 709 1622 782 illis
1640 735 1832 807 personam

235 831 405 905 infamem
429 830 488 904 vel
514 830 745 903 criminosam
772 828 887 902 iacere
911 827 1066 919 habeut,
1097 830 1127 900 si
1151 831 1187 901 in
1214 829 1434 902 audientiam
1459 831 1606 901 veniant
1631 857 1639 901 ε
1668 830 1832 927 quaedam

235 976 323 1024 vero
345 952 506 1023 minime.
527 949 687 1024 Venialia
711 949 860 1050 quidem
886 951 944 1023 vel
971 948 1053 1022 talia
1074 964 1221 1050 peccata
1246 965 1344 1041 sunt,
1372 948 1520 1047 quando
1543 950 1581 1021 in
1605 974 1651 1021 eo
1675 974 1831 1023 consen·

236 1072 344 1143 timus
365 1072 424 1146 cni
448 1095 524 1142 non
543 1069 842 1144 consentiendum
865 1094 941 1142 esse
964 1068 1109 1162 scimus,
1138 1060 1202 1141 sed
1225 1084 1313 1142 tnnc
1337 1084 1458 1142 tamen
1484 1093 1560 1141 non
1581 1070 1738 1142 occurrit
1757 1094 1834 1143 me·
1894 1151 1895 1154 Ἴ

235 1191 358 1262 moriae
379 1188 468 1262 illud
483 1188 586 1287 qnod
603 1190 758 1279 scimus,
785 1189 898 1263 multa
912 1189 1047 1288 quippe
1063 1189 1209 1278 scimus,
1230 1188 1337 1262 etiam
1358 1187 1592 1278 dormientes,
1612 1188 1671 1260 vel
1687 1189 1834 1284 qnando

235 1332 362 1382 eorum
396 1333 470 1381 non
496 1307 743 1381 recordamur.
773 1312 854 1381 Nou
880 1310 977 1381 enim
1008 1307 1226 1381 dormiendo
1255 1323 1394 1381 nostras
1421 1308 1617 1381 amittimus
1645 1309 1832 1403 scientias,

234 1427 290 1501 vel
314 1427 412 1501 stulti
433 1427 621 1517 efficimur,
639 1443 702 1502 aut
722 1453 808 1500 cum
833 1428 1033 1526 vigilamus,
1055 1427 1231 1527 sapientes
1252 1425 1443 1499 efficimur.
1463 1426 1693 1526 Quandoque
1716 1428 1835 1527 itaque

233 1546 291 1620 vel
320 1548 358 1619 in
383 1549 653 1646 vaniloquium,
679 1547 737 1620 vel
762 1547 800 1619 in
825 1546 1048 1647 superfluum
1073 1572 1175 1620 esum
1200 1546 1257 1619 vel
1286 1561 1415 1646 potum
1440 1547 1704 1635 consentimus,
1733 1548 1834 1645 quod

235 1681 356 1740 minen
368 1692 597 1767 nequaquam
611 1692 689 1741 esse
700 1666 905 1739 laciendum
919 1668 1051 1740 scimus
1063 1694 1072 1738 :
1084 1667 1149 1740 sed
1159 1680 1246 1740 tunc
1259 1667 1407 1739 minime
1426 1665 1719 1754 recordabamur,
1732 1667 1833 1765 quod

234 1810 309 1858 non
332 1802 424 1860 esset
443 1787 661 1861 iaciendum.
681 1785 782 1860 Tales
803 1786 924 1885 itaque
945 1811 1142 1860 consensus
1164 1812 1256 1886 quos
1272 1812 1338 1887 per
1357 1785 1578 1859 oblivionem
1596 1787 1832 1883 incurrimus,

235 1904 387 1979 venialia
412 1921 475 1979 aut
498 1906 590 1981 levia
616 1906 786 1980 dicuntur
811 1922 972 2006 peccata,
1000 1906 1071 1980 hoc
1096 1922 1170 2000 est,
1195 1932 1269 1980 nou
1295 1930 1433 2003 magnae
1456 1905 1703 1979 satisfactionis
1728 1933 1834 2005 poena

234 2025 460 2122 corrigenda,
485 2041 524 2099 ut
549 2026 603 2100 vel
621 2041 720 2100 extra
737 2027 924 2100 ecclesiam
944 2027 1073 2126 positi,
1101 2027 1158 2100 vel
1186 2028 1284 2124 gravi
1309 2025 1525 2100 abstinentia
1543 2028 1657 2125 pressi
1678 2025 1729 2100 ob
1751 2029 1835 2102 talia

234 2143 451 2242 plectamur;
482 2171 551 2245 pro
583 2146 716 2244 quibus
742 2147 890 2244 quidem
926 2147 1148 2245 negligentiis
1184 2145 1443 2247 poenitentibus
1471 2146 1694 2220 dimittendis
1726 2147 1835 2222 verba

234 2264 453 2361 quotidianae
469 2266 704 2340 consessionis
713 2267 995 2365 frequentamus,
1009 2269 1046 2340 in
1063 2292 1136 2366 qna
1153 2268 1301 2339 minime
1316 2268 1616 2341 commemoratio
1630 2267 1832 2364 graviorum

233 2385 421 2483 culparum
440 2383 603 2459 iacienda
623 2402 689 2479 est,
714 2386 779 2460 sed
801 2400 942 2459 tantum
956 2386 1149 2460 leviorum.
1171 2391 1294 2485 Neque
1310 2387 1408 2459 euim
1425 2385 1476 2459 ibi
1492 2384 1612 2459 dicere
1629 2386 1804 2459 debemus
1822 2416 1830 2457 :

232 2504 381 2577 Peccavi
405 2506 443 2576 in
466 2506 638 2603 perjurio,
665 2507 701 2577 in
724 2505 938 2598 homicidio,
967 2507 1003 2578 in
1022 2505 1214 2599 adulterio,
1234 2520 1271 2579 et
1291 2504 1553 2596 consimilibus,
1582 2531 1662 2603 quae
1688 2505 1835 2579 damna·

233 2620 319 2695 bilia
342 2637 378 2695 et
400 2624 565 2720 graviora
589 2623 758 2697 dicuntur
777 2640 926 2724 peccata
945 2656 954 2699 ε
974 2625 1050 2698 hac
1071 2627 1206 2724 quippe
1223 2649 1298 2697 non
1321 2649 1387 2724 per
1408 2623 1642 2716 oblivionem,
1666 2625 1760 2698 sicut
1775 2625 1834 2699 illu

233 2742 462 2837 iucumimus,
488 2743 553 2816 sed
570 2758 741 2842 tanquam
760 2768 801 2816 ex
820 2745 941 2817 studio
958 2761 994 2819 et
1010 2744 1269 2819 deliberatione
1284 2745 1556 2837 committimus,
1575 2743 1835 2818 abominabiles

234 2864 340 2936 edam
359 2868 437 2936 Deo
454 2863 586 2957 eflecti,
608 2864 711 2961 juxta
733 2863 820 2936 illud
847 2865 1056 2939 Psalmistae¹
1076 2892 1085 2936 ε
1108 2895 1126 2933 a
1140 2863 1409 2937 Abominabiles
1434 2864 1519 2937 sacti
1534 2879 1619 2937 sunt
1645 2865 1683 2936 in
1709 2864 1835 2938 studiis

233 2983 334 3055 suis»
356 3009 365 3053 ε
384 2983 487 3081 qnasi
497 2983 714 3059 execrabiles
729 2999 767 3059 et
779 2982 885 3059 valde
904 2983 1058 3059 odibiles
1073 3011 1118 3059 ex
1130 2983 1200 3077 his,
1218 2985 1256 3058 iu
1279 2982 1412 3084 quibus
1434 2984 1590 3058 scienter
1602 3009 1837 3086 presumpse·
1884 2978 1887 2981 ‘

233 3118 331 3174 runt.
357 3106 496 3176 Horum
519 3118 641 3177 autem
667 3102 734 3175 alia
756 3105 955 3179 criminalia
973 3105 1155 3197 dicuntur,
1181 3127 1262 3202 quae
1285 3128 1349 3202 per
1373 3104 1541 3176 ellectum
1562 3106 1708 3200 cognita
1733 3129 1834 3177 naevo

234 3245 372 3318 magnae
394 3222 508 3321 cnlpae
529 3222 717 3296 bominem
734 3223 946 3319 detrahunt,
971 3241 1009 3298 nt
1029 3248 1226 3297 consensus
1244 3224 1405 3322 perjurii,
1425 3222 1633 3313 homicidii,
1653 3223 1832 3315 adulterii,

234 3365 312 3438 quae
333 3340 530 3440 plurimum
554 3341 739 3414 ecclesiam
765 3342 1018 3417 scandalizant.
1044 3348 1136 3417 Cum
1152 3366 1239 3414 vero
1259 3365 1367 3442 supra
1383 3365 1495 3441 quam
1519 3366 1664 3420 neccsse
1680 3356 1733 3415 est
1751 3342 1834 3415 cibo

234 3459 475 3558 indulgemus,
503 3459 561 3533 vel
578 3484 654 3533 non
670 3460 845 3534 mediocri
867 3464 966 3535 cultu
991 3487 1037 3535 ex
1061 3486 1155 3535 vana
1182 3462 1294 3560 gloria
1320 3487 1387 3536 nos
1412 3448 1649 3549 adornamus,
1680 3462 1746 3534 etsi
1762 3460 1834 3534 hoc

233 3580 386 3652 scienter
402 3580 665 3680 praesumimus,
686 3605 761 3653 non
777 3581 854 3656 haec
870 3582 1011 3655 crimini
1028 3581 1297 3672 adscribuntur,
1316 3596 1352 3654 et
1369 3579 1466 3682 apud
1476 3578 1608 3654 multos
1621 3580 1702 3679 plus
1719 3578 1834 3652 laudis

233 3698 368 3773 babent
384 3725 495 3799 quam
511 3700 795 3801 vituperationis.

861 4032 1044 4123 CAPUT
1091 4033 1206 4125 xvl.

473 4249 578 4308 Utrum
598 4247 701 4309 melius
723 4247 761 4308 sit
784 4268 801 4311 a
826 4248 985 4309 levioribus
1005 4248 1099 4329 culpis
1120 4268 1211 4328 quam
1231 4246 1415 4330 gravioribus
1437 4247 1593 4309 abstinere.

283 4436 375 4505 Sunt
402 4434 466 4531 qui
491 4433 681 4534 perfectius
707 4450 744 4506 et
772 4434 855 4508 ideo
882 4436 1011 4510 melius
1038 4433 1166 4510 dicunt
1193 4437 1382 4536 providere
1410 4460 1431 4508 a
1458 4434 1657 4509 venialibus
1681 4436 1835 4534 peccatis

232 4575 342 4647 quam
364 4576 387 4624 a
404 4552 662 4640 criminalibus,
681 4577 726 4626 eo
742 4553 843 4651 quod
860 4554 1040 4628 difficilius
1060 4555 1100 4629 id
1119 4557 1294 4646 videatur,
1319 4569 1355 4627 et
1371 4555 1517 4650 majoris
1537 4554 1647 4627 studii
1663 4553 1835 4627 sollicitu-

230 4668 316 4742 dine
346 4670 517 4767 indigeat.
553 4671 694 4762 Quibus
719 4674 876 4773 primum
912 4673 1002 4746 illud
1030 4673 1231 4773 respondeo
1259 4673 1461 4747 Tullianum
1496 4674 1642 4762 :Quod
1675 4675 1705 4746 si
1734 4672 1835 4744 labo·

230 4789 387 4881 riosum,
414 4815 490 4863 non
516 4773 601 4865 ideo
626 4792 837 4889 gloriosum.
866 4793 1032 4892 Alioquin
1056 4795 1201 4892 majoris
1225 4793 1342 4866 meriti
1369 4792 1466 4894 apud
1488 4793 1687 4866 Dominum
1718 4805 1835 4864 essent

230 4908 292 5005 qni
317 4934 423 5007 grave
443 4911 570 5009 jugum
594 4912 680 5010 legis
703 4928 953 5013 portaverunt,
982 4939 1093 5011 quam
1116 4915 1179 5010 qui
1201 4913 1404 5012 evangelica
1426 4910 1589 4985 libertate
1605 4910 1832 5002 deserviunt;

263 5163 376 5216 'Prolem
392 5180 453 5225 xm,
466 5182 487 5220 r.
509 5170 530 5221 l.
