4559 6100
723 542 981 618 Tflsotoetl
1005 542 1278 618 cflssts‘rttNt.
1731 535 1803 615 395
1833 589 1839 598 ·

204 697 582 800 giorum-interpretes
603 694 820 794 singularem
841 694 977 793 eloquii
1002 695 1214 767 suavitatem
1236 717 1301 768 ore
1323 706 1568 768 emanaturam
1589 693 1802 766 dixerunt.»

205 817 443 893 Excellentius
472 832 594 890 autem
619 830 657 889 et
683 815 956 888 convenientius
984 813 1020 886 id
1047 812 1358 914 interpretandum
1387 837 1464 887 esse
1492 838 1567 886 uon
1598 813 1746 905 dubito,
1773 814 1803 886 si
1830 817 1833 822 ’

205 940 252 1015 ad
277 939 409 1012 divinae
428 938 612 1036 dignitatis
634 936 784 1035 gloriam
807 935 878 1008 hoc
901 935 1115 1009 miraculum
1137 935 1323 1026 reseratur,
1349 947 1389 1006 ut
1409 921 1531 1007 bocci
1549 937 1648 1006 Deus
1667 933 1805 1030 insigne

207 1061 367 1162 praesagii
393 1059 586 1153 conferret,
608 1059 671 1158 qui
688 1056 884 1130 divinitatis
905 1082 978 1130 suae
1000 1081 1066 1156 per
1087 1081 1172 1130 eum
1195 1055 1400 1153 diligentius
1423 1078 1553 1128 arcana
1578 1053 1806 1127 revoluturus

207 1197 311 1255 esset.
330 1180 534 1280 Oportebat
552 1181 694 1280 quippe
709 1194 750 1252 ut
771 1203 921 1253 summae
942 1176 1079 1279 sopbiae
1094 1202 1176 1275 quae
1191 1175 1355 1250 Christus
1371 1191 1441 1268 est,
1461 1175 1622 1249 Verbum
1640 1174 1806 1247 videlicet

207 1317 244 1376 et
265 1303 447 1402 Sapientia
462 1302 529 1374 Dei
554 1303 680 1394 Patris,
699 1325 861 1375 summus
877 1297 1116 1399 philosophus
1142 1299 1289 1397 ejusque
1313 1323 1484 1396 sequaces
1507 1298 1704 1397 plurimum
1722 1309 1807 1369 atte-

208 1435 397 1496 starentur.
418 1421 523 1494 Unde
545 1436 581 1495 et
597 1421 699 1519 juxta
723 1426 761 1495 B.
789 1421 1037 1518 angustinum,
1059 1419 1252 1518 Apostolus
1268 1417 1542 1493 Atheniensibus
1568 1418 1738 1516 loquens,
1767 1430 1807 1488 ut

207 1566 317 1642 supra
339 1541 582 1633 meminimus,
599 1567 684 1615 cum
700 1566 777 1615 rem
798 1563 967 1640 magnam
987 1540 1147 1631 dixisset,
1171 1554 1207 1612 et
1222 1563 1302 1638 quae
1321 1563 1344 1612 a
1364 1539 1489 1640 paucis
1511 1552 1632 1638 posset
1645 1536 1804 1633 intelligi,

207 1662 309 1762 quod
334 1664 371 1735 in
395 1663 457 1735 illo
481 1663 632 1736 scilicet¹
651 1692 672 1758 :¹
683 1694 701 1730 s
716 1641 899 1752 Vivimus,
915 1686 1105 1734 movemur
1122 1676 1159 1734 et
1178 1686 1320 1755 sumus,
1338 1688 1357 1731 u
1374 1659 1522 1758 adjecit,
1538 1660 1675 1732 «sicut²
1702 1658 1809 1730 vestri

206 1782 356 1881 quidam
379 1782 601 1875 dixeruut3»
621 1784 809 1856 Platonem
827 1784 960 1883 quippe
986 1782 1237 1855 Atheniensem
1261 1780 1368 1854 luisse
1393 1793 1546 1853 constat.
1574 1777 1664 1851 lllud
1688 1792 1808 1850 autem

206 1905 247 1975 in
265 1927 340 2002 quo
361 1927 436 1975 non
459 1903 688 1977 mediocriter
704 1929 840 1978 errasse
857 1903 958 1976 Plato
980 1918 1016 1975 et
1031 1902 1173 1975 videtur
1190 1916 1225 1976 et
1238 1901 1382 1994 dicitur,
1402 1900 1506 1995 illud,
1524 1901 1688 1997 inquam,
1708 1898 1811 1997 quod

205 2024 366 2098 animam
390 2023 518 2096 mundi
537 2023 666 2096 factam
685 2047 762 2097 esse
782 2023 882 2114 dicit,
904 2022 977 2097 boc
998 2037 1051 2096 est
1070 2024 1214 2096 initium
1233 2022 1413 2115 babuisse,
1432 2035 1469 2095 et
1489 2020 1591 2119 quod
1614 2043 1723 2118 supra
1739 2021 1812 2090 Ma·

204 2142 355 2218 crebius
372 2167 457 2216 cum
473 2142 519 2216 de
536 2145 657 2215 anima
677 2144 805 2217 mundi
822 2144 1031 2242 loqueretur
1047 2144 1209 2235 asseruit,
1233 2147 1351 2215 Deum
1367 2158 1404 2216 et
1420 2148 1523 2241 Noyn
1540 2142 1633 2214 ultra
1652 2142 1811 2214 animam

203 2289 302 2358 esse,
322 2265 423 2362 quasi
448 2264 651 2364 superiores
669 2263 857 2362 dignitate,
881 2291 966 2338 euru
987 2280 1130 2338 constet
1153 2264 1251 2365 apud
1275 2281 1402 2338 omnes
1418 2288 1503 2337 vere
1526 2262 1725 2336 catholicos
1742 2275 1812 2334 tres

203 2408 385 2486 personas
394 2385 431 2456 in
449 2384 643 2458 Divinitate
661 2409 728 2484 per
744 2387 865 2458 omnia
884 2385 953 2458 sibi
967 2385 1166 2484 coaequales
1187 2398 1223 2456 et
1238 2399 1433 2458 coaeteruas
1448 2408 1538 2475 esse,
1559 2384 1590 2455 si
1606 2381 1809 2479 diligentius

207 2504 430 2598 attendatur,
455 2528 476 2577 a
503 2505 650 2579 veritate
681 2531 757 2579 non
786 2505 984 2594 exorbitat,
1013 2506 1106 2578 sicut
1130 2504 1366 2606 postmodum
1395 2504 1627 2577 ostendemus
1651 2501 1698 2575 de
1726 2526 1811 2601 pro·

209 2625 373 2699 cessione
389 2624 540 2723 Spiritus
561 2623 785 2699 disserentes.
807 2631 887 2698 Non
904 2626 1002 2698 enim
1022 2627 1099 2698 sine
1120 2649 1228 2698 causa
1251 2624 1312 2697 hic
1334 2623 1572 2723 philosophus
1594 2643 1667 2722 prae
1687 2622 1812 2695 ceteris

209 2743 488 2818 commendatur
510 2744 556 2817 ab
581 2746 753 2819 omnibus
778 2761 852 2821 tam
875 2744 1060 2840 fidelibus,
1086 2760 1128 2818 ut
1151 2770 1259 2845 supra
1282 2745 1530 2835 meminimus,
1549 2768 1660 2841 quam
1683 2741 1813 2815 infide-

209 2863 318 2937 libus.
338 2869 431 2937 Cum
451 2866 572 2964 itaque
588 2866 625 2937 in
644 2866 747 2939 omui
762 2866 927 2940 doctrina
948 2864 1188 2966 philosophiae
1206 2866 1390 2939 Platonica
1405 2878 1501 2938 secta
1517 2863 1696 2954 enituerit,
1712 2863 1815 2961 juvat

208 2985 321 3060 etiam
349 2985 594 3084 quorumdam
619 2986 889 3061 Platonicorum
916 2988 1121 3061 testimonia
1152 2985 1304 3080 inferre,
1334 3010 1414 3085 quae
1437 2984 1536 3059 idem
1563 2998 1667 3085 pater
1692 2989 1816 3082 Augu·

209 3106 329 3179 stinus
348 3107 385 3179 in
412 3108 565 3206 septimo
590 3110 862 3207 Confessionum
884 3123 1148 3182 commemorat
1172 3108 1209 3180 in
1236 3107 1375 3206 scriptis
1399 3130 1527 3179 eorum
1550 3130 1589 3179 se
1611 3106 1814 3203 reperisse',

208 3224 406 3324 inquibus
429 3224 577 3323 quidem
602 3241 679 3299 tota
699 3227 774 3300 lere
796 3226 880 3301 fidei
903 3243 1034 3301 nostrae
1056 3252 1197 3301 summa
1221 3228 1316 3300 circa
1335 3225 1561 3299 divinitatem
1581 3224 1692 3297 Verbi
1716 3248 1818 3323 aper·

209 3347 350 3420 tissime
378 3346 595 3434 continetur,
629 3347 721 3419 sicut
746 3348 823 3448 ipsu
856 3348 1092 3447 postmodum
1118 3345 1247 3421 tradita
1282 3359 1336 3418 est
1359 3370 1382 3420 a
1405 3344 1556 3418 summis
1582 3342 1818 3442 scriptoribus

208 3466 304 3539 novi
323 3465 560 3558 Testamenti,
588 3465 753 3539 loliaunc
775 3467 910 3540 scilicet
933 3479 969 3540 et
991 3466 1115 3541 Paulo.
1140 3467 1196 3539 llit
1213 3467 1348 3566 quippe
1372 3465 1590 3563 Augustinus
1610 3462 1747 3537 ibidem
1770 3461 1817 3536 ad

208 3589 335 3660 Deum
359 3608 564 3658 sermonem
586 3585 778 3659 intendens
806 3614 816 3658 ε
848 3616 867 3656 «
882 3588 1084 3660 Procurasti
1111 3586 1199 3659 mibi
1219 3612 1285 3686 per
1309 3585 1504 3684 quemdam
1531 3583 1719 3658 hominem
1744 3584 1819 3656 im-

209 3704 426 3778 manissimo
453 3719 540 3804 typo
565 3706 749 3803 turgidum
771 3708 950 3806 quosdam
972 3707 1242 3780 Platonicorum
1268 3706 1393 3801 libros,
1423 3732 1465 3813 ex
1494 3730 1607 3804 graeca
1630 3706 1754 3802 lingua
1779 3705 1817 3777 in

208 3826 365 3900 latinam
392 3850 535 3920 versos,
562 3841 599 3899 et
627 3826 679 3900 ibi
704 3827 795 3928 legi,
825 3853 901 3900 nou
927 3827 1074 3927 quidem
1102 3828 1160 3903 his
1187 3826 1326 3921 verbis,
1356 3828 1419 3900 sed
1444 3825 1517 3900 boc
1541 3827 1640 3900 idem
1667 3825 1819 3900 omnino

209 3946 339 4020 multis
364 3959 400 4018 et
423 3945 681 4046 multiplicibus
703 3948 847 4022 suaderi
873 3949 1077 4023 rationibus
1097 3948 1216 4046 quod⁸
1244 3951 1313 4020 «ln
1338 3948 1517 4049 principio
1547 3960 1624 4021 erat
1640 3945 1817 4034 Verbum,

211 4092 232 4135 e
250 4081 292 4140 et
307 4065 467 4139 Verbum
481 4082 558 4141 erat
574 4068 672 4168 apud
689 4071 820 4162 Deum,
837 4083 873 4143 et
887 4074 984 4144 Deus
1002 4084 1078 4144 erat
1094 4068 1269 4142 Verbum.
1282 4072 1361 4141 Hoc
1378 4083 1455 4142 erat
1471 4070 1508 4140 in
1524 4068 1704 4167 principio
1722 4066 1820 4167 apud

211 4216 231 4256 e
252 4190 388 4279 Deum,
408 4186 532 4260 omnia
552 4213 617 4288 per
628 4190 748 4289 ipsum
758 4189 850 4264 lacta
868 4205 952 4263 suut
963 4204 998 4263 et
1014 4190 1091 4263 sine
1115 4191 1193 4290 ipso
1207 4173 1342 4262 lactum
1362 4189 1540 4279 estnihil,
1565 4188 1666 4287 quod
1688 4187 1820 4261 lactum

212 4338 232 4375 α
250 4321 325 4380 est.
347 4309 387 4377 ln
406 4307 485 4406 ipso
504 4308 577 4381 vita
598 4324 688 4402 erat,
705 4323 741 4382 et
754 4311 828 4384 vita
845 4326 922 4384 erat
946 4312 1007 4385 lux
1029 4311 1236 4401 bominum,
1264 4322 1300 4382 et
1323 4308 1384 4383 lux
1410 4310 1448 4382 iu
1472 4307 1630 4381 tenebris
1653 4308 1762 4396 lucet,
1788 4321 1823 4379 et

212 4456 233 4496 u
253 4424 415 4498 tenebrae
425 4451 509 4499 eum
523 4453 599 4500 non
612 4430 980 4529 comprehenderunt.
991 4462 1009 4499 r
1022 4435 1065 4503 Et
1073 4432 1159 4530 quia
1167 4430 1327 4504 hominis
1336 4431 1469 4521 anima,
1483 4430 1649 4529 quamvis
1664 4428 1824 4500 testimo·

209 4548 325 4619 nium
343 4544 531 4645 perhibeat
546 4547 593 4620 de
608 4548 758 4642 lumine,
777 4575 854 4624 non
872 4566 1058 4625 esttamen
1077 4552 1154 4652 ipsa
1173 4549 1248 4644 lux,
1264 4549 1326 4623 sed
1343 4547 1504 4622 Verbum
1519 4553 1617 4621 Deus
1633 4562 1686 4621 est
1701 4546 1823 4619 lumen

209 4691 365 4757 rerum,
384 4668 478 4766 quia⁴
490 4668 670 4743 illuminat
686 4666 836 4744 omnem
859 4671 1048 4746 hominem
1064 4673 1269 4746 venientem
1293 4672 1330 4743 in
1353 4669 1453 4743 huuc
1469 4669 1663 4763 mundum,
1685 4682 1721 4740 et
1739 4667 1826 4782 quia

210 4788 254 4860 in
287 4785 361 4859 hoc
384 4787 525 4861 mundo
547 4804 637 4879 erat,
663 4806 699 4864 et
720 4792 879 4867 mundus
903 4818 1075 4895 pereum
1098 4793 1212 4868 lactus
1229 4806 1296 4885 est,
1322 4805 1359 4864 et
1374 4789 1533 4865 muudus
1556 4814 1640 4864 eum
1662 4811 1737 4861 non
1763 4810 1825 4858 co·

249 5103 435 5234 “Aletdport,
452 5117 506 5168 cap.
521 5117 587 5166 xm,
608 5118 632 5158 r.
651 5108 690 5159 tt.
706 5132 734 5144 -
746 5104 794 5156 ’lu
808 5105 910 5157 summ
923 5105 1103 5171 Apostolorum
1118 5107 1361 5170 lectureertroum
1371 5109 1514 5172 paurum
1524 5131 1556 5146 -
1567 5103 1640 5158 rm,
1655 5101 1715 5169 Vll,
1726 5117 1780 5168 cap.
1794 5116 1828 5157 tr.

208 5211 245 5223 -
304 5197 374 5250 cau,
386 5198 441 5250 rap.
455 5199 473 5249 r,
485 5199 509 5238 r.
524 5192 547 5240 1.
1186 5216 1193 5232 .
