4559 6100
474 485 544 556 t30
1071 483 1193 557 PETRI
1217 482 1448 558 ABAELARDl

471 630 624 706 concedi
640 646 795 732 oportet,
820 647 857 704 nt
871 636 901 705 si
917 635 1055 731 justum
1073 632 1287 731 sitjudicem
1304 637 1433 736 punire
1452 636 1579 727 istum,
1601 632 1739 730 justum
1756 627 1864 700 etiam
1881 627 1926 699 sit
1942 628 2065 700 istum¹
2168 683 2172 691 ,

471 753 592 852 puniri
608 752 764 850 ajudice
784 780 793 825 ε
813 778 897 825 cum
911 753 1076 827 videlicet
1091 754 1164 827 hoc
1180 780 1315 828 nomen
1328 755 1485 853 justum,
1503 755 1596 826 sicut
1614 765 1650 824 et
1670 747 1856 850 possibile,
1882 749 1919 819 in
1939 746 2066 819 talibus

472 872 728 971 significatione
743 873 868 945 variet.
889 876 980 945 Cum
995 876 1092 947 enim
1108 873 1251 965 dicitur,
1269 876 1354 973 quia
1369 875 1505 972 justum
1526 886 1580 945 est
1599 886 1639 943 ut
1654 867 1767 969 judex
1784 868 1915 967 puniat
1938 868 2063 957 istum,

471 991 542 1063 hoc
558 993 780 1065 institutione
801 991 887 1090 legis
906 1018 990 1066 eum
1006 992 1139 1066 debere
1156 994 1390 1067 ostendimus.
1411 995 1473 1066 Sin
1492 1006 1611 1065 autem
1628 989 1792 1063 dicamus
1808 989 1917 1061 istum
1935 986 2063 1060 debere

469 1111 588 1209 puniri
606 1110 772 1208 ajudice,
784 1111 856 1184 hoc
872 1137 956 1185 eum
974 1114 1145 1185 meruisse
1161 1111 1313 1186 dicimus
1325 1128 1365 1186 ut
1380 1114 1562 1212 puniatur.
1578 1115 1677 1211 Saepe
1695 1111 1817 1206 itaque
1833 1107 2011 1202 contingit
2028 1121 2064 1178 ut

469 1230 671 1302 secundum
681 1231 769 1327 legis
785 1233 1008 1305 sanctionem
1020 1233 1130 1329 judex
1145 1231 1275 1305 debeat
1291 1233 1448 1331 aliquem
1465 1232 1605 1331 punire,
1624 1231 1687 1327 qni
1701 1241 1821 1302 tamen
1836 1248 2063 1324 nequaquam

470 1373 538 1446 pro
553 1351 686 1422 meritis
698 1351 770 1422 suis
792 1350 922 1425 debeat
938 1352 1043 1453 abeo
1058 1353 1192 1452 puniri.
1211 1353 1326 1426 Veluti
1343 1377 1427 1426 cum
1446 1350 1554 1448 aliqui
1582 1349 1658 1422 salsi
1674 1361 1801 1440 testes,
1827 1346 1890 1444 qui
1906 1359 2025 1418 tamen
2043 1369 2063 1417 a

466 1469 586 1565 judice
612 1471 723 1543 refelli
748 1495 822 1544 uon
850 1488 1020 1572 possunt,
1050 1486 1177 1546 contra
1197 1474 1428 1547 innocentem
1448 1472 1605 1568 aliquem
1626 1481 1788 1565 surgtmt,
1815 1482 1850 1539 et
1866 1464 2063 1538 secundum

468 1589 563 1687 leges
580 1616 663 1664 eum
681 1616 782 1664 reum
797 1594 1017 1666 convincunt
1034 1594 1097 1691 qui
1115 1618 1197 1666 reus
1223 1619 1297 1667 non
1321 1609 1387 1685 est,
1407 1607 1442 1666 et
1457 1591 1555 1666 credi
1575 1590 1709 1664 faciunt
1725 1588 1870 1687 culpam
1892 1610 1972 1685 quae
1989 1610 2062 1658 nou

470 1724 534 1782 est.
556 1711 659 1783 Unde
674 1712 805 1785 accidit
818 1726 871 1806 ut,
889 1714 980 1786 sicut
997 1713 1135 1786 dictum
1152 1728 1216 1804 est,
1233 1714 1343 1812 judex
1361 1712 1491 1786 debeat
1506 1736 1590 1785 eum
1611 1711 1753 1810 punire,
1771 1706 1834 1804 qni
1851 1720 1970 1778 tamen
1990 1728 2063 1776 non

469 1826 576 1902 debet
593 1832 714 1929 puniri
731 1856 752 1903 a
772 1832 912 1929 jndice,
941 1848 977 1905 et
993 1832 1066 1905 hoc
1082 1856 1188 1930 agere
1207 1832 1345 1929 justum
1371 1833 1415 1906 sit
1434 1831 1547 1929 judici
1566 1830 1666 1929 quod
1688 1844 1810 1902 tamen
1827 1825 1902 1925 pati
1920 1849 1995 1896 non
2012 1840 2065 1896 est

464 1951 600 2044 justum
610 1950 674 2042 illi,
684 1950 757 2025 hoc
766 1967 819 2025 est
826 1952 1002 2026 debitum.
1013 1955 1111 2026 Sicut
1124 1978 1210 2050 ergo
1220 1954 1292 2047 hic,
1304 1953 1470 2052 quamvis
1480 1951 1577 2024 idem
1585 1952 1629 2023 sit
1639 1948 1797 2047 jndicem
1806 1946 2062 2045 punireistum,

370 2159 375 2169 .
468 2082 504 2139 et
527 2070 653 2142 istum⁸
670 2073 791 2170 puniri
814 2096 835 2144 n
858 2073 991 2168 judice,
1013 2098 1087 2146 non
1114 2089 1234 2147 tamen
1264 2072 1361 2166 ideo,
1389 2073 1481 2145 sicut
1506 2072 1641 2169 justum
1671 2083 1724 2142 est
1745 2065 1903 2165 judicem
1936 2065 2063 2161 punire

466 2188 575 2260 istum
597 2214 707 2288 quem
722 2191 829 2288 juste,
850 2208 890 2264 ut
914 2193 1050 2266 dictum
1074 2208 1140 2286 est,
1161 2191 1361 2266 secundum
1379 2193 1495 2289 legem
1515 2191 1635 2290 punit,
1653 2189 1702 2262 ita
1727 2187 1835 2261 etiam
1856 2186 1994 2282 justum
2012 2199 2064 2256 est

467 2308 567 2380 illum
584 2311 703 2407 puniri
716 2334 738 2382 a
751 2312 873 2407 judice
886 2341 895 2384 :
910 2313 1037 2386 eedem
1051 2313 1203 2406 ratione,
1222 2313 1388 2412 quamvis
1403 2311 1501 2385 idem
1522 2310 1566 2383 sit
1582 2309 1738 2408 aliquem
1755 2305 1885 2379 salvari
1902 2328 1924 2377 a
1938 2307 2015 2376 Deo
2029 2318 2063 2375 et

332 2446 344 2463 ⁸
467 2429 582 2500 Deum
601 2430 844 2525 salvareeum,
866 2432 1070 2505 mirandum
1094 2457 1170 2505 non
1194 2446 1265 2522 est,
1286 2434 1417 2506 sicum
1446 2432 1519 2504 hoc
1536 2428 1704 2530 possibile
1720 2439 1793 2515 est,
1816 2423 1906 2497 illud
1928 2447 2061 2521 nequa-

467 2570 574 2643 quam
599 2549 770 2647 possibile
797 2576 873 2624 esse
903 2553 1136 2625 concedatur.
1170 2557 1260 2625 Puto
1286 2566 1323 2624 et
1351 2576 1395 2623 ex
1419 2550 1476 2624 his
1501 2573 1581 2647 quae
1605 2548 1803 2622 dictasunt
1827 2543 1928 2616 facile
1952 2540 2062 2615 refelli

467 2688 571 2764 posse
588 2667 688 2765 quod
705 2668 751 2741 de
767 2670 992 2769 providentia
1010 2674 1074 2744 Dei
1092 2672 1148 2744 vel
1166 2672 1243 2768 ejus
1259 2671 1444 2744 voluntate
1461 2671 1556 2743 circa
1574 2683 1754 2741 creaturas
1767 2663 1874 2762 objici
1891 2686 1996 2761 posse
2009 2664 2061 2733 vi·

356 2838 359 2842 ι
466 2784 583 2875 detur,
603 2801 656 2877 ut,
676 2810 759 2859 cum
777 2790 853 2887 ipse
868 2788 1035 2864 videlicet
1050 2792 1126 2864 sine
1143 2792 1291 2890 hisquae
1307 2791 1353 2865 ab
1369 2806 1502 2864 aetemo
1516 2791 1554 2862 in
1567 2786 1734 2878 sehabet,
1753 2808 1828 2856 non
1842 2806 1918 2855 esse
1935 2794 2062 2880 potue·

466 2905 523 2996 rit,
543 2906 720 3002 quianon
742 2910 951 2980 convenerit
973 2932 980 2979 t
1006 2934 1081 2982 non
1098 2924 1217 2983 tamen
1239 2936 1417 3012 ponamus
1439 2936 1495 2984 res
1511 2934 1590 3009 quae
1605 2907 1757 3008 provisae
1773 2916 1874 2994 sunt,
1901 2903 1957 2974 vel
1975 2925 2062 2999 quas

466 3048 542 3097 esse
552 3023 679 3119 voluit,
693 3025 775 3100 ideo
795 3053 868 3100 non
881 3029 1039 3129 potuisse
1057 3056 1131 3104 non
1148 3056 1237 3125 esse,
1253 3031 1324 3106 hoc
1341 3046 1406 3125 est,
1426 3057 1469 3104 ex
1484 3028 1691 3132 necessitate
1701 3050 1761 3098 eas
1776 3021 1979 3120 contigisse.
2003 3026 2062 3093 Et-

464 3144 494 3215 si
508 3145 606 3216 enim
620 3146 697 3218 siue
714 3148 941 3246 providentia
954 3149 1060 3224 luisse
1084 3176 1160 3223 non
1185 3153 1323 3251 potuit,
1343 3153 1518 3250 quianon
1536 3148 1717 3246 oportuit,
1740 3147 1926 3244 ipsamque
1940 3144 2062 3240 provi·

464 3261 623 3336 dentiam
639 3289 759 3338 serum
777 3285 948 3342 eventum
965 3273 1139 3368 consequi
1153 3295 1297 3344 necesse
1308 3272 1367 3362 sit,
1383 3295 1459 3344 non
1485 3284 1605 3341 tamen
1621 3264 1704 3339 ideo
1723 3289 1781 3338 res
1798 3262 1958 3363 provisas
1974 3285 2061 3333 eon·

464 3383 543 3458 cedi
558 3399 704 3482 opoitet
721 3410 795 3458 non
814 3389 974 3487 potuisse
994 3414 1069 3461 non
1093 3415 1182 3463 esse.
1204 3392 1276 3462 Etsi
1298 3415 1382 3463 eum
1407 3389 1485 3463 sine
1503 3386 1688 3460 voluntate
1704 3383 1850 3458 creandi
1867 3380 2058 3472 mnndum,

464 3503 517 3575 vel
536 3506 612 3576 sine
627 3504 814 3580 voluntate
833 3509 1027 3582 miserandi
1044 3535 1223 3609 ponamus
1239 3536 1313 3583 non
1333 3512 1492 3609 potuisse
1511 3533 1586 3581 uon
1603 3532 1694 3598 esse,
1716 3531 1791 3578 non
1808 3505 1892 3577 ideo
1908 3503 2062 3597 eogendi

463 3646 586 3694 sumus
602 3624 657 3696 vel
676 3623 878 3718 mundum,
901 3627 956 3699 vel
977 3652 1114 3726 eaquae
1138 3643 1257 3701 creata
1273 3644 1374 3722 sunt,
1401 3654 1474 3702 non
1492 3628 1653 3728 potuisse
1673 3626 1807 3698 deesse.
1828 3623 1882 3693 lbi
1901 3622 2058 3719 quippe,

463 3742 554 3812 sicut
566 3742 642 3837 jam
658 3741 940 3817 determinatum
960 3760 1025 3838 est,
1043 3747 1090 3819 ad
1108 3762 1274 3821 naturam
1292 3750 1370 3842 Dei,
1393 3749 1452 3821 hic
1470 3747 1517 3821 ad
1534 3760 1699 3820 naturam
1715 3757 1958 3818 cteatumrnm
1975 3764 2061 3838 pos·

461 3858 564 3932 sibile
576 3862 741 3934 sumitur.
767 3861 872 3937 Unde
889 3889 1035 3939 necesse
1052 3891 1127 3939 non
1145 3883 1211 3958 est,
1228 3882 1267 3940 ut
1284 3893 1368 3941 cum
1386 3872 1483 3942 Deus
1500 3893 1541 3941 ex
1559 3866 1707 3966 propria
1724 3879 1850 3937 natura
1866 3861 1923 3936 vel
1939 3862 2060 3960 provi·

461 3975 620 4051 dentiam
641 4005 786 4073 rerum,
809 3982 866 4053 vel
888 3982 1025 4058 bonam
1053 3986 1097 4060 de
1113 3989 1164 4060 eis
1177 3988 1401 4061 voluntatem
1424 3987 1557 4060 habere
1581 4009 1727 4059 neeesse
1753 3983 1818 4077 sit,
1838 3983 1925 4081 quia
1940 3979 2011 4052 hoc
2026 3979 2059 4050 ei

460 4095 625 4171 videlicet
655 4101 810 4173 maxime
835 4107 1027 4196 convenit;
1048 4131 1121 4179 non
1140 4122 1259 4181 tamen
1279 4123 1408 4182 natura
1430 4130 1553 4182 earum
1580 4122 1618 4178 nt
1645 4108 1729 4205 ipsae
1747 4105 1818 4176 sint
1836 4102 1962 4199 exigit,
1981 4122 2060 4196 quae

460 4220 611 4290 omnino
629 4244 702 4292 non
723 4246 799 4295 esse
816 4240 977 4322 possunt.
1000 4222 1108 4316 Quod
1125 4243 1244 4302 autem
1270 4231 1463 4303 novissime
1493 4228 1767 4329 opponebatur,
1793 4220 1909 4296 nullas
1927 4218 2061 4292 scilicet

459 4350 575 4430 grates
588 4329 669 4411 'Deo
687 4340 891 4417 referendas
907 4369 984 4419 esse
999 4371 1066 4445 pro
1081 4348 1133 4420 eis
1145 4350 1327 4447 quaesacit,
1348 4373 1481 4423 cumea
1498 4370 1727 4446 nequaquam
1739 4343 1918 4416 dimittere
1931 4339 2058 4437 possit,

459 4470 495 4525 et
512 4457 669 4554 quadam
688 4464 898 4537 necessitate
914 4464 952 4538 id
969 4468 1089 4566 potius
1112 4485 1193 4565 agat
1207 4495 1318 4568 quam
1335 4472 1532 4561 voluntate,
1551 4468 1702 4542 omuino
1719 4462 1886 4537 frivolum
1907 4473 1973 4533 est.
1993 4459 2062 4529 Hic

459 4575 555 4648 enim
572 4579 735 4676 quaedam
754 4598 888 4657 naturae
902 4586 958 4659 vel
976 4586 1146 4662 bonitatis
1158 4588 1234 4687 ejus
1243 4591 1433 4665 necessitas
1445 4590 1491 4663 ab
1509 4591 1584 4688 ejus
1592 4587 1778 4660 voluntate
1794 4607 1870 4656 non
1889 4594 1942 4653 est
1954 4602 2063 4676 sepa-

458 4708 547 4789 rata,
560 4721 629 4770 nec
637 4700 777 4772 coactio
785 4700 939 4779 dicenda
946 4722 1012 4798 est,
1020 4732 1091 4806 qua
1100 4709 1208 4782 etiam
1221 4710 1348 4784 nolens
1361 4711 1398 4783 id
1409 4700 2060 4808 lacerecogatun.Nametcnmipsum

456 4837 602 4891 necesse
611 4819 658 4890 sit
669 4819 908 4895 immortalem
925 4849 1014 4919 esse,
1033 4826 1090 4901 vel
1104 4828 1315 4903 immortalis
1330 4829 1485 4924 dicatur,
1501 4850 1732 4928 nequaquam
1747 4823 1833 4897 hinc
1844 4820 1974 4894 divinae
1987 4840 2061 4887 na-

487 5092 492 5119 ¹
503 5087 543 5140 Sto
555 5092 617 5144 (lod.
630 5093 693 5147 Vtut.
704 5063 805 5148 Iustum
817 5102 890 5151 amb.
899 5102 944 5138 -²
956 5097 987 5151 Ut
999 5106 1081 5165 supra.
