4559 6100
1008 770 1036 847 1.

435 1087 713 1179 cstttunt
756 1087 1027 1180 intonuit
1069 1088 1240 1180 1³13th
1293 1087 1615 1179 annisum.

270 1439 401 1520 capitula
424 1458 556 1501 urorum
574 1440 652 1501 Petri
665 1438 811 1502 abstuti
822 1462 888 1523 qua
905 1443 936 1503 S.
955 1439 1119 1501 Bernardus
1131 1441 1293 1523 colligerat,
1308 1453 1336 1501 et
1345 1461 1459 1502 summu
1470 1440 1598 1521 ponu'dci
1611 1439 1817 1514 transmiserat,

229 1530 356 1611 primum
370 1532 510 1593 inlunem
526 1552 543 1592 e
560 1532 661 1593 audies
676 1533 816 1595 Vaticano
832 1540 909 1595 Dum
921 1531 1060 1615 Habillon
1076 1533 1209 1613 protulit,
1225 1534 1257 1593 in
1273 1533 1399 1594 editiom
1416 1552 1539 1615 operum
1557 1532 1648 1594 uncti
1666 1533 1817 1605 Barnardi,

229 1622 356 1697 amatis,
371 1627 462 1697 isso,
477 1624 578 1685 tn-tot.
594 1626 661 1689 sot.
678 1629 711 1701 t,
725 1626 783 1687 001.
801 1630 860 1689 sas
873 1637 903 1687 a
915 1643 978 1705 seq.

420 2150 446 2210 t.
466 2146 619 2208 nouanda
635 2147 794 2209 similitudo
809 2147 847 2211 de
859 2146 954 2230 sigillo
967 2166 1055 2223 areo,
1071 2147 1108 2209 de
1124 2146 1263 2229 speciest
1277 2146 1432 2229 genamad
1444 2147 1622 2207 Trinitatem.

272 2374 287 2403 ι
302 2347 385 2412 Cum
395 2345 550 2438 sapientia
564 2345 625 2410 Dei
636 2344 784 2434 quadam
799 2344 840 2410 sit
853 2343 1099 2435 potantia,sicut
1115 2365 1234 2410 aureum
1249 2342 1388 2434 sigillum
1403 2358 1451 2409 est
1466 2341 1631 2433 quoddam
1647 2366 1689 2409 aas
1698 2368 1708 2428 3
1718 2342 1817 2433 liquet

227 2462 373 2553 profecto
389 2465 532 2533 divinam
545 2463 734 2553 sapientiam
746 2485 787 2530 ax
803 2460 911 2531 divina
926 2462 1070 2553 potantia
1083 2485 1151 2529 asse
1165 2485 1259 2529 suum
1274 2462 1407 2545 habere,
1424 2459 1467 2528 ad
1483 2485 1556 2529 eam
1569 2460 1718 2528 videlieet
1733 2463 1818 2528 simi·

225 2577 395 2645 litndinsm
410 2602 474 2670 qua
490 2576 629 2667 sigillum
645 2599 764 2642 aureum
783 2575 900 2642 diditur
916 2599 984 2642 assa
1001 2575 1090 2665 quod
1109 2592 1158 2642 est
1172 2578 1240 2664 ejus
1255 2577 1406 2660 materia3
1424 2576 1476 2642 vel
1495 2578 1615 2667 species
1630 2599 1671 2643 ex
1684 2599 1814 2667 genere,

225 2695 313 2784 quod
335 2698 425 2786 quasi
444 2695 578 2761 materia
596 2695 713 2785 speciei
734 2694 850 2761 dieitur
864 2716 950 2778 essa,
969 2710 1007 2760 ut
1022 2694 1142 2760 animal
1160 2695 1312 2761 hominis.
1331 2694 1419 2761 Sicut
1439 2697 1526 2762 enim
1546 2719 1587 2762 ex
1603 2718 1642 2762 eo
1659 2694 1747 2785 quud
1767 2713 1816 2762 est

224 2836 343 2881 atreum
355 2814 505 2907 sigillum,
523 2812 621 2903 exigit
635 2813 813 2880 trecenario
826 2811 915 2903 quod
931 2835 974 2878 ass
989 2813 1046 2896 sit,
1060 2828 1094 2879 et
1107 2835 1148 2878 ax
1160 2834 1200 2878 eo
1216 2811 1306 2901 quod
1319 2814 1481 2879 esthamo
1496 2828 1533 2878 ut
1557 2814 1673 2879 animal
1688 2815 1740 2897 sit,
1757 2812 1815 2881 sed

223 2955 290 2999 nou
305 2956 324 3001 a
339 2932 518 3029 contrariu3
536 2930 581 2995 ita
597 2929 704 3029 divina
719 2930 886 3020 sapientia,
904 2936 975 3020 quaa
988 2945 1036 2996 est
1047 2930 1194 3021 potantia
1209 2928 1424 3012 disoemendi,
1438 2931 1537 3022 exigit
1546 2930 1635 3020 quod
1650 2933 1691 2997 sit
1705 2930 1815 2999 divina

200 3103 206 3114 .
221 3054 378 3142 potentia,
395 3050 452 3119 sed
468 3075 536 3117 non
553 3074 572 3116 e
587 3051 760 3117 contrario.
776 3080 790 3108 υ
809 3051 851 3116 Et
864 3064 938 3141 post
952 3072 1077 3142 pauca:
1095 3080 1109 3108 α
1119 3048 1302 3140 Benignitas
1316 3048 1397 3139 ipsa,
1416 3069 1488 3139 quae
1501 3048 1565 3115 hoc
1579 3051 1710 3117 nomine
1727 3047 1816 3141 quud

221 3169 355 3260 Spiritus
370 3186 418 3237 est
434 3170 685 3252 demonstratur,
702 3191 769 3236 non
784 3186 832 3237 est
847 3169 882 3234 iu
899 3169 969 3237 Deo
983 3169 1129 3260 potentia
1144 3169 1210 3235 sira
1225 3167 1391 3260 sapientia.
1413 3197 1428 3226 ι

583 3417 623 3480 11.
639 3414 725 3492 Quod
739 3414 861 3497 Spiritus
872 3429 988 3476 sanstus
1002 3414 1111 3475 nonsit
1125 3414 1163 3475 da
1176 3408 1334 3475 substantia
1349 3412 1451 3474 Patris.

266 3627 281 3655 s
300 3598 381 3664 Cum
399 3598 506 3687 itaque
523 3613 591 3668 tam
608 3599 707 3668 Filias
722 3621 819 3689 quam
836 3599 971 3692 Spiritus
990 3614 1117 3667 uncam
1136 3620 1178 3664 ex
1195 3598 1289 3664 Patra
1308 3597 1364 3677 sit,
1381 3597 1437 3662 hia
1449 3593 1581 3686 quidem
1596 3596 1736 3687 genitus,
1758 3595 1812 3664 ille

218 3715 413 3804 procedens,
440 3716 552 3786 differt
571 3718 605 3784 iu
627 3740 670 3784 aa
691 3718 856 3808 gerentia
879 3719 949 3808 ipsa
970 3716 1227 3809 aprocassions,
1252 3714 1342 3805 quod
1361 3716 1388 3781 is
1409 3716 1465 3805 qui
1487 3730 1658 3805 generatur
1682 3736 1723 3780 ex
1743 3715 1812 3805 ipsa

217 3832 321 3897 Patris
340 3832 516 3900 substantia
534 3849 601 3915 ast,
624 3849 699 3904 cum
714 3838 802 3928 ipsa,
820 3853 856 3902 ut
878 3835 999 3903 dictum
1018 3851 1079 3919 est,
1095 3836 1250 3926 sapientia
1265 3836 1329 3901 hoe
1349 3835 1454 3921 ipsum
1469 3854 1536 3898 esse
1558 3831 1688 3912 habeat,
1713 3848 1749 3897 ut
1771 3833 1812 3897 sit

217 3947 367 4037 quadam
380 3950 537 4042 potantia.
550 3980 565 4007 ·
582 3950 625 4014 Et
637 3966 712 4039 post
725 3973 852 4041 pauca:
874 3950 1035 4042 «Spiritus
1054 3971 1133 4018 vero
1149 3949 1293 4038 quamvis
1312 3948 1455 4035 ejusdem
1476 3947 1661 4014 substautias
1676 3948 1718 4013 sit
1736 3970 1810 4015 cum

216 4064 312 4131 Patra
328 4081 362 4132 et
374 4065 469 4147 Filio,
482 4064 570 4134 nude
585 4067 686 4133 utiam
700 4069 838 4134 Trinitas
855 4070 923 4160 ipsa
936 4068 1149 4149 homousion,
1166 4066 1201 4134 id
1215 4081 1262 4132 ast
1277 4066 1372 4131 unius
1385 4066 1589 4146 substantias,
1604 4065 1809 4156 predicatur,

195 4184 350 4250 'minime
371 4200 482 4252 tamen
504 4207 544 4250 ex
563 4185 740 4252 substantia
760 4186 863 4253 Patris
886 4203 935 4253 est
954 4202 1011 4252 aut
1032 4185 1122 4264 Filii,
1145 4183 1234 4274 quod
1255 4198 1337 4250 asset
1357 4184 1463 4273 ipsum
1484 4206 1524 4250 ex
1546 4183 1641 4249 Patra
1655 4184 1707 4250 val
1726 4185 1809 4252 Filio

215 4301 1087 4396 gignirsadmagisexipsishahetprooadsre,quod
1106 4304 1397 4393 estDeumseper
1412 4302 1600 4372 duntatam
1616 4302 1658 4369 ad
1673 4303 1809 4376 altarum

216 4419 406 4492 amdam.
419 4421 671 4506 Quodammodo
687 4425 807 4492 etenim
816 4447 876 4516 per
890 4445 1034 4490 amorem
1049 4422 1265 4511 unnsquisque
1281 4444 1300 4488 a
1314 4422 1430 4513 seipso
1446 4419 1489 4486 ad
1504 4421 1639 4488 altarum
1649 4424 1806 4513 procedit,

216 4560 292 4606 cum
315 4542 464 4634 pmprie,
490 4558 528 4610 ut
550 4542 671 4612 dictum
696 4560 757 4629 ast,
774 4565 871 4611 nemo
895 4541 940 4609 ad
964 4542 1104 4635 seipsum
1115 4541 1305 4610 charitatem
1319 4539 1441 4608 habere
1457 4539 1651 4626 dicatur,ut
1670 4542 1809 4633 sibiipsi
