4559 6100
682 617 726 690 IN
749 614 995 688 Erts‘rotttt
1019 614 1081 689 AD
1105 619 1328 692 ROMANOS.
1736 620 1808 693 259

212 765 419 866 proximum
436 765 474 840 in
497 763 574 861 lege
587 762 789 836 sanandum
804 763 960 835 litteram
970 787 1051 836 non
1069 789 1218 836 ornnem
1239 765 1424 837 bominem
1443 765 1577 863 accipi,
1598 791 1671 838 non
1689 765 1806 838 solum

211 912 253 959 ex
270 887 347 984 ipsa
366 884 456 980 lege,
477 908 602 958 verum
620 883 736 956 etiam
757 908 800 955 ex
824 883 1008 955 nonnullis
1032 884 1361 957 Ecnlesiastieorum
1383 884 1577 956 doctorum
1595 887 1808 957 testimoniis

211 1006 319 1080 annui
337 1017 466 1103 puteat.
487 1003 591 1076 Unde
611 1002 821 1076 Ambrosius
839 1028 949 1102 super
962 1004 1165 1102 Epasnalam
1186 1003 1297 1075 Pauli
1309 1002 1362 1073 ad
1377 1008 1568 1092 Romarm,
1590 1004 1653 1076 ubi
1670 1006 1806 1077 dictum

210 1129 305 1198 sst¹z
322 1122 496 1197 «Nemini
513 1121 713 1221 quidquam
729 1121 901 1217 debeatis,
919 1137 988 1196 etc.
1007 1128 1137 1196 Pacem
1154 1122 1242 1211 vult,
1262 1151 1279 1191 a
1298 1122 1428 1220 inquit,
1451 1148 1547 1195 «nos
1565 1123 1711 1215 lubere,
1731 1123 1808 1195 lieri

211 1244 243 1317 si
270 1257 407 1342 potest,
431 1267 514 1316 utrm
540 1241 727 1333 omnibus3
751 1242 982 1315 dilectionem
1011 1267 1099 1316 vero
1130 1268 1215 1314 oum
1237 1242 1422 1314 «fratribus.
1454 1245 1498 1313 Et
1530 1242 1602 1313 hoo
1628 1244 1693 1314 erit
1718 1242 1808 1313 nulli

211 1362 410 1461 quidquam
425 1361 571 1455 debera,
592 1364 787 1460 unicuique
801 1385 870 1460 pro
886 1363 970 1435 loco
987 1386 1054 1434 suo
1073 1361 1233 1434 officium
1254 1362 1435 1434 exhibere.
1452 1365 1571 1432 »trem
1588 1362 1677 1436 infra
1690 1389 1699 1433 ε
1714 1392 1731 1428 α
1748 1363 1809 1433 Di·

209 1481 315 1555 ladio
330 1480 486 1580 proximi
498 1481 634 1554 malurn
646 1506 720 1554 non
735 1497 918 1581 operatur.
931 1482 1067 1554 Malum
1080 1507 1156 1554 non
1171 1496 1354 1583 operatur,
1363 1480 1566 1579 quiabona
1581 1496 1634 1553 est
1646 1480 1805 1570 dilectio,

209 1623 276 1674 nec
296 1604 437 1700 peccari
458 1615 578 1701 petest
599 1627 665 1700 per
685 1601 895 1700 illam,·quae
915 1601 1002 1700 legis
1020 1601 1196 1700 perlectis
1212 1616 1278 1674 est.
1300 1601 1371 1674 Sed
1394 1601 1477 1697 quia
1495 1615 1659 1699 tempore
1676 1601 1808 1674 Christi

208 1719 292 1793 addi
308 1720 444 1819 aliquid
460 1720 635 1820 oportuit,
655 1744 730 1794 non
742 1720 863 1793 solum
878 1723 1076 1820 proximos,
1094 1721 1159 1793 sed
1173 1722 1280 1794 stiam
1291 1721 1457 1793 inimicos
1466 1719 1571 1817 diligi
1587 1735 1807 1819 praeceptum

207 1853 272 1912 est.
295 1839 400 1912 Unde
413 1838 603 1938 planitudo
621 1841 708 1936 legis
736 1839 881 1914 dilaudo
908 1855 979 1935 est,
1009 1856 1049 1914 nt
1071 1840 1207 1938 justitia
1222 1842 1266 1913 sit
1283 1839 1431 1938 diligere
1451 1840 1671 1938 proximum,
1691 1840 1806 1912 abun·

209 1955 299 2030 dans
330 1981 419 2030 varo
446 1973 483 2031 et
507 1959 670 2058 ,persecu
695 1960 833 2056 justitia
861 1961 970 2033 stiam
1000 1961 1167 2032 lnimioos
1194 1959 1353 2058 diligere.
1376 1964 1468 2031 ‘Haec
1500 1959 1651 2031 coelestis
1670 1960 1807 2055 justitia

207 2091 272 2169 est,
294 2076 370 2151 hare
386 2082 464 2152 Deo
483 2081 579 2152 Patri
594 2080 728 2153 similes
742 2080 838 2171 facit,
859 2083 977 2179 quiet
997 2080 1293 2153 non-colentibus
1304 2104 1343 2153 se
1356 2103 1476 2152 annua
1494 2078 1592 2151 dona
1604 2079 1768 2175 largitur.
1785 2108 1804 2147 n

208 2200 280 2271 ttae
296 2224 372 2271 nos
394 2199 479 2274 latet
493 2200 670 2299 plurimos
682 2202 903 2272 ¹Sanutorurn
924 2204 1071 2273 Patraun
1093 2202 1132 2272 in
1154 2201 1234 2300 ipso
1251 2198 1298 2272 de
1314 2200 1507 2273 dilectione
1525 2199 1683 2297 proximi
1705 2223 1808 2272 man·

208 2315 293 2391 dato
316 2342 465 2391 ornnem
484 2320 671 2393 bominem
692 2321 899 2417 proximum
912 2320 1125 2417 intelligere,
1139 2334 1248 2418 atque
1268 2319 1306 2391 id
1323 2317 1574 2392 verisimilibus
1590 2315 1807 2390 confirmare

207 2438 418 2512 rationibus.
435 2439 539 2512 Unda
554 2439 769 2537 Augustinus
784 2440 831 2513 de
844 2439 1244 2531 doemnocarnrtana,
1263 2439 1325 2510 lib.
1346 2442 1378 2510 1¹
1393 2466 1401 2510 :
1419 2468 1442 2505 a
1455 2444 1588 2512 Utrum
1600 2437 1648 2511 ad
1660 2437 1720 2510 illa
1731 2437 1806 2509 duo

204 2572 383 2657 precepta
406 2572 443 2631 at
468 2558 613 2633 dileetio
642 2559 859 2658 Angelorum
885 2551 1083 2659 pertineat,
1110 2560 1221 2657 quaeri
1253 2573 1385 2657 potest.
1416 2561 1507 2630 Nam
1533 2556 1634 2654 quod
1664 2555 1806 2628 nullum

205 2672 396 2749 hominem
415 2680 601 2777 eruepsrit
612 2679 675 2777 qen
691 2681 859 2779 praeoepit
874 2693 915 2751 ut
932 2679 1140 2779 proximum
1160 2678 1361 2775 diligamus,
1381 2687 1418 2749 et
1432 2677 1608 2750 Dominus
1624 2675 1803 2768 ostendit,

205 2808 243 2868 st
264 2795 397 2870 Paulus
416 2796 620 2895 Apostolos.
639 2825 658 2866 a
675 2802 787 2870 ltsmr
806 2827 824 2868 a
844 2803 926 2870 Duo
950 2813 1126 2900 praesepta
1149 2797 1365 2897 protulerat,
1384 2811 1492 2894 atque
1512 2797 1550 2866 in
1574 2796 1625 2867 eis
1648 2794 1807 2893 pendere

204 2925 317 2986 totam
336 2913 452 3012 legem
469 2930 506 2989 et
521 2917 721 3017 Prophetas
740 2918 890 2993 dixerat.
908 2947 926 2985 r
945 2923 1035 2990 ltern
1053 2946 1062 2990 ι
1084 2946 1102 2988 a
1117 2915 1410 2990 nominarat-¹:
1434 2944 1452 2984 a
1464 2914 1566 2987 Vade
1583 2928 1620 2987 et
1638 2913 1695 2986 fac
1710 2913 1808 2985 simi·

206 3062 226 3102 a
245 3032 338 3123 liter,
358 3051 436 3108 n-nt
449 3035 616 3115 videlidet
629 3025 809 3114 eumesse
824 3039 1031 3138 proximum
1047 3037 1305 3138 intelligamus,
1326 3035 1385 3109 eui
1408 3035 1466 3108 rel
1484 3032 1729 3108 exhibendum
1754 3050 1808 3107 est

204 3150 366 3227 officiam
389 3156 687 3231 miaerioerdiaesi
711 3157 864 3257 indiget,
888 3158 945 3230 vel
957 3157 1317 3233 exhibendumssset
1331 3158 1366 3229 si
1380 3155 1572 3252 indigeret.
1594 3160 1645 3227 Ex
1663 3179 1738 3251 quo
1755 3169 1808 3226 est

196 3273 277 3369 jan
295 3296 535 3373 consequens,
553 3291 594 3349 ut
610 3288 646 3349 et
659 3277 720 3348 ille
738 3300 855 3374 aqua
874 3276 983 3351 nobis
1002 3276 1245 3349 boerieissirn
1262 3274 1511 3348 exhibendum
1530 3288 1596 3360 est,
1621 3273 1807 3371 proximus

200 3392 405 3469 titubator.
422 3396 580 3468 Proximi
608 3397 708 3469 enim
732 3418 867 3469 nomen
893 3395 941 3467 ad
963 3395 1100 3493 aliquid
1124 3411 1190 3468 est.
1218 3400 1291 3467 Nee
1311 3393 1502 3491 quisquam
1525 3416 1602 3463 esse
1621 3390 1807 3490 proximus

198 3512 274 3585 nisi
286 3513 595 3614 prosimopotast.
609 3541 631 3585 a
642 3518 731 3588 ltem
744 3542 754 3587 ε
766 3546 785 3583 α
801 3513 930 3589 Paulus
940 3514 1044 3589 dicit*
1057 3541 1065 3586 ε
1080 3544 1098 3584 a
1110 3520 1202 3589 Nam
1218 3539 1294 3587 non
1308 3511 1540 3600 adulterabis,
1556 3535 1633 3583 non
1650 3510 1805 3583 homici-

199 3660 224 3701 α
239 3632 559 3729 ἀίιιω«ῖαοίοο,ιιωι
573 3634 709 3706 lurtum
718 3633 839 3724 Duas,
852 3636 1187 3734 nonooneupisoes,
1199 3635 1275 3707 etsi
1289 3632 1389 3731 qnod
1401 3646 1455 3706 est
1469 3629 1567 3703 aliud
1576 3629 1803 3724 mandatum,

200 3781 220 3819 ι
242 3753 285 3824 in
303 3751 376 3825 hoo
395 3776 562 3833 sermone
582 3752 843 3853 recapitulatur
864 3780 874 3826 t
894 3752 1031 3853 Diliges
1050 3756 1258 3854 proximum
1278 3766 1382 3824 tuum
1402 3765 1576 3848 tanquam
1593 3750 1766 3847 teipsum.
1784 3776 1803 3818 a

193 3874 296 3945 itum
316 3896 325 3942 ε
343 3900 367 3940 a
381 3874 551 3972 Quisquis
566 3897 661 3971 ergo
680 3873 874 3949 arbitratur
894 3898 971 3949 nnn
987 3874 1035 3947 de
1046 3874 1156 3947 omni
1179 3872 1330 3945 humine
1348 3869 1559 3970 Apostolum
1576 3868 1804 3968 precepisse,

193 3990 347 4090 angitur
363 3991 971 4091 satoei,1qumsosteatsstnmmeu,
987 3995 1104 4069 nsum
1120 3994 1228 4067 nisse
1241 3991 1414 4092 sponso
1425 4012 1504 4063 non
1517 4003 1804 4089 essepeceatum,

190 4111 224 4182 si
241 4112 334 4210 quis
351 4127 415 4185 ant
435 4137 510 4186 non
526 4112 804 4187 Christianiaut
823 4113 960 4187 iniurici
975 4112 1230 4189 adulteraverit
1252 4136 1417 4206 osorem,
1436 4124 1503 4185 etc.
1521 4137 1539 4178 a
1553 4113 1647 4181 item
1664 4136 1672 4180 ε
1696 4139 1714 4175 r
1728 4111 1807 4181 lam

186 4231 337 4304 verosi
351 4233 479 4305 voloui
495 4233 745 4333 praebendam,
762 4233 822 4306 vsl
835 4256 857 4306 a
870 4257 945 4332 quo
958 4227 1804 4333 anobnprubendamoffioiummisericordtae,

186 4364 304 4424 reete
326 4353 512 4451 proximus
526 4354 675 4446 &abtim
703 4353 935 4426 manifestum
946 4368 1010 4427 ⁴est
1029 4353 1102 4427 hau
1121 4365 1354 4453 maeoeptum,
1372 4376 1447 4450 quo
1469 4349 1639 4448 jubemur
1661 4347 1808 4444 diligere

181 4471 427 4569 proximum,
453 4487 493 4546 st
518 4488 662 4549 sanatos
687 4473 843 4571 Angelos
865 4474 1109 4564 continuae
1134 4473 1270 4573 quibus
1292 4486 1394 4546 tanta
1415 4470 1526 4544 nobis
1554 4467 1807 4541 misericordiae

178 4589 469 4691 impenduntur
502 4592 635 4667 officia.
654 4623 672 4660 a
700 4598 783 4669 ttaec
815 4592 965 4691 quiden
992 4593 1253 4691 dittgsnnssimi
1284 4591 1445 4666 doneris
1474 4591 1592 4663 nostri
1622 4588 1807 4686 Augustini

177 4709 335 4806 verba,
357 4713 508 4785 amana
531 4714 748 4789 nuntiauere
771 4712 941 4787 videntur
957 4714 1164 4813 proximum
1176 4714 1219 4785 *in
1236 4712 1314 4810 lege
1331 4734 1477 4784 omnam
1498 4710 1684 4783 hominem
1703 4705 1807 4779 intel·

172 4827 405 4927 figendum.
424 4831 597 4932 lilinqain
613 4856 680 4933 per
699 4833 1104 4933 pronissidileotinnem
1123 4852 1357 4932 naquaquam
1375 4830 1516 4931 impleri
1536 4831 1593 4903 lex
1606 4828 1803 4916 videretur,

207 5138 220 5172 ¹
238 5136 424 5273 0m-‚t-911,
435 5142 462 5193 ta
473 5139 864 5206 lpmdralalswstlwm
875 5140 1023 5206 tamma,
1036 5141 1116 5208 Opps,
1127 5147 1148 5192 t.
1159 5139 1351 5204 Durabat.-
1360 5139 1456 5201 Qua,
1468 5150 1523 5202 sap.
1535 5148 1597 5200 apr.
1610 5138 1649 5188 tt.
1661 5158 1690 5172 —·
1703 5135 1712 5165 ⁴
1723 5132 1808 5197 aaa„

160 5229 234 5284 Φ,
252 5230 332 5284 xm,
347 5232 371 5273 v.
401 5255 409 5270 .
1161 5226 1166 5235 ·
