4559 6100
442 540 514 611 520
865 570 871 581 ¹
1049 535 1176 607 l'h'flil
1202 535 1432 609 tumtun!

440 685 676 777 schismatici,
703 710 779 759 non
806 699 957 784 possunt
980 684 1103 758 deesse
1132 686 1312 775 haeretici,
1341 710 1410 759 nec
1437 687 1530 760 inter
1556 686 1768 785 scorpiones
1795 701 1831 760 et
1861 702 2045 786 serpentes

440 821 558 878 tutum
583 804 719 905 patebit
743 806 834 897 iter,
866 804 930 878 sed
963 830 1106 904 semper
1131 807 1180 880 ad
1205 805 1458 906 probationem
1483 807 1540 878 vel
1565 806 1858 879 exercitationem
1876 804 2045 880 fidelium

441 925 590 1000 habebit
605 941 718 1000 mater
734 927 904 1018 Ecclesia,
929 914 998 999 sub
1021 926 1152 999 Christi
1175 928 1339 1017 nomine,
1361 927 1495 1000 multos
1519 951 1612 1024 quos
1635 926 1763 1001 toleret
1786 927 2043 1000 antichristos:

441 1072 509 1146 pro
526 1045 658 1143 quibus
674 1046 911 1142 ingemiscens
927 1046 1090 1142 quotidie
1112 1047 1233 1120 dicat:
1250 1077 1269 1117 ι(
1288 1052 1339 1119 Ει
1356 1046 1463 1119 nobis
1484 1046 1661 1139 exierunt,
1687 1046 1752 1119 sed
1775 1072 1819 1119 ex
1842 1047 1949 1120 nobis
1969 1071 2045 1120 non

440 1180 560 1254 ernnt;
576 1198 594 1236 r>
611 1182 647 1240 et
673 1166 804 1239 affectu
826 1182 991 1239 materno
1011 1191 1078 1265 per
1095 1168 1255 1265 singulos
1276 1192 1394 1240 annos
1415 1167 1555 1266 procis
1576 1180 1617 1239 ut
1631 1166 1779 1240 redeant
1803 1166 1967 1241 immolat
1983 1192 2048 1266 pu·

440 1287 553 1360 blicas
566 1288 776 1360 orationum
791 1286 941 1359 hostias.
965 1293 1054 1359 Nam
1072 1319 1090 1356 α
1102 1302 1262 1386 oportet,
1276 1317 1295 1357 n
1316 1288 1433 1385 inquit
1445 1286 1666 1387 Apostolus¹,
1689 1314 1708 1353 u
1722 1285 1873 1359 haereses
1896 1311 1986 1378 esse,
2005 1302 2046 1361 ut

442 1422 478 1480 et
495 1408 558 1506 qui
581 1406 726 1506 probati
747 1420 833 1479 sunt
857 1407 1036 1479 manifesti
1054 1406 1146 1480 fiant
1161 1434 1170 1480 t
1187 1406 1329 1504 ›rqnod
1345 1406 1500 1478 maxime
1517 1406 1555 1478 in
1572 1405 1776 1479 novissimis
1798 1400 2042 1505 temporibus,

441 1527 640 1600 antichristi
656 1551 768 1624 regno
785 1527 1121 1626 appropinquante,
1149 1526 1311 1600 futurum
1325 1540 1570 1624 expectamus,
1597 1524 1747 1620 quando
1764 1527 1865 1623 juxta
1888 1524 2048 1599 domini.

441 1672 522 1721 cam
547 1661 583 1719 et
607 1646 844 1746 apostolicam
868 1647 1097 1737 sententiam,
1128 1648 1294 1744 graviora
1322 1671 1465 1744 semper
1493 1645 1683 1718 imminere
1708 1659 1817 1744 atque
1842 1670 2044 1719 excrescere

441 1783 581 1841 constat
597 1766 778 1865 pericula,
801 1781 838 1838 et
857 1766 1103 1863 refrigescente
1121 1768 1280 1857 caritate,
1305 1766 1400 1838 mala
1421 1766 1546 1839 omnia
1560 1765 1715 1864 amplius
1736 1764 1925 1864 pullulare.
1942 1765 2045 1839 Unde

441 1903 478 1961 et
501 1888 600 1960 idem
616 1886 810 1986 Apostolus
831 1884 883 1957 ad
899 1887 1153 1976 Timotheum,
1174 1918 1192 1953 ι(
1205 1892 1283 1960 Hoc
1303 1901 1438 1979 autem,
1461 1886 1594 1983 inquit,
1621 1886 1712 1958 scito
1737 1884 1839 1983 quod
1862 1886 1902 1957 in
1925 1887 2045 1958 nous·

441 2009 541 2080 simis
556 2006 683 2080 diebus
706 2006 892 2080 instabunt
914 2022 1080 2105 tempora
1096 2008 1318 2108 periculosa,
1338 2021 1374 2081 et
1389 2023 1496 2080 erunt
1511 2006 1680 2078 homines
1700 2005 1837 2104 seipsos
1858 2022 2043 2100 amantes,

439 2127 575 2227 cupidi,
594 2128 691 2219 elati,
710 2126 874 2226 superbi,
893 2126 1110 2225 blasphemi,
1131 2129 1209 2201 sine
1226 2152 1330 2228 pace,
1349 2126 1527 2199 habentes
1544 2127 1703 2224 speciem
1719 2125 1870 2223 quidem
1889 2126 2042 2226 pietatis,

440 2250 611 2320 virtutem
632 2246 709 2345 ejus
729 2246 998 2345 abnegantes.»
1019 2247 1092 2335 Qui
1116 2262 1154 2319 et
1174 2247 1279 2338 alibi,
1303 2276 1322 2316 tr
1336 2271 1424 2334 nos,
1443 2246 1592 2344 inquit⁸,
1618 2269 1756 2335 sumus,
1781 2245 1820 2317 in
1845 2270 1939 2344 quos
1957 2244 2046 2319 fines

441 2369 654 2442 saeculorum
670 2367 909 2441 devenerunt.
927 2396 945 2436 ιι
959 2373 1002 2440 Et
1022 2372 1146 2440 Petrus
1162 2369 1199 2440 in
1217 2365 1377 2440 secunda
1392 2364 1587 2464 Ept'smla‘,
1604 2394 1621 2433 s
1633 2364 1706 2438 hoc
1722 2366 1895 2464 primurn,
1914 2366 2044 2464 inquit,

441 2490 604 2577 scientes,
634 2488 737 2587 quod
758 2489 906 2562 venient
930 2488 968 2559 in
993 2488 1197 2561 novissimis
1221 2485 1350 2561 diebus
1375 2489 1415 2559 in
1434 2486 1648 2585 deceptione
1672 2484 1849 2578 illusores,
1875 2500 1979 2558 etc.»
2002 2490 2047 2557 Et

440 2610 651 2701 lohannes⁸,
672 2638 690 2675 s
704 2607 833 2700 Filioli,
861 2609 992 2704 inquit,
1019 2608 1215 2681 novissima
1240 2607 1333 2680 hora
1360 2622 1436 2697 est,
1465 2620 1503 2678 et
1525 2605 1618 2677 sicot
1645 2603 1795 2678 audutis
1819 2605 1920 2704 quod
1944 2609 2046 2678 Anti·

441 2728 594 2801 christus
610 2728 721 2817 venit,
741 2752 840 2799 nunc
867 2725 1075 2798 Antichristi
1097 2727 1203 2798 multi
1226 2726 1310 2798 facti
1335 2739 1432 2798 sunt.
1452 2723 1558 2798 Unde
1583 2725 1717 2797 scimus
1741 2726 1827 2822 quia
1851 2725 2045 2797 novissima

440 2847 534 2920 hora
558 2862 625 2918 est.
645 2851 697 2917 Ex
721 2844 829 2918 nobis
847 2846 1075 2945 prodierunt,
1094 2844 1160 2918 sed
1174 2870 1219 2918 er
1246 2844 1352 2918 nobis
1378 2870 1454 2918 non
1477 2860 1627 2917 erant.»
1647 2847 1739 2918 Hinc
1763 2859 1801 2919 et
1819 2845 1857 2916 in
1881 2844 2046 2942 Epistola

440 2966 543 3040 tude
568 2967 741 3066 scriptum
758 2967 827 3039 est⁰
851 2992 860 3036 ε
886 2997 904 3032 «
919 2969 995 3039 Vos
1018 2980 1160 3056 autem,
1187 2965 1381 3060 carissimi,
1409 2990 1589 3039 memores
1612 2979 1725 3039 estote
1749 2964 1945 3039 verborum
1968 2988 2046 3062 quae

440 3086 613 3189 praedicta
644 3100 729 3160 sunt
755 3085 802 3159 ab
826 3087 999 3186 apostolis
1022 3087 1172 3159 Domini
1193 3088 1307 3159 nostri
1331 3089 1609 3177 lusu-Cusum,
1635 3087 1699 3184 qui
1727 3085 1898 3159 dicebant
1923 3085 2042 3180 vobis,

441 3208 615 3308 quoniam
643 3207 681 3280 in
715 3207 918 3280 novissimis
955 3206 1181 3306 temporibus
1206 3208 1353 3281 venient
1377 3207 1552 3280 illusores.
1580 3207 1626 3278 Hi
1654 3219 1740 3279 sunt
1765 3207 1830 3304 qni
1860 3220 2047 3303 segregant

443 3330 653 3427 semetipsos
676 3355 684 3398 :
704 3341 740 3400 et
755 3325 824 3400 hos
846 3326 997 3426 quidem
1020 3328 1159 3425 arguite
1172 3325 1363 3425 judicatos.
1383 3355 1400 3395 >r
1418 3331 1468 3399 Ac
1488 3326 1519 3398 si
1541 3339 1664 3425 aperte
1684 3351 1753 3399 nos
1769 3323 1982 3399 adhortetur
1996 3325 2046 3399 di

442 3471 529 3520 cens
545 3474 553 3517 :
571 3445 773 3540 Providete,
793 3461 834 3519 ut
848 3448 937 3520 tales
957 3444 1156 3544 dijudicare
1172 3470 1215 3520 ac
1231 3445 1433 3519 rationibus
1449 3447 1665 3519 convincere
1683 3445 1846 3536 valeatis,
1868 3474 1887 3514 «
1899 3470 2047 3546 compa·

443 3568 510 3638 rati
534 3591 690 3666 semper,
706 3596 724 3633 ι
748 3580 789 3638 ut
815 3571 864 3637 n.
887 3570 1012 3638 Petrus
1041 3566 1239 3653 meminit⁷‚
1267 3596 1285 3632 α
1298 3565 1345 3639 ad
1370 3564 1650 3638 satisfactionem
1671 3567 1772 3639 omni
1796 3568 1960 3665 poscenti
1981 3592 2046 3640 vos

443 3686 621 3758 rationem
638 3686 684 3759 de
701 3709 743 3758 ea
757 3710 837 3784 quae
853 3685 890 3757 in
908 3685 946 3756 in
964 3683 1070 3758 vobis
1083 3699 1137 3759 est
1152 3710 1216 3783 spe
1232 3700 1268 3757 et
1283 3683 1370 3778 fide,
1389 3700 1431 3759 ut
1446 3687 1483 3757 in
1498 3710 1544 3759 eo
1557 3686 1659 3783 quod
1672 3684 1868 3759 detrahunt
1883 3684 1932 3759 de
1944 3686 2047 3759 vobis

442 3804 724 3895 confundantur,
751 3804 816 3902 qui
839 3804 1106 3876 calumniantur
1125 3817 1278 3876 vestram
1303 3803 1440 3878 bonam
1462 3806 1501 3877 in
1520 3805 1664 3878 Christo
1686 3804 2044 3879 conversationem.»

443 3922 542 3995 Idem
568 3938 606 3994 et
625 3921 856 4022 coapostolus
878 3922 954 4019 ejus
977 3921 1107 3994 Paulus
1130 3947 1359 4016 ammonens,
1382 3928 1548 4018 «Sermo,
1569 3926 1717 4022 inquit¹,
1743 3940 1860 3998 vester
1877 3925 2043 4022 ingratia

442 4041 610 4118 conditus
629 4042 674 4114 sit
690 4042 782 4135 sale,
808 4056 849 4114 ut
864 4042 982 4115 sciatis
1000 4041 1190 4140 quomodo
1212 4058 1377 4142 oporteat
1393 4069 1457 4118 vos
1477 4046 1675 4143 unicuique
1690 4043 1922 4144 respondere.
1940 4074 1958 4112 s
1977 4047 2046 4118 tta-

442 4163 542 4235 tione
564 4162 679 4260 magis
700 4161 860 4236 haretici
886 4186 996 4260 quam
1017 4176 1195 4261 potestate
1216 4164 1421 4254 coercendi,
1446 4189 1530 4240 cum
1550 4166 1653 4263 juxta
1676 4180 1886 4239 sanctorum
1902 4178 2048 4264 patrum

442 4283 715 4374 auctoritatem,
743 4280 868 4356 fideles
894 4281 1067 4382 quidem,
1090 4284 1223 4382 quibus
1250 4285 1376 4358 omnia
1396 4300 1641 4386 cooperantur
1666 4285 1705 4357 in
1728 4285 1890 4376 bonum,
1917 4310 2047 4360 eorum

442 4401 747 4503 disputationibus
774 4403 958 4476 exercitati
985 4402 1229 4500 vigilantiores
1261 4419 1370 4502 atque
1393 4406 1570 4477 cautiores
1594 4405 1805 4480 reddantur.
1831 4404 1937 4479 Unde
1958 4406 2048 4480 Hie·

442 4546 616 4620 ronymus
630 4548 739 4621 super
756 4525 951 4595 Jeremrirm
967 4522 1062 4596 libro
1073 4527 1138 4595 ll:
1161 4521 1249 4596 «Ad
1264 4538 1420 4621 tempus,
1438 4525 1568 4623 inquit,
1588 4525 1683 4598 valet
1701 4525 1857 4616 haeresis,
1881 4541 1921 4598 ut
1943 4525 2047 4600 electi

442 4643 577 4740 quique
602 4640 893 4716 manifesti⁸fiant
918 4658 955 4716 et
978 4642 1120 4742 probati
1147 4644 1230 4715 sint.
1245 4673 1264 4711 s
1288 4645 1506 4742 Augustinus
1531 4647 1668 4719 Contra
1690 4646 1881 4744 epistolam
1902 4647 2046 4720 Parme·

441 4763 542 4835 niani
566 4790 574 4834 :
593 4761 790 4834 «Haeretici
814 4763 899 4834 siin
921 4763 1073 4836 ecclesia
1088 4777 1228 4853 essent,
1255 4763 1491 4838 nihilominus
1512 4779 1685 4840 errarent.
1704 4768 1798 4838 Cum
1822 4778 1944 4838 autem
1961 4765 2048 4838 foris

474 5089 480 5119 ¹
501 5085 615 5138 corinth.
633 5086 661 5146 t.
678 5098 732 5148 esp.
751 5098 789 5150 ιι,
814 5098 838 5134 v.
860 5086 899 5136 19.
918 5109 947 5121 -
963 5086 972 5115 ²
986 5084 1052 5134 Tim.
1069 5085 1156 5146 f,esp.
1174 5097 1214 5146 ru,
1271 5098 1297 5136 v.
1309 5087 1334 5136 3.
1349 5110 1380 5123 -
1402 5081 1491 5135 ‘loen
1511 5082 1530 5144 l,
1546 5096 1601 5147 cap.
1617 5098 1645 5147 u,
1665 5097 1689 5136 v.
1710 5086 1749 5136 18.
1769 5110 1802 5121 -
1819 5084 1830 5117 ⁴
1846 5081 1903 5135 lud.
1923 5097 1991 5135 xvttt.
2016 5108 2045 5120 -

442 5180 466 5219 v.
480 5170 502 5219 1.
517 5169 567 5205 -¹
579 5166 695 5219 conell.
706 5167 729 5227 f,
739 5180 793 5229 cap.
804 5180 831 5226 ι,
843 5167 915 5217 cll.
929 5191 958 5202 —
971 5166 979 5197 ⁶
993 5162 1097 5226 venti,
1111 5177 1166 5227 cap.
1180 5178 1218 5228 nt,
1272 5163 1357 5215 ’Peto
1369 5163 1391 5228 l,
1402 5178 1457 5228 cap.
1469 5177 1509 5227 ιιι,
1522 5177 1546 5215 ι.
1560 5167 1600 5218 ts.
1612 5167 1661 5203 -·
1674 5163 1772 5228 colea,
1782 5179 1838 5229 cap·
1853 5177 1895 5228 tv,
1906 5177 1930 5215 v.
1943 5165 1968 5215 6.
