4559 6100
478 479 551 552 726
1082 474 1210 547 PETRI
1235 475 1471 549 ABAELAltDl

478 626 629 727 qualiter
656 626 795 700 futurus
821 626 886 716 sit,
910 649 979 698 nec
999 625 1201 699 secundum
1224 627 1381 700 futuram
1405 628 1517 701 vitam
1545 627 1695 724 gratiam
1719 627 1851 725 cuique
1874 626 2002 700 tribuit
2022 626 2096 698 vel

478 760 601 843 negat;
626 745 689 818 sed
705 769 815 844 super
831 744 903 817 hoc
919 744 1019 843 quod
1035 745 1135 819 videt
1159 770 1244 820 eum
1270 746 1504 847 suscipieudae
1529 748 1648 843 gratiae
1666 762 1916 846 praeparatum.
1935 748 2093 821 Dicitur

478 881 598 941 autem
613 864 841 964 providentia
856 864 955 962 quod
972 865 1138 964 providet
1151 870 1247 939 Deus
1263 866 1366 939 illum
1382 866 1615 956 adhesurum,
1629 865 1729 939 illum
1743 891 1818 939 uon
1834 867 2086 955 adhesurum3

478 984 742 1085 praedestinatio
768 982 868 1081 quod
892 982 991 1057 videt
1015 1008 1099 1056 eum
1131 982 1178 1057 ad
1211 984 1475 1086 suscipiendam
1506 985 1657 1082 gratiam
1684 1000 1934 1085 preparatum,
1961 999 1999 1057 et
2023 999 2090 1057 est

480 1103 745 1203 praedestinatio
771 1104 808 1174 in
833 1102 953 1193 bonis,
977 1102 1204 1202 providentia
1220 1119 1257 1176 et
1281 1106 1319 1176 in
1345 1104 1453 1177 bonis
1473 1117 1510 1177 et
1533 1105 1571 1176 in
1595 1104 1712 1177 malis.
1737 1108 1846 1203 Large
1873 1119 1994 1178 tamen
2010 1105 2087 1178 ali-

481 1222 628 1320 quando
645 1222 906 1321 praedestinatio
922 1222 1052 1295 dicitur
1065 1220 1112 1296 de
1128 1223 1236 1296 bouis
1254 1238 1290 1297 et
1305 1225 1420 1296 malis.
1449 1223 1751 1298 Praedestinantur
1772 1224 1858 1321 justi
1881 1225 1918 1296 in
1945 1224 2086 1323 baptis-

483 1357 591 1435 mate,
619 1342 808 1414 Christiani
837 1342 874 1413 in
901 1343 1152 1440 conceptione.
1176 1343 1285 1430 «Qui
1309 1342 1578 1441 praedestinatus
1594 1357 1659 1415 est.
1680 1372 1700 1411 n
1731 1342 1995 1416 Praedestinatio
2022 1359 2084 1415 est

482 1461 679 1534 beneficior
692 1461 758 1533 Dei
767 1461 987 1560 praescieutia
1003 1460 1212 1534 ordinatio¹.
1230 1461 1338 1535 Aliter
1354 1462 1633 1560 praedestinatio,
1647 1462 1750 1535 aliter
1763 1462 1968 1561 permissi03
1986 1487 2083 1562 prac-

483 1581 673 1654 destinatio
690 1581 727 1651 in
744 1579 849 1671 velle,
868 1579 1054 1679 permissio
1079 1581 1117 1652 in
1142 1580 1252 1653 nolle.
1277 1581 1374 1669 Quid
1397 1581 1505 1654 distet
1527 1582 1621 1653 inter
1643 1580 1899 1679 praescientiam
1926 1595 1962 1652 et
1984 1606 2082 1679 prae·

368 1785 371 1790 „
484 1701 783 1775 destinationem?
798 1700 1019 1772 Praescientia
1032 1700 1180 1797 quidem
1196 1714 1250 1773 est
1262 1724 1383 1773 rerum
1399 1701 1526 1774 notitia
1541 1699 1958 1799 futurarum,autequam
1972 1700 2077 1792 fiant,

479 1847 522 1895 ex
549 1822 655 1894 nullis
681 1844 805 1893 earum
829 1819 989 1909 indiciis,
1015 1819 1079 1892 sed
1099 1843 1143 1892 ex
1160 1818 1237 1892 sola
1262 1822 1329 1892 Dei
1353 1820 1588 1919 inspiratione
1615 1819 1783 1910 collecta3
1812 1820 2081 1919 praedestinatio

479 1966 567 2015 vero
589 1956 642 2013 est
667 1938 923 2040 praeordinatio
946 1964 1065 2012 rerum
1093 1955 1190 2012 certa
1215 1955 1449 2032 cunctarum,
1475 1955 1516 2013 ut
1539 1938 1628 2012 fiant
1651 1935 1751 2011 nullo
1768 1962 1929 2037 unquam
1944 1955 2079 2013 eventu

479 2061 664 2135 mutanda.
683 2065 727 2131 Et
738 2058 957 2159 praescientia
973 2059 1119 2157 quidem
1137 2060 1175 2131 in
1194 2062 1312 2132 Deum
1329 2074 1448 2159 potest
1466 2073 1501 2132 et
1517 2060 1554 2131 in
1571 2059 1738 2132 homines
1758 2057 1904 2150 eadem,
1925 2059 2078 2157 prades·

427 2241 433 2250 .
480 2183 606 2255 tinatio
630 2207 704 2254 non
726 2180 795 2252 nisi
811 2180 849 2251 in
869 2179 986 2252 solum
1012 2184 1152 2272 Deum,
1178 2205 1292 2277 quum
1308 2182 1374 2253 etsi
1397 2181 1507 2278 aliqui
1530 2181 1678 2279 perlecti
1703 2180 1838 2252 scilicet
1860 2180 1941 2271 viri,
1967 2182 2080 2276 gratia

480 2302 546 2375 Dei
562 2300 697 2398 adjuti,
723 2300 887 2397 praescire
904 2298 1023 2372 futura
1038 2299 1219 2389 noverint,
1239 2298 1491 2397 praedestinare
1514 2314 1635 2372 tamen
1657 2323 1700 2372 ea
1723 2299 1927 2372 nullatenus
1949 2316 2078 2398 potue·

479 2436 577 2512 runt,
596 2422 658 2518 qui
687 2443 914 2518 nequaquam
937 2442 980 2491 ea
1001 2420 1164 2517 praesciie
1184 2417 1360 2510 valerent,
1387 2419 1455 2491 nisi
1471 2419 1577 2517 prius
1599 2417 1645 2490 ab
1671 2417 1801 2518 opifice
1826 2443 1969 2492 summo
1989 2445 2080 2517 prae-

480 2541 657 2615 destinata
687 2540 816 2611 forent.
848 2536 952 2609 Unde
976 2538 1240 2637 praedestinatio
1266 2539 1332 2611 Dei
1366 2554 1599 2638 temporanea
1629 2537 1700 2609 dici
1724 2539 1828 2631 solet,
1857 2541 2080 2638 praescientia

479 2686 566 2734 vero
583 2659 904 2757 subtemporanea,
924 2656 987 2729 sed
1009 2657 1085 2729 haec
1108 2665 1292 2754 quantum
1307 2657 1354 2729 ad
1373 2657 1554 2746 homines,
1581 2682 1656 2729 non
1673 2671 1852 2754 quantum
1874 2657 1922 2730 ad
1945 2663 2077 2730 Deum.

483 2810 502 2849 α
525 2785 577 2851 An
596 2779 736 2851 divitias
751 2777 934 2869 bonitatis,
959 2792 1027 2849 etc.
1049 2805 1069 2846 n
1090 2777 1330 2872 increpaticus
1352 2790 1417 2848 est.
1437 2776 1544 2848 Dives
1561 2791 1614 2848 est
1629 2780 1727 2849 Deus
1744 2778 1782 2849 in
1803 2777 1961 2849 bonitate
1984 2777 2080 2849 dum

483 2900 596 2973 multa
614 2898 737 2970 tribuit
749 2897 848 2970 bona
863 2895 1070 2969 homiuibus
1086 2910 1122 2967 et
1148 2896 1324 2995 patienter
1342 2909 1522 2993 exspectat
1537 2910 1573 2968 et
1588 2896 1854 2994 longanimiter,
1872 2897 1909 2969 id
1925 2909 1976 2968 est
1992 2895 2074 2985 diu,

482 3036 518 3095 et
539 3019 612 3093 hoc
633 3018 717 3093 ideo
743 3032 782 3091 ut
798 3018 1013 3118 poeniteant,
1042 3017 1128 3117 quia
1152 3041 1217 3117 per
1243 3015 1303 3089 illa
1319 3014 1418 3089 bona
1440 3031 1592 3116 possunt
1606 3014 1738 3090 adduci
1756 3017 1804 3091 ad
1829 3017 2076 3117 penitentiam,

482 3165 565 3213 cum
582 3154 618 3212 et
633 3141 702 3240 ipsi
719 3140 806 3212 tales
822 3140 893 3211 sint
906 3138 969 3236 qui
985 3138 1147 3237 penitere
1162 3149 1325 3236 possunt.
1348 3166 1365 3201 α
1384 3140 1437 3207 Αη
1453 3136 1596 3232 ignoras
1613 3137 1799 3233 quoniam,
1819 3152 1886 3213 etc.
1908 3167 1928 3206 n

531 3322 618 3392 Cae.
636 3344 697 3390 xv.
717 3317 947 3392 «Debemus.
970 3343 988 3384 n
1009 3316 1075 3388 Hic
1095 3316 1203 3387 docet
1220 3314 1266 3387 de
1278 3314 1504 3412 susceptione
1522 3312 1762 3385 infirmorum.
1785 3346 1803 3381 u
1819 3318 1900 3387 Non
1919 3314 2039 3408 nobis,
2058 3347 2077 3382 s

482 3440 589 3513 idest
611 3454 741 3511 nostrae
762 3437 952 3526 voluntati,
966 3434 1030 3507 sed
1048 3436 1294 3532 proximorum
1312 3432 1464 3506 utilitati.
1487 3460 1506 3500 u
1526 3433 1666 3504 Etenim
1685 3433 1841 3506 Christo.
1867 3465 1885 3503 n
1905 3434 2079 3533 Exemplo

482 3558 612 3631 Christi
626 3557 733 3629 docet
748 3581 823 3627 non
840 3579 917 3627 esse
934 3552 1151 3653 placendum
1167 3554 1278 3641 carni,
1296 3554 1359 3626 scd
1376 3551 1623 3651 proximorum
1641 3552 1795 3626 utilitati.
1813 3583 1831 3623 r
1848 3553 1900 3626 td
1919 3569 2080 3628 nostram

482 3677 699 3771 doctrinam,
722 3706 739 3743 r>
759 3675 796 3748 id
813 3690 866 3747 est
881 3674 929 3748 ad
943 3672 1235 3745 informationem
1257 3696 1401 3745 morum
1428 3672 1518 3743 facta
1541 3671 1672 3744 Christi
1695 3673 1828 3772 scripta
1849 3689 1946 3746 suut.
1970 3679 2011 3748 ln
2034 3700 2078 3747 eo

483 3799 580 3869 enim
598 3797 704 3896 plena
720 3797 836 3868 forma
850 3809 885 3867 et
901 3792 1109 3893 exemplum
1125 3792 1204 3865 vitae
1222 3806 1353 3865 nostrae
1369 3791 1498 3863 fuir...

533 3976 620 4045 Car.
638 3998 707 4043 rvr.
729 4000 747 4041 n
767 3976 814 4043 Ut
830 3985 952 4044 autem
965 3968 1010 4044 sit
1028 3970 1140 4066 gloria
1157 3985 1192 4043 et
1203 3970 1385 4042 bonon...
1401 3998 1419 4034 »
1442 3971 1521 4039 Non
1539 3966 1688 4064 legimus
1705 3970 1983 4044 determinatum
1998 3974 2077 4070 qui·

484 4093 553 4164 bus
566 4090 685 4163 verbis
708 4089 809 4161 fieret
829 4090 1005 4188 baptisma
1019 4088 1212 4182 lohannis;
1236 4086 1298 4161 sed
1315 4089 1390 4161 sive
1406 4110 1492 4159 cum
1507 4085 1638 4180 verbis,
1657 4089 1731 4160 sive
1748 4090 1827 4163 sine
1845 4090 1983 4184 verbis,
2002 4116 2076 4163 non

485 4211 639 4287 dabatur
666 4212 704 4283 iu
729 4235 774 4283 eo
797 4210 973 4282 remissio.
994 4212 1077 4279 Erat
1094 4210 1191 4280 enim
1207 4208 1371 4306 quaedam
1398 4205 1609 4305 praeparatio
1625 4207 1671 4279 ad
1687 4206 1908 4309 baptismum
1933 4210 2073 4283 Christi.

485 4334 659 4432 Discipuli
683 4356 769 4405 vero
795 4329 927 4403 Christi
945 4329 1007 4426 qui
1029 4343 1193 4428 tempore
1215 4326 1390 4400 iohannis
1414 4325 1707 4424 baptizaverunt,
1735 4329 1772 4400 in
1794 4332 1944 4403 nomine
1967 4333 2077 4405 Patris

485 4468 521 4526 et
546 4453 622 4524 Filii
650 4468 685 4525 et
710 4453 861 4551 Spiritus
892 4451 1005 4522 sancti
1032 4450 1069 4520 in
1098 4450 1344 4521 remissionem
1366 4441 1611 4543 baptizabant.
1640 4449 1694 4518 De
1723 4447 1908 4547 baptizatis
1932 4450 2079 4548 quidam

486 4572 809 4677 rebaptizatinsunt,
830 4569 979 4667 quidam
1000 4593 1088 4640 non.
1109 4567 1164 4640 llli
1190 4569 1253 4665 qui
1269 4565 1478 4664 rebaptizati
1495 4579 1597 4657 sunt,
1622 4566 1659 4637 in
1685 4590 1778 4664 aqua
1800 4570 1930 4642 iterum
1950 4572 2075 4663 mersi,

486 4695 654 4795 spiritum
674 4689 918 4791 accipiebaut;
940 4688 1000 4759 alii
1016 4712 1102 4760 vero
1124 4687 1348 4788 accipiebant
1368 4686 1533 4786 spiritum
1550 4685 1628 4758 sine
1648 4687 1835 4761 iteratione
1856 4713 1971 4788 aquae,
1993 4692 2079 4789 quia

487 4812 650 4887 sufficere
666 4809 857 4884 videbatur
873 4807 931 4880 illa
947 4832 1049 4905 aquae
1063 4805 1200 4880 ablutio
1216 4831 1325 4905 quam
1342 4831 1407 4904 per
1426 4804 1630 4878 iohannem
1647 4824 1921 4907 acceperant...

520 5093 527 5123 ¹
537 5089 579 5142 Slc
590 5089 667 5142 Codd.
