4559 6100
471 427 546 500 692
1076 423 1204 496 PETRI
1232 424 1468 498 ABAELARDI

472 601 612 650 summa
635 591 706 668 est,
731 589 769 646 ut
793 576 886 668 dixi,
915 576 1159 672 cujuscunque
1173 590 1344 648 creaturae
1369 575 1511 647 miseria
1534 574 1590 647 vel
1611 598 1718 674 poena
1740 598 1808 674 pro
1833 575 1966 647 meritis
1993 599 2078 646 sus·

472 711 588 795 cepta.
617 698 806 768 Summum
836 709 956 767 autem
982 694 1141 767 hominis
1166 696 1301 768 malum
1324 711 1562 793 quoscunque
1585 693 1776 767 hominum
1801 695 1851 766 ibi
1885 696 2072 767 cruciatus

473 841 539 914 pro
556 816 690 888 meritis
706 829 891 913 susceptos
908 838 1171 912 nuncupamus.
1207 845 1209 848 ·

1115 1022 1164 1086 De
1180 1044 1306 1086 summo
1322 1021 1420 1087 malo.

520 1170 721 1237 Cuarsrmrr.
739 1169 923 1251 Quantum
941 1165 1118 1262 percipio,
1138 1179 1211 1235 tarn
1229 1188 1412 1236 summum
1429 1163 1564 1235 malum
1580 1186 1690 1260 qnam
1708 1185 1890 1247 summum
1907 1161 2072 1235 hominis

471 1283 605 1355 malurn
623 1309 698 1355 non
717 1284 784 1354 nisi
801 1306 926 1379 poenas
943 1282 1052 1354 futuri
1066 1284 1189 1371 seculi,
1208 1308 1276 1382 pro
1293 1284 1427 1357 meritis
1442 1281 1612 1373 redditas,
1631 1280 1822 1378 intelligis?

520 1408 661 1474 Parcus.
682 1407 734 1473 lta
753 1402 890 1498 utique.

520 1526 719 1594 Crrmsrrru.
741 1526 783 1592 Αι
800 1521 965 1618 prosectu.
982 1546 1096 1620 pnenae
1119 1522 1186 1595 illae
1203 1523 1422 1620 promeritis
1439 1522 1576 1594 collatae
1593 1521 1717 1617 utique
1737 1520 1840 1615 justa
1857 1532 1960 1610 sunt,
1980 1521 2070 1624 quia

466 1644 603 1738 justum
628 1657 680 1714 est
706 1644 755 1713 sic
779 1665 841 1712 ens
857 1642 1005 1739 punire,
1030 1643 1091 1740 qui
1117 1657 1339 1714 meruerunt,
1358 1640 1544 1737 Quidquid
1561 1664 1648 1713 vero
1669 1639 1807 1735 justum
1830 1654 1901 1730 est,
1927 1636 2069 1710 bonnm

470 1786 546 1833 esse
570 1775 723 1834 constat.
744 1766 861 1832 Poenae
885 1753 1011 1856 itaque
1028 1760 1107 1851 ittae,
1131 1784 1221 1858 quas
1241 1784 1424 1834 summum
1448 1759 1602 1851 maium,
1621 1758 1679 1830 vel
1700 1782 1883 1830 summum
1909 1756 2068 1830 hominis

471 1880 605 1951 malum
633 1902 836 1976 nuncupaS,
858 1881 934 1950 sine
958 1879 1072 1951 dubio
1100 1880 1204 1951 bonae
1230 1895 1326 1952 sunt.
1349 1879 1439 1952 Vide
1464 1903 1550 1975 ergo
1577 1902 1624 1950 an
1649 1877 1686 1950 id
1716 1876 1816 1973 quod
1843 1877 1984 1949 bonum
2015 1893 2068 1949 est

470 2001 589 2097 potius
615 2022 724 2096 quam
751 1996 905 2088 malum,
924 1998 1124 2086 concedere
1142 1999 1293 2072 videaris
1318 2023 1394 2071 esse
1416 2023 1599 2071 summum
1620 1996 1773 2070 malunt.
1794 1999 1876 2084 Qua
1899 1997 1996 2068 enim
2016 2021 2069 2068 ra·

471 2118 568 2189 tione
593 2141 776 2189 summum
804 2113 1015 2190 malumve!
1041 2142 1223 2190 summum
1249 2118 1407 2190 hominis
1432 2117 1566 2190 mulum
1590 2117 1704 2206 dicas,
1733 2114 1833 2211 quod
1859 2114 2064 2188 nullatenus

471 2238 606 2310 malum
624 2238 681 2330 sit,
702 2262 775 2309 non
795 2237 916 2309 video.

521 2361 663 2429 Furens.
683 2358 884 2429 Meminisse
902 2372 936 2428 te
951 2373 1106 2455 oportet,
1127 2382 1149 2429 a
1165 2373 1200 2430 te
1218 2359 1298 2457 ipso
1314 2360 1478 2457 superius
1499 2371 1573 2429 tam
1589 2372 1796 2429 nostrorum
1811 2381 1922 2454 quam
1936 2371 2068 2427 vestro·

470 2501 552 2548 rum
585 2477 796 2548 testimoniis
826 2476 987 2565 ostendi,
1022 2501 1185 2548 omnem,
1204 2500 1348 2574 quoque
1378 2476 1609 2550 afflictionem
1636 2475 1771 2549 malum
1798 2477 1920 2574 potius
1956 2499 2065 2573 qnam

470 2593 610 2666 bonurn
637 2619 725 2666 esse.
752 2596 830 2670 Non
850 2609 969 2665 tamen
994 2595 1076 2667 iden
1095 2619 1242 2666 omnem
1263 2620 1338 2668 esse
1361 2596 1492 2669 malam
1515 2596 1789 2669 cnnoedendurn
1806 2595 1981 2683 arbitron
2001 2595 2068 2666 fre·

471 2727 621 2810 quenter
647 2714 781 2810 quippe
809 2736 980 2809 generum
1007 2715 1223 2812 permutatio
1250 2715 1286 2786 in
1309 2715 1494 2813 adjectivis
1517 2714 1724 2789 nominibus
1757 2739 1902 2788 sensum
1929 2715 2063 2802 variat,

471 2845 512 2902 ut
527 2830 625 2903 aliud
643 2828 816 2925 significet
838 2855 983 2930 poenam
996 2829 1078 2905 'esse
1095 2832 1246 2923 honam,
1265 2847 1301 2906 et
1319 2834 1418 2907 aliud
1442 2835 1563 2908 dicere
1577 2857 1722 2934 poenam
1745 2858 1821 2906 esse
1846 2832 2001 2920 bonurn,
2027 2833 2066 2903 id

471 2964 523 3021 est
548 2974 624 3021 rem
650 2948 796 3021 bonam.
823 2950 922 3022 Sicut
943 2952 1041 3024 aliud
1066 2966 1119 3024 est
1145 2952 1263 3024 dicere
1288 2952 1382 3026 hanc
1406 2978 1535 3027 aeream
1551 2968 1704 3027 statuam
1729 2976 1807 3024 esse
1829 2966 2062 3052 perpetuam,

472 3069 571 3168 quod
591 3068 717 3142 salsum
733 3083 802 3160 est,
825 3070 921 3142 aliud
939 3097 1019 3144 eam
1041 3097 1118 3145 esse
1143 3088 1376 3172 perpetuum,
1396 3074 1434 3147 id
1455 3089 1509 3148 est
1528 3099 1604 3147 rem
1625 3072 1783 3170 aliquam
1800 3098 1881 3170 qnae
1896 3086 2067 3170 perpetua

471 3190 529 3278 sit,
548 3188 649 3287 quod
664 3214 791 3262 verum
807 3206 872 3283 est,
889 3207 1014 3289 utpote
1031 3195 1150 3290 ipsum
1166 3216 1213 3263 aes
1228 3194 1330 3290 cujus
1346 3219 1474 3293 perpes
1490 3210 1526 3266 et
1541 3190 1750 3267 indeficiens
1766 3206 1820 3265 est
1837 3206 1979 3263 natura.
1996 3191 2066 3263 Sed

471 3324 606 3381 etcum
626 3310 745 3381 omnis
764 3311 966 3408 propositio
978 3312 1220 3409 compositum
1236 3313 1421 3410 quoddam
1438 3315 1497 3407 sit,
1517 3338 1592 3386 non
1616 3327 1734 3386 tamen
1756 3336 1903 3384 omnem
1920 3336 2067 3410 compn-

471 3429 575 3501 sitnm
601 3428 766 3519 dicimus,
786 3428 848 3499 sed
868 3428 964 3502 iiiam
988 3446 1141 3524 tantum,
1161 3457 1239 3528 quae
1261 3420 1527 3531 propositiones
1541 3435 1577 3507 in
1595 3431 1757 3533 partibus
1775 3431 1909 3521 habet,
1927 3431 1999 3503 hoc
2015 3447 2066 3503 est

470 3545 760 3644 hypotheticam,
789 3570 856 3617 nec
881 3573 1027 3620 omnem
1059 3549 1256 3623 dictionem
1289 3554 1527 3651 compositam
1551 3553 1724 3645 dicimus,
1752 3575 1862 3649 quam
1886 3575 1964 3624 esse
1992 3577 2064 3623 reru

472 3666 707 3763 compositam
733 3665 878 3756 scimus,
897 3691 964 3738 nec
991 3693 1136 3742 omnem
1161 3696 1271 3768 quarn
1294 3674 1492 3771 simplicem
1511 3697 1704 3762 vocamus,
1732 3695 1809 3743 esse
1833 3694 1910 3742 rem
1931 3672 2067 3769 simpli-

390 3770 398 3779 ’
471 3807 550 3854 cern
574 3783 827 3855 concedemus.
855 3786 912 3856 Sic
934 3787 1040 3883 igitur
1069 3804 1213 3863 etcum
1239 3817 1384 3891 poenam
1410 3794 1566 3891 aliquam
1588 3795 1719 3889 justam
1742 3806 1803 3863 aut
1831 3789 1968 3863 bonam
1992 3816 2066 3862 esse

471 3900 635 3993 dicimus,
660 3925 705 3973 eo
728 3900 859 3974 scilicet
885 3906 985 4001 quod
1004 3908 1139 4004 justum
1165 3912 1209 3982 sit
1231 3926 1293 4006 ant
1317 3911 1476 4001 bonum,
1502 3936 1585 3985 eum
1610 3911 1736 4009 affligi,
1765 3909 1829 4007 qui
1860 3923 2061 4006 torquetur,

470 4045 545 4092 non
573 4036 692 4092 tamen
722 4018 804 4091 ideo
832 4047 911 4094 earn
942 4048 1017 4098 esse
1043 4054 1119 4100 rem
1145 4030 1278 4125 justam
1305 4047 1367 4103 aut
1395 4030 1531 4104 bonam
1558 4029 1758 4102 concedere
1786 4030 1959 4125 cogimur.
1990 4030 2064 4098 Vos

430 4184 435 4189 -
469 4163 614 4237 quoque
632 4163 714 4210 cnm
743 4163 889 4211 ornnem
910 4159 1110 4219 creaturam
1133 4148 1268 4222 bonam
1294 4174 1370 4222 esse
1393 4151 1555 4247 ponatis,
1579 4174 1624 4222 eo
1641 4148 1828 4238 videlicet,
1851 4145 1951 4242 quod
1974 4145 2064 4218 nihii

469 4283 510 4330 ex
534 4259 717 4331 creatione
731 4259 796 4329 Dei
816 4285 890 4332 non
915 4262 1054 4337 bonum
1085 4268 1141 4359 sit,
1166 4292 1233 4338 nec
1259 4269 1367 4339 etiam
1395 4269 1581 4340 hominem
1607 4283 1808 4341 creaturam
1834 4291 1910 4338 esse
1934 4268 2065 4362 negetis

469 4393 506 4450 et
523 4403 588 4475 per
602 4377 674 4450 hoc
690 4402 774 4450 eum
791 4381 855 4474 qni
877 4381 991 4455 malus
1019 4399 1089 4473 est,
1110 4408 1187 4457 esse
1204 4410 1281 4457 rem
1298 4384 1433 4459 bonam
1450 4387 1630 4476 annuatis,
1649 4410 1723 4458 nun
1741 4401 1861 4458 tamen
1880 4384 1965 4458 ideo
1983 4409 2064 4456 eum

468 4521 545 4569 esse
568 4496 754 4568 hominem
777 4497 917 4571 bonum
934 4503 1101 4600 recipitis.
1132 4508 1246 4576 Nemo
1271 4506 1404 4604 qnippe
1427 4507 1617 4579 hominum
1638 4526 1716 4579 esse
1742 4503 1860 4576 bonus
1892 4503 2064 4577 dicendus

467 4631 538 4707 est,
566 4616 638 4727 nisi
655 4618 718 4711 qui
736 4616 843 4690 bonis
858 4618 1052 4694 adornatus
1067 4635 1121 4694 est
1138 4623 1313 4697 moribus.
1338 4630 1437 4698 Bona
1459 4641 1577 4698 autem
1604 4649 1661 4697 res
1683 4625 1758 4699 sive
1782 4622 1879 4695 bona
1901 4640 2064 4697 creatura

466 4734 537 4806 dici
556 4749 673 4832 potest
689 4737 813 4826 etiam,
834 4762 913 4834 qnae
926 4740 1139 4813 irrationalis
1152 4758 1206 4814 est
1218 4759 1255 4815 et
1267 4746 1473 4818 inanimata.
1490 4743 1562 4817 Sed
1574 4768 1660 4816 cum
1674 4742 1799 4815 omnia
1813 4747 1911 4814 Deus
1925 4767 2063 4815 creasse

464 4852 566 4925 bona
593 4853 747 4943 dicatur,
771 4869 808 4925 et
824 4854 883 4928 hic
899 4859 1066 4954 parvulus
1087 4859 1200 4933 homo
1219 4864 1276 4935 vel
1293 4886 1407 4961 equus
1423 4863 1469 4937 ab
1493 4888 1538 4937 en
1556 4863 1632 4959 jam
1653 4877 1793 4943 creatus
1815 4865 1880 4953 sit,
1900 4863 2064 4959 quamvis

463 4996 520 5045 res
535 4971 633 5045 bona
650 4988 789 5046 creatus
811 4975 869 5066 sit,
888 4992 1098 5050 nontamen
1121 4979 1241 5054 bonus
1259 4981 1371 5054 homo
1389 4983 1444 5056 vel
1460 4982 1579 5056 bonus
1593 5004 1709 5079 equus
1727 4981 1802 5080 jam
1818 4994 1961 5054 creatus
1976 4994 2029 5052 est
2050 5028 2060 5065 ,
