4559 6100
672 601 715 684 lN
740 611 986 684 urtsrotln
1010 609 1071 682 ln
1095 605 1320 686 Ronanus.
1724 617 1791 688 211

205 762 315 862 gratia
340 760 513 853 conferri,
536 786 621 834 cum
642 760 739 860 apud
763 759 962 832 Dominum
981 759 1059 834 sola
1082 762 1235 834 amantis
1260 759 1351 838 fidas
1371 759 1418 834 ad
1436 762 1610 858 justitiam
1630 762 1795 837 sufficiat.

206 889 250 957 Et
270 882 344 955 boc
358 895 425 974 est,
439 881 541 980 quod
559 882 719 980 sequitur
733 908 743 952 z
760 909 779 951 n
793 881 834 952 Ei
850 904 937 953 vcro
954 881 1017 978 qui
1037 906 1113 953 non
1127 896 1297 980 operatur
1308 910 1326 950 a
1345 881 1470 978 legalia
1483 881 1648 955 videlicet
1664 905 1795 980 opera,

206 1004 269 1078 sed
290 1000 486 1103 perfidem
508 1002 642 1075 eirene
664 1001 836 1092 cubaret,
860 1002 924 1099 qni
935 1000 1104 1099 justificat
1126 1003 1293 1102 impium,
1307 1018 1346 1076 et
1362 1002 1435 1074 boc
1452 1016 1518 1094 est,
1540 1031 1559 1071 «
1572 1001 1737 1074 Credcmi
1761 1004 1798 1075 iu

208 1149 290 1198 euru
299 1124 362 1220 qui
372 1119 541 1220 justificat
553 1123 721 1221 impium,
728 1150 747 1191 a
756 1121 951 1221 deputatam
967 1121 1016 1195 ab
1031 1147 1076 1195 eo
1092 1121 1238 1212 scilicet,
1248 1123 1310 1220 qui
1325 1122 1496 1219 justifimt
1508 1123 1672 1221 impium,
1684 1121 1797 1216 idest,

208 1248 335 1317 aDeo.
356 1269 377 1311 n
390 1240 493 1314 Fides
508 1254 629 1314 autem
645 1239 692 1314 ad
706 1241 900 1338 justitiam»
919 1242 956 1314 id
971 1258 1038 1333 eat,
1057 1256 1263 1318 remunerat
1278 1267 1362 1316 eum
1375 1265 1443 1341 pro
1457 1242 1527 1315 hac
1544 1241 1615 1315 lide
1630 1257 1801 1340 tauquam

207 1365 354 1460 justum.
371 1362 438 1434 llic
453 1374 575 1460 aperte
588 1363 780 1461 Apostolus
791 1361 1054 1454 determinavit,
1072 1386 1159 1436 cum
1169 1363 1231 1452 ait,
1253 1362 1439 1436 «cmdcnti
1453 1363 1491 1435 in
1507 1386 1638 1456 cum,»
1659 1361 1802 1460 qualem

211 1482 321 1556 fidem
332 1482 509 1578 inmtigit.
524 1481 627 1554 Aliud
642 1498 696 1555 est
710 1482 807 1554 enim
818 1481 965 1555 credere
977 1487 1111 1576 Deum,
1126 1498 1167 1556 ut
1178 1482 1343 1558 videlicet
1357 1483 1433 1581 ipse
1448 1484 1494 1555 sit
1508 1509 1516 1552 ε
1533 1481 1631 1555 aliud
1642 1496 1695 1555 est
1707 1486 1799 1573 Deo,

212 1603 249 1675 id
266 1616 339 1692 est,
359 1602 546 1702 promissis
561 1602 617 1676 vel
640 1601 758 1676 verbis
780 1602 875 1699 ejus,
893 1602 993 1700 quod
1016 1628 1102 1677 vera
1117 1604 1190 1676 sint
1206 1631 1217 1675 a
1235 1602 1334 1676 alisrd
1358 1604 1548 1675 invDoum.
1566 1603 1649 1675 Tale
1668 1605 1803 1702 quippe

210 1738 263 1797 est
284 1722 430 1796 credere
450 1723 488 1794 iu
506 1726 637 1816 Deum,
657 1736 697 1795 ut
711 1723 760 1796 ait
776 1724 994 1820 Angrrstinus
1009 1748 1118 1823 super
1136 1729 1332 1816 loannem,
1357 1747 1491 1817 amare,
1518 1722 1701 1797 credendo
1718 1721 1803 1797 dili·

209 1868 305 1941 gare,
331 1841 515 1918 credendo
538 1841 686 1916 tendere
708 1857 748 1915 ut
762 1842 967 1916 membrum
988 1845 1064 1943 ejus
1086 1844 1273 1918 efficiatur.
1299 1843 1456 1917 Credunt
1481 1845 1600 1942 itaque
1622 1843 1804 1918 daemones

213 1984 358 2063 quoqoe
381 1977 417 2036 et
433 1962 580 2062 reprobi
602 1967 738 2056 Deum,
761 1963 914 2037 credunt
930 1970 1021 2056 Deo,
1048 1964 1112 2039 sed
1129 1989 1208 2038 non
1225 1966 1262 2037 in
1280 1969 1418 2054 Deum3
1437 1966 1619 2062 quianon
1636 1963 1802 2062 diligunt,

216 2109 282 2158 nec
297 2083 487 2183 diligendo
501 2107 541 2156 se
561 2085 595 2156 ei
617 2085 869 2183 incorporant,
887 2084 926 2157 id
948 2101 1001 2159 est
1017 2086 1200 2175 llculesiae,
1223 2110 1304 2183 quae
1320 2085 1397 2182 ejus
1419 2107 1551 2185 corpus
1568 2100 1638 2177 est,
1661 2109 1726 2184 per
1740 2084 1804 2159 de·

213 2206 398 2280 ronanam
421 2219 627 2302 aggregant.
653 2205 849 2293 Quomodo
874 2220 994 2280 autem
1020 2208 1213 2305 deputatur
1235 2207 1424 2305 supponit,
1455 2203 1694 2278 «Secundum
1719 2211 1806 2304 pro·-

214 2322 372 2421 positum
393 2322 513 2419 gratiae
529 2321 607 2393 Dei.
623 2351 641 2388 a
662 2321 870 2394 Secundum
892 2321 964 2394 hoc
984 2322 1083 2420 quod
1103 2324 1139 2394 in
1158 2322 1346 2422 proposito
1371 2321 1500 2394 divinae
1525 2320 1696 2393 bonitatis
1718 2346 1807 2393 con·

215 2442 321 2528 sistit,
342 2465 422 2538 quae
435 2440 548 2536 magis
564 2441 726 2513 animum
737 2465 849 2540 qnam
859 2465 970 2541 opera
981 2452 1202 2516 remunerat.
1218 2441 1383 2539 Alioquin
1395 2439 1511 2534 multi,
1527 2441 1590 2537 qui
1603 2439 1806 2516 facultatem

213 2560 395 2660 operandi·
405 2585 480 2633 non
498 2560 648 2654 babent,
665 2586 749 2633 cum
767 2576 887 2636 tamen
904 2560 1041 2634 babent
1057 2561 1290 2652 voluntatem,
1310 2559 1600 2660 reprobarentur.

264 2708 283 2749 «
297 2680 396 2752 Sicut
422 2694 459 2752 et
483 2680 599 2752 David
625 2680 754 2770 dicit»
776 2680 813 2752 id
838 2681 1080 2778 est‚.arrpoait
1093 2679 1227 2770 nobis,
1251 2710 1269 2746 «
1288 2678 1549 2754 beatitudinem
1571 2678 1729 2752 bominis
1749 2680 1808 2751 cui

216 2804 310 2873 Deus
323 2795 486 2899 acceptu,
501 2827 521 2867 a
534 2799 570 2871 id
586 2813 638 2872 est
655 2824 720 2898 per
732 2819 835 2872 suam
850 2798 1134 2872 misericordiam
1147 2812 1327 2897 suscepto,
1340 2801 1439 2870 cum¹
1456 2799 1532 2896 ipse
1546 2821 1689 2894 surgere
1698 2821 1809 2895 perse

218 2919 263 2993 ad
276 2921 394 2992 Deum
412 2944 488 2992 non
501 2920 647 3009 valeret,
669 2948 687 2988 n
708 2920 776 2992 fert
788 2920 975 3016 justitiam,
988 2946 1008 2987 a
1024 2920 1110 3016 quia
1126 2920 1203 3018 ipse
1216 2919 1275 2992 cui
1289 2916 1588 2991 affertursumere
1603 2941 1668 3016 per
1683 2941 1721 2988 se
1734 2941 1809 2989 non

220 3055 370 3138 poterat.
391 3044 484 3130 Fert,
504 3041 665 3138 inquam,
686 3068 706 3108 n
718 3040 794 3112 sine
811 3036 982 3139 operibus
997 3039 1126 3137 legiam
1144 3038 1278 3112 scilicet
1296 3027 1484 3134 legalibus.
1503 3037 1612 3126 Quod
1629 3037 1726 3110 enim
1741 3037 1807 3128 ait,

223 3187 242 3226 a
255 3163 350 3233 Beati
364 3184 521 3258 mum
538 3162 692 3233 remissae
707 3176 792 3233 sunt
811 3160 1029 3257 iniquitates,
1048 3174 1135 3252 stc,
1151 3190 1168 3226 n
1186 3159 1400 3256 generaliter
1415 3158 1545 3231 dicitur
1565 3185 1573 3228 ε
1598 3158 1812 3254 Quicunque

221 3279 302 3363 sint,
329 3279 405 3353 sive
419 3280 532 3353 ludaei
558 3281 635 3353 sive
648 3280 828 3371 Gentiles,
847 3281 1041 3354 remittitur
1060 3280 1246 3375 iniquitas,
1272 3278 1419 3377 quando
1445 3301 1554 3376 poena
1571 3278 1648 3373 ejus
1672 3275 1812 3349 condo·

220 3411 324 3473 natur
341 3423 407 3497 por
426 3400 590 3497 gratiam,
613 3424 694 3497 quae
714 3401 806 3496 exigi
821 3414 964 3499 poterat
978 3424 1043 3499 per
1057 3400 1256 3496 justitiam:
1276 3422 1319 3472 ac
1341 3421 1406 3497 per
1421 3398 1494 3471 boc
1503 3397 1579 3492 jam
1600 3397 1716 3495 ipsam
1731 3420 1811 3493 gra·

219 3518 311 3590 tiam
336 3520 435 3615 quasi
461 3518 736 3593 fundamentum
760 3521 942 3619 Scriptura
968 3519 1172 3610 constituit,
1199 3533 1238 3590 ut
1266 3517 1443 3615 quidquid
1462 3516 1640 3614 deinceps
1664 3539 1814 3613 superae·

217 3634 397 3730 diluetur,
421 3641 595 3739 praeeunti
615 3641 735 3737 graue
750 3640 956 3740 deputetur.
982 3639 1148 3711 Remissis
1169 3650 1295 3711 autem
1318 3635 1578 3735 iniquitatibus,
1593 3634 1754 3731 qualiter
1767 3636 1815 3708 ad

210 3755 477 3855 perfectionem
504 3758 627 3831 divina
653 3761 767 3856 gratia
793 3760 980 3832 hominem
997 3757 1171 3859 perducat
1191 3758 1434 3858 prosequitur,
1460 3781 1544 3831 oum
1563 3754 1696 3828 deinde
1715 3754 1816 3829 addit

209 3892 368 3974 peccata
384 3880 469 3974 tegi,
491 3902 532 3952 ac
553 3878 711 3978 denique
726 3905 797 3953 nec
814 3879 996 3979 imputari.
1021 3880 1262 3951 Remittuntur
1281 3878 1428 3976 quidem
1446 3891 1591 3977 peccata
1616 3900 1681 3976 per
1702 3875 1816 3976 poeni·

207 3997 339 4068 tentiae
355 3999 541 4094 gemitum,
560 3998 692 4096 dequo
709 3999 840 4072 dicitur
856 4027 865 4070 ε
884 4027 903 4068 n
915 4002 1140 4096 Quacunque
1157 3998 1249 4070 bora
1264 4011 1434 4097 peccator
1450 3997 1704 4094 ingemuerit.»
1724 3996 1818 4083 Quia

203 4115 433 4213 priusquam
456 4118 591 4190 eivere
605 4118 771 4218 displicet
798 4119 981 4217 iniquitas,
1011 4133 1049 4191 et
1076 4120 1194 4191 omnis
1221 4117 1317 4192 mala
1340 4118 1416 4213 ejus
1440 4117 1607 4189 voluntas
1629 4114 1815 4188 abscedit:

194 4235 366 4332 jamim
382 4251 435 4308 est
456 4240 536 4310 Deo
559 4252 728 4337 peccator
751 4238 1014 4331 reconciliatus,
1038 4252 1078 4311 ut
1099 4262 1122 4310 a
1145 4237 1317 4335 gehennae
1343 4238 1460 4336 poenis
1482 4237 1529 4309 sit
1546 4234 1729 4325 liberatus,
1752 4258 1820 4308 nec

196 4377 387 4452 unquam
412 4355 614 4452 gebennam
629 4358 801 4451 incurrat,
827 4360 856 4431 si
882 4359 920 4431 in
945 4358 1018 4432 boc
1039 4360 1171 4455 gemitu
1197 4372 1411 4451 moreretur,
1439 4370 1583 4456 paratus
1594 4355 1650 4430 -ad
1673 4378 1820 4429 omnem

195 4498 334 4570 msam
361 4489 483 4573 posset
508 4476 797 4550 satisfactionem.
827 4483 926 4550 Tunc
952 4491 1073 4551 autem
1102 4492 1193 4550 tecta
1219 4492 1304 4551 sunt
1322 4491 1483 4577 peccata,
1510 4473 1657 4574 quaudo
1683 4476 1721 4547 in
1749 4473 1820 4545 boc

192 4592 353 4667 tectulo
374 4593 564 4667 satisfactio
589 4598 762 4694 sequitur.
785 4602 872 4686 Quae
892 4597 1039 4696 quidem
1053 4596 1247 4689 satisfactio
1265 4612 1303 4670 et
1317 4596 1541 4696 purgatorias
1555 4593 1745 4691 assunguit
1766 4616 1820 4663 se·

189 4711 298 4787 culi
335 4712 480 4785 alterius
508 4738 654 4812 poeoas,
683 4741 767 4788 cunr
801 4718 901 4816 prius
928 4717 1139 4818 poenitentia
1165 4740 1292 4815 poenas
1319 4715 1491 4790 deleverit
1518 4713 1760 4791 damnatorias
1785 4723 1821 4779 et

187 4833 463 4933 gehennales.
482 4838 583 4906 Tunc
602 4858 689 4933 ergo
705 4849 798 4910 tecta
822 4852 906 4910 sunt
926 4852 1009 4912 ante
1026 4838 1153 4912 oculos
1168 4836 1303 4910 indicis
1317 4850 1483 4937 peccata,
1501 4833 1648 4930 quando
1670 4855 1737 4902 nec
1752 4851 1819 4925 pro

181 4957 261 5030 eis
284 4950 389 5025 nibil
402 4952 501 5026 ridet
515 4954 615 5052 quod
632 4958 770 5055 puniat.

219 5227 228 5254 ¹
250 5217 346 5272 nate
360 5217 645 5273 immmundiora»
659 5223 826 5287 susceptionis
836 5224 891 5287 ipse
900 5236 1009 5288 aarum.
