4559 6100
1044 513 1175 586 PETRI
1202 514 1432 588 ABAELARDI

1053 1109 1289 1243 LIBER
1353 1111 1427 1238 V.

492 1480 674 1580 Expeditis
687 1480 743 1551 his
758 1505 837 1577 quae
854 1480 900 1552 ad
918 1480 1133 1578 singularem
1149 1480 1350 1554 christiana
1367 1479 1450 1552 fidei
1467 1480 1727 1579 professionem
1743 1483 1893 1557 attinere
1908 1482 2037 1557 riden-

381 1659 389 1671 .
444 1617 521 1693 tur,
550 1600 597 1673 de
627 1599 843 1673 discretione
869 1599 1035 1672 videlicet
1060 1601 1170 1672 trium
1193 1624 1429 1698 personarum
1453 1600 1491 1671 in
1515 1625 1587 1672 una
1610 1599 1808 1698 eademque
1830 1602 1972 1698 penitus
1992 1627 2035 1675 ac

440 1721 592 1820 simplici
615 1720 812 1792 divinitatis
830 1718 1050 1813 substantia,
1070 1721 1173 1817 juvat
1192 1720 1230 1791 in
1251 1718 1359 1816 hujus
1380 1721 1511 1793 summi
1533 1720 1624 1793 Boni
1644 1719 1861 1818 perfectione
1881 1735 2038 1794 contem·

440 1839 572 1937 pianda
605 1840 735 1911 mentis
768 1840 882 1911 aciem
905 1840 1020 1910 altius.
1048 1839 1279 1937 imprimere,
1308 1863 1351 1911 ac
1378 1838 1582 1937 diligentius
1612 1839 1750 1935 singula
1783 1840 2009 1912 retractando

440 1983 676 2057 quaecumque
702 1958 837 2056 aliquid
862 1959 1068 2056 questionis
1084 1957 1219 2031 habere
1243 1955 1423 2047 videntur,
1450 1957 1702 2031 verisimilibus
1722 1972 1759 2030 et
1779 1956 2036 2031 honestissimis

438 2077 637 2150 rationibus
665 2075 834 2169 definire,
861 2091 900 2148 ut
927 2102 1000 2174 quo
1026 2075 1180 2173 amplius
1203 2077 1399 2150 innotuerit
1425 2075 1534 2172 hujus
1560 2076 1694 2148 summi
1719 2073 1809 2149 Boni
1839 2076 2032 2174 perfectio,-

440 2198 569 2292 majori
592 2219 887 2293 unumquemque
909 2195 956 2268 ad
978 2221 1016 2268 se
1037 2196 1153 2269 trahat
1177 2194 1367 2268 desiderio.
1383 2201 1432 2267 Ac
1447 2196 1567 2293 primo
1583 2193 1630 2267 de
1645 2195 1780 2266 unitate
1801 2193 1931 2269 divinae
1949 2194 2034 2269 sub·

439 2316 594 2405 stantiae,
620 2314 854 2413 postmodum
879 2314 925 2386 de
950 2338 1187 2414 personarum
1208 2294 1519 2413 recapitulandum
1539 2328 1593 2385 est
1607 2313 1789 2385 Trinitate.
1813 2317 1854 2385 ln
1874 2316 2035 2413 superio·

439 2435 538 2507 ribus
554 2436 673 2533 itaque
689 2434 817 2507 libellis
832 2433 878 2508 ad
892 2449 1022 2508 nostrae
1037 2433 1269 2534 professionis
1284 2434 1530 2508 defensionem
1544 2432 1767 2506 elaboratum
1781 2447 1853 2521 est;
1871 2433 1931 2505 hic
1949 2459 2034 2505 vero

439 2550 487 2624 ad
504 2552 614 2650 ipsius
630 2550 949 2649 amplificationem
964 2548 1239 2622 elaborandum.

488 2670 605 2743 l‘rima
621 2671 728 2768 igitur
744 2670 790 2742 sit
814 2669 861 2742 de
877 2669 1015 2742 ratione
1038 2667 1210 2740 credendi
1234 2694 1347 2740 unum
1373 2673 1491 2741 Deum
1514 2668 1706 2752 discussio,
1730 2683 1766 2740 et
1794 2667 1891 2763 quod
1919 2691 2033 2738 unum

439 2788 552 2885 magis
567 2812 677 2886 quam
696 2789 816 2888 plures
833 2787 932 2859 credi
947 2785 1118 2877 attineat3
1137 2785 1202 2858 ubi
1224 2801 1261 2859 et
1283 2789 1400 2886 prima
1412 2811 1450 2859 se
1470 2788 1600 2884 ingerit
1613 2787 1779 2883 questio,
1803 2810 1849 2858 an
1872 2785 2033 2859 humana

437 2910 547 2981 etiam
570 2910 710 2981 ratione
735 2907 858 2980 divina
883 2905 1057 2979 celsitudo
1085 2904 1247 3003 indagari
1271 2908 1441 3005 potuerit,
1470 2931 1512 2979 ac
1533 2932 1597 3006 per
1620 2906 1716 2979 banc
1739 2930 1761 2978 a
1783 2921 1944 2979 creatura
1969 2929 2034 2979 sua

438 3033 586 3102 Creator
615 3028 841 3126 recognosci,
868 3050 913 3098 an
946 3026 1067 3126 potius
1084 3026 1162 3125 ipse
1182 3030 1278 3098 Deus
1299 3027 1401 3122 signo
1423 3025 1545 3125 aliquo
1566 3025 1743 3118 sensibili,
1768 3051 1870 3098 suam
1888 3026 1921 3098 ei
1943 3026 2035 3097 noti·

438 3150 524 3220 tiam
546 3148 703 3247 primum
722 3146 936 3235 exhibuerit,
958 3146 1056 3218 velut
1078 3148 1114 3218 in
1136 3144 1265 3241 angelo
1286 3159 1350 3216 aut
1366 3146 1404 3215 in
1428 3168 1657 3243 quacumque
1674 3145 1707 3216 ei
1727 3144 1847 3241 specie
1870 3144 2033 3242 primitus

438 3292 629 3367 apparens,
650 3268 742 3339 sicut
760 3264 807 3338 de
830 3266 954 3364 primis
973 3266 1103 3363 legitur
1123 3265 1348 3364 parentibus,
1369 3263 1501 3362 quibus
1521 3264 1559 3336 in
1577 3262 1745 3363 paradiso
1763 3261 1908 3335 locutus
1928 3263 2032 3334 fuisse

437 3388 657 3485 perhibetur.
679 3390 723 3456 Et
740 3384 896 3457 fortassis
913 3387 962 3457 ita
977 3386 1096 3483 primo
1115 3384 1248 3458 factum
1263 3397 1330 3473 est,
1350 3399 1389 3456 ut
1415 3385 1451 3455 in
1480 3383 1600 3481 aliqua
1621 3381 1753 3455 scilicet
1768 3381 1899 3454 visibili
1916 3383 2033 3479 specie

437 3506 624 3579 invisibilis
639 3508 787 3577 Creator
807 3506 883 3603 ipse
907 3503 1049 3577 homini
1072 3502 1111 3577 se
1131 3504 1319 3577 revelaret.
1342 3503 1379 3573 si
1399 3518 1519 3575 tamen
1546 3504 1661 3600 ipsam
1681 3501 1756 3573 vim
1783 3501 1932 3573 rationis
1958 3499 2033 3572 dili·

438 3627 578 3721 gentius
604 3624 851 3713 attendamus,
881 3626 983 3721 cujus
1007 3623 1197 3723 proprium
1220 3639 1274 3695 est
1295 3647 1444 3694 omnem
1464 3620 1716 3695 transcendere
1743 3644 1909 3710 sensum,
1930 3627 1971 3696 'et
1993 3643 2033 3692 ea

437 3746 611 3840 vestigare
638 3768 717 3841 quae
743 3767 869 3816 sensus
891 3768 968 3815 non
989 3743 1085 3814 valet
1108 3743 1303 3838 attingere,
1327 3742 1489 3839 profecto
1508 3756 1644 3839 quanto
1667 3764 1816 3838 quaeque
1838 3764 1895 3811 res
1919 3738 2032 3810 subti-

437 3860 537 3933 lioris
558 3877 613 3934 est
627 3876 776 3954 naturae,
803 3876 840 3935 et
863 3887 883 3934 a
901 3886 1009 3935 sensu
1033 3862 1226 3954 remotior,
1244 3874 1346 3933 tanto
1362 3861 1494 3932 rectius
1509 3861 1658 3932 rationis
1672 3885 1711 3932 se
1731 3859 1924 3931 committit
1934 3856 2031 3953 judi·

437 3980 516 4073 cio,
544 3994 580 4052 et
596 3981 712 4076 majus
737 3982 775 4052 in
799 4005 837 4052 se
860 3982 1008 4054 rationis
1028 3979 1188 4053 studium
1213 4003 1412 4079 provocare
1429 3977 1549 4052 debet.
1567 3983 1702 4051 Verum
1726 3980 1833 4051 etiam
1858 4000 1941 4048 cum
1967 3999 2032 4072 per

438 4103 577 4197 insigne
597 4099 746 4171 rationis
765 4100 911 4194 imagini
934 4100 1001 4171 Dei
1019 4098 1216 4197 specialiter
1238 4099 1351 4172 bomo
1373 4113 1614 4197 comparetur,
1638 4098 1675 4169 in
1696 4096 1786 4168 nihil
1806 4094 1904 4168 aliud
1919 4094 2032 4165 homo

437 4221 591 4319 praevius
610 4243 691 4290 eam
713 4216 822 4315 figere
844 4216 1035 4310 debuerat,
1055 4241 1165 4313 quam
1182 4218 1218 4289 in
1238 4219 1356 4317 ipsum
1380 4217 1482 4314 cujus
1503 4218 1709 4313 imaginem,
1731 4215 1804 4287 boc
1826 4229 1880 4288 est
1894 4237 2032 4314 expres·

437 4342 570 4412 siorem
598 4337 868 4411 similitudinem
891 4361 957 4436 per
986 4336 1081 4408 hanc
1108 4336 1315 4427 obtinebat,
1346 4352 1382 4409 et
1411 4338 1448 4408 in
1475 4337 1612 4409 nullam
1640 4336 1787 4408 fortasse
1815 4359 1892 4406 rem
1919 4335 2031 4432 perci·

437 4458 608 4557 piendam
632 4459 782 4557 pronior
806 4481 883 4530 esse
906 4454 1086 4529 credenda
1110 4471 1183 4550 est,
1210 4482 1321 4555 quam
1344 4459 1381 4529 in
1405 4481 1486 4529 earn
1507 4456 1610 4552 cujus
1625 4458 1702 4555 ipsa
1727 4454 1881 4555 amplius
1903 4454 2032 4553 adepta

380 4605 386 4616 ’
438 4580 483 4650 sit
497 4578 778 4650 similitudinem.
803 4576 919 4649 Facile
934 4577 1069 4676 quippe
1091 4590 1146 4649 est
1167 4601 1210 4649 ex
1232 4577 1408 4650 similibus
1426 4577 1553 4649 similia
1571 4575 1714 4672 conjici,
1735 4591 1770 4649 et
1788 4599 1863 4673 quo
1881 4575 2033 4673 quisque

437 4696 540 4770 alteri
563 4694 713 4768 similior
739 4710 805 4788 est,
829 4695 967 4768 facilius
990 4721 1033 4768 ex
1057 4697 1174 4795 seipso
1197 4695 1244 4769 ad
1266 4698 1343 4794 ejus
1362 4697 1528 4770 notitiam
1549 4697 1749 4794 pertingere
1771 4693 1881 4785 valet,
1907 4694 1965 4766 cui
1981 4708 2033 4766 est

436 4820 512 4916 ipse
528 4840 594 4914 per
610 4828 775 4887 naturam
792 4815 959 4887 vicinior.
978 4815 1086 4904 Quod
1102 4820 1132 4888 si
1150 4830 1186 4888 et
1205 4817 1242 4888 in
1259 4816 1331 4889 hoc
1352 4818 1429 4915 ipsa
1444 4841 1590 4916 quoque
1606 4839 1777 4888 sensuum
1792 4815 2031 4913 experimenta

436 4935 636 5008 necessaria
663 4934 768 5005 fuisse
792 4932 995 5021 videantur,
1022 4949 1062 5007 ut
1081 4933 1248 5008 videlicet
1267 4960 1288 5006 a
1311 4934 1538 5008 sensibilibus
1559 4934 1606 5008 ad
1625 4933 1856 5032 intelligibilia
1883 4932 2033 5005 ducere·

438 5079 540 5149 mur;
561 5054 662 5128 facile
682 5052 721 5126 id
741 5053 848 5127 etiam
866 5067 955 5144 erat,
980 5068 1021 5126 ut
1040 5055 1200 5153 optimus
1220 5056 1385 5128 omnium
1409 5056 1576 5129 conditor
1594 5069 1701 5154 atque
1718 5053 1912 5153 dispositor
1937 5055 2032 5124 Deus
