4559 6100
677 615 721 688 ΙΝ
747 613 992 686 aristotttt
1018 615 1079 688 ll)
1103 613 1330 690 ROMANOS.
1732 616 1804 691 ⁴95

207 759 318 833 misso
342 760 508 860 exemplo
532 759 578 834 de
591 760 737 850 David,
757 762 964 836 «iustitiam
982 763 1050 836 Dei
1069 761 1347 854 commendant,
1361 789 1379 828 ιι
1397 759 1436 834 id
1454 776 1508 833 est
1531 758 1578 834 ad
1601 757 1746 840 laudem
1769 777 1807 841 et

207 877 359 975 gloriam
383 881 540 954 veritatis
565 880 641 977 ejus
666 881 861 980 proliciunt
883 906 891 953 ε
914 911 931 949 ιι
943 867 1040 972 Quid
1065 881 1244 974 dicemus,
1260 912 1278 948 s
1301 880 1338 954 id
1360 894 1414 953 est
1433 859 1632 979 poterimus
1656 906 1806 981 respon·

208 997 294 1074 dere
309 998 506 1097 objectioni
521 1002 702 1098 sequenti,
723 1028 803 1102 quae
818 1004 881 1094 ait,
900 1031 919 1071 ιι
933 1002 1104 1102 Nunquid
1118 1003 1263 1102 iniquus
1275 1015 1328 1074 est
1341 1005 1438 1074 Deus
1449 1001 1512 1097 qui
1531 999 1640 1074 inlert
1655 1002 1772 1076 iram?
1786 1035 1803 1068 ιι

209 1117 247 1191 id
263 1131 321 1192 est
334 1111 528 1194 vindictam
542 1134 691 1221 propter
710 1137 875 1221 peccata,
897 1148 978 1220 quae
1000 1124 1090 1220 ejus,
1119 1136 1158 1195 ut
1174 1120 1311 1194 dictum
1332 1135 1403 1213 est,
1425 1120 1601 1216 justitiam
1616 1145 1807 1195 commen-

210 1237 315 1330 dant,
341 1237 380 1311 id
402 1252 475 1328 est,
501 1264 585 1312 eum
611 1242 766 1318 maxime
790 1241 1007 1316 laudabilem
1032 1240 1228 1316 ostendunt
1244 1240 1291 1314 de
1310 1239 1598 1316 incommutabili
1618 1266 1692 1314 suae
1715 1242 1808 1316 reri·

210 1358 291 1430 tatis
305 1359 505 1457 proposito.
518 1363 563 1431 Et
575 1362 748 1457 quoniam
770 1386 845 1434 non
862 1387 906 1434 ex
924 1386 1078 1459 persona
1094 1360 1167 1434 boc
1180 1385 1246 1433 sua
1262 1360 1449 1459 Apostolus
1459 1361 1597 1458 objicit,
1613 1363 1715 1459 quasi
1731 1386 1807 1436 nou

209 1478 244 1551 ei
260 1475 441 1550 videretur
456 1491 497 1550 ut
514 1478 551 1550 in
569 1478 641 1553 hoc
655 1495 777 1577 ageret
789 1482 930 1578 inique,
952 1481 1074 1575 addit,
1094 1480 1333 1554 «Secundum
1351 1479 1538 1556 bominem
1556 1479 1652 1574 dico,
1668 1509 1685 1547 u
1703 1479 1810 1554 idest

209 1596 410 1670 secundum
433 1598 638 1691 animalem,
664 1602 727 1699 qui
748 1625 824 1674 non
846 1601 938 1700 sapit
957 1625 1002 1674 ea
1021 1625 1101 1699 quae
1121 1601 1190 1674 Dei
1207 1615 1308 1692 sunt;
1333 1624 1410 1673 non
1429 1599 1628 1672 secundum
1644 1600 1809 1699 spiritua·

210 1716 297 1810 lem,
312 1718 375 1814 qui
389 1716 562 1814 dijudicat
580 1721 720 1813 omnia,
741 1735 815 1794 tam
835 1721 873 1794 in
888 1720 1020 1794 divinis
1034 1745 1146 1819 quam
1163 1722 1200 1793 in
1215 1720 1384 1792 humanis
1399 1744 1543 1818 aequum
1555 1719 1705 1792 rationis
1712 1718 1810 1816 judi·

210 1837 315 1920 cium
331 1850 442 1930 tenet,
468 1852 503 1910 et
529 1838 626 1927 ideo,
647 1839 806 1914 «Absit»
832 1857 872 1913 ut
892 1842 964 1914 hoc
986 1842 1120 1918 scilicet
1149 1841 1376 1940 recipiamus,
1397 1842 1516 1914 Βειιω
1539 1839 1662 1936 inique
1684 1863 1809 1936 agere,

211 1957 401 2056 puniendo
417 1971 577 2054 peccata,
603 1962 799 2055 quaeetiam
823 1960 869 2034 ad
895 1962 971 2058 ejus
996 1961 1191 2061 proficiunt
1215 1960 1386 2058 gloriam3
1415 1974 1454 2032 ut
1475 1959 1642 2058 quamvis
1667 1973 1814 2057 peccata

212 2075 484 2165 nonsintbona,
501 2075 639 2150 bonum
654 2092 775 2154 tamen
791 2082 837 2153 sit
853 2106 930 2154 esse
943 2095 1101 2180 peccata.
1118 2079 1222 2154 Unde
1239 2095 1293 2156 est
1314 2079 1403 2152 illud
1422 2078 1609 2176 Augustini
1628 2078 1665 2150 in
1680 2078 1812 2150 Euchi-

213 2192 307 2266 radit>
320 2222 331 2264 .·
346 2231 363 2263 «ι
387 2199 466 2268 Non
483 2194 523 2269 fit
540 2195 675 2294 aliquid
699 2200 767 2272 nisi
788 2201 1020 2299 omnipotens
1042 2200 1119 2274 lieri
1140 2200 1244 2294 velit,
1264 2200 1320 2274 vel
1338 2198 1492 2272 sinendo
1513 2210 1553 2270 ut
1571 2195 1650 2287 fiat,
1667 2195 1724 2269 vel
1740 2197 1816 2295 ipse

214 2312 393 2387 faciendo.
416 2317 497 2388 Non
518 2315 758 2391 dubitandum
778 2334 832 2393 est
848 2324 965 2391 Deum
984 2319 1098 2393 lacere
1119 2319 1232 2412 bene,
1253 2333 1290 2392 et
1317 2316 1470 2390 sinendo
1490 2313 1567 2387 lieri
1592 2339 1816 2413 quaecunque

212 2432 307 2506 fiunt
319 2435 424 2508 male.
437 2440 516 2510 Non
529 2438 626 2509 enim
635 2437 707 2510 boc
718 2440 889 2537 nisijnsto
897 2440 1036 2537 judicio
1050 2441 1148 2513 sinit.
1163 2443 1206 2511 Et
1215 2437 1378 2537 prolecto
1387 2435 1586 2508 bonnmest
1595 2458 1706 2507 omne
1716 2433 1817 2533 quod

208 2559 394 2654 justum.»
413 2564 526 2634 ltem:
551 2591 568 2630 ιι
582 2566 675 2635 Nam
692 2563 760 2638 nisi
784 2578 877 2638 esset
903 2564 976 2637 hoc
994 2564 1135 2638 bonum
1154 2578 1194 2637 ut
1210 2576 1331 2636 essent
1351 2561 1461 2647 mala,
1481 2557 1583 2632 uullo
1604 2558 1717 2631 modo
1740 2583 1819 2632 esse

210 2677 419 2752 sinerentur
434 2677 480 2752 ab
498 2681 749 2780 omnipotente
761 2681 876 2756 bono.
892 2714 910 2751 ιι
932 2712 950 2751 ιι
965 2683 1148 2781 Alioquin,
1159 2711 1177 2750 n
1194 2682 1231 2756 id
1247 2696 1312 2768 est,
1328 2682 1358 2754 si
1375 2680 1478 2754 aliter
1493 2692 1586 2751 esset
1599 2701 1709 2775 qttam
1726 2677 1815 2753 dici·

211 2822 311 2884 mus,
332 2797 404 2871 boc
427 2814 500 2890 est,
519 2800 553 2874 si
578 2801 700 2899 inique
722 2802 855 2877 taceret
877 2805 986 2892 Deus,
1009 2801 1199 2876 inferendo
1215 2801 1410 2875 vindictam
1433 2822 1502 2897 pro
1524 2797 1701 2896 peccatis;
1723 2822 1817 2893 quo·

212 2916 330 2990 modo
355 2918 547 3011 mundum,
565 2920 603 2993 id
622 2936 676 2993 est
691 2923 892 3012 universos,
909 2936 983 2997 tam
996 2922 1115 2995 bonos
1135 2922 1270 2996 scilicet
1284 2944 1395 3019 quam
1413 2917 1528 2992 malos
1549 2915 1744 3013 judicaret,
1767 2919 1818 2991 eis

211 3035 383 3113 videlieet
401 3042 616 3138 promeritis
633 3041 688 3116 vel
700 3042 854 3141 gloriam
870 3043 927 3119 vel
944 3070 1091 3145 poenam
1105 3041 1363 3117 retribuendo?

267 3187 287 3224 α
300 3160 337 3231 Si
358 3161 456 3233 euim
481 3163 624 3237 veritas.
646 3197 664 3231 ιι
681 3164 738 3238 ud
761 3167 1025 3265 suprapositam
1048 3164 1291 3262 objectionem
1317 3163 1448 3235 iterum
1473 3158 1581 3247 redit,
1616 3158 1719 3254 quasi
1740 3180 1819 3230 eam

203 3279 493 3372 commendans,
509 3282 609 3379 quod
624 3284 860 3359 scilicetbene
872 3287 1018 3382 iniquus
1031 3284 1175 3357 videtur
1188 3286 1285 3356 Deus
1293 3280 1481 3382 puniendo
1492 3291 1652 3377 peccata,
1665 3277 1695 3348 si
1709 3277 1821 3373 ipsam

197 3397 390 3494 justitiam
402 3400 479 3495 ejus
495 3403 767 3495 commendant,
787 3405 872 3503 quia
892 3429 959 3478 nec
969 3404 1044 3502 jam
1058 3428 1126 3503 pro
1139 3403 1293 3502 peccatis
1310 3399 1469 3499 reputari
1492 3395 1640 3486 debent,
1668 3394 1730 3467 sed
1752 3420 1821 3494 pro

199 3518 327 3591 bonis
355 3543 435 3616 quae
452 3520 529 3616 ejus
544 3525 731 3596 veritatem
747 3525 1020 3598 commendant.
1037 3528 1080 3596 lit
1094 3522 1168 3594 hoc
1181 3536 1247 3611 est,
1273 3551 1291 3588 ιι
1312 3520 1454 3592 sienim
1479 3515 1609 3590 veritas
1627 3514 1695 3586 Dei
1710 3512 1822 3586 abun·

196 3636 318 3710 davit
331 3637 370 3708 in
385 3639 537 3734 gloriam
553 3640 630 3737 ejus
642 3667 686 3714 ex
704 3667 785 3715 meo
798 3643 1002 3735 mendacio,
1017 3671 1036 3712 n
1054 3642 1091 3714 id
1107 3656 1173 3730 est,
1187 3638 1418 3712 immobilitas
1435 3660 1507 3709 suae
1523 3633 1680 3707 veritatis
1695 3631 1820 3705 lauda·

194 3758 329 3831 bilior
354 3755 509 3830 efficitur
531 3782 574 3834 ex
601 3761 835 3836 mutabilitate
861 3779 898 3837 et
920 3762 1163 3837 inconstantia
1186 3785 1274 3834 meae
1296 3756 1552 3858 professionis,
1581 3753 1646 3851 qui
1677 3751 1760 3825 licet
1788 3754 1820 3824 ei

191 3878 390 3968 mentiar,
416 3877 493 3975 ipse
514 3892 637 3953 tamen
653 3881 744 3953 mihi
761 3883 906 3956 mentiri
933 3907 1008 3954 non
1039 3894 1170 3981 potest.
1202 3909 1220 3949 ιι
1243 3880 1313 3968 Qui
1334 3875 1525 3974 dijudicor.
1544 3901 1564 3941 ι)
1579 3859 1712 3944 ⁸Adhuc
1733 3868 1821 3942 dum

187 3995 389 4070 videlicet
405 3994 443 4067 id
465 3997 565 4093 quod
583 3997 675 4073 lucio
691 4000 738 4073 ad
755 4002 831 4096 ejus
853 4002 1005 4098 gloriam
1022 4000 1180 4100 proficit,
1199 4014 1372 4096 tanquam
1393 4007 1574 4095 peccator,
1597 3990 1722 4080 idest,
1749 3998 1825 4088 qua

182 4117 362 4189 mtione
373 4139 417 4188 ea
429 4140 511 4211 quae
525 4115 616 4190 lacio
631 4143 699 4217 pro
715 4120 870 4218 peccatis
886 4119 1088 4221 reputanda
1104 4131 1202 4193 sunu
1232 4146 1252 4186 ιι
1272 4121 1316 4187 Ει
1331 4139 1397 4188 cur
1414 4137 1489 4185 non
1507 4111 1627 4210 potius
1651 4109 1823 4183 beianum

179 4233 315 4307 mala
332 4247 374 4304 ut
387 4235 537 4307 veniant
550 4234 662 4331 bona,
674 4266 693 4305 n
706 4239 744 4311 id
761 4253 815 4313 est
826 4265 1032 4339 peccemus,
1049 4253 1091 4311 ut
1102 4263 1146 4310 ex
1158 4236 1289 4310 nostris
1300 4234 1455 4335 peccatis
1470 4228 1689 4328 glorificetur
1701 4226 1823 4301 Deus?

180 4387 204 4422 a
219 4355 357 4427 Sicut
373 4351 698 4452 blasphemamur»
717 4359 981 4458 aquibusdam,
998 4375 1034 4433 et
1048 4388 1067 4427 ιι
1084 4359 1175 4433 sicut
1188 4358 1290 4429 aiunt
1306 4379 1374 4428 nos
1386 4351 1520 4444 dicere,
1536 4378 1555 4416 ιι
1569 4373 1627 4421 me
1642 4347 1776 4422 scilicet
1787 4362 1823 4421 et

171 4490 372 4551 oeteros
386 4474 603 4572 spirituales,
615 4480 678 4577 qui
690 4472 847 4554 dicimu's
860 4483 968 4555 etiam
988 4480 1081 4554 mala
1097 4493 1170 4552 tam
1182 4476 1277 4551 bene
1291 4474 1465 4564 ordinari,
1479 4486 1519 4544 ut
1530 4469 1577 4544 ad
1592 4469 1742 4567 gloriam
1757 4470 1824 4541 Dei

167 4594 430 4696 proficiant.
451 4596 555 4670 Unde
571 4612 608 4671 et
627 4600 702 4698 ipse
719 4602 828 4675 etiam
842 4602 1030 4701 praedictus
1046 4604 1184 4673 Doctor
1203 4599 1239 4671 in
1256 4623 1309 4688 ru,
1334 4595 1378 4668 de
1397 4595 1545 4667 Ciuitate
1562 4594 1633 4663 Dei
1638 4595 1661 4679 ¹,
1681 4614 1765 4663 curu
1778 4587 1824 4662 de

163 4716 388 4791 bonitate
404 4728 441 4786 et
456 4715 592 4790 malitia
616 4718 754 4793 diaboli
776 4721 996 4819 loqueretur,
1022 4723 1092 4793 ait:
1119 4749 1138 4789 ιι
1160 4723 1270 4810 Deus,
1293 4717 1385 4790 sicut
1411 4727 1620 4787 naturamm
1645 4708 1824 4781 bonarum

159 4838 386 4936 optimus
400 4849 541 4908 creator
553 4851 619 4929 est,
636 4840 686 4913 ita
695 4840 870 4915 malarum
880 4841 1107 4915 voluntatum
1112 4834 1535 4938 justissimusordinator.
1555 4861 1572 4896 s
1586 4835 1675 4902 item
1691 4824 1823 4898 ibidem

157 4956 222 5031 de
239 4951 437 5033 diabolo
454 4980 463 5025 ι
483 4983 505 5027 ιι
519 4959 616 5033 Deus
631 4983 817 5033 cumeum
834 4961 1022 5052 conderet,
1043 4961 1169 5035 luturae
1182 4955 1412 5055 malignitatis
1431 4976 1507 5026 non
1524 4964 1600 5025 erat
1614 4949 1772 5043 ignarus,
1791 4954 1827 5013 et

197 5240 210 5266 ι
223 5232 321 5294 cup.
346 5237 524 5292 xviratum,
537 5231 617 5297 opp,
634 5240 652 5284 t.
670 5232 728 5297 Vll,
744 5237 791 5288 col.
804 5238 850 5289 tst
863 5245 890 5288 et
901 5240 956 5289 tw.
