4559 6100
738 553 993 627 Tnaotouta
1016 553 1290 629 caniseiane.
1732 556 1803 630 365

221 716 258 776 et
285 702 388 799 quasi
410 699 573 799 quaedam
598 701 674 797 ejus
698 700 943 775 intellectualis
967 726 1010 776 ac
1031 718 1204 801 perpetua
1232 702 1379 795 locutio,
1402 704 1439 777 in
1457 706 1559 801 cujus
1581 705 1805 803 providentia

222 819 389 916 omnium
410 818 457 893 ab
476 818 774 920 aeternopraefixa
786 820 948 893 consistit
970 822 1131 919 operatio
1154 836 1261 920 atque
1282 821 1474 895 ordinatio.
1495 825 1598 895 Hanc
1611 838 1731 897 autem
1748 826 1805 898 in·
1930 823 1935 832 “

222 938 456 1012 tellectualam
479 938 546 1011 Dei
573 938 806 1030 locutionem,
841 937 877 1012 id
907 953 960 1012 est
986 953 1157 1013 aeternam
1183 940 1370 1040 Sapientiae
1398 939 1663 1015 ordinationem
1688 947 1805 1039 nugu-

221 1057 335 1130 stiuus
363 1055 407 1128 de
434 1059 581 1130 Ciuitate
606 1060 685 1146 Dei,
714 1057 777 1130 lib.
804 1062 915 1129 XXV!
928 1061 951 1149 ¹,
980 1082 1062 1157 cap.
1088 1082 1139 1147 vr,
1159 1058 1365 1132 describens
1388 1086 1398 1130 z
1418 1058 1536 1152 «Dei,
1563 1060 1694 1157 inquit,
1723 1073 1805 1133 ante

223 1174 356 1248 sactum
375 1199 482 1248 suum
503 1173 638 1249 locutio
655 1176 766 1275 ipsius
784 1175 840 1248 sui
859 1175 941 1249 facti
965 1190 1020 1250 est
1035 1177 1340 1251 incommutabilis
1366 1180 1472 1269 ratio,
1495 1202 1574 1275 quae
1598 1202 1673 1250 nnn
1697 1176 1807 1252 babet

222 1316 352 1368 sonum
378 1307 594 1392 strepentem
616 1308 722 1392 atque
743 1309 999 1389 transeuntem,
1022 1295 1085 1368 sed
1102 1298 1176 1369 vim
1198 1298 1413 1397 sempiterne
1436 1311 1641 1371 manentem
1661 1313 1698 1370 et
1715 1313 1804 1371 tem·

224 1412 392 1510 poraliter
424 1425 647 1512 operantem.
663 1441 681 1482 n
710 1413 810 1487 {dem
839 1413 877 1487 iu
905 1413 969 1487 lib.
990 1417 1126 1487 Contra
1153 1422 1187 1488 V
1211 1419 1409 1489 Haereses’:
1431 1423 1502 1488 «ln
1533 1416 1711 1516 principio
1731 1431 1806 1489 erat

223 1529 399 1623 Verbum,
410 1558 428 1598 n
452 1532 578 1604 melius
593 1532 706 1605 Graeci
718 1537 829 1632 Logos
843 1532 987 1622 dicunt3
1008 1537 1124 1631 Lngos
1138 1535 1273 1634 quippe
1290 1532 1439 1608 verbum
1457 1534 1630 1640 significat
1644 1549 1681 1607 et
1696 1537 1805 1608 ratio·

222 1671 319 1721 nem.
335 1679 353 1715 x
378 1651 432 1722 Dc
458 1674 531 1748 quo
556 1651 664 1723 etiam
687 1650 808 1724 Verbo
829 1651 867 1724 in
890 1676 953 1725 xxxx
976 1651 1018 1723 de
1038 1653 1211 1726 Triru’tate
1226 1653 1302 1726 ait:
1324 1653 1509 1725 «Verbum
1526 1651 1660 1725 idcirco
1678 1653 1805 1730 Filium

222 1770 454 1866 nuncuparit,
473 1783 515 1843 ut
528 1769 732 1844 ostenderet
747 1770 793 1844 de
809 1795 847 1844 se
867 1770 969 1843 illum
989 1772 1155 1845 extitisse.
1174 1759 1195 1839 a
1209 1770 1318 1860 Quod
1334 1785 1453 1845 autern
1470 1769 1631 1844 Verbum
1646 1772 1713 1845 Dei
1729 1774 1806 1871 ipsa

222 1886 299 1983 ejus
317 1888 498 1987 Sapientia
513 1890 560 1962 sit
574 1890 856 1988 intelligendum,
874 1893 996 1990 apcita
1012 1892 1049 1964 in
1065 1892 1312 1965 Ecclesiastico
1334 1904 1553 1965 monstratur
1572 1889 1630 1964 bis
1645 1890 1801 1965 verbis':

225 2032 244 2071 e
262 2005 390 2079 Omnis
402 2009 574 2107 sapientia
589 2033 610 2081 a
626 2011 783 2082 Domino
801 2014 878 2081 Deo
893 2026 960 2101 est,
975 2025 1108 2083 etcum
1125 2010 1187 2082 illo
1204 2009 1269 2083 luit
1286 2035 1440 2111 semper,
1458 2023 1494 2083 et
1509 2022 1658 2084 estante
1672 2035 1801 2107 evum.

222 2124 440 2223 Sapientiam
467 2126 727 2225 precedentem
745 2128 877 2201 omnia
903 2128 983 2226 quis
1013 2127 1263 2226 investigavit?
1290 2130 1392 2201 Prior
1416 2130 1580 2202 omnium
1607 2143 1724 2204 creata
1752 2144 1807 2203 est

221 2243 413 2341 sapientia,
435 2259 470 2317 et
494 2245 693 2319 intellectus
715 2246 893 2345 sapientiae
916 2243 963 2319 ab
983 2272 1072 2322 aevo.
1095 2252 1191 2321 Fons
1213 2248 1392 2348 sapientiae
1409 2247 1568 2321 Verbum
1591 2250 1659 2320 Dei
1684 2249 1721 2319 in
1744 2273 1805 2321 ex·
1837 2336 1841 2343 ¹
1871 2271 1874 2276 ·

223 2361 337 2453 celsis,
364 2375 433 2434 etc.
449 2392 467 2429 a
486 2366 537 2436 Ne
563 2364 701 2437 mireris
720 2365 764 2458 si,
789 2379 829 2437 ut
851 2363 1015 2458 dixerim,
1040 2366 1114 2465 ipse
1131 2389 1279 2464 quoque
1293 2379 1489 2464 conceptus
1510 2366 1638 2437 mentis
1653 2365 1804 2437 verbum

221 2477 375 2574 dicatur,
401 2479 571 2555 translato
593 2481 639 2555 de
654 2481 783 2556 effectu
805 2482 854 2555 ad
869 2507 1014 2557 causam
1029 2484 1221 2576 vocabulo,
1243 2508 1328 2558 cum
1348 2507 1558 2557 econverso
1575 2483 1622 2556 de
1637 2506 1743 2556 causa
1758 2484 1804 2557 ad

223 2596 390 2671 eflectum
417 2598 518 2673 sactis
539 2601 718 2700 plerisque
742 2615 886 2675 ummur
912 2602 1214 2676 translationibus.
1242 2603 1347 2676 Unde
1370 2617 1407 2675 et
1430 2604 1549 2701 ipsum
1572 2601 1806 2699 eleemosynae

221 2713 450 2811 beneficium,
472 2743 545 2818 qno
561 2720 723 2820 impenso
740 2721 894 2794 maxime
914 2721 1042 2794 caritas
1057 2719 1175 2794 dantis
1192 2721 1395 2810 innotescit,
1418 2721 1601 2794 caritatem
1622 2745 1804 2794 nonnum·

222 2859 333 2934 quam
348 2837 581 2937 appellamus,
599 2853 636 2913 et
658 2840 772 2939 ipsam
787 2839 994 2939 poenitentis
1016 2838 1293 2914 satisfactionem
1318 2840 1466 2913 nomine
1485 2840 1703 2939 poenitentiae
1716 2840 1807 2913 desi·

223 2979 386 3054 gnamus,
404 2980 488 3030 cum
510 2972 606 3032 recte
625 2959 752 3033 caritas
769 2983 843 3031 non
864 2957 1015 3047 dicatur,
1035 2958 1103 3031 nisi
1125 2958 1292 3054 dilecti03
1312 2983 1380 3033 nec
1395 2959 1617 3059 poenitentia,
1641 2959 1709 3031 nisi
1732 2960 1806 3060 ipse

223 3074 332 3147 animi
354 3075 473 3169 dolor,
495 3077 578 3153 licet
592 3079 700 3151 etiam
719 3080 839 3178 ipsum
865 3092 994 3150 nostrae
1020 3079 1150 3151 mentis
1170 3091 1386 3179 conceptum
1410 3080 1520 3178 ipsius
1536 3079 1710 3155 sermonis
1734 3092 1805 3151 mm

221 3189 389 3266 effectum
404 3218 513 3292 quam
528 3220 672 3270 causam
685 3219 834 3294 ponere,
853 3197 890 3266 in
907 3196 1110 3294 proferente
1126 3196 1275 3295 quidem
1290 3219 1449 3290 canem,
1466 3197 1505 3267 in
1521 3195 1689 3269 audiente
1705 3196 1806 3273 ellec-

219 3324 313 3403 tum,
337 3315 421 3409 quia
444 3327 481 3385 et
499 3338 617 3387 sermo
633 3315 708 3413 ipse
726 3313 907 3411 loquentis
926 3314 974 3387 ab
994 3314 1071 3411 ejus
1092 3313 1275 3386 intellectu
1290 3311 1520 3412 proficiscens
1540 3326 1741 3409 generatur,
1766 3329 1806 3386 ut

216 3429 389 3502 eumdem
413 3455 535 3503 rursus
556 3430 593 3503 in
619 3430 782 3504 auditore
804 3446 951 3529 generet
976 3430 1210 3505 intellectum.
1231 3436 1301 3504 Pro
1320 3429 1389 3505 bac
1410 3432 1531 3528 itaque
1558 3431 1711 3503 maxima
1733 3453 1806 3504 ser·

219 3572 373 3622 monum
389 3564 426 3621 et
441 3550 685 3624 intellectuum
699 3552 914 3646 cognatione
931 3573 1005 3623 non
1020 3548 1227 3623 indecenter
1240 3552 1278 3622 in
1294 3574 1421 3624 eorum
1439 3547 1647 3625 nominibus
1662 3563 1805 3623 mutuas

218 3667 298 3741 fieri
313 3666 395 3741 licet
410 3667 681 3743 translationes:
706 3670 806 3768 quod
819 3671 857 3743 in
880 3669 989 3744 rebus
1006 3695 1153 3768 qunque
1168 3684 1203 3744 et
1221 3668 1426 3743 nominibus
1443 3683 1591 3769 propter
1605 3667 1804 3765 adjunctio·
1933 3744 1935 3749 .

217 3811 306 3860 nem
335 3787 601 3885 significationis
624 3787 828 3887 frequenter
863 3788 1050 3886 contingit.
1083 3792 1167 3861 Haec
1195 3788 1242 3865 de
1268 3788 1501 3862 translatione
1521 3786 1629 3884 hujus
1650 3788 1806 3860 nominis

221 3936 240 3972 α
258 3904 448 3979 Verbum»
465 3907 537 3980 hoc
554 3907 634 3979 loco
653 3906 762 4001 iacta,
787 3923 824 3980 et
848 3904 1105 4005 significatione
1130 3907 1207 4004 ejus
1232 3906 1329 3980 dicta
1355 3932 1455 3980 nunc
1476 3905 1671 3979 sufficiunt.
1700 3906 1806 3977 Filius

218 4039 344 4099 autem
368 4027 435 4098 Dei
463 4027 573 4100 Patris
600 4024 672 4098 boc
698 4027 816 4126 ipsum
831 4025 1010 4120 Verbum,
1039 4025 1111 4098 hoc
1137 4039 1192 4099 est
1220 4026 1297 4125 ipsa
1322 4025 1399 4121 ejus
1423 4038 1599 4098 coaetema
1624 4025 1806 4123 Sapientia

217 4141 364 4233 dicitur,
388 4143 587 4216 secundum
609 4142 711 4218 illum
731 4145 970 4241 generationis
994 4143 1159 4237 modum,
1183 4168 1258 4240 quo
1279 4143 1401 4217 divina
1423 4144 1595 4243 sapientia
1616 4166 1659 4214 ex
1685 4141 1807 4214 divina

216 4277 274 4335 est
294 4263 468 4362 potentia,
487 4263 579 4335 sicut
594 4264 631 4337 iu
649 4263 881 4362 sequentibus
892 4264 1070 4362 assignare
1089 4262 1316 4355 conabimur,
1334 4278 1442 4361 prout
1460 4263 1637 4334 Dominus
1651 4258 1803 4334 dederit.

217 4380 332 4468 Quod
349 4405 434 4461 ¹vero
450 4382 599 4472 nomine
614 4384 725 4456 Patris
740 4383 862 4456 divina
877 4382 1077 4480 specialiter
1095 4382 1315 4480 exprimatur·
1329 4381 1502 4480 potentia,
1523 4380 1696 4452 Maximus
1717 4402 1808 4476 quo·

214 4523 291 4596 que
317 4500 563 4599 episcopusin
585 4504 814 4599 dispositione
832 4499 984 4597 symboli
1006 4500 1106 4597 quod
1131 4500 1263 4573 dicitur
1284 4499 1552 4599 Apostolorum,
1583 4521 1663 4596 quae
1678 4496 1806 4594 legitur

212 4619 256 4689 in
286 4619 413 4714 quinta
432 4617 710 4717 quadragesimae
731 4618 933 4709 dominica,
960 4618 1017 4690 his
1038 4616 1157 4691 verbis
1181 4618 1338 4691 insinuat
1367 4644 1376 4689 ι
1402 4617 1569 4703 «Credis,
1608 4617 1742 4714 inquit,
1767 4616 1805 4686 in
1829 4636 1833 4645 ·

213 4740 338 4810 Deum
365 4742 504 4810 Patrem
528 4737 836 4837 omnipotentem?
862 4742 902 4810 in
928 4740 1005 4810 Deo
1033 4752 1161 4811 natura
1183 4735 1414 4827 innascibilis,
1444 4736 1480 4807 in
1505 4741 1606 4809 Patre
1629 4733 1804 4830 Unigeniti

249 5045 337 5112 'We
348 5044 391 5097 lta.
398 5045 461 5098 xvt.
471 5047 546 5112 opp„
556 5053 577 5098 t.
585 5045 638 5109 Vll.
647 5048 694 5099 cot.
707 5049 763 5100 tao.
771 5049 817 5087 -2
827 5045 886 5111 Cap.
897 5060 930 5100 n.
940 5048 985 5100 ii'c
1037 5048 1145 5110 meten
1157 5054 1288 5111 propterea
1300 5045 1346 5096 tntt
1360 5046 1466 5107 selenus
1479 5044 1505 5093 tn
1517 5040 1677 5105 appendicem
1691 5038 1806 5090 editionis

207 5128 297 5188 noer,
308 5127 354 5178 etet
368 5127 529 5197 autquarta!
540 5128 680 5192 nannete,
691 5141 739 5179 non
751 5136 790 5180 est
803 5136 884 5181 umen
895 5126 922 5180 S.
932 5130 983 5181 Au·
1037 5131 1150 5183 nomen.
1163 5129 1224 5181 Ord.
1236 5125 1264 5179 S.
1275 5125 1408 5180 &aedisti
1417 5150 1448 5164 -·
1460 5121 1569 5188 ’tecla
1578 5134 1632 5184 cap.
1646 5131 1664 5185 t,
1674 5131 1697 5172 r.
1712 5121 1733 5171 1.
