4559 6100
428 543 499 612 5t2
1030 538 1160 610 PETlll
1186 539 1423 613 ABAELttttu

428 714 560 779 unum,
576 703 612 760 et
629 690 739 761 sessio
758 704 794 762 et
807 689 955 780 sedens,
976 687 1102 762 eadem
1118 690 1262 789 penitus
1278 690 1427 763 fortasse
1443 706 1528 763 sunt
1545 692 1581 762 iu
1604 689 1878 788 significatione,
1898 715 1974 763 non
1993 693 2032 765 in

427 805 713 897 constructione,
732 806 825 877 sicut
834 803 920 877 alibi
934 803 1140 897 docuimus,
1157 830 1243 877 cum
1258 806 1305 879 de
1319 806 1533 879 discretione
1546 807 1911 906 praedicamentorum
1926 807 2034 881 nobis

428 939 520 999 esset
537 924 778 997 tractandum.
799 925 897 1013 Quid
914 926 1020 1022 igitur
1036 926 1169 997 mirum
1185 940 1251 1019 est,
1271 927 1300 997 si
1314 950 1494 1025 ponamus
1509 925 1587 997 baec
1603 928 1752 999 nomina
1767 931 1872 999 Pater
1885 941 1921 999 et
1935 932 2033 1002 Deus

428 1047 660 1143 omnipotens
687 1044 848 1144 ejusdem
871 1046 1014 1143 penitus
1040 1070 1115 1118 esse
1141 1044 1412 1141 significationis
1431 1047 1469 1119 in
1497 1051 1596 1135 Deo,
1623 1071 1698 1118 uon
1724 1062 1843 1119 tamen
1871 1047 2032 1144 ejusdem

429 1165 709 1239 constructionis
734 1189 810 1238 esse
829 1165 1083 1259 concedamus,
1103 1190 1172 1237 nec
1194 1191 1236 1237 ea
1261 1166 1296 1236 in
1316 1181 1485 1239 contextu
1509 1167 1684 1239 orationis
1701 1166 1871 1238 eumdem
1888 1169 2032 1264 penitus

429 1284 611 1358 custodire
621 1310 764 1357 sensum
774 1284 789 1354 l
800 1289 914 1382 Atque
931 1286 979 1357 ita
991 1285 1111 1358 dicere
1126 1285 1249 1358 licebit
1263 1285 1364 1384 quod
1375 1286 1451 1358 baec
1464 1286 1670 1359 enunciatio
1685 1314 1704 1356 u
1712 1291 1817 1359 Pater
1824 1302 1877 1359 est
1885 1302 2028 1385 potens,

431 1406 506 1478 sive
523 1405 680 1504 sapiens,
698 1419 759 1476 aut
780 1404 977 1502 benignus,
990 1433 1008 1472 »
1028 1405 1074 1477 ad
1094 1404 1318 1479 identitatem
1337 1421 1477 1479 tantum
1498 1407 1658 1479 essentiae
1678 1406 1723 1478 sit
1744 1406 2028 1498 accommodata,

433 1549 475 1596 ac
491 1524 521 1595 si
537 1523 678 1597 dicatur
696 1522 797 1621 quod
813 1525 843 1596 is
860 1526 923 1623 qui
942 1531 1046 1597 Pater
1067 1540 1143 1614 est,
1171 1528 1216 1597 sit
1238 1541 1380 1625 potens,
1406 1531 1481 1598 sive
1508 1528 1650 1624 sapiens
1666 1540 1728 1597 aut
1745 1523 1937 1623 benignus.
1953 1532 2035 1599 Haec

431 1658 553 1717 autem
573 1645 779 1718 enunciatio
801 1649 938 1717 «Pater
953 1661 1007 1718 est
1029 1646 1136 1717 Filius
1158 1646 1232 1718 sive
1257 1646 1410 1746 Spiritus
1432 1660 1597 1737 sanctus,
1611 1674 1628 1712 n
1652 1644 1700 1717 ad
1722 1644 1968 1733 identitatem,
1992 1662 2033 1719 ut

432 1765 658 1859 dictumest,
689 1765 918 1864 proprietatis
943 1766 1199 1839 tantummodo
1226 1780 1375 1864 spectat,
1404 1780 1444 1837 ut
1471 1764 1637 1838 videlieet
1658 1764 1755 1837 idem
1780 1765 1826 1837 sit
1847 1766 2032 1864 utriusque

433 1885 636 1983 proprium,
657 1901 699 1957 ut
715 1886 919 1984 expositum
937 1900 1003 1980 est,
1023 1886 1179 1983 ideoque
1195 1884 1450 1958 tantummodo
1476 1883 1564 1957 tatsa
1588 1899 1642 1958 est
1656 1885 1875 1957 enunciatio.
1904 1889 2034 1958 Praete·

433 2032 494 2080 rea
511 2011 591 2105 quis
612 2033 656 2081 ex
676 2011 910 2110 suprapositis
930 2010 1073 2084 edoceri
1096 2036 1172 2083 non
1196 2011 1326 2109 possit,
1345 2008 1445 2107 quod
1466 2033 1542 2081 non
1565 2009 1663 2081 idem
1679 2009 1821 2108 penitus
1843 2025 1974 2081 sonent
1995 2012 2032 2082 in

433 2132 511 2201 Deo
533 2127 610 2201 hoec
634 2130 786 2203 nomina
810 2135 914 2203 Pater
934 2147 971 2205 et
986 2135 1143 2225 Potens,
1162 2147 1199 2204 et
1212 2130 1321 2203 Filius
1348 2146 1384 2203 et
1406 2130 1575 2228 Sapiens;
1602 2145 1638 2203 et
1663 2130 1815 2229 Spiritus
1837 2144 1982 2203 sanctus
1999 2145 2034 2203 et

433 2248 637 2345 Benignus?
654 2248 821 2347 Alioquin
838 2276 914 2322 non
933 2252 1044 2348 magis
1061 2252 1208 2325 relative
1224 2252 1382 2323 invicem
1397 2250 1601 2323 dicerentur
1615 2255 1719 2322 Pater
1731 2264 1768 2321 et
1783 2249 1904 2342 Filius,
1924 2274 2033 2347 quam

433 2372 566 2440 Potens
586 2383 622 2441 et
641 2370 813 2469 Sapiens,
831 2371 888 2443 vel
914 2372 1066 2470 Spiritus
1087 2386 1230 2444 sanctus
1246 2372 1294 2443 ad
1319 2375 1460 2443 Patrem
1481 2384 1518 2441 et
1538 2370 1681 2461 Filium,
1705 2393 1815 2467 quarn
1839 2371 2030 2466 Benignus.

432 2491 513 2560 Non
525 2489 646 2586 itaque
658 2494 762 2562 Pater
772 2490 844 2562 hoc
855 2515 989 2563 nornen
1002 2506 1107 2565 sonat
1118 2490 1371 2563 tantummodo
1389 2489 1550 2563 divinam
1560 2490 1772 2589 potentiam,
1786 2490 2034 2563 verumetiam

398 2604 549 2707 *ipsam
566 2621 607 2680 ut
622 2609 828 2705 gignentem
839 2609 1077 2701 determinat3
1095 2635 1136 2683 ac
1153 2611 1183 2682 si
1198 2611 1247 2683 ita
1260 2610 1413 2699 dicatur,
1437 2610 1597 2681 «Divina
1612 2609 1775 2681 Potentia
1790 2632 1962 2705 generans
1979 2608 2036 2680 di·

431 2728 556 2799 vinam
565 2728 823 2826 Sapientiam.»
838 2734 910 2802 Nec
924 2730 1031 2802 Filius
1047 2730 1256 2828 simpliciter
1264 2729 1421 2802 ostendit
1437 2727 1598 2801 divinam
1615 2730 1846 2827 Sapientiam,
1859 2752 1984 2800 verum
1996 2742 2034 2799 et

432 2849 549 2947 ipsam
573 2847 750 2945 significat
776 2863 962 2948 tamquam
983 2875 1027 2923 ex
1055 2856 1159 2923 Patre
1181 2851 1349 2947 genitam.
1376 2849 1447 2921 Sed
1472 2864 1509 2922 et
1532 2851 1684 2949 Spiritus
1706 2865 1850 2922 sanctus
1874 2847 2034 2922 divinam

435 2969 638 3042 Bonitatem
659 2983 845 3067 tamquam
866 2995 887 3044 a
913 2974 1016 3042 Patre
1036 2985 1072 3042 et
1092 2969 1181 3043 Filio
1198 2970 1456 3069 procedentem
1474 2968 1701 3042 determinat.
1719 2968 1823 3041 Unde
1843 2983 1939 3041 recte
1959 2967 2035 3041 baec

434 3088 585 3160 nomina
595 3092 711 3180 Pater,
725 3089 845 3185 Filius,
858 3091 1011 3191 Spiritus
1022 3105 1182 3186 sanctus,
1193 3090 1383 3165 discretiva
1398 3115 1634 3190 personarum
1642 3104 1726 3163 sunt
1740 3116 1748 3160 ε
1761 3088 1834 3161 hoc
1847 3103 1902 3162 est
1911 3113 2035 3162 earum

435 3206 482 3281 ab
503 3208 656 3282 invicem
679 3209 922 3286 diversitatem
942 3213 1201 3303 monstrantia,
1227 3237 1311 3283 cum
1333 3211 1501 3285 videlicet
1516 3211 1612 3282 hanc
1629 3233 1823 3309 personam
1852 3222 2035 3308 tamquam

434 3343 679 3424 generantem,
706 3329 804 3403 illam
822 3347 1006 3428 tamquam
1023 3347 1231 3430 generatam
1255 3330 1301 3403 ab
1321 3331 1409 3421 ista,
1429 3346 1467 3404 et
1481 3355 1604 3403 rursus
1621 3328 1728 3402 aliam
1750 3344 1935 3426 tamquam
1953 3354 2036 3427 pr00

435 3446 624 3520 cedentem
652 3473 696 3521 ex
721 3452 795 3524 istis
821 3452 962 3525 duabus
987 3453 1064 3526 haec
1090 3455 1239 3525 nomina
1265 3451 1483 3523 discernant.
1512 3449 1686 3537 Quaedam
1713 3451 1810 3521 enim
1835 3448 2036 3522 differentia

434 3592 556 3640 rerum
570 3568 825 3667 praedicatione
841 3571 887 3644 ab
904 3573 1059 3646 invicem
1075 3571 1349 3669 disjunctarum,
1368 3572 1406 3643 in
1422 3569 1578 3642 relativis
1595 3568 1804 3642 nominibus
1819 3569 2030 3658 insinuatur,

436 3687 532 3760 unde
551 3688 628 3785 ipsa
649 3688 696 3761 ab
717 3690 902 3763 Aristotele
923 3693 1091 3791 opposita
1113 3691 1305 3782 dicuntum
1325 3706 1361 3762 et
1382 3689 1546 3788 quaedarn
1565 3688 1826 3788 praedicationis
1844 3688 2034 3784 disjunctio

435 3806 597 3876 innuitur
614 3807 652 3878 in
676 3831 720 3879 eo
745 3809 807 3905 qui
824 3824 970 3905 generat
986 3824 1022 3882 et
1042 3811 1106 3908 qui
1125 3808 1268 3908 abipso
1285 3823 1493 3907 generatum
1518 3825 1555 3881 et
1572 3809 1611 3881 in
1631 3807 1755 3907 ecqui
1774 3807 1939 3906 procedit
1960 3822 1995 3879 et
2015 3831 2038 3881 a

434 3922 566 4019 quibus
591 3926 769 4022 procedit.
794 3927 899 4001 Unde
922 3928 1088 4002 mirabile
1113 3954 1189 4002 nou
1212 3946 1278 4020 est,
1298 3929 1328 4001 si
1355 3954 1397 4001 ex
1424 3927 1634 4026 hujusmodi
1652 3949 1888 4026 personarum
1905 3924 2035 3996 discre-

435 4041 535 4114 tione
550 4042 627 4115 baec
646 4045 798 4119 nomina
811 4047 857 4120 ab
873 4048 1028 4120 invicem
1043 4073 1108 4147 per
1124 4048 1419 4147 pradicationem
1434 4047 1614 4145 disjuncta
1630 4048 1700 4119 sint
1718 4074 1727 4116 ε
1748 4068 1827 4144 quae
1847 4042 2036 4116 relationes

437 4176 473 4233 et
498 4162 702 4259 significent
719 4181 756 4238 et
778 4167 970 4266 copulent3
997 4183 1034 4241 et
1052 4192 1129 4241 non
1152 4169 1213 4242 illa
1232 4170 1460 4268 supraposita
1484 4193 1563 4265 quae
1590 4167 1740 4241 minime
1758 4181 1842 4239 sunt
1863 4162 2032 4237 relativa:

438 4281 540 4378 quod
561 4298 597 4356 et
615 4284 701 4383 ipsis
722 4310 871 4384 quoque
894 4312 1016 4360 rerum
1032 4289 1184 4362 aliarum
1201 4289 1493 4386 generationibus
1509 4312 1573 4360 seu
1595 4285 1839 4360 creationibus
1861 4283 1963 4356 facile
1985 4296 2039 4356 est

438 4401 623 4500 assignari,
649 4404 711 4477 uhi
739 4407 847 4481 etiam
874 4409 926 4480 rei
951 4411 1155 4506 generantis
1178 4424 1214 4482 et
1238 4410 1364 4507 genitae
1386 4423 1441 4481 est
1464 4407 1592 4482 eadem
1619 4407 1786 4480 essentia.
1812 4411 1864 4477 Ex
1890 4403 2038 4476 materia

438 4520 573 4619 quippe
593 4523 713 4621 ipsum
735 4527 962 4599 materiatum
982 4530 1145 4627 generari
1167 4544 1203 4602 et
1215 4527 1332 4602 'creari
1348 4525 1623 4627 quodammodo
1647 4524 1793 4598 tradunt
1815 4522 2035 4622 philosophi.

440 4639 543 4713 Unde
559 4642 659 4716 Plato
679 4645 783 4740 Ylen,
800 4646 839 4718 id
855 4662 909 4719 est
924 4673 1137 4748 corpoream
1154 4663 1320 4724 naturam
1339 4664 1510 4747 tanquam
1527 4660 1679 4718 matrem
1698 4666 1895 4742 corporum
1919 4644 2036 4741 ponit.

441 4762 484 4830 Et
507 4762 651 4834 Boetius
674 4764 712 4834 in
732 4764 826 4838 libro
843 4769 1065 4842 Divisionum
1090 4793 1203 4866 genus
1222 4768 1335 4841 dividi
1355 4769 1393 4839 in
1421 4766 1556 4865 speeies
1572 4764 1673 4861 quasi
1696 4764 1734 4834 in
1758 4762 1935 4860 quasdam
1957 4787 1979 4835 a
2001 4786 2039 4835 se

440 4879 715 4975 quodammodo
739 4887 938 4961 creationes
955 4887 1052 4981 dicit,
1078 4888 1240 4986 eoquod
1259 4889 1396 4989 species
1412 4910 1456 4959 ex
1473 4887 1551 4985 ipsa
1567 4885 1705 4982 generis
1722 4882 1920 4955 substantia
1940 4882 2040 4955 nasci

440 5012 475 5069 et
497 5001 629 5075 confici
654 5003 825 5101 habeant,
855 5010 1129 5109 superveniente
1154 5008 1299 5082 forma:
1324 5021 1365 5081 ut
1381 5007 1496 5079 horno
1511 5030 1553 5078 ex
1576 5002 1737 5098 animali,
1765 5002 2039 5101 superveniente

441 5118 585 5193 animali
601 5125 838 5201 rationalitate
858 5142 894 5200 et
907 5126 1143 5221 mortalitate;
1162 5128 1254 5202 sieut
1270 5142 1386 5200 statua
1402 5151 1448 5198 ex
1463 5149 1546 5216 aere,
1562 5122 1836 5223 superveniente
1852 5119 1979 5217 ligura.
1996 5123 2042 5190 Et
