4559 6100
1817 402 1820 409 ·
1904 398 1935 447 e

465 545 537 619 dbd
1009 573 1038 618 κ
1070 537 1198 612 Pss't'at
1222 538 1458 614 ABAEbARDl

470 690 595 787 tentia,
613 713 687 766 unu
709 690 835 790 gioria,
854 712 926 762 ona
939 688 1115 787 majestas,
1135 712 1210 762 una
1225 688 1335 779 ratio,
1350 712 1422 760 una
1437 687 1616 781 voluntas,
1636 687 1958 787 eadem-operatio,
1977 713 2054 764 nen

468 813 594 887 divisa.
613 815 737 885 Unum
758 824 865 907 atque
887 807 984 881 idem
1005 833 1073 908 per
1094 809 1215 880 omnia
1231 808 1318 906 ipsae
1331 821 1427 900 sunt,
1451 820 1608 906 excepto
1626 807 1725 904 quod
1748 807 1794 880 ad
1817 806 2055 883 differentiam

467 932 592 1005 attinet
607 929 868 1030 proprietatum
885 952 949 1027 per
964 952 1055 1027 quas
1074 928 1160 1026 ipse
1171 927 1225 1000 ita
1241 925 1457 998 abinvicem
1475 939 1651 1025 perpetuo
1665 925 1813 999 diverse
1833 927 2052 1020 consistunt,

468 1064 507 1123 ut
526 1072 726 1148 numquam
751 1047 859 1120 unius
876 1070 1038 1147 personae
1060 1045 1260 1145 proprietas
1280 1045 1318 1116 in
1343 1042 1450 1117 aliam
1468 1044 1738 1118 transfundatur
1764 1068 1970 1144 personam,
1990 1070 2056 1120 ne·

467 1194 537 1267 que
560 1193 723 1268 uuquam
740 1165 787 1239 ab
804 1166 915 1239 altera
931 1165 1218 1237 communicetur
1233 1188 1387 1262 persona
1406 1190 1415 1236 t
1436 1164 1594 1262 alioquin
1617 1189 1693 1236 non
1719 1179 1810 1237 esset
1833 1165 2052 1264 proprietas,

468 1287 530 1360 sed
546 1287 799 1361 communitas.
819 1284 1009 1383 Proprium
1025 1297 1148 1357 autem
1166 1283 1280 1355 Patris
1300 1308 1322 1357 a
1346 1307 1384 1354 se
1401 1282 1479 1381 ipso
1496 1297 1636 1355 tautum
1655 1307 1730 1354 nnn
1755 1281 1802 1354 ab
1816 1282 1888 1354 aiio
1905 1306 2002 1371 esse,
2019 1300 2056 1357 et

468 1420 693 1479 coaeternum·
704 1404 772 1477 sibi
787 1404 915 1477 Filium
934 1401 1145 1476 astemnliter
1163 1404 1319 1501 gignere,
1338 1402 1394 1475 vel
1412 1403 1587 1498 genuisse.
1606 1401 1683 1473 Filii
1698 1426 1784 1473 varo
1801 1402 1987 1502 proprium
2004 1418 2057 1476 est

468 1552 489 1600 a
506 1526 586 1599 solo
604 1531 706 1598 Patre
727 1524 941 1597 aeternaliter
955 1523 1070 1621 gigni,
1095 1547 1159 1595 seu
1176 1523 1336 1620 genitum
1359 1547 1437 1595 esse
1445 1525 1468 1612 ⁸,
1486 1522 1650 1620 [Spiritus
1672 1522 1785 1594 sancti
1800 1521 1989 1621 proprium
2004 1538 2057 1597 eat

472 1645 730 1746 procedentem
750 1669 826 1717 esse
843 1668 865 1716 a
883 1647 986 1715 Patre
1003 1656 1040 1715 et
1059 1640 1181 1739 Filio],
1207 1667 1281 1714 non
1306 1656 1479 1735 creatum,
1508 1664 1583 1712 non
1599 1640 1749 1733 sactum,
1774 1664 1847 1712 non
1870 1642 2053 1736 genitum,

469 1765 532 1838 sed
555 1764 813 1863 procedentem
835 1777 987 1837 tantum.
1020 1766 1064 1833 Et
1086 1760 1163 1833 baec
1188 1761 1334 1858 quidem
1359 1776 1414 1834 est
1438 1761 1547 1834 trium
1573 1784 1807 1859 personarum
1834 1759 1881 1832 ab
1903 1761 2056 1835 invicem

470 1883 651 1973 discretio,
666 1884 768 1982 juxta
784 1883 1021 1982 proprietates
1035 1881 1270 1977 singularum.

519 2001 694 2091 Quaedam
717 2002 839 2099 itaque
854 2002 904 2073 sic
918 2001 964 2072 de
980 2005 1057 2073 Deo
1075 2000 1261 2089 dicuntur,
1282 2013 1323 2071 ut
1337 1997 1386 2071 de
1401 2023 1473 2072 una
1493 2013 1632 2072 tantum
1645 1999 1753 2071 trium
1770 2021 2005 2098 personarum
2021 2014 2058 2071 et

470 2145 545 2194 non
564 2120 613 2192 de
628 2118 793 2220 pluribus
809 2144 933 2192 earum
949 2118 1020 2191 dici
1035 2121 1202 2217 possint:
1222 2132 1259 2189 et
1274 2142 1397 2190 rursus
1412 2117 1576 2215 quaedam
1591 2119 1642 2190 ita
1657 2116 1702 2189 de
1715 2117 1881 2218 pluribus
1894 2119 2058 2218 personis

471 2239 540 2313 dici
558 2254 730 2339 possunt,
754 2254 795 2313 ut
819 2238 865 2313 de
888 2239 939 2312 eis
952 2253 1026 2311 tam
1042 2236 1186 2311 divisim
1204 2260 1314 2335 quam
1333 2237 1555 2335 conjunctim
1572 2237 1752 2328 dicantur,
1777 2235 1850 2309 boc
1871 2251 1924 2309 est
1944 2236 2058 2310 desis

389 2378 395 2391 ‘
470 2342 618 2457 singulis
636 2373 672 2431 et
696 2358 742 2431 de
760 2358 951 2451 sissimu13
973 2357 1137 2457 quaedam
1155 2382 1244 2431 vero
1263 2358 1484 2454 conjunctim
1501 2371 1652 2452 tantum.
1674 2356 1780 2430 Verbi
1797 2358 1909 2455 gratia
1934 2361 2054 2448 Pater,

470 2492 506 2554 et
527 2505 722 2578 generans,
748 2482 823 2554 sive
844 2483 1036 2579 ingenitus,
1063 2481 1111 2554 de
1126 2481 1205 2554 solo
1228 2483 1332 2553 Patre
1348 2480 1535 2567 dicuntur;
1555 2481 1717 2577 quamvis
1737 2481 1845 2552 etiam
1860 2493 1894 2554 et
1909 2480 2059 2578 Spiritus

470 2603 620 2673 Sanctus
633 2626 717 2673 cum
738 2625 814 2673 nen
831 2602 876 2673 sit
893 2600 1056 2699 genitus,
1073 2600 1118 2672 sit
1134 2600 1211 2699 ipse
1224 2620 1374 2698 quoque·
1385 2624 1460 2671 non
1475 2600 1635 2697 genitus,
1654 2624 1729 2671 non
1751 2613 1867 2671 tamen
1886 2614 1922 2671 et
1938 2600 2057 2697 ipsum

470 2721 723 2793 consuevimus
740 2720 859 2792 dicere
881 2719 1101 2815 ingenitum,
1121 2718 1186 2789 sed
1210 2717 1327 2790 solum
1346 2722 1496 2804 Patrem,
1523 2733 1562 2790 ut
1586 2718 1655 2790 tale
1677 2720 1723 2789 sit
1745 2717 1816 2791 boc
1841 2716 1922 2789 loeo
1938 2717 2057 2797 dicere

470 2839 682 2937 ingenitum,
702 2862 745 2911 ae
767 2840 895 2910 sicum
909 2860 1086 2909 essenon
1104 2836 1151 2909 ab
1170 2836 1255 2928 atio,
1282 2837 1373 2909 sieut
1392 2837 1513 2935 priore
1535 2835 1655 2909 libello
1677 2836 1813 2937 prefati
1838 2860 1971 2909 sumus.
1996 2841 2058 2909 Est

469 2959 592 3056 itaque
603 2957 678 3030 boc
691 2956 776 3029 loco
789 2956 910 3055 aliqua
924 2956 1123 3029 differentia
1139 2955 1258 3029 dicere
1272 2956 1484 3055 ingenitum,
1496 2970 1533 3028 et
1544 2956 1665 3028 dicere
1682 2981 1757 3028 non
1772 2958 1946 3054 genitum,
1968 2959 2058 3032 sicut

470 3077 589 3177 aliqua
609 3093 662 3151 cst
688 3078 889 3151 differentia
913 3077 1033 3150 dicere
1063 3076 1235 3175 injustum
1254 3093 1290 3150 at
1313 3076 1432 3149 dicere
1450 3102 1529 3149 uon
1546 3077 1708 3174 justum:
1727 3079 1863 3177 quippe
1886 3075 1986 3176 quod
2003 3080 2059 3152 in-

468 3199 602 3293 justum
620 3213 674 3272 est
689 3221 832 3272 necesse
849 3211 993 3270 estesse
1008 3219 1084 3270 non
1096 3196 1253 3294 justum,
1267 3197 1426 3272 sednon
1440 3221 1463 3268 e
1477 3221 1667 3270 converso.
1688 3199 1794 3296 Lapis
1806 3222 2055 3297 namqueuon

467 3316 583 3414 justus
602 3318 693 3391 siem
718 3332 754 3391 et
779 3341 854 3389 nnn
882 3317 1083 3407 rationalis,
1109 3341 1178 3390 nec
1195 3329 1316 3389 tamen
1338 3315 1489 3412 injustus
1513 3314 1645 3388 dtcitur
1668 3330 1729 3388 aut
1751 3317 1978 3390 irrationalis.
1999 3316 2059 3390 ltts

470 3436 603 3535 quippe
621 3437 760 3508 iuiinita
782 3449 866 3509 sunt
883 3437 957 3508 sive
979 3435 1191 3532 abnegativa
1207 3420 1374 3524 uomina,
1392 3434 1470 3506 hoec
1485 3433 1692 3533 privatoria.
1711 3437 2060 3533 Augustinustamen

471 3555 517 3627 de
537 3557 711 3628 reintrare
729 3555 823 3627 librn
839 3560 884 3648 V,
909 3558 1104 3655 ingenitum
1123 3555 1196 3628 boc
1219 3577 1353 3628 nomen
1375 3553 1584 3650 abnegative
1605 3579 1674 3653 pro
1696 3580 1771 3628 non
1797 3556 1918 3653 genito
1941 3557 2055 3655 ponit,

473 3675 535 3747 ubi
551 3674 715 3746 videlicet
739 3673 855 3771 capite
868 3699 920 3746 vn
935 3673 982 3745 de
1000 3674 1131 3746 divinis
1148 3674 1310 3745 similiter
1322 3671 1463 3744 disserit
1478 3673 1641 3769 personis
1657 3673 1713 3750 bis
1727 3674 1875 3773 quidem
1891 3673 2029 3747 verbis'
2047 3700 2056 3742 :

475 3817 494 3858 u
506 3791 713 3887 Quodergo
735 3790 868 3864 dicitur
885 3792 1077 3888 ingenitus,
1096 3789 1168 3861 hoc
1185 3789 1398 3880 ostenditur,
1421 3789 1520 3889 quod
1536 3815 1612 3862 non
1633 3793 1680 3864 sit
1694 3794 1823 3884 Filius3
1840 3793 1904 3866 sed
1921 3793 2061 3890 genitus

473 3923 508 3980 et
535 3909 713 4003 ingenitus
744 3910 938 3983 commode
964 3910 1144 3983 dicuutur.
1171 3908 1279 3980 iilius
1309 3923 1434 3981 autem
1454 3909 1570 3982 ,latine
1589 3910 1747 4004 dicitur,
1767 3913 1833 3985 sed
1861 3911 1999 4011 infidias
2018 3924 2059 3982 ut

473 4027 624 4118 dicatur,
647 4052 725 4100 nnn
746 4028 901 4101 admittit
921 4027 1093 4124 loquendi
1116 4028 1354 4102 cousuetudo.
1380 4027 1472 4100 Nihil
1492 4044 1610 4102 tamen
1634 4032 1828 4103 inteltectni
1844 4029 2010 4122 demitur,
2028 4029 2059 4104 si

472 4145 702 4217 dicaturnon
724 4146 851 4238 Filius3
874 4144 1181 4243 quemadmodum
1198 4148 1305 4220 etiam
1322 4148 1351 4218 si
1367 4146 1519 4237 dicatur,
1545 4151 1787 4246 congenitus,
1808 4173 1877 4247 pro
1896 4172 1940 4221 eo
1960 4148 2059 4244 quod

472 4265 605 4338 dieitur
624 4266 821 4362 ingenitus,
849 4265 939 4337 nibil
965 4264 1060 4337 aliud
1086 4266 1228 4339 dicitur.
1244 4263 1271 4335 n'
1292 4270 1380 4338 item
1400 4293 1409 4337 ε
1432 4270 1542 4339 «Non
1566 4293 1653 4366 ergo
1674 4269 1749 4365 jam
1774 4269 1936 4341 dicemus
1959 4268 2058 4365 inge·

473 4386 603 4475 nitnm,
634 4386 803 4481 quamvis
822 4385 894 4457 dici
920 4384 1028 4458 latine
1053 4386 1181 4484 possit;
1210 4384 1273 4458 sed
1296 4410 1364 4485 pro
1393 4410 1442 4459 eo
1464 4386 1627 4460 dieamus
1656 4413 1730 4460 non
1757 4389 1934 4485 genitum,
1958 4386 2056 4484 quod

473 4518 613 4576 tanturn
630 4503 737 4577 vaiet.
757 4508 850 4576 Num
865 4528 952 4600 ergo
968 4504 1067 4578 aliud
1082 4504 1247 4597 dicimus,
1271 4529 1380 4602 quam
1403 4530 1479 4577 non
1500 4505 1654 4580 Filium?
1668 4538 1686 4574 »
1707 4512 1793 4578 Item
1813 4532 1823 4577 a
1845 4506 2059 4602 «ingenitus

473 4645 584 4722 porro
608 4622 696 4720 quid
721 4636 774 4695 est
798 4624 867 4694 nisi
891 4648 965 4694 nnn
987 4624 1151 4719 genitus?
1173 4624 1271 4695 Sicut
1291 4625 1387 4700 enim
1411 4624 1549 4722 genitus
1570 4649 1645 4699 nnn
1664 4624 1711 4698 ad
1732 4625 1891 4724 seipsum
1913 4624 2055 4716 diciuu,

474 4742 537 4815 sed
560 4741 660 4840 quod
680 4767 723 4815 ax
747 4744 851 4814 Patre
874 4743 935 4835 sit3
959 4743 1007 4815 ita
1033 4767 1116 4815 curn
1134 4741 1267 4814 dicitur
1290 4743 1469 4841 ingenitus
1490 4767 1566 4815 nou
1588 4743 1635 4816 ad
1655 4744 1811 4842 seipsum
1834 4743 1979 4835 dicitur,
1996 4741 2060 4815 sed

454 4915 461 4926 ·
474 4862 574 4959 quod
589 4886 631 4934 ex
650 4862 810 4959 genitore
824 4885 898 4934 non
921 4862 965 4932 sit
980 4861 1221 4934 ostenditur.»
1241 4866 1290 4933 Far
1312 4862 1368 4950 bis
1382 4863 1502 4959 itaque
1516 4862 1629 4960 liquet
1643 4864 1877 4960 Augustinum
1890 4862 1962 4952 boc
1977 4860 2059 4935 ioco

508 5136 514 5164 ⁸
525 5132 604 5185 Verba
615 5135 755 5198 mrentboet
767 5133 860 5185 tnelusa
871 5133 961 5185 desum
970 5134 996 5184 tn
1007 5139 1065 5196 nm,
1076 5133 1120 5185 sed
1130 5134 1163 5185 ab
1173 5131 1309 5185 edttertbus
1319 5131 1481 5187 munuum
1491 5135 1602 5186 restttuu
1613 5142 1680 5187 suut.
1691 5158 1722 5173 -
1731 5136 1741 5166 ²
1752 5133 1811 5198 Cap.
1822 5148 1865 5198 m,
1876 5134 1955 5198 opp,
1969 5130 2060 5185 uvttt.
