4559 6100
462 541 533 616 206
1061 537 1189 607 PETRI
1214 537 1448 610 tssAEtattut

461 689 583 764 sione?
600 689 636 760 Si
652 712 737 784 ergo
751 688 928 758 Dominus
942 685 1013 758 hoo
1028 687 1234 784 permittere
1259 699 1424 778 cessaret,
1455 683 1594 756 nuNum
1610 682 1736 756 tortori
1754 682 1813 777 jus
1828 699 2045 780 superesset,

462 810 519 881 cui
544 807 691 906 quidem
717 806 952 902 conquerenti
969 805 1026 878 rol
1042 806 1281 880 murmuranti
1298 805 1468 877 adversus
1485 802 1682 875 Dominum
1704 801 1822 873 statim
1840 802 2050 900 responderi

462 952 483 999 a
500 925 658 997 Domino
677 925 933 996 conveniret¹:
954 927 1038 994 «An
1056 924 1184 996 oculus
1207 937 1289 995 tuus
1304 946 1460 1019 nequam
1480 934 1533 993 est
1559 922 1644 1018 quia
1665 943 1733 1015 ego
1757 918 1877 991 bonus
1898 945 1978 991 snm
1995 922 2011 992 l
2029 949 2048 990 a

464 1049 542 1116 Non
562 1043 643 1116 lecit
659 1043 833 1115 Dominus
849 1043 1016 1139 iujuriam
1032 1042 1193 1133 diabolo,
1211 1067 1295 1116 cum
1311 1042 1358 1115 de
1375 1065 1489 1114 massa
1505 1041 1702 1139 peccatrice
1718 1063 1864 1111 carnem
1876 1040 2050 1112 mundam

462 1176 497 1233 et
512 1162 696 1233 bominem
715 1160 762 1232 ab
778 1163 878 1233 omni
895 1175 1042 1261 peccato
1059 1162 1257 1233 immunem
1277 1161 1483 1259 susceperit.
1502 1161 1574 1247 Qui
1591 1157 1739 1255 quidem
1754 1157 1866 1230 bomo
1885 1181 1962 1230 non
1979 1158 2051 1231 boc

463 1280 598 1352 meritis
620 1280 794 1368 obtinuit,
816 1296 856 1352 ut
876 1282 952 1353 sine
970 1295 1118 1380 peccato
1143 1281 1404 1378 conciperetur,
1433 1291 1638 1351 nasceretur
1658 1292 1693 1349 ct
1709 1290 1966 1375 perseveraret,
1986 1275 2049 1349 aed

462 1399 685 1496 pergratiam
697 1398 919 1496 suscipientis
931 1424 1014 1472 eum
1025 1400 1185 1471 Domini.
1198 1397 1380 1496 Numquid
1393 1397 1521 1470 eadem
1534 1398 1645 1493 gratia
1657 1397 1687 1468 si
1699 1394 2049 1468 caeterishominibus

463 1530 608 1614 peccata
622 1516 800 1588 dimittere
815 1516 933 1609 vellet,
947 1516 1097 1590 liberare
1109 1541 1172 1590 eos
1188 1541 1209 1590 a
1225 1519 1340 1615 poenis
1354 1516 1552 1616 potuisset?
1564 1516 1722 1588 Peccatis
1734 1515 1868 1612 quippe
1883 1513 2049 1600 dimissis,

463 1649 611 1735 propter
627 1658 706 1730 quae
721 1635 759 1706 iu
772 1635 885 1732 poenis
897 1650 1012 1725 erant,
1032 1636 1131 1709 nulla
1143 1657 1327 1734 superesse
1344 1636 1435 1708 ratio
1461 1634 1615 1725 ridetur,
1639 1649 1680 1706 ut
1702 1646 1850 1732 propter
1874 1633 1954 1730 ipsa
1978 1655 2054 1704 am·

463 1751 556 1852 plius
575 1753 804 1851 punirentur.
823 1754 895 1840 Qui
914 1779 1000 1852 orgo
1014 1768 1152 1827 tantam
1167 1754 1328 1828 exhibuit
1341 1754 1482 1826 bomini
1500 1753 1663 1850 gratiam,
1682 1765 1723 1824 ut
1740 1777 1824 1825 eum
1845 1750 1912 1823 sibi
1935 1751 2053 1823 uniret

463 1874 500 1945 in
518 1897 731 1972 personam:
750 1897 825 1944 non
835 1888 956 1971 posset
973 1875 1152 1947 minorem
1169 1874 1391 1974 impendere,
1419 1872 1634 1945 dimittendo
1661 1871 1794 1945 scilicet
1819 1871 1852 1943 ei
1880 1870 2053 1968 peccata?

465 1998 552 2081 Quae
567 1994 688 2089 itaque
703 1993 906 2084 necessitas,
931 2007 1004 2065 aut·
1021 2017 1102 2090 qnae
1122 1993 1227 2084 ratio,
1254 1992 1311 2065 vel
1327 1990 1416 2090 quid
1434 2016 1526 2090 opus
1543 1991 1621 2082 luit,
1638 2015 1720 2062 cum
1738 1989 1813 2061 sola
1834 1989 1973 2061 visione
1989 2011 2054 2060 sua

466 2109 587 2181 divina
603 2111 782 2182 miseratio
797 2110 948 2184 liberare
963 2111 1151 2184 hominem
1170 2135 1192 2183 a
1208 2108 1358 2184 diabolo
1368 2110 1563 2208 potuisset:
1581 2109 1683 2207 quid,
1700 2109 1862 2205 inquam,
1880 2131 1972 2205 opus
1988 2107 2054 2179 fuit

466 2243 612 2328 propter
628 2229 913 2327 redemptionem
929 2245 1089 2302 nostram
1105 2230 1234 2302 Filium
1249 2230 1329 2320 Dei,
1345 2253 1456 2302 carne
1469 2243 1646 2327 suscepta,
1663 2241 1718 2301 tot
1726 2242 1763 2300 et
1772 2240 1889 2299 tantas
1903 2225 2051 2317 inedias,

465 2348 674 2448 opprobria,
693 2348 844 2445 flagella,
859 2365 975 2448 sputa,
997 2349 1153 2448 denique
1180 2351 1294 2448 ipsam
1318 2349 1435 2421 crucis
1464 2350 1698 2447 asperrimam
1720 2362 1757 2420 et
1780 2347 2055 2444 ignominiosam

465 2481 619 2539 mortem
636 2469 823 2560 sustinere,
840 2482 880 2540 ut
895 2469 1002 2542 etiam
1015 2492 1099 2540 cum
1114 2469 1245 2566 iniquis
1258 2466 1461 2567 patibulum
1477 2462 1711 2540 sustinuerit?
1731 2465 1928 2554 Quomodo
1950 2466 2056 2537 etiam

467 2609 535 2657 nos
545 2585 731 2682 justificari
747 2585 803 2656 vel
822 2587 1042 2659 reconciliari
1063 2590 1140 2660 Deo
1153 2611 1219 2685 per
1234 2601 1388 2658 mortem
1402 2585 1479 2658 Filii
1492 2586 1548 2657 sui
1565 2585 1652 2657 dicit
1662 2583 1863 2683 Apostolus,
1879 2584 1942 2681 qui
1957 2598 2056 2656 tauto

466 2702 619 2800 amplius
634 2703 802 2776 adversus
817 2703 1004 2776 hominem
1015 2705 1116 2777 irasci
1132 2703 1269 2796 debuit,
1282 2717 1419 2800 quanto
1433 2702 1803 2803 ampliusbominesin
1815 2701 2057 2799 crucifigendo

468 2820 595 2892 Filium
620 2845 726 2892 suum
749 2821 989 2918 deliquerunt,
1017 2846 1127 2920 quam
1149 2823 1189 2893 in
1218 2820 1512 2921 transgrediendo
1539 2822 1698 2922 primum
1727 2821 1805 2917 ejus
1831 2823 1869 2893 in
1890 2821 2057 2920 paradiso

468 2952 687 3037 preceptum
705 2939 812 3010 unius
829 2940 929 3037 pomi
945 2941 1077 3037 gustu?
1094 2946 1178 3029 Quo
1191 2942 1289 3014 enim
1306 2942 1459 3040 amplius
1476 2939 1709 3038 multiplicata
1721 2952 1806 3012 sunt
1816 2963 1881 3039 per
1892 2938 2057 3011 homines

468 3073 629 3156 peccata,
648 3058 753 3131 irasci
768 3061 885 3130 Deum
902 3057 1112 3132 bominibus
1128 3060 1282 3160 amplius
1301 3061 1438 3157 justum
1464 3059 1590 3134 iuerat.
1611 3058 1718 3147 Quod
1737 3060 1922 3131 sitantum
1942 3057 2057 3130 luerat

468 3177 557 3249 illud
571 3177 654 3250 ndae
672 3191 873 3275 peccatum,
892 3191 933 3249 ut
948 3180 1082 3277 expiari
1098 3203 1173 3250 non
1192 3192 1325 3279 posset,
1345 3181 1413 3252 nisi
1435 3202 1500 3278 per
1522 3193 1677 3252 mortem
1702 3176 1846 3268 Christi,
1869 3199 1982 3273 quam
1997 3199 2060 3248 ex·

468 3296 665 3393 piationem
682 3294 831 3369 habebit
845 3298 963 3394 ipsum
978 3296 1217 3369 homicidium
1232 3297 1331 3395 quod
1348 3299 1384 3369 in
1401 3296 1583 3370 Christum
1601 3296 1835 3369 commissum
1855 3307 1921 3385 est,
1949 3306 2004 3367 tot
2024 3307 2060 3367 et

469 3428 566 3486 tanta
581 3413 715 3487 scelera
731 3415 768 3486 in
783 3414 902 3513 ipsum
920 3415 976 3488 rel
991 3415 1029 3487 in
1043 3436 1129 3489 suos
1146 3416 1339 3489 commissa
1351 3417 1366 3487 l
1379 3415 1563 3514 Numquid
1588 3438 1686 3488 mors
1701 3413 1904 3487 innocentis
1922 3412 2001 3484 Filii
2022 3414 2059 3483 in

469 3547 608 3605 tantum
635 3537 712 3606 Deo
742 3535 837 3605 Patri
861 3533 1008 3632 placuit,
1037 3549 1079 3607 ut
1101 3558 1167 3634 per
1192 3535 1305 3633 ipsam
1324 3535 1617 3608 reconciliaretur
1639 3533 1758 3626 nobis,
1784 3533 1848 3631 qui
1874 3529 2060 3631 peccando

469 3652 726 3741 commisimus,
742 3665 892 3750 propter
904 3651 1005 3749 quod
1018 3652 1192 3724 innocens
1199 3655 1376 3725 Dominus
1385 3666 1438 3726 est
1449 3653 1588 3727 occuus
1598 3649 1618 3725 l
1630 3656 1702 3725 Nec
1710 3651 1779 3724 nisi
1786 3651 1857 3724 boo
1864 3650 2061 3722 maximum

470 3767 570 3839 ficret
582 3782 783 3866 peccatum,
802 3767 891 3840 illud
910 3769 1023 3842 multo
1039 3768 1281 3867 leviuspotuit
1293 3771 1491 3866 ignoscere,
1519 3795 1587 3844 nec
1611 3769 1681 3843 nisi
1701 3768 1942 3868 multiplicatis
1960 3766 2063 3840 malis

470 3900 610 3959 tantum
623 3884 763 3958 bonum
781 3883 926 3962 facere?
951 3891 991 3960 ln
1008 3911 1083 3983 quo
1105 3888 1213 3961 etiam
1231 3889 1400 3984 justiores
1419 3890 1501 3963 lacti
1518 3914 1643 3963 sumus
1659 3894 1724 3988 p‘er
1731 3902 1885 3961 mortem
1893 3886 1971 3960 Filii
1979 3887 2060 3976 Dei,

469 4027 580 4100 quarn
593 4016 676 4076 ante
690 4028 845 4097 eramus,
863 4020 942 4078 uta
959 4006 1075 4104 poenis
1088 4006 1164 4102 J‘am
1180 4006 1324 4080 liberari
1337 4006 1562 4081 debeamus?
1577 4009 1654 4081 Cui·
1668 4008 1776 4081 etiam
1802 4006 1958 4106 pretium
1981 4028 2062 4078 san·

471 4122 587 4221 guinis
602 4121 727 4195 datum
742 4139 808 4215 est,
828 4140 869 4197 ut
884 4123 1158 4218 redimeremur,
1170 4125 1237 4198 nisi
1249 4126 1283 4199 ei
1299 4128 1336 4198 in
1348 4126 1449 4222 cujus
1460 4140 1635 4225 potestate
1646 4149 1802 4217 eramus,
1813 4122 1852 4196 id
1868 4138 1922 4196 est
1937 4124 2061 4223 ipsius,

471 4254 511 4313 ut
534 4239 671 4313 dictum
689 4257 754 4336 est,
772 4244 839 4316 Dei
856 4244 918 4340 qui
944 4267 1012 4316 nos
1028 4245 1157 4316 tortori
1173 4268 1240 4316 suo
1255 4245 1509 4317 commiserat?
1534 4250 1657 4341 Neque
1681 4244 1778 4316 enirn
1803 4257 1972 4333 tortores,
1999 4242 2064 4314 sed

471 4358 610 4431 domini
627 4384 754 4433 eorum
777 4363 1004 4461 captivomm
1028 4379 1256 4462 componunt
1279 4378 1342 4436 aut
1364 4363 1574 4461 suscipiunt.
1599 4359 1796 4450 Quomodo
1817 4361 1922 4433 etiarn
1945 4360 2065 4457 pretio

471 4475 540 4549 hos
555 4478 717 4576 captivos
733 4479 880 4575 dimisit,
895 4481 924 4552 si
939 4481 1013 4579 ipse
1021 4483 1120 4581 prius
1133 4480 1205 4553 hoc
1214 4482 1368 4579 pretium
1383 4480 1538 4578 exegerit
1550 4493 1611 4553 aut
1628 4480 1834 4573 instituerit,
1847 4491 1889 4551 ut
1903 4478 2067 4577 captivos

472 4593 693 4669 dimitteret?
710 4603 828 4686 Quam
844 4624 930 4672 vero
944 4598 1089 4672 crudele
1100 4614 1137 4673 et
1150 4601 1316 4697 iniquum
1331 4599 1486 4690 ridetur,
1513 4614 1554 4671 ut
1575 4599 1787 4696 sanguinem
1803 4597 2006 4671 innocentis
2026 4596 2064 4668 in

473 4713 628 4810 pretium
642 4714 790 4813 aliquod
803 4719 883 4814 quis
899 4718 1111 4817 requisierit,
1129 4733 1192 4793 aut
1210 4717 1284 4791 ullo
1298 4718 1409 4791 modo
1423 4719 1457 4792 ei
1468 4717 1641 4817 placuerit
1653 4720 1884 4791 innocentem
1897 4712 2063 4803 interfici,

474 4831 611 4941 nedum
627 4838 723 4906 Deus
743 4849 817 4908 tam
832 4851 1017 4935 acceptam
1041 4837 1118 4909 Filii
1133 4839 1191 4910 sui
1216 4852 1371 4911 mortem
1390 4836 1570 4932 babuerit,
1600 4851 1642 4910 ut
1662 4850 1730 4936 per
1754 4837 1869 4935 ipsam
1897 4834 2066 4908 universo

506 5101 618 5169 'tlatth.,
629 5118 683 5169 cap.
696 5120 738 5169 u,
755 5121 779 5159 r.
797 5110 834 5160 tt.
