<?xml version="1.0" encoding="UTF-8"?>
<!DOCTYPE html PUBLIC "-//W3C//DTD XHTML 1.0 Transitional//EN"
    "http://www.w3.org/TR/xhtml1/DTD/xhtml1-transitional.dtd">
<html xmlns="http://www.w3.org/1999/xhtml" xml:lang="en" lang="en">
 <head>
  <title>
</title>
<meta http-equiv="Content-Type" content="text/html;charset=utf-8" />
  <meta name='ocr-system' content='tesseract 3.04.00' />
  <meta name='ocr-capabilities' content='ocr_page ocr_carea ocr_par ocr_line ocrx_word'/>
</head>
<body>
  <div class='ocr_page' id='page_1' title='image "./petriablardiope00despgoog_0104.png"; bbox 0 0 4559 6100; ppageno 0'>
   <div class='ocr_carea' id='block_1_1' title="bbox 483 531 1474 620">
    <p class='ocr_par' dir='ltr' id='par_1_1' title="bbox 483 531 1474 620">
     <span class='ocr_line' id='line_1_1' title="bbox 483 531 1474 620; baseline 0.002 -19"><span class='ocrx_word' id='word_1_1' title='bbox 483 550 531 620; x_wconf 77' lang='lat' dir='ltr'>gr,</span> <span class='ocrx_word' id='word_1_2' title='bbox 1083 533 1212 606; x_wconf 82' lang='lat' dir='ltr'>PETRI</span> <span class='ocrx_word' id='word_1_3' title='bbox 1238 531 1474 607; x_wconf 69' lang='lat' dir='ltr'>Auffluut</span> 
     </span>
    </p>
   </div>
   <div class='ocr_carea' id='block_1_2' title="bbox 376 674 2127 4030">
    <p class='ocr_par' dir='ltr' id='par_1_2' title="bbox 483 674 2082 1384">
     <span class='ocr_line' id='line_1_2' title="bbox 483 674 2080 792; baseline -0.009 -24"><span class='ocrx_word' id='word_1_4' title='bbox 483 708 582 769; x_wconf 89' lang='lat' dir='ltr'>tento</span> <span class='ocrx_word' id='word_1_5' title='bbox 609 693 769 792; x_wconf 89' lang='lat' dir='ltr'>pejores,</span> <span class='ocrx_word' id='word_1_6' title='bbox 800 686 965 759; x_wconf 87' lang='lat' dir='ltr'>civilibus</span> <span class='ocrx_word' id='word_1_7' title='bbox 987 682 1090 757; x_wconf 89' lang='lat' dir='ltr'>bellis</span> <span class='ocrx_word' id='word_1_8' title='bbox 1115 682 1312 781; x_wconf 86' lang='lat' dir='ltr'>inquietare</span> <span class='ocrx_word' id='word_1_9' title='bbox 1339 682 1530 755; x_wconf 82' lang='lat' dir='ltr'><strong>Ecclesiam</strong></span> <span class='ocrx_word' id='word_1_10' title='bbox 1553 706 1628 754; x_wconf 91' lang='lat' dir='ltr'>non</span> <span class='ocrx_word' id='word_1_11' title='bbox 1655 695 1807 755; x_wconf 85' lang='lat' dir='ltr'>cessant.</span> <span class='ocrx_word' id='word_1_12' title='bbox 1837 674 1950 780; x_wconf 78' lang='lat' dir='ltr'>Atque</span> <span class='ocrx_word' id='word_1_13' title='bbox 1972 698 2011 755; x_wconf 91' lang='lat' dir='ltr'>ut</span> <span class='ocrx_word' id='word_1_14' title='bbox 2033 684 2080 754; x_wconf 88' lang='lat' dir='ltr'>ad</span> 
     </span>
     <span class='ocr_line' id='line_1_3' title="bbox 485 801 2081 907; baseline -0.009 -20"><span class='ocrx_word' id='word_1_15' title='bbox 485 830 606 888; x_wconf 85' lang='lat' dir='ltr'>nostra</span> <span class='ocrx_word' id='word_1_16' title='bbox 622 811 807 884; x_wconf 84' lang='lat' dir='ltr'>veniamus</span> <span class='ocrx_word' id='word_1_17' title='bbox 832 823 1017 907; x_wconf 90' lang='lat' dir='ltr'>tempora,</span> <span class='ocrx_word' id='word_1_18' title='bbox 1040 802 1172 903; x_wconf 88' lang='lat' dir='ltr'>quihus</span> <span class='ocrx_word' id='word_1_19' title='bbox 1189 810 1265 901; x_wconf 88' lang='lat' dir='ltr'>jam</span> <span class='ocrx_word' id='word_1_20' title='bbox 1287 803 1388 874; x_wconf 89' lang='lat' dir='ltr'>aiunt</span> <span class='ocrx_word' id='word_1_21' title='bbox 1406 801 1498 875; x_wconf 91' lang='lat' dir='ltr'>adeo</span> <span class='ocrx_word' id='word_1_22' title='bbox 1521 826 1702 901; x_wconf 85' lang='lat' dir='ltr'>repressos</span> <span class='ocrx_word' id='word_1_23' title='bbox 1720 826 1797 875; x_wconf 90' lang='lat' dir='ltr'>esse</span> <span class='ocrx_word' id='word_1_24' title='bbox 1818 817 1860 874; x_wconf 91' lang='lat' dir='ltr'>ut</span> <span class='ocrx_word' id='word_1_25' title='bbox 1879 803 1955 900; x_wconf 88' lang='lat' dir='ltr'>jam</span> <span class='ocrx_word' id='word_1_26' title='bbox 1981 801 2081 874; x_wconf 91' lang='lat' dir='ltr'>nullo</span> 
     </span>
     <span class='ocr_line' id='line_1_4' title="bbox 485 921 2082 1026; baseline -0.008 -21"><span class='ocrx_word' id='word_1_27' title='bbox 485 935 569 1008; x_wconf 82' lang='lat' dir='ltr'>fidei</span> <span class='ocrx_word' id='word_1_28' title='bbox 587 932 821 1005; x_wconf 80' lang='lat' dir='ltr'>fundamento</span> <span class='ocrx_word' id='word_1_29' title='bbox 836 928 881 999; x_wconf 91' lang='lat' dir='ltr'>sit</span> <span class='ocrx_word' id='word_1_30' title='bbox 894 951 986 1026; x_wconf 90' lang='lat' dir='ltr'>opus</span> <span class='ocrx_word' id='word_1_31' title='bbox 1005 952 1015 997; x_wconf 76' lang='lat' dir='ltr'>z</span> <span class='ocrx_word' id='word_1_32' title='bbox 1034 923 1154 996; x_wconf 90' lang='lat' dir='ltr'>nullos</span> <span class='ocrx_word' id='word_1_33' title='bbox 1169 925 1206 995; x_wconf 88' lang='lat' dir='ltr'>in</span> <span class='ocrx_word' id='word_1_34' title='bbox 1224 935 1361 997; x_wconf 87' lang='lat' dir='ltr'>tantam</span> <span class='ocrx_word' id='word_1_35' title='bbox 1376 921 1464 994; x_wconf 92' lang='lat' dir='ltr'>olim</span> <span class='ocrx_word' id='word_1_36' title='bbox 1481 922 1656 994; x_wconf 90' lang='lat' dir='ltr'>insaniam</span> <span class='ocrx_word' id='word_1_37' title='bbox 1675 923 1881 1023; x_wconf 75' lang='lat' dir='ltr'>prorupisse</span> <span class='ocrx_word' id='word_1_38' title='bbox 1897 922 2082 994; x_wconf 87' lang='lat' dir='ltr'>haereticos</span> 
     </span>
     <span class='ocr_line' id='line_1_5' title="bbox 486 1041 2081 1153; baseline -0.009 -27"><span class='ocrx_word' id='word_1_39' title='bbox 486 1055 677 1153; x_wconf 89' lang='lat' dir='ltr'>qnisquam</span> <span class='ocrx_word' id='word_1_40' title='bbox 696 1048 865 1140; x_wconf 90' lang='lat' dir='ltr'>audierit,</span> <span class='ocrx_word' id='word_1_41' title='bbox 891 1059 1024 1146; x_wconf 89' lang='lat' dir='ltr'>quanta</span> <span class='ocrx_word' id='word_1_42' title='bbox 1040 1042 1207 1116; x_wconf 86' lang='lat' dir='ltr'>nonnulli</span> <span class='ocrx_word' id='word_1_43' title='bbox 1223 1057 1613 1140; x_wconf 82' lang='lat' dir='ltr'>contemporaneorum</span> <span class='ocrx_word' id='word_1_44' title='bbox 1638 1057 1845 1115; x_wconf 91' lang='lat' dir='ltr'>nostrorum</span> <span class='ocrx_word' id='word_1_45' title='bbox 1870 1041 2081 1115; x_wconf 85' lang='lat' dir='ltr'>debacchati</span> 
     </span>
     <span class='ocr_line' id='line_1_6' title="bbox 487 1160 2081 1267; baseline -0.008 -22"><span class='ocrx_word' id='word_1_46' title='bbox 487 1187 569 1245; x_wconf 90' lang='lat' dir='ltr'>sunt</span> <span class='ocrx_word' id='word_1_47' title='bbox 585 1199 593 1242; x_wconf 73' lang='grc' dir='ltr'><strong><em>ε</em></strong></span> <span class='ocrx_word' id='word_1_48' title='bbox 611 1170 850 1267; x_wconf 79' lang='lat' dir='ltr'>&#39;lanquelmus</span> <span class='ocrx_word' id='word_1_49' title='bbox 874 1165 1022 1265; x_wconf 84' lang='lat' dir='ltr'>quidam</span> <span class='ocrx_word' id='word_1_50' title='bbox 1045 1164 1158 1237; x_wconf 79' lang='lat' dir='ltr'>laicus</span> <span class='ocrx_word' id='word_1_51' title='bbox 1174 1186 1291 1262; x_wconf 80' lang='lat' dir='ltr'>nuper</span> <span class='ocrx_word' id='word_1_52' title='bbox 1308 1163 1346 1233; x_wconf 90' lang='lat' dir='ltr'>iu</span> <span class='ocrx_word' id='word_1_53' title='bbox 1367 1160 1546 1253; x_wconf 81' lang='lat' dir='ltr'>Flandrie,</span> <span class='ocrx_word' id='word_1_54' title='bbox 1565 1164 1687 1232; x_wconf 89' lang='lat' dir='ltr'>Petrus</span> <span class='ocrx_word' id='word_1_55' title='bbox 1704 1161 1890 1261; x_wconf 70' lang='lat' dir='ltr'>presbyter</span> <span class='ocrx_word' id='word_1_56' title='bbox 1909 1186 2025 1261; x_wconf 90' lang='lat' dir='ltr'>nuper</span> <span class='ocrx_word' id='word_1_57' title='bbox 2044 1164 2081 1233; x_wconf 90' lang='lat' dir='ltr'>in</span> 
     </span>
     <span class='ocr_line' id='line_1_7' title="bbox 488 1281 2078 1384; baseline -0.007 -21"><span class='ocrx_word' id='word_1_58' title='bbox 488 1292 698 1383; x_wconf 85' lang='lat' dir='ltr'>Provincia,</span> <span class='ocrx_word' id='word_1_59' title='bbox 715 1303 810 1361; x_wconf 81' lang='lat' dir='ltr'>uter</span> <span class='ocrx_word' id='word_1_60' title='bbox 829 1287 949 1360; x_wconf 91' lang='lat' dir='ltr'>multis</span> <span class='ocrx_word' id='word_1_61' title='bbox 963 1285 1104 1384; x_wconf 86' lang='lat' dir='ltr'>aliquos</span> <span class='ocrx_word' id='word_1_62' title='bbox 1119 1284 1157 1356; x_wconf 93' lang='lat' dir='ltr'>in</span> <span class='ocrx_word' id='word_1_63' title='bbox 1175 1282 1335 1355; x_wconf 89' lang='lat' dir='ltr'>medium</span> <span class='ocrx_word' id='word_1_64' title='bbox 1354 1281 1611 1382; x_wconf 88' lang='lat' dir='ltr'>producamus.</span> <span class='ocrx_word' id='word_1_65' title='bbox 1630 1284 1795 1368; x_wconf 90' lang='lat' dir='ltr'>Quorum</span> <span class='ocrx_word' id='word_1_66' title='bbox 1811 1282 1959 1380; x_wconf 88' lang='lat' dir='ltr'>quidem</span> <span class='ocrx_word' id='word_1_67' title='bbox 1977 1281 2078 1367; x_wconf 85' lang='lat' dir='ltr'>alter,</span> 
     </span>
    </p>

    <p class='ocr_par' dir='ltr' id='par_1_3' title="bbox 376 1386 2127 2105">
     <span class='ocr_line' id='line_1_8' title="bbox 376 1386 2127 1509; baseline -0.008 -25"><span class='ocrx_word' id='word_1_68' title='bbox 376 1412 380 1419; x_wconf 70' lang='lat'>‘</span> <span class='ocrx_word' id='word_1_69' title='bbox 485 1411 725 1509; x_wconf 82' lang='lat' dir='ltr'>Tanquelmus</span> <span class='ocrx_word' id='word_1_70' title='bbox 746 1407 893 1501; x_wconf 89' lang='lat' dir='ltr'>scilicet,</span> <span class='ocrx_word' id='word_1_71' title='bbox 915 1406 953 1478; x_wconf 92' lang='lat' dir='ltr'>in</span> <span class='ocrx_word' id='word_1_72' title='bbox 974 1418 1109 1477; x_wconf 84' lang='lat' dir='ltr'>tantam</span> <span class='ocrx_word' id='word_1_73' title='bbox 1126 1426 1164 1476; x_wconf 90' lang='lat' dir='ltr'>se</span> <span class='ocrx_word' id='word_1_74' title='bbox 1179 1415 1339 1476; x_wconf 83' lang='lat' dir='ltr'>erexerat</span> <span class='ocrx_word' id='word_1_75' title='bbox 1357 1401 1589 1494; x_wconf 90' lang='lat' dir='ltr'>dementiam,</span> <span class='ocrx_word' id='word_1_76' title='bbox 1609 1416 1650 1473; x_wconf 91' lang='lat' dir='ltr'>ut</span> <span class='ocrx_word' id='word_1_77' title='bbox 1665 1426 1703 1473; x_wconf 90' lang='lat' dir='ltr'>se</span> <span class='ocrx_word' id='word_1_78' title='bbox 1719 1401 1785 1474; x_wconf 88' lang='lat' dir='ltr'>Dei</span> <span class='ocrx_word' id='word_1_79' title='bbox 1801 1400 1914 1473; x_wconf 80' lang='lat' dir='ltr'>filium</span> <span class='ocrx_word' id='word_1_80' title='bbox 1932 1401 2082 1473; x_wconf 85' lang='lat' dir='ltr'>vocitari</span> <span class='ocrx_word' id='word_1_81' title='bbox 2122 1386 2127 1394; x_wconf 42' lang='lat'>¹</span> 
     </span>
     <span class='ocr_line' id='line_1_9' title="bbox 487 1521 2079 1629; baseline -0.008 -26"><span class='ocrx_word' id='word_1_82' title='bbox 487 1545 594 1629; x_wconf 86' lang='lat' dir='ltr'>atque</span> <span class='ocrx_word' id='word_1_83' title='bbox 615 1529 812 1622; x_wconf 85' lang='lat' dir='ltr'>decantari,</span> <span class='ocrx_word' id='word_1_84' title='bbox 831 1541 867 1600; x_wconf 93' lang='lat' dir='ltr'>et</span> <span class='ocrx_word' id='word_1_85' title='bbox 881 1551 903 1599; x_wconf 84' lang='lat' dir='ltr'>a</span> <span class='ocrx_word' id='word_1_86' title='bbox 918 1524 1067 1599; x_wconf 87' lang='lat' dir='ltr'>seducto</span> <span class='ocrx_word' id='word_1_87' title='bbox 1087 1522 1240 1624; x_wconf 90' lang='lat' dir='ltr'>populo,</span> <span class='ocrx_word' id='word_1_88' title='bbox 1259 1535 1300 1594; x_wconf 90' lang='lat' dir='ltr'>ut</span> <span class='ocrx_word' id='word_1_89' title='bbox 1315 1521 1459 1615; x_wconf 92' lang='lat' dir='ltr'>dicitur,</span> <span class='ocrx_word' id='word_1_90' title='bbox 1478 1521 1653 1620; x_wconf 89' lang='lat' dir='ltr'>templum</span> <span class='ocrx_word' id='word_1_91' title='bbox 1671 1521 1838 1596; x_wconf 74' lang='lat' dir='ltr'>edificari</span> <span class='ocrx_word' id='word_1_92' title='bbox 1854 1521 1920 1594; x_wconf 90' lang='lat' dir='ltr'>sibi</span> <span class='ocrx_word' id='word_1_93' title='bbox 1938 1521 2079 1594; x_wconf 83' lang='lat' dir='ltr'>laceret.</span> 
     </span>
     <span class='ocr_line' id='line_1_10' title="bbox 488 1641 2082 1735; baseline -0.006 -13"><span class='ocrx_word' id='word_1_94' title='bbox 488 1650 582 1723; x_wconf 77' lang='lat' dir='ltr'>Alter</span> <span class='ocrx_word' id='word_1_95' title='bbox 600 1675 687 1722; x_wconf 79' lang='lat' dir='ltr'>vero</span> <span class='ocrx_word' id='word_1_96' title='bbox 703 1651 751 1722; x_wconf 86' lang='lat' dir='ltr'>ita</span> <span class='ocrx_word' id='word_1_97' title='bbox 769 1648 841 1721; x_wconf 84' lang='lat' dir='ltr'>lere</span> <span class='ocrx_word' id='word_1_98' title='bbox 857 1671 1004 1720; x_wconf 90' lang='lat' dir='ltr'>omnem</span> <span class='ocrx_word' id='word_1_99' title='bbox 1021 1645 1241 1735; x_wconf 85' lang='lat' dir='ltr'>divinorum,</span> <span class='ocrx_word' id='word_1_100' title='bbox 1261 1666 1446 1715; x_wconf 89' lang='lat' dir='ltr'>sacrorum</span> <span class='ocrx_word' id='word_1_101' title='bbox 1470 1656 1505 1715; x_wconf 92' lang='lat' dir='ltr'>et</span> <span class='ocrx_word' id='word_1_102' title='bbox 1526 1641 1769 1715; x_wconf 69' lang='lat' dir='ltr'>ecclesiastice</span> <span class='ocrx_word' id='word_1_103' title='bbox 1783 1643 1956 1715; x_wconf 72' lang='lat' dir='ltr'>doctrine</span> <span class='ocrx_word' id='word_1_104' title='bbox 1976 1643 2082 1714; x_wconf 90' lang='lat' dir='ltr'>insti-</span> 
     </span>
     <span class='ocr_line' id='line_1_11' title="bbox 487 1761 2081 1865; baseline -0.004 -23"><span class='ocrx_word' id='word_1_105' title='bbox 487 1773 662 1844; x_wconf 79' lang='lat' dir='ltr'>tutionem</span> <span class='ocrx_word' id='word_1_106' title='bbox 673 1783 874 1860; x_wconf 84' lang='lat' dir='ltr'>enervarat,</span> <span class='ocrx_word' id='word_1_107' title='bbox 885 1780 924 1838; x_wconf 92' lang='lat' dir='ltr'>ut</span> <span class='ocrx_word' id='word_1_108' title='bbox 935 1765 1068 1838; x_wconf 85' lang='lat' dir='ltr'>multos</span> <span class='ocrx_word' id='word_1_109' title='bbox 1080 1761 1293 1865; x_wconf 87' lang='lat' dir='ltr'>rebaptizari</span> <span class='ocrx_word' id='word_1_110' title='bbox 1304 1776 1459 1861; x_wconf 89' lang='lat' dir='ltr'>cogeret,</span> <span class='ocrx_word' id='word_1_111' title='bbox 1474 1776 1509 1836; x_wconf 90' lang='lat' dir='ltr'>et</span> <span class='ocrx_word' id='word_1_112' title='bbox 1517 1761 1720 1835; x_wconf 86' lang='lat' dir='ltr'>venerabile</span> <span class='ocrx_word' id='word_1_113' title='bbox 1731 1763 1929 1835; x_wconf 86' lang='lat' dir='ltr'>Dominicae</span> <span class='ocrx_word' id='word_1_114' title='bbox 1941 1764 2081 1861; x_wconf 85' lang='lat' dir='ltr'>signum</span> 
     </span>
     <span class='ocr_line' id='line_1_12' title="bbox 486 1882 2082 1986; baseline -0.004 -24"><span class='ocrx_word' id='word_1_115' title='bbox 486 1892 602 1963; x_wconf 88' lang='lat' dir='ltr'>crucis</span> <span class='ocrx_word' id='word_1_116' title='bbox 628 1886 891 1962; x_wconf 85' lang='lat' dir='ltr'>removendum</span> <span class='ocrx_word' id='word_1_117' title='bbox 917 1886 1059 1986; x_wconf 88' lang='lat' dir='ltr'>penitus</span> <span class='ocrx_word' id='word_1_118' title='bbox 1083 1896 1268 1975; x_wconf 84' lang='lat' dir='ltr'>censeret,</span> <span class='ocrx_word' id='word_1_119' title='bbox 1297 1897 1404 1981; x_wconf 88' lang='lat' dir='ltr'>atque</span> <span class='ocrx_word' id='word_1_120' title='bbox 1436 1882 1554 1955; x_wconf 88' lang='lat' dir='ltr'>altaris</span> <span class='ocrx_word' id='word_1_121' title='bbox 1588 1897 1852 1957; x_wconf 87' lang='lat' dir='ltr'>sacramentum</span> <span class='ocrx_word' id='word_1_122' title='bbox 1880 1882 2082 1956; x_wconf 89' lang='lat' dir='ltr'>nullatenus</span> 
     </span>
     <span class='ocr_line' id='line_1_13' title="bbox 486 2005 1201 2105; baseline -0.014 -22"><span class='ocrx_word' id='word_1_123' title='bbox 486 2009 742 2083; x_wconf 88' lang='lat' dir='ltr'>celebrandum</span> <span class='ocrx_word' id='word_1_124' title='bbox 758 2031 834 2080; x_wconf 89' lang='lat' dir='ltr'>esse</span> <span class='ocrx_word' id='word_1_125' title='bbox 850 2005 1003 2105; x_wconf 86' lang='lat' dir='ltr'>amplius</span> <span class='ocrx_word' id='word_1_126' title='bbox 1017 2017 1201 2078; x_wconf 84' lang='lat' dir='ltr'>estmeret.</span> 
     </span>
    </p>

    <p class='ocr_par' dir='ltr' id='par_1_4' title="bbox 484 2122 2083 2680">
     <span class='ocr_line' id='line_1_14' title="bbox 535 2122 2083 2224; baseline -0.003 -22"><span class='ocrx_word' id='word_1_127' title='bbox 535 2129 606 2202; x_wconf 88' lang='lat' dir='ltr'>Sed</span> <span class='ocrx_word' id='word_1_128' title='bbox 623 2153 690 2201; x_wconf 90' lang='lat' dir='ltr'>nec</span> <span class='ocrx_word' id='word_1_129' title='bbox 707 2127 894 2223; x_wconf 87' lang='lat' dir='ltr'>magistros</span> <span class='ocrx_word' id='word_1_130' title='bbox 906 2124 1113 2197; x_wconf 84' lang='lat' dir='ltr'>divinorum</span> <span class='ocrx_word' id='word_1_131' title='bbox 1128 2122 1393 2221; x_wconf 88' lang='lat' dir='ltr'>librorum,qui</span> <span class='ocrx_word' id='word_1_132' title='bbox 1407 2147 1504 2196; x_wconf 90' lang='lat' dir='ltr'>nunc</span> <span class='ocrx_word' id='word_1_133' title='bbox 1514 2125 1667 2197; x_wconf 80' lang='lat' dir='ltr'>maxime</span> <span class='ocrx_word' id='word_1_134' title='bbox 1684 2126 1779 2198; x_wconf 90' lang='lat' dir='ltr'>circa</span> <span class='ocrx_word' id='word_1_135' title='bbox 1790 2149 1858 2197; x_wconf 92' lang='lat' dir='ltr'>nos</span> <span class='ocrx_word' id='word_1_136' title='bbox 1876 2123 2083 2224; x_wconf 78' lang='lat' dir='ltr'>pestilentiae</span> 
     </span>
     <span class='ocr_line' id='line_1_15' title="bbox 486 2242 2080 2344; baseline -0.004 -23"><span class='ocrx_word' id='word_1_137' title='bbox 486 2247 674 2321; x_wconf 84' lang='lat' dir='ltr'>cathedras</span> <span class='ocrx_word' id='word_1_138' title='bbox 706 2260 842 2337; x_wconf 88' lang='lat' dir='ltr'>tenent,</span> <span class='ocrx_word' id='word_1_139' title='bbox 860 2242 1128 2344; x_wconf 53' lang='lat' dir='ltr'>praetereundos</span> <span class='ocrx_word' id='word_1_140' title='bbox 1144 2243 1374 2336; x_wconf 86' lang='lat' dir='ltr'>arbitramur,</span> <span class='ocrx_word' id='word_1_141' title='bbox 1401 2268 1559 2340; x_wconf 89' lang='lat' dir='ltr'>quorum</span> <span class='ocrx_word' id='word_1_142' title='bbox 1587 2268 1682 2317; x_wconf 89' lang='lat' dir='ltr'>unus</span> <span class='ocrx_word' id='word_1_143' title='bbox 1704 2246 1742 2317; x_wconf 92' lang='lat' dir='ltr'>in</span> <span class='ocrx_word' id='word_1_144' title='bbox 1760 2245 1921 2338; x_wconf 86' lang='lat' dir='ltr'>Francia,</span> <span class='ocrx_word' id='word_1_145' title='bbox 1940 2244 2027 2317; x_wconf 89' lang='lat' dir='ltr'>alter</span> <span class='ocrx_word' id='word_1_146' title='bbox 2044 2246 2080 2316; x_wconf 89' lang='lat' dir='ltr'>in</span> 
     </span>
     <span class='ocr_line' id='line_1_16' title="bbox 486 2361 2082 2465; baseline -0.001 -27"><span class='ocrx_word' id='word_1_147' title='bbox 486 2366 711 2465; x_wconf 84' lang='lat' dir='ltr'>Burgundia,</span> <span class='ocrx_word' id='word_1_148' title='bbox 739 2365 863 2437; x_wconf 89' lang='lat' dir='ltr'>tertius</span> <span class='ocrx_word' id='word_1_149' title='bbox 890 2364 928 2435; x_wconf 91' lang='lat' dir='ltr'>iu</span> <span class='ocrx_word' id='word_1_150' title='bbox 955 2387 1049 2461; x_wconf 86' lang='lat' dir='ltr'>pago</span> <span class='ocrx_word' id='word_1_151' title='bbox 1081 2361 1343 2460; x_wconf 77' lang='lat' dir='ltr'>ludegarensi,</span> <span class='ocrx_word' id='word_1_152' title='bbox 1373 2377 1524 2461; x_wconf 90' lang='lat' dir='ltr'>quartus</span> <span class='ocrx_word' id='word_1_153' title='bbox 1548 2364 1585 2435; x_wconf 93' lang='lat' dir='ltr'>in</span> <span class='ocrx_word' id='word_1_154' title='bbox 1617 2364 1844 2456; x_wconf 87' lang='lat' dir='ltr'>Bituricensi,</span> <span class='ocrx_word' id='word_1_155' title='bbox 1876 2364 1988 2437; x_wconf 90' lang='lat' dir='ltr'>multa</span> <span class='ocrx_word' id='word_1_156' title='bbox 2019 2388 2082 2436; x_wconf 87' lang='lat' dir='ltr'>ea-</span> 
     </span>
     <span class='ocr_line' id='line_1_17' title="bbox 486 2481 2081 2574; baseline 0.001 -18"><span class='ocrx_word' id='word_1_157' title='bbox 486 2485 626 2559; x_wconf 87' lang='lat' dir='ltr'>tholicae</span> <span class='ocrx_word' id='word_1_158' title='bbox 653 2483 735 2557; x_wconf 87' lang='lat' dir='ltr'>fidei</span> <span class='ocrx_word' id='word_1_159' title='bbox 765 2482 823 2557; x_wconf 83' lang='lat' dir='ltr'>vel</span> <span class='ocrx_word' id='word_1_160' title='bbox 847 2483 982 2570; x_wconf 68' lang='lat' dir='ltr'>¹sanctis</span> <span class='ocrx_word' id='word_1_161' title='bbox 1011 2481 1185 2555; x_wconf 88' lang='lat' dir='ltr'>doctrinis</span> <span class='ocrx_word' id='word_1_162' title='bbox 1215 2481 1366 2556; x_wconf 87' lang='lat' dir='ltr'>adversa</span> <span class='ocrx_word' id='word_1_163' title='bbox 1393 2507 1469 2556; x_wconf 90' lang='lat' dir='ltr'>non</span> <span class='ocrx_word' id='word_1_164' title='bbox 1501 2482 1620 2557; x_wconf 87' lang='lat' dir='ltr'>solum</span> <span class='ocrx_word' id='word_1_165' title='bbox 1650 2498 1793 2574; x_wconf 87' lang='lat' dir='ltr'>tenent,</span> <span class='ocrx_word' id='word_1_166' title='bbox 1820 2508 1947 2556; x_wconf 87' lang='lat' dir='ltr'>verum</span> <span class='ocrx_word' id='word_1_167' title='bbox 1976 2486 2081 2558; x_wconf 87' lang='lat' dir='ltr'>etiam</span> 
     </span>
     <span class='ocr_line' id='line_1_18' title="bbox 484 2606 630 2680; baseline 0.014 -3"><span class='ocrx_word' id='word_1_168' title='bbox 484 2606 630 2680; x_wconf 88' lang='lat' dir='ltr'>docent.</span> 
     </span>
    </p>

    <p class='ocr_par' dir='ltr' id='par_1_5' title="bbox 483 2723 2086 3901">
     <span class='ocr_line' id='line_1_19' title="bbox 535 2723 2081 2825; baseline 0.001 -29"><span class='ocrx_word' id='word_1_169' title='bbox 535 2726 674 2797; x_wconf 81' lang='lat' dir='ltr'>Primus</span> <span class='ocrx_word' id='word_1_170' title='bbox 686 2724 834 2821; x_wconf 90' lang='lat' dir='ltr'>quidem</span> <span class='ocrx_word' id='word_1_171' title='bbox 850 2723 921 2818; x_wconf 91' lang='lat' dir='ltr'>ille,</span> <span class='ocrx_word' id='word_1_172' title='bbox 937 2750 1047 2822; x_wconf 90' lang='lat' dir='ltr'>quem</span> <span class='ocrx_word' id='word_1_173' title='bbox 1064 2725 1232 2813; x_wconf 85' lang='lat' dir='ltr'>diximus,</span> <span class='ocrx_word' id='word_1_174' title='bbox 1248 2726 1326 2797; x_wconf 85' lang='lat' dir='ltr'>sine</span> <span class='ocrx_word' id='word_1_175' title='bbox 1340 2723 1411 2801; x_wconf 85' lang='lat' dir='ltr'>lide</span> <span class='ocrx_word' id='word_1_176' title='bbox 1427 2729 1578 2800; x_wconf 88' lang='lat' dir='ltr'>Venturi</span> <span class='ocrx_word' id='word_1_177' title='bbox 1594 2727 1738 2818; x_wconf 89' lang='lat' dir='ltr'>multos,</span> <span class='ocrx_word' id='word_1_178' title='bbox 1751 2727 1813 2825; x_wconf 87' lang='lat' dir='ltr'>qui</span> <span class='ocrx_word' id='word_1_179' title='bbox 1824 2742 1907 2799; x_wconf 87' lang='lat' dir='ltr'>ante</span> <span class='ocrx_word' id='word_1_180' title='bbox 1918 2726 2081 2799; x_wconf 80' lang='lat' dir='ltr'>incame-</span> 
     </span>
     <span class='ocr_line' id='line_1_20' title="bbox 485 2843 2082 2940; baseline 0.001 -25"><span class='ocrx_word' id='word_1_181' title='bbox 485 2846 620 2917; x_wconf 88' lang='lat' dir='ltr'>tionem</span> <span class='ocrx_word' id='word_1_182' title='bbox 636 2843 712 2940; x_wconf 90' lang='lat' dir='ltr'>ejus</span> <span class='ocrx_word' id='word_1_183' title='bbox 727 2843 951 2935; x_wconf 81' lang='lat' dir='ltr'>exstiterunt,</span> <span class='ocrx_word' id='word_1_184' title='bbox 970 2843 1162 2917; x_wconf 84' lang='lat' dir='ltr'>salvandos</span> <span class='ocrx_word' id='word_1_185' title='bbox 1178 2844 1318 2937; x_wconf 75' lang='lat' dir='ltr'>asserit,</span> <span class='ocrx_word' id='word_1_186' title='bbox 1335 2845 1532 2921; x_wconf 88' lang='lat' dir='ltr'>Dominum</span> <span class='ocrx_word' id='word_1_187' title='bbox 1544 2861 1708 2920; x_wconf 90' lang='lat' dir='ltr'>nostrum</span> <span class='ocrx_word' id='word_1_188' title='bbox 1715 2851 1836 2920; x_wconf 82' lang='lat' dir='ltr'>lesum</span> <span class='ocrx_word' id='word_1_189' title='bbox 1847 2846 2029 2919; x_wconf 87' lang='lat' dir='ltr'>Christum</span> <span class='ocrx_word' id='word_1_190' title='bbox 2045 2849 2082 2918; x_wconf 90' lang='lat' dir='ltr'>in</span> 
     </span>
     <span class='ocr_line' id='line_1_21' title="bbox 485 2961 2084 3067; baseline 0.001 -32"><span class='ocrx_word' id='word_1_191' title='bbox 485 2979 610 3062; x_wconf 90' lang='lat' dir='ltr'>aperto</span> <span class='ocrx_word' id='word_1_192' title='bbox 627 2977 730 3035; x_wconf 87' lang='lat' dir='ltr'>utero</span> <span class='ocrx_word' id='word_1_193' title='bbox 748 2962 894 3060; x_wconf 85' lang='lat' dir='ltr'>virginis</span> <span class='ocrx_word' id='word_1_194' title='bbox 912 2961 1019 3035; x_wconf 83' lang='lat' dir='ltr'>luisse</span> <span class='ocrx_word' id='word_1_195' title='bbox 1035 2977 1174 3056; x_wconf 84' lang='lat' dir='ltr'>natum,</span> <span class='ocrx_word' id='word_1_196' title='bbox 1193 2964 1284 3036; x_wconf 89' lang='lat' dir='ltr'>sicut</span> <span class='ocrx_word' id='word_1_197' title='bbox 1300 2977 1335 3037; x_wconf 91' lang='lat' dir='ltr'>et</span> <span class='ocrx_word' id='word_1_198' title='bbox 1352 2979 1498 3038; x_wconf 87' lang='lat' dir='ltr'>caeteros</span> <span class='ocrx_word' id='word_1_199' title='bbox 1515 2965 1695 3061; x_wconf 89' lang='lat' dir='ltr'>homines,</span> <span class='ocrx_word' id='word_1_200' title='bbox 1709 2964 1887 3067; x_wconf 89' lang='lat' dir='ltr'>nisiquod</span> <span class='ocrx_word' id='word_1_201' title='bbox 1898 2966 1973 3065; x_wconf 89' lang='lat' dir='ltr'>ipse</span> <span class='ocrx_word' id='word_1_202' title='bbox 1987 2964 2084 3037; x_wconf 89' lang='lat' dir='ltr'>solus</span> 
     </span>
     <span class='ocr_line' id='line_1_22' title="bbox 484 3082 2083 3183; baseline 0.001 -28"><span class='ocrx_word' id='word_1_203' title='bbox 484 3084 561 3155; x_wconf 87' lang='lat' dir='ltr'>siue</span> <span class='ocrx_word' id='word_1_204' title='bbox 575 3082 668 3155; x_wconf 83' lang='lat' dir='ltr'>virili</span> <span class='ocrx_word' id='word_1_205' title='bbox 684 3083 821 3155; x_wconf 89' lang='lat' dir='ltr'>semine</span> <span class='ocrx_word' id='word_1_206' title='bbox 837 3083 884 3154; x_wconf 89' lang='lat' dir='ltr'>sit</span> <span class='ocrx_word' id='word_1_207' title='bbox 899 3098 1105 3182; x_wconf 90' lang='lat' dir='ltr'>conceptus.</span> <span class='ocrx_word' id='word_1_208' title='bbox 1126 3088 1167 3156; x_wconf 89' lang='lat' dir='ltr'>ln</span> <span class='ocrx_word' id='word_1_209' title='bbox 1185 3085 1261 3182; x_wconf 86' lang='lat' dir='ltr'>ipsa</span> <span class='ocrx_word' id='word_1_210' title='bbox 1273 3084 1421 3183; x_wconf 90' lang='lat' dir='ltr'>quidem</span> <span class='ocrx_word' id='word_1_211' title='bbox 1443 3087 1638 3161; x_wconf 88' lang='lat' dir='ltr'>divinitatis</span> <span class='ocrx_word' id='word_1_212' title='bbox 1659 3093 1800 3181; x_wconf 82' lang='lat' dir='ltr'>natura,</span> <span class='ocrx_word' id='word_1_213' title='bbox 1821 3111 1864 3160; x_wconf 90' lang='lat' dir='ltr'>ac</span> <span class='ocrx_word' id='word_1_214' title='bbox 1880 3086 2083 3160; x_wconf 83' lang='lat' dir='ltr'>divinarum</span> 
     </span>
     <span class='ocr_line' id='line_1_23' title="bbox 483 3201 2084 3305; baseline 0.001 -31"><span class='ocrx_word' id='word_1_215' title='bbox 483 3226 720 3301; x_wconf 88' lang='lat' dir='ltr'>personarum</span> <span class='ocrx_word' id='word_1_216' title='bbox 731 3201 972 3296; x_wconf 88' lang='lat' dir='ltr'>distinctione,</span> <span class='ocrx_word' id='word_1_217' title='bbox 985 3205 1351 3303; x_wconf 89' lang='lat' dir='ltr'>itapraesumptuosus</span> <span class='ocrx_word' id='word_1_218' title='bbox 1361 3220 1515 3278; x_wconf 88' lang='lat' dir='ltr'>assertor</span> <span class='ocrx_word' id='word_1_219' title='bbox 1529 3207 1725 3297; x_wconf 87' lang='lat' dir='ltr'>invenitur,</span> <span class='ocrx_word' id='word_1_220' title='bbox 1734 3208 1866 3305; x_wconf 84' lang='lat' dir='ltr'>utquia</span> <span class='ocrx_word' id='word_1_221' title='bbox 1875 3210 1971 3280; x_wconf 90' lang='lat' dir='ltr'>Deus</span> <span class='ocrx_word' id='word_1_222' title='bbox 1981 3211 2084 3278; x_wconf 89' lang='lat' dir='ltr'>Pater</span> 
     </span>
     <span class='ocr_line' id='line_1_24' title="bbox 484 3320 2083 3426; baseline 0.003 -32"><span class='ocrx_word' id='word_1_223' title='bbox 484 3322 664 3420; x_wconf 86' lang='lat' dir='ltr'>generavit</span> <span class='ocrx_word' id='word_1_224' title='bbox 681 3320 830 3407; x_wconf 85' lang='lat' dir='ltr'>Filium,</span> <span class='ocrx_word' id='word_1_225' title='bbox 857 3320 1069 3419; x_wconf 87' lang='lat' dir='ltr'>profiteatur</span> <span class='ocrx_word' id='word_1_226' title='bbox 1094 3327 1212 3395; x_wconf 90' lang='lat' dir='ltr'>Deum</span> <span class='ocrx_word' id='word_1_227' title='bbox 1240 3325 1404 3423; x_wconf 84' lang='lat' dir='ltr'>genuisse</span> <span class='ocrx_word' id='word_1_228' title='bbox 1430 3326 1601 3425; x_wconf 86' lang='lat' dir='ltr'>seipsum.</span> <span class='ocrx_word' id='word_1_229' title='bbox 1631 3330 1749 3415; x_wconf 90' lang='lat' dir='ltr'>Quem</span> <span class='ocrx_word' id='word_1_230' title='bbox 1765 3342 1888 3426; x_wconf 89' lang='lat' dir='ltr'>aperte</span> <span class='ocrx_word' id='word_1_231' title='bbox 1910 3350 2083 3412; x_wconf 88' lang='lat' dir='ltr'>errorem,</span> 
     </span>
     <span class='ocr_line' id='line_1_25' title="bbox 483 3440 2086 3544; baseline -0.001 -30"><span class='ocrx_word' id='word_1_232' title='bbox 483 3443 557 3515; x_wconf 90' lang='lat' dir='ltr'>imo</span> <span class='ocrx_word' id='word_1_233' title='bbox 586 3440 750 3514; x_wconf 70' lang='lat' dir='ltr'>haeresim</span> <span class='ocrx_word' id='word_1_234' title='bbox 778 3445 817 3512; x_wconf 90' lang='lat' dir='ltr'>B.</span> <span class='ocrx_word' id='word_1_235' title='bbox 842 3443 1054 3538; x_wconf 81' lang='lat' dir='ltr'>Augustinus</span> <span class='ocrx_word' id='word_1_236' title='bbox 1075 3444 1113 3515; x_wconf 89' lang='lat' dir='ltr'>in</span> <span class='ocrx_word' id='word_1_237' title='bbox 1131 3443 1251 3541; x_wconf 91' lang='lat' dir='ltr'>primo</span> <span class='ocrx_word' id='word_1_238' title='bbox 1267 3442 1310 3516; x_wconf 79' lang='lat' dir='ltr'>de</span> <span class='ocrx_word' id='word_1_239' title='bbox 1331 3446 1506 3517; x_wconf 82' lang='lat' dir='ltr'>Trinitate</span> <span class='ocrx_word' id='word_1_240' title='bbox 1522 3444 1649 3519; x_wconf 83' lang='lat' dir='ltr'>refellit</span> <span class='ocrx_word' id='word_1_241' title='bbox 1666 3444 1827 3519; x_wconf 90' lang='lat' dir='ltr'>dicens¹:</span> <span class='ocrx_word' id='word_1_242' title='bbox 1855 3478 1872 3514; x_wconf 73' lang='grc' dir='ltr'><strong>α</strong></span> <span class='ocrx_word' id='word_1_243' title='bbox 1895 3447 1966 3535; x_wconf 91' lang='lat' dir='ltr'>Qui</span> <span class='ocrx_word' id='word_1_244' title='bbox 1984 3459 2086 3544; x_wconf 86' lang='lat' dir='ltr'>putat</span> 
     </span>
     <span class='ocr_line' id='line_1_26' title="bbox 483 3561 2083 3666; baseline 0 -32"><span class='ocrx_word' id='word_1_245' title='bbox 483 3562 559 3658; x_wconf 90' lang='lat' dir='ltr'>ejus</span> <span class='ocrx_word' id='word_1_246' title='bbox 577 3561 744 3659; x_wconf 86' lang='lat' dir='ltr'>potentiae</span> <span class='ocrx_word' id='word_1_247' title='bbox 758 3564 874 3632; x_wconf 88' lang='lat' dir='ltr'>Deum</span> <span class='ocrx_word' id='word_1_248' title='bbox 893 3577 933 3633; x_wconf 92' lang='lat' dir='ltr'>ut</span> <span class='ocrx_word' id='word_1_249' title='bbox 948 3564 1105 3662; x_wconf 89' lang='lat' dir='ltr'>seipsum</span> <span class='ocrx_word' id='word_1_250' title='bbox 1122 3565 1199 3662; x_wconf 86' lang='lat' dir='ltr'>ipse</span> <span class='ocrx_word' id='word_1_251' title='bbox 1214 3566 1387 3660; x_wconf 83' lang='lat' dir='ltr'>genuerit,</span> <span class='ocrx_word' id='word_1_252' title='bbox 1407 3589 1451 3637; x_wconf 94' lang='lat' dir='ltr'>eo</span> <span class='ocrx_word' id='word_1_253' title='bbox 1466 3563 1548 3666; x_wconf 90' lang='lat' dir='ltr'>plus</span> <span class='ocrx_word' id='word_1_254' title='bbox 1558 3581 1666 3659; x_wconf 87' lang='lat' dir='ltr'>erret,</span> <span class='ocrx_word' id='word_1_255' title='bbox 1680 3567 1782 3665; x_wconf 90' lang='lat' dir='ltr'>qnod</span> <span class='ocrx_word' id='word_1_256' title='bbox 1801 3592 1875 3641; x_wconf 89' lang='lat' dir='ltr'>non</span> <span class='ocrx_word' id='word_1_257' title='bbox 1893 3566 2012 3640; x_wconf 90' lang='lat' dir='ltr'>solum</span> <span class='ocrx_word' id='word_1_258' title='bbox 2035 3567 2083 3636; x_wconf 88' lang='lat' dir='ltr'>ita</span> 
     </span>
     <span class='ocr_line' id='line_1_27' title="bbox 484 3677 2084 3785; baseline 0.001 -32"><span class='ocrx_word' id='word_1_259' title='bbox 484 3681 579 3753; x_wconf 87' lang='lat' dir='ltr'>Deus</span> <span class='ocrx_word' id='word_1_260' title='bbox 594 3703 671 3752; x_wconf 86' lang='lat' dir='ltr'>non</span> <span class='ocrx_word' id='word_1_261' title='bbox 690 3692 757 3771; x_wconf 91' lang='lat' dir='ltr'>est,</span> <span class='ocrx_word' id='word_1_262' title='bbox 776 3677 840 3750; x_wconf 91' lang='lat' dir='ltr'>sed</span> <span class='ocrx_word' id='word_1_263' title='bbox 855 3680 1046 3778; x_wconf 84' lang='lat' dir='ltr'>spiritualis</span> <span class='ocrx_word' id='word_1_264' title='bbox 1063 3697 1227 3757; x_wconf 85' lang='lat' dir='ltr'>creatura</span> <span class='ocrx_word' id='word_1_265' title='bbox 1240 3708 1307 3757; x_wconf 88' lang='lat' dir='ltr'>nec</span> <span class='ocrx_word' id='word_1_266' title='bbox 1324 3683 1540 3785; x_wconf 82' lang='lat' dir='ltr'>corporalis3</span> <span class='ocrx_word' id='word_1_267' title='bbox 1559 3686 1658 3762; x_wconf 87' lang='lat' dir='ltr'>nulla</span> <span class='ocrx_word' id='word_1_268' title='bbox 1675 3688 1773 3761; x_wconf 90' lang='lat' dir='ltr'>enim</span> <span class='ocrx_word' id='word_1_269' title='bbox 1787 3709 1843 3760; x_wconf 89' lang='lat' dir='ltr'>res</span> <span class='ocrx_word' id='word_1_270' title='bbox 1859 3701 1912 3759; x_wconf 90' lang='lat' dir='ltr'>est</span> <span class='ocrx_word' id='word_1_271' title='bbox 1930 3685 2084 3758; x_wconf 89' lang='lat' dir='ltr'>omnino</span> 
     </span>
     <span class='ocr_line' id='line_1_28' title="bbox 487 3799 2081 3901; baseline -0.008 -29"><span class='ocrx_word' id='word_1_272' title='bbox 487 3822 568 3897; x_wconf 84' lang='lat' dir='ltr'>quae</span> <span class='ocrx_word' id='word_1_273' title='bbox 584 3800 739 3898; x_wconf 86' lang='lat' dir='ltr'>seipsam</span> <span class='ocrx_word' id='word_1_274' title='bbox 755 3799 890 3897; x_wconf 85' lang='lat' dir='ltr'>gignat.</span> <span class='ocrx_word' id='word_1_275' title='bbox 912 3827 931 3868; x_wconf 78' lang='lat' dir='ltr'>u</span> <span class='ocrx_word' id='word_1_276' title='bbox 2077 3893 2081 3901; x_wconf 91' lang='lat'>.</span> 
     </span>
    </p>

    <p class='ocr_par' dir='ltr' id='par_1_6' title="bbox 535 3918 2084 4030">
     <span class='ocr_line' id='line_1_29' title="bbox 535 3918 2084 4030; baseline 0.006 -40"><span class='ocrx_word' id='word_1_277' title='bbox 535 3918 652 3991; x_wconf 77' lang='lat' dir='ltr'>Alter&#39;¹</span> <span class='ocrx_word' id='word_1_278' title='bbox 676 3943 824 4017; x_wconf 92' lang='lat' dir='ltr'>quoque</span> <span class='ocrx_word' id='word_1_279' title='bbox 845 3918 995 3992; x_wconf 89' lang='lat' dir='ltr'>totidem</span> <span class='ocrx_word' id='word_1_280' title='bbox 1018 3922 1201 3996; x_wconf 88' lang='lat' dir='ltr'>erroribus</span> <span class='ocrx_word' id='word_1_281' title='bbox 1226 3926 1427 4018; x_wconf 87' lang='lat' dir='ltr'>involutus,</span> <span class='ocrx_word' id='word_1_282' title='bbox 1446 3942 1517 4002; x_wconf 91' lang='lat' dir='ltr'>tres</span> <span class='ocrx_word' id='word_1_283' title='bbox 1534 3929 1571 4003; x_wconf 90' lang='lat' dir='ltr'>in</span> <span class='ocrx_word' id='word_1_284' title='bbox 1587 3929 1665 4004; x_wconf 88' lang='lat' dir='ltr'>Deo</span> <span class='ocrx_word' id='word_1_285' title='bbox 1684 3932 1937 4030; x_wconf 87' lang='lat' dir='ltr'>proprietates,</span> <span class='ocrx_word' id='word_1_286' title='bbox 1954 3953 2084 4001; x_wconf 89' lang='lat' dir='ltr'>secun·</span> 
     </span>
    </p>
   </div>
   <div class='ocr_carea' id='block_1_3' title="bbox 405 4035 2091 4838">
    <p class='ocr_par' dir='ltr' id='par_1_7' title="bbox 405 4035 2091 4838">
     <span class='ocr_line' id='line_1_30' title="bbox 405 4035 2085 4150; baseline 0.006 -41"><span class='ocrx_word' id='word_1_287' title='bbox 405 4111 419 4138; x_wconf 52' lang='lat'>,</span> <span class='ocrx_word' id='word_1_288' title='bbox 485 4038 573 4110; x_wconf 93' lang='lat' dir='ltr'>dum</span> <span class='ocrx_word' id='word_1_289' title='bbox 588 4061 677 4136; x_wconf 91' lang='lat' dir='ltr'>quas</span> <span class='ocrx_word' id='word_1_290' title='bbox 693 4052 763 4111; x_wconf 86' lang='lat' dir='ltr'>tres</span> <span class='ocrx_word' id='word_1_291' title='bbox 780 4035 1048 4136; x_wconf 82' lang='lat' dir='ltr'>distinguuntur</span> <span class='ocrx_word' id='word_1_292' title='bbox 1060 4068 1242 4143; x_wconf 85' lang='lat' dir='ltr'>personae,</span> <span class='ocrx_word' id='word_1_293' title='bbox 1262 4061 1332 4121; x_wconf 89' lang='lat' dir='ltr'>tres</span> <span class='ocrx_word' id='word_1_294' title='bbox 1346 4049 1516 4123; x_wconf 88' lang='lat' dir='ltr'>essentias</span> <span class='ocrx_word' id='word_1_295' title='bbox 1538 4049 1696 4124; x_wconf 88' lang='lat' dir='ltr'>diversas</span> <span class='ocrx_word' id='word_1_296' title='bbox 1713 4051 1760 4124; x_wconf 86' lang='lat' dir='ltr'>ab</span> <span class='ocrx_word' id='word_1_297' title='bbox 1776 4051 1860 4150; x_wconf 88' lang='lat' dir='ltr'>ipsis</span> <span class='ocrx_word' id='word_1_298' title='bbox 1875 4050 2037 4150; x_wconf 89' lang='lat' dir='ltr'>personis</span> <span class='ocrx_word' id='word_1_299' title='bbox 2049 4063 2085 4119; x_wconf 90' lang='lat' dir='ltr'>et</span> 
     </span>
     <span class='ocr_line' id='line_1_31' title="bbox 484 4147 2085 4260; baseline 0.007 -39"><span class='ocrx_word' id='word_1_300' title='bbox 484 4148 530 4221; x_wconf 87' lang='lat' dir='ltr'>ah</span> <span class='ocrx_word' id='word_1_301' title='bbox 554 4150 631 4248; x_wconf 90' lang='lat' dir='ltr'>ipsa</span> <span class='ocrx_word' id='word_1_302' title='bbox 655 4147 850 4222; x_wconf 87' lang='lat' dir='ltr'>divinitatis</span> <span class='ocrx_word' id='word_1_303' title='bbox 871 4166 1000 4225; x_wconf 86' lang='lat' dir='ltr'>natura</span> <span class='ocrx_word' id='word_1_304' title='bbox 1022 4156 1224 4250; x_wconf 91' lang='lat' dir='ltr'>constituit,</span> <span class='ocrx_word' id='word_1_305' title='bbox 1251 4174 1290 4231; x_wconf 93' lang='lat' dir='ltr'>ut</span> <span class='ocrx_word' id='word_1_306' title='bbox 1315 4158 1448 4233; x_wconf 88' lang='lat' dir='ltr'>scilicet</span> <span class='ocrx_word' id='word_1_307' title='bbox 1473 4159 1667 4260; x_wconf 84' lang='lat' dir='ltr'>paternitas</span> <span class='ocrx_word' id='word_1_308' title='bbox 1689 4163 1769 4257; x_wconf 89' lang='lat' dir='ltr'>Dei,</span> <span class='ocrx_word' id='word_1_309' title='bbox 1790 4161 1847 4234; x_wconf 83' lang='lat' dir='ltr'>vel</span> <span class='ocrx_word' id='word_1_310' title='bbox 1872 4161 2009 4250; x_wconf 91' lang='lat' dir='ltr'>filiatio,</span> <span class='ocrx_word' id='word_1_311' title='bbox 2029 4171 2085 4233; x_wconf 85' lang='lat' dir='ltr'>vel</span> 
     </span>
     <span class='ocr_line' id='line_1_32' title="bbox 484 4261 2082 4373; baseline 0.008 -40"><span class='ocrx_word' id='word_1_312' title='bbox 484 4261 680 4359; x_wconf 89' lang='lat' dir='ltr'>processio,</span> <span class='ocrx_word' id='word_1_313' title='bbox 701 4285 757 4333; x_wconf 89' lang='lat' dir='ltr'>res</span> <span class='ocrx_word' id='word_1_314' title='bbox 778 4262 941 4360; x_wconf 77' lang='lat' dir='ltr'>quaedam</span> <span class='ocrx_word' id='word_1_315' title='bbox 963 4265 1035 4338; x_wconf 88' lang='lat' dir='ltr'>sint</span> <span class='ocrx_word' id='word_1_316' title='bbox 1056 4282 1130 4340; x_wconf 88' lang='lat' dir='ltr'>tam</span> <span class='ocrx_word' id='word_1_317' title='bbox 1148 4268 1195 4341; x_wconf 86' lang='lat' dir='ltr'>ab</span> <span class='ocrx_word' id='word_1_318' title='bbox 1209 4270 1294 4368; x_wconf 90' lang='lat' dir='ltr'>ipsis</span> <span class='ocrx_word' id='word_1_319' title='bbox 1310 4271 1486 4369; x_wconf 90' lang='lat' dir='ltr'>personis,</span> <span class='ocrx_word' id='word_1_320' title='bbox 1505 4297 1614 4369; x_wconf 89' lang='lat' dir='ltr'>quam</span> <span class='ocrx_word' id='word_1_321' title='bbox 1640 4273 1687 4346; x_wconf 88' lang='lat' dir='ltr'>ab</span> <span class='ocrx_word' id='word_1_322' title='bbox 1710 4274 1789 4373; x_wconf 90' lang='lat' dir='ltr'>ipso</span> <span class='ocrx_word' id='word_1_323' title='bbox 1805 4278 1882 4345; x_wconf 88' lang='lat' dir='ltr'>Deo</span> <span class='ocrx_word' id='word_1_324' title='bbox 1912 4272 2082 4358; x_wconf 77' lang='lat' dir='ltr'>diversa,</span> 
     </span>
     <span class='ocr_line' id='line_1_33' title="bbox 483 4380 2085 4489; baseline 0.006 -38"><span class='ocrx_word' id='word_1_325' title='bbox 483 4380 546 4477; x_wconf 93' lang='lat' dir='ltr'>qui</span> <span class='ocrx_word' id='word_1_326' title='bbox 581 4381 688 4453; x_wconf 88' lang='lat' dir='ltr'>etiam</span> <span class='ocrx_word' id='word_1_327' title='bbox 721 4380 919 4455; x_wconf 88' lang='lat' dir='ltr'>Dominum</span> <span class='ocrx_word' id='word_1_328' title='bbox 951 4389 1072 4459; x_wconf 85' lang='lat' dir='ltr'>lesum</span> <span class='ocrx_word' id='word_1_329' title='bbox 1099 4388 1135 4458; x_wconf 91' lang='lat' dir='ltr'>in</span> <span class='ocrx_word' id='word_1_330' title='bbox 1176 4413 1349 4489; x_wconf 86' lang='lat' dir='ltr'>corpore,</span> <span class='ocrx_word' id='word_1_331' title='bbox 1382 4411 1485 4464; x_wconf 85' lang='lat' dir='ltr'>more</span> <span class='ocrx_word' id='word_1_332' title='bbox 1527 4391 1682 4465; x_wconf 90' lang='lat' dir='ltr'>aliorum</span> <span class='ocrx_word' id='word_1_333' title='bbox 1709 4392 1902 4466; x_wconf 88' lang='lat' dir='ltr'>hominum</span> <span class='ocrx_word' id='word_1_334' title='bbox 1932 4392 2085 4464; x_wconf 87' lang='lat' dir='ltr'>crevisse</span> 
     </span>
     <span class='ocr_line' id='line_1_34' title="bbox 483 4493 2084 4604; baseline 0.007 -38"><span class='ocrx_word' id='word_1_335' title='bbox 483 4493 658 4591; x_wconf 82' lang='lat' dir='ltr'>denegat,</span> <span class='ocrx_word' id='word_1_336' title='bbox 688 4508 724 4567; x_wconf 89' lang='lat' dir='ltr'>et</span> <span class='ocrx_word' id='word_1_337' title='bbox 753 4495 828 4593; x_wconf 89' lang='lat' dir='ltr'>ejus</span> <span class='ocrx_word' id='word_1_338' title='bbox 857 4497 1092 4595; x_wconf 86' lang='lat' dir='ltr'>longitudinis</span> <span class='ocrx_word' id='word_1_339' title='bbox 1123 4528 1257 4604; x_wconf 89' lang='lat' dir='ltr'>corpus</span> <span class='ocrx_word' id='word_1_340' title='bbox 1284 4505 1320 4577; x_wconf 94' lang='lat' dir='ltr'>in</span> <span class='ocrx_word' id='word_1_341' title='bbox 1345 4519 1448 4579; x_wconf 92' lang='lat' dir='ltr'>utero</span> <span class='ocrx_word' id='word_1_342' title='bbox 1472 4508 1595 4580; x_wconf 87' lang='lat' dir='ltr'>matris</span> <span class='ocrx_word' id='word_1_343' title='bbox 1624 4509 1681 4582; x_wconf 83' lang='lat' dir='ltr'>vel</span> <span class='ocrx_word' id='word_1_344' title='bbox 1710 4509 1747 4580; x_wconf 91' lang='lat' dir='ltr'>in</span> <span class='ocrx_word' id='word_1_345' title='bbox 1774 4510 1877 4581; x_wconf 88' lang='lat' dir='ltr'>cunis</span> <span class='ocrx_word' id='word_1_346' title='bbox 1899 4506 2084 4596; x_wconf 84' lang='lat' dir='ltr'>exstitisse,</span> 
     </span>
     <span class='ocr_line' id='line_1_35' title="bbox 482 4613 2088 4726; baseline 0.006 -40"><span class='ocrx_word' id='word_1_347' title='bbox 482 4614 585 4711; x_wconf 90' lang='lat' dir='ltr'>cujus</span> <span class='ocrx_word' id='word_1_348' title='bbox 614 4613 849 4713; x_wconf 85' lang='lat' dir='ltr'>postmodum</span> <span class='ocrx_word' id='word_1_349' title='bbox 875 4618 940 4690; x_wconf 83' lang='lat' dir='ltr'>suit</span> <span class='ocrx_word' id='word_1_350' title='bbox 969 4620 1007 4691; x_wconf 90' lang='lat' dir='ltr'>io</span> <span class='ocrx_word' id='word_1_351' title='bbox 1038 4646 1157 4696; x_wconf 81' lang='lat' dir='ltr'>cruce.</span> <span class='ocrx_word' id='word_1_352' title='bbox 1189 4623 1389 4699; x_wconf 86' lang='lat' dir='ltr'>Monachos</span> <span class='ocrx_word' id='word_1_353' title='bbox 1417 4640 1538 4700; x_wconf 86' lang='lat' dir='ltr'>autern</span> <span class='ocrx_word' id='word_1_354' title='bbox 1556 4640 1664 4726; x_wconf 87' lang='lat' dir='ltr'>atque</span> <span class='ocrx_word' id='word_1_355' title='bbox 1687 4626 1884 4720; x_wconf 87' lang='lat' dir='ltr'>moniales,</span> <span class='ocrx_word' id='word_1_356' title='bbox 1914 4640 1997 4726; x_wconf 89' lang='lat' dir='ltr'>post</span> <span class='ocrx_word' id='word_1_357' title='bbox 2021 4649 2088 4723; x_wconf 91' lang='lat' dir='ltr'>pu·</span> 
     </span>
     <span class='ocr_line' id='line_1_36' title="bbox 482 4731 2091 4838; baseline 0.006 -34"><span class='ocrx_word' id='word_1_358' title='bbox 482 4731 618 4808; x_wconf 86' lang='lat' dir='ltr'>blicum</span> <span class='ocrx_word' id='word_1_359' title='bbox 653 4734 761 4806; x_wconf 86' lang='lat' dir='ltr'>etiam</span> <span class='ocrx_word' id='word_1_360' title='bbox 798 4759 869 4807; x_wconf 85' lang='lat' dir='ltr'>suae</span> <span class='ocrx_word' id='word_1_361' title='bbox 900 4738 1132 4836; x_wconf 75' lang='lat' dir='ltr'>professionis</span> <span class='ocrx_word' id='word_1_362' title='bbox 1168 4756 1311 4838; x_wconf 89' lang='lat' dir='ltr'>votum,</span> <span class='ocrx_word' id='word_1_363' title='bbox 1347 4763 1384 4817; x_wconf 89' lang='lat' dir='ltr'>et</span> <span class='ocrx_word' id='word_1_364' title='bbox 1417 4746 1680 4821; x_wconf 88' lang='lat' dir='ltr'>benedictionis</span> <span class='ocrx_word' id='word_1_365' title='bbox 1710 4748 1769 4821; x_wconf 87' lang='lat' dir='ltr'>vel</span> <span class='ocrx_word' id='word_1_366' title='bbox 1808 4744 2091 4820; x_wconf 89' lang='lat' dir='ltr'>consecrationis</span> 
     </span>
    </p>
   </div>
   <div class='ocr_carea' id='block_1_4' title="bbox 482 4937 2088 5199">
    <p class='ocr_par' dir='ltr' id='par_1_8' title="bbox 482 4937 2088 5199">
     <span class='ocr_line' id='line_1_37' title="bbox 514 4937 2088 5038; baseline 0.011 -26"><span class='ocrx_word' id='word_1_367' title='bbox 514 4960 586 5014; x_wconf 79' lang='lat' dir='ltr'>¹tto.</span> <span class='ocrx_word' id='word_1_368' title='bbox 604 4959 626 5025; x_wconf 87' lang='grc' dir='ltr'>Ι,</span> <span class='ocrx_word' id='word_1_369' title='bbox 638 4975 692 5026; x_wconf 72' lang='lat' dir='ltr'>rap.</span> <span class='ocrx_word' id='word_1_370' title='bbox 710 4976 727 5024; x_wconf 87' lang='lat' dir='ltr'>r,</span> <span class='ocrx_word' id='word_1_371' title='bbox 742 4937 817 5028; x_wconf 71' lang='lat' dir='ltr'>cipp,</span> <span class='ocrx_word' id='word_1_372' title='bbox 833 4970 853 5013; x_wconf 86' lang='lat' dir='ltr'>t.</span> <span class='ocrx_word' id='word_1_373' title='bbox 867 4960 932 5027; x_wconf 74' lang='lat' dir='ltr'>llll,</span> <span class='ocrx_word' id='word_1_374' title='bbox 943 4965 991 5017; x_wconf 81' lang='lat' dir='ltr'>eol.</span> <span class='ocrx_word' id='word_1_375' title='bbox 1008 4968 1064 5020; x_wconf 74' lang='grc'>149.</span> <span class='ocrx_word' id='word_1_376' title='bbox 1075 4992 1104 5005; x_wconf 91' lang='grc'><strong>-</strong></span> <span class='ocrx_word' id='word_1_377' title='bbox 1120 4970 1130 5000; x_wconf 80' lang='lat'>²</span> <span class='ocrx_word' id='word_1_378' title='bbox 1147 4966 1257 5031; x_wconf 78' lang='lat' dir='ltr'>Querce-</span> <span class='ocrx_word' id='word_1_379' title='bbox 1310 4976 1475 5037; x_wconf 69' lang='lat' dir='ltr'>conjecturam</span> <span class='ocrx_word' id='word_1_380' title='bbox 1490 4977 1573 5027; x_wconf 69' lang='lat' dir='ltr'>neceto</span> <span class='ocrx_word' id='word_1_381' title='bbox 1585 4989 1616 5028; x_wconf 76' lang='lat' dir='ltr'>en</span> <span class='ocrx_word' id='word_1_382' title='bbox 1627 4979 1684 5038; x_wconf 76' lang='lat' dir='ltr'>jore</span> <span class='ocrx_word' id='word_1_383' title='bbox 1704 4975 1868 5037; x_wconf 79' lang='lat' dir='ltr'>reprehendet</span> <span class='ocrx_word' id='word_1_384' title='bbox 1880 4973 1951 5024; x_wconf 75' lang='lat' dir='ltr'>Boin.</span> <span class='ocrx_word' id='word_1_385' title='bbox 1963 4972 2088 5037; x_wconf 77' lang='lat' dir='ltr'>Clemens.</span> 
     </span>
     <span class='ocr_line' id='line_1_38' title="bbox 482 5043 1817 5121; baseline 0.011 -28"><span class='ocrx_word' id='word_1_386' title='bbox 482 5051 554 5094; x_wconf 74' lang='lat' dir='ltr'>tenua</span> <span class='ocrx_word' id='word_1_387' title='bbox 564 5045 590 5094; x_wconf 90' lang='lat' dir='ltr'>tn</span> <span class='ocrx_word' id='word_1_388' title='bbox 604 5043 676 5094; x_wconf 78' lang='lat' dir='ltr'>Notis</span> <span class='ocrx_word' id='word_1_389' title='bbox 694 5043 729 5094; x_wconf 82' lang='lat' dir='ltr'>od</span> <span class='ocrx_word' id='word_1_390' title='bbox 745 5043 888 5096; x_wconf 68' lang='lat' dir='ltr'>Boreion</span> <span class='ocrx_word' id='word_1_391' title='bbox 903 5046 1083 5101; x_wconf 76' lang='lat' dir='ltr'>calamitatum</span> <span class='ocrx_word' id='word_1_392' title='bbox 1096 5051 1168 5116; x_wconf 80' lang='lat' dir='ltr'>(the</span> <span class='ocrx_word' id='word_1_393' title='bbox 1181 5067 1256 5117; x_wconf 80' lang='lat' dir='ltr'>supra</span> <span class='ocrx_word' id='word_1_394' title='bbox 1309 5054 1421 5107; x_wconf 72' lang='lat' dir='ltr'>Histoire</span> <span class='ocrx_word' id='word_1_395' title='bbox 1432 5055 1568 5119; x_wconf 65' lang='lat' dir='ltr'>litterato,</span> <span class='ocrx_word' id='word_1_396' title='bbox 1584 5066 1603 5109; x_wconf 88' lang='lat' dir='ltr'>t.</span> <span class='ocrx_word' id='word_1_397' title='bbox 1620 5056 1674 5120; x_wconf 77' lang='lat' dir='ltr'>llll,</span> <span class='ocrx_word' id='word_1_398' title='bbox 1688 5070 1746 5121; x_wconf 69' lang='lat' dir='ltr'>pag.</span> <span class='ocrx_word' id='word_1_399' title='bbox 1765 5060 1817 5108; x_wconf 75' lang='lat' dir='ltr'>ua</span> 
     </span>
     <span class='ocr_line' id='line_1_39' title="bbox 484 5123 1255 5199; baseline 0.021 -28"><span class='ocrx_word' id='word_1_400' title='bbox 484 5123 521 5175; x_wconf 83' lang='lat' dir='ltr'>tl</span> <span class='ocrx_word' id='word_1_401' title='bbox 532 5160 540 5186; x_wconf 87' lang='lat'>,</span> <span class='ocrx_word' id='word_1_402' title='bbox 551 5135 608 5187; x_wconf 69' lang='lat' dir='ltr'>pta.</span> <span class='ocrx_word' id='word_1_403' title='bbox 626 5123 675 5188; x_wconf 74' lang='lat'>51),</span> <span class='ocrx_word' id='word_1_404' title='bbox 689 5123 957 5180; x_wconf 77' lang='lat' dir='ltr'>tententtamltosoattnt</span> <span class='ocrx_word' id='word_1_405' title='bbox 965 5131 1004 5182; x_wconf 79' lang='lat' dir='ltr'>hle</span> <span class='ocrx_word' id='word_1_406' title='bbox 1015 5135 1255 5199; x_wconf 65' lang='lat' dir='ltr'>opinationum</span> 
     </span>
    </p>
   </div>
   <div class='ocr_carea' id='block_1_5' title="bbox 0 0 2284 6100">
    <p class='ocr_par' dir='ltr' id='par_1_9' title="bbox 0 0 2284 6100">
     <span class='ocr_line' id='line_1_40' title="bbox 0 0 2284 6100; baseline 0 0"><span class='ocrx_word' id='word_1_407' title='bbox 0 0 2284 6100; x_wconf 95' lang='lat' dir='ltr'> </span> 
     </span>
    </p>
   </div>
  </div>
 </body>
</html>
