4559 6100
444 538 518 611 tas
1047 532 1177 605 PETRI
1202 531 1439 607 sumtum

446 689 537 783 sicut
561 687 598 759 in
621 682 836 786 corporibus
863 682 933 757 alia
957 683 1035 757 aliis
1053 681 1242 757 subtiliora
1263 698 1360 778 stant,
1390 692 1517 782 utpote
1540 705 1764 781 equaquam
1790 695 1900 774 terra,
1926 696 1963 755 et
1983 706 2045 756 aer

446 832 556 908 quam
582 830 688 905 aqua,
717 820 753 877 et
769 804 859 904 ignis
879 828 988 901 quam
1010 827 1072 877 aer
1091 832 1100 876 ε
1119 805 1170 877 ita
1186 804 1295 901 longe
1315 817 1352 877 et
1368 802 1629 904 inexplicabili¹
1656 801 1768 875 modo
1789 803 1953 876 omnium
1976 803 2045 901 spi·

332 928 337 939 ’
446 930 581 1001 rituum
601 909 768 1000 naturaim
796 926 846 998 ita
871 924 1025 1024 propriae
1051 925 1262 997 sinceritatis
1284 922 1478 997 subtilitate
1502 924 1671 997 diviuitas
1692 922 1923 1013 transcendit,
1949 924 2045 995 utin

445 1049 717 1149 comparatione
740 1046 815 1144 ejus
841 1068 968 1117 omnes
990 1044 1048 1116 alii
1074 1045 1219 1144 spiritus
1243 1044 1346 1143 quasi
1376 1044 1578 1144 corpulenti
1605 1067 1669 1117 seu
1701 1066 1856 1143 corpore
1882 1042 2045 1143 quaedam

446 1173 592 1246 dicendi
618 1173 702 1246 sint.
740 1170 844 1244 Unde
866 1168 1076 1242 Gennadius
1098 1167 1143 1241 de
1167 1167 1375 1241 orthodoxa
1397 1166 1516 1266 fide¹.·
1543 1168 1689 1259 «Nihil,
1715 1169 1849 1268 inquit,
1878 1170 2046 1269 incorpo-

355 1368 358 1381 ,
447 1317 549 1363 reum
567 1307 602 1365 et
619 1290 850 1365 invisibilem
868 1304 997 1363 natura
1014 1288 1237 1363 credendum
1251 1303 1317 1383 est,
1337 1288 1406 1361 nisi
1423 1288 1675 1362 solumDeum
1693 1293 1835 1362 Patrem
1851 1289 2043 1379 etlilium,

447 1425 484 1484 et
497 1412 668 1511 Spiritum
687 1425 868 1503 sanctum
890 1411 953 1507 qui
968 1435 1012 1483 ex
1030 1435 1075 1482 eo
1088 1411 1325 1510 incorporeus
1341 1408 1512 1503 creditur,
1530 1409 1615 1507 quia
1630 1408 1764 1508 ubique
1784 1424 1850 1497 est,
1868 1423 1905 1483 ct
1923 1410 2047 1483 omnia

448 1532 587 1632 implet,
612 1546 720 1630 atque
737 1531 951 1630 constringit
972 1558 980 1603 ι
1002 1546 1038 1604 et
1056 1530 1140 1603 ideo
1161 1529 1347 1603 invisibilis
1369 1530 1542 1629 omnibus
1565 1530 1749 1620 creaturis,
1772 1530 1857 1627 quia
1880 1531 2047 1630 incorpo-

448 1677 532 1725 reus
551 1668 617 1726 est.
637 1657 808 1727 Creatura
828 1652 948 1725 omnis
964 1674 1154 1751 corporea,
1172 1650 1289 1748 angeli
1305 1664 1342 1723 et
1357 1675 1484 1724 omnes
1500 1649 1660 1724 coelestes
1676 1652 1823 1723 virtutes
1840 1674 2043 1749 corporeae,

448 1771 531 1846 licet
565 1800 640 1847 non
672 1799 780 1848 carne
810 1772 1014 1846 subsistant.
1051 1777 1103 1844 Ex
1132 1797 1177 1845 eo
1206 1787 1326 1845 autem
1356 1774 1569 1873 corporeas⁸
1589 1770 1769 1845 credimus
1796 1771 2047 1845 intellectuales

448 1907 612 1987 naturas,
642 1895 728 1993 quia
752 1893 914 1968 localiter
938 1892 1295 1983 circumscribuntur,
1323 1893 1414 1965 sicut
1440 1907 1476 1965 et
1500 1892 1621 1966 anima
1647 1891 1808 1965 humana
1835 1916 1915 1988 quae
1942 1916 2049 1966 carne

447 2012 641 2104 clauditur,
667 2027 702 2087 et
728 2013 911 2087 &mones
937 2013 999 2110 qni
1019 2037 1086 2112 per
1106 2011 1343 2085 substantiam
1369 2013 1536 2110 angelicae
1561 2027 1696 2115 naturae
1717 2025 1815 2102 sunt,
1833 2036 2046 2111 corporea.»

450 2136 502 2205 Er
517 2131 574 2205 his
589 2134 711 2235 itaque
725 2133 905 2232 liquidum
920 2147 973 2205 cst
985 2147 1128 2229 quantae
1145 2131 1347 2204 subtilitatis
1363 2132 1410 2203 sit
1423 2130 1545 2204 divina
1559 2130 1758 2205 substantia
1775 2145 1883 2228 atque
1897 2134 2046 2226 animat,

449 2276 470 2323 a
488 2267 615 2326 natura
633 2277 830 2354 corporum
857 2251 1054 2349 disjuncta,
1082 2265 1117 2323 et
1133 2276 1153 2324 a
1170 2250 1295 2348 vigore
1313 2266 1519 2324 nostrorum
1543 2276 1714 2324 sensuum
1730 2252 1873 2350 penitus
1897 2267 2047 2328 remota.

449 2374 503 2443 De
519 2396 591 2470 qua
606 2373 635 2445 si
652 2373 740 2471 quid
754 2372 846 2445 forte
859 2370 1068 2471 philosophi
1091 2371 1211 2444 dicere
1226 2371 1373 2444 animati
1389 2384 1487 2461 sunt,
1506 2369 1553 2443 ad
1569 2370 1821 2444 similitudines
1832 2386 1870 2443 et
1889 2371 2050 2473 exempla

449 2516 487 2564 se
503 2494 748 2580 contulerunt,
772 2494 875 2592 qnasi
898 2491 1192 2592 praesumtionem
1213 2516 1315 2564 suam
1336 2492 1510 2579 velantes,
1537 2489 1639 2589 quod
1659 2489 1706 2564 de
1722 2489 1894 2565 ineffabili
1916 2491 1979 2565 tari
2002 2491 2052 2565 si·

449 2612 623 2685 derentnr
643 2638 652 2684 ε
671 2614 773 2709 cujus
790 2612 942 2711 gloriam
960 2613 998 2683 in
1013 2613 1193 2685 creaturis
1211 2636 1358 2710 quoque
1376 2609 1490 2684 modo
1507 2636 1583 2683 non
1600 2612 1677 2711 ipsa
1691 2609 1922 2708 vestigabant,
1942 2624 2051 2710 atque

449 2755 515 2829 per
527 2733 622 2832 ipsas
634 2732 874 2830 assignabant,
886 2732 977 2805 siem
989 2730 1035 2802 de
1052 2730 1201 2804 Platone
1216 2755 1325 2828 supra
1341 2731 1585 2821 meminimus,
1596 2729 1643 2804 ad
1658 2728 1927 2804 similitudinem
1941 2731 2047 2825 Solis,

449 2872 535 2922 cum
560 2849 606 2922 de
631 2854 710 2923 Deo
733 2850 834 2950 loqui
851 2862 1098 2949 praesumeret,
1119 2863 1337 2922 recurrente.
1358 2848 1468 2938 Quod
1489 2863 1609 2922 autem
1638 2849 1689 2922 illi
1715 2874 1862 2948 quoque
1885 2850 2052 2925 doctores

450 2970 589 3062 nostri,
616 2971 679 3068 qui
694 2970 849 3043 maxime
873 2968 1068 3041 intendunt
1085 2969 1236 3067 Logicae,
1260 2969 1358 3042 illam
1376 2993 1555 3042 summam
1569 2970 1804 3069 majestatem,
1822 2994 1934 3068 quam
1949 2975 2053 3072 Igno·

451 3101 528 3161 tum
551 3093 669 3164 Deum
694 3114 771 3167 esse
797 3087 1025 3189 profitentur,
1051 3091 1202 3163 omnino
1225 3091 1302 3165 ausi
1327 3115 1402 3163 nou
1428 3104 1512 3164 sunt
1539 3091 1726 3189 attingere,
1756 3093 1880 3164 autin
1899 3117 2051 3167 numero

452 3233 573 3283 rerum
599 3209 927 3311 comprehendere,
952 3235 996 3283 ex
1021 3210 1183 3310 ipsorum
1207 3211 1348 3311 scriptis
1370 3211 1550 3310 liquidum
1576 3225 1641 3284 est.
1661 3214 1754 3284 Cum
1782 3216 1881 3285 enim
1906 3239 2052 3287 omnem

452 3354 530 3404 rem
553 3345 616 3405 ant
637 3330 845 3405 substantias
873 3344 935 3405 aut
958 3330 1066 3404 alicui
1089 3331 1242 3405 aliorum
1264 3330 1611 3431 generalissimorum
1635 3330 1852 3430 subjiciant:
1878 3334 2003 3434 utique
2017 3349 2053 3409 et

452 3454 583 3544 Deunu
610 3452 640 3524 si
657 3452 751 3525 inter
772 3476 829 3525 res
846 3452 964 3551 ipsum
979 3450 1345 3550 comprehenderent,
1363 3465 1427 3524 aut
1452 3450 1672 3546 substantiis,
1700 3467 1764 3527 aut
1779 3453 2049 3553 quantitatibus,

452 3586 514 3644 aut
537 3586 740 3645 ceterorum
765 3571 1125 3671 praedicamentorum
1153 3572 1262 3645 rebus
1289 3585 1613 3664 connumerarent,
1656 3573 1759 3672 quod
1783 3575 1872 3648 nihil
1901 3575 2051 3647 omnino

451 3716 529 3764 esse
549 3716 591 3764 ex
609 3691 694 3791 ipsis
716 3691 955 3766 convincitur.
973 3694 1110 3762 Omnes
1126 3692 1261 3790 quippe
1277 3716 1347 3784 res,
1371 3705 1500 3791 praeter
1516 3691 1745 3787 substautias,
1764 3719 1831 3795 per
1851 3718 1891 3767 se
1905 3696 2052 3767 existere

452 3834 528 3882 non
552 3824 719 3908 possunt,
741 3811 809 3882 nisi
831 3809 965 3896 scilicet
984 3807 1189 3884 substantiis
1210 3823 1527 3916 sustententur,·ut
1546 3811 1676 3886 albedo
1692 3813 1791 3889 nulla
1816 3815 1958 3888 ratione
1977 3839 2053 3888 esse
2170 3835 2185 3860 ⁸

453 3941 584 4028 potest,
616 3929 685 4001 nisi
707 3929 746 4000 in
771 3928 933 4025 subjecto
959 3951 1128 4027 corpore,
1157 3942 1219 4001 aut
1244 3930 1358 4029 pietas
1385 3917 1455 4003 nisi
1480 3930 1517 4003 in
1548 3933 1682 4026 anima,
1713 3947 1776 4007 aut
1804 3934 1971 4033 quaelibet
1996 3959 2053 4007 res

452 4073 587 4123 novem
613 4047 974 4147 praedicamentorum
998 4048 1067 4121 nisi
1091 4047 1260 4146 subjectis
1284 4048 1491 4124 substantiis
1515 4052 1639 4126 insint.
1666 4052 1878 4128 Substantias
1903 4071 1989 4127 tero
2014 4055 2053 4128 in

453 4170 599 4269 propria
624 4182 753 4244 natura
770 4193 835 4269 per
857 4168 990 4270 seipsas
1012 4167 1204 4242 subsistere
1228 4194 1270 4242 ac
1295 4194 1523 4271 persevenm
1548 4185 1701 4270 possunt
1724 4176 1895 4249 omnibns
1916 4189 1953 4248 et
1977 4175 2054 4248 aliis

453 4288 562 4372 rebus
587 4287 791 4362 destructis.
815 4285 921 4361 Unde
943 4300 982 4368 et
1006 4287 1214 4368 substantiae
1240 4290 1340 4388 quasi
1363 4289 1602 4364 subsistentiae
1624 4291 1847 4388 dictasunt,
1873 4308 1909 4368 et
1927 4297 2055 4368 ceteris

454 4407 562 4482 rebus
585 4434 664 4507 quae
683 4409 736 4482 eis
756 4408 946 4502 assistunt,
972 4433 1048 4482 non
1066 4433 1131 4508 per
1152 4433 1191 4483 se
1206 4408 1418 4499 subsistunt,
1438 4411 1649 4486 naturaliter
1666 4414 1805 4513 priores
1824 4429 1920 4489 sunt.
1950 4414 2054 4488 Unde

453 4527 630 4627 liquidum
654 4542 709 4603 est
732 4533 862 4620 Deum,
889 4528 951 4626 qui
973 4529 1139 4606 omnium
1165 4553 1286 4601 rerum
1311 4543 1365 4603 est
1387 4531 1537 4605 unictsnr
1561 4546 1599 4606 et
1617 4533 1797 4633 singulare
1820 4536 2052 4636 principium,

372 4669 388 4700 ⁴
451 4649 555 4729 nullo
573 4647 687 4722 modo
703 4650 740 4722 in
764 4673 809 4726 eo
828 4673 949 4721 rerum
968 4671 1122 4721 numero
1145 4648 1338 4740 contineri,
1357 4675 1438 4749 quae
1455 4649 1661 4726 sttbstantiae
1679 4679 1755 4727 non
1773 4671 1857 4731 sunt
1877 4682 1887 4729 a
1907 4656 1972 4730 sed
1988 4679 2055 4729 nec

453 4769 674 4863 substantia,
697 4767 897 4852 senatulum
917 4793 996 4864 eos,
1015 4767 1234 4874 supponitur
1259 4772 1368 4863 Dens,
1397 4771 1479 4846 licet
1494 4772 1571 4876 ipse
1598 4774 1753 4850 maxime
1779 4775 1824 4849 sit
1844 4799 1903 4850 res
1926 4800 2055 4877 perse

489 5082 495 5109 ¹
509 5077 551 5130 Sic
573 5079 656 5130 forsan
681 5079 821 5141 legendum.
851 5074 879 5127 ln
901 5078 975 5129 editis
996 5076 1173 5130 immobili.
1198 5104 1227 5115 -
1277 5078 1449 5144 incorporeas.
1466 5105 1496 5119 ·-
1508 5078 1553 5132 ⁴ln
1568 5082 1641 5133 edida
1656 5082 1817 5149 cantantia,
1833 5089 1909 5148 aqua
1923 5083 2020 5137 asim
2037 5097 2054 5134 a

470 5156 627 5224 limenius,
640 5171 695 5222 cap.
707 5170 743 5209 n.
757 5183 786 5195 -
797 5154 854 5207 ’Sic
865 5158 933 5223 apud
942 5153 1105 5209 Gemadtm
1118 5156 1146 5208 lu
1158 5160 1230 5211 sdtdr
1278 5166 1383 5213 natam.
