4559 6100
1056 501 1195 573 PETRl
1214 501 1445 575 ABAELARDI

1065 1097 1301 1231 LIBER
1366 1099 1439 1226 V.

504 1456 685 1571 Expeditis
700 1470 755 1541 his
770 1494 849 1566 quae
866 1468 914 1541 ad
930 1468 1146 1566 singularem
1162 1469 1363 1542 christianae
1378 1467 1462 1541 fidei
1480 1469 1739 1568 professionem
1755 1471 1906 1542 attinere
1920 1469 2049 1545 viden-

392 1649 400 1660 .
455 1607 533 1684 tur,
561 1590 608 1663 de
640 1590 856 1662 discretione
881 1588 1047 1660 videlicet
1072 1590 1182 1661 trium
1206 1613 1442 1687 personarum
1465 1588 1503 1660 in
1527 1613 1599 1661 una
1622 1589 1820 1686 eademque
1841 1590 1985 1688 penitus
2006 1614 2048 1664 ac

452 1711 603 1809 simplici
627 1709 823 1781 divinitatis
842 1707 1062 1802 substantia,
1082 1709 1184 1804 juvat
1205 1708 1242 1780 in
1265 1708 1372 1804 hujus
1392 1710 1524 1780 summi
1546 1708 1636 1781 Boni
1656 1708 1873 1806 perfectione
1892 1723 2050 1782 contem·

451 1829 583 1928 planda
616 1830 747 1901 mentis
780 1828 894 1901 aciem
917 1828 1032 1899 altius.
1060 1828 1292 1926 imprimere,
1320 1852 1364 1899 ac
1391 1826 1595 1925 diligentius
1624 1827 1762 1923 singula
1795 1829 2021 1901 retractando

451 1972 688 2046 quaecumque
714 1947 849 2045 aliquid
873 1947 1080 2044 quaestionis
1097 1945 1231 2020 babere
1255 1944 1436 2037 videntur,
1463 1946 1714 2019 verisimilibus
1734 1961 1771 2018 et
1790 1945 2048 2019 honestissimis

450 2066 649 2139 rationibus
678 2065 846 2158 definire,
873 2080 912 2137 ut
938 2091 1012 2164 quo
1038 2065 1192 2163 amplius
1215 2064 1412 2138 innotuerit
1438 2063 1547 2160 hujus
1573 2064 1705 2138 summi
1731 2061 1820 2136 Boni
1851 2065 2044 2162 perfectio,

451 2187 581 2283 majori
602 2208 899 2284 unumquemque
922 2183 967 2257 ad
991 2209 1028 2257 se
1049 2184 1165 2257 trabat
1189 2183 1380 2256 desiderio.
1396 2188 1444 2255 Ac
1460 2185 1580 2281 primo
1595 2182 1642 2255 de
1658 2183 1792 2255 unitate
1813 2181 1944 2257 divinae
1961 2183 2046 2256 sub·

451 2306 605 2395 stantiae,
631 2305 866 2403 postmodum
891 2303 937 2376 de
962 2327 1200 2402 personarum
1221 2284 1532 2401 recapitulandum
1552 2316 1606 2373 est
1620 2302 1801 2374 Trinitate.
1825 2305 1866 2374 ln
1886 2305 2047 2400 superio·

451 2424 550 2497 ribus
565 2426 684 2522 itaque
701 2423 829 2496 libellis
844 2422 890 2497 ad
904 2438 1034 2496 nostrae
1048 2422 1281 2522 professionis
1297 2422 1544 2495 defensionem
1557 2420 1779 2495 elaboratum
1793 2435 1865 2510 est;
1883 2422 1944 2497 bic
1962 2448 2046 2494 vern

451 2539 499 2612 ad
516 2541 626 2639 ipsius
642 2538 961 2638 amplificationem
976 2536 1252 2611 elaborandum.

500 2659 617 2729 Prima
633 2659 740 2754 igitur
756 2658 801 2728 sit
827 2656 873 2728 de
889 2657 1027 2729 ratione
1050 2655 1222 2728 credendi
1246 2681 1360 2729 unum
1386 2661 1504 2729 Deum
1527 2656 1718 2741 discussio,
1743 2671 1778 2728 et
1805 2656 1903 2752 qnod
1931 2680 2044 2726 ununi

451 2775 564 2871 magis
579 2798 690 2872 quam
709 2776 829 2873 plures
845 2775 944 2846 credi
960 2774 1130 2865 attineat3
1151 2774 1214 2846 ubi
1237 2789 1274 2847 et
1296 2777 1413 2875 prima
1425 2800 1464 2847 se
1484 2776 1613 2872 ingerit
1626 2776 1791 2871 quaestio,
1815 2799 1861 2847 an
1884 2772 2045 2847 bumana

449 2896 558 2967 etiam
582 2895 722 2966 ratione
748 2893 871 2967 divina
896 2893 1070 2966 celsitudo
1097 2893 1260 2992 indagari
1284 2896 1454 2994 potuerit,
1483 2920 1525 2968 ac
1546 2920 1611 2994 per
1633 2894 1729 2967 banc
1752 2917 1773 2967 a
1796 2908 1956 2969 creatura
1981 2918 2046 2968 sua

450 3019 598 3089 Creator
628 3016 854 3113 recognosci,
879 3037 925 3086 an
959 3014 1080 3114 potius
1097 3014 1174 3114 ipse
1194 3018 1290 3087 Deus
1311 3015 1414 3112 signo
1437 3014 1557 3113 aliquo
1579 3013 1756 3105 sensibili,
1781 3038 1882 3086 suam
1900 3014 1933 3086 ei
1955 3014 2047 3086 noti·

450 3137 537 3207 tiam
558 3136 715 3234 primum
734 3134 948 3224 exhibuerit,
971 3134 1069 3207 velut
1091 3135 1126 3205 in
1149 3134 1278 3231 angelo
1299 3148 1363 3206 aut
1379 3134 1418 3204 in
1441 3156 1670 3231 quacumque
1687 3134 1720 3204 ei
1740 3133 1860 3229 specie
1882 3132 2045 3231 primitus

449 3278 640 3353 apparens,
662 3255 754 3326 sicut
773 3254 819 3326 de
842 3254 967 3352 primis
985 3254 1116 3351 legitur
1135 3253 1360 3352 parentibus,
1382 3253 1513 3351 quibus
1534 3253 1572 3324 in
1591 3250 1758 3351 paradiso
1776 3250 1920 3323 locutus
1940 3250 2044 3322 fuisse

448 3375 669 3473 perhibetur.
690 3378 735 3444 Et
751 3373 908 3446 fortassis
925 3375 975 3446 ita
990 3375 1108 3472 primo
1127 3373 1260 3447 factum
1276 3387 1342 3463 est,
1363 3387 1402 3444 ut
1428 3374 1464 3444 in
1492 3371 1613 3469 aliqua
1634 3369 1765 3443 scilicet
1781 3369 1911 3442 visibili
1929 3372 2045 3468 specie

448 3493 635 3567 invisibilis
651 3497 799 3566 Creator
819 3495 896 3592 ipse
919 3492 1061 3566 homini
1085 3517 1123 3565 se
1145 3492 1331 3564 revelaret.
1355 3492 1531 3563 stramen
1558 3491 1674 3588 ipsam
1694 3489 1769 3560 vim
1796 3490 1945 3561 rationis
1971 3488 2046 3561 dili·

449 3616 589 3709 gentius
616 3612 863 3701 attendamus,
894 3615 996 3709 cujus
1019 3613 1209 3712 proprium
1233 3628 1286 3683 est
1309 3635 1456 3683 omnem
1476 3607 1728 3682 transcendere
1756 3633 1922 3698 sensum,
1943 3615 1982 3684 et
2005 3632 2046 3681 ea

449 3734 623 3828 vestigare
650 3757 729 3829 quae
755 3757 880 3804 sensus
904 3756 980 3803 non
1001 3732 1097 3803 valet
1120 3731 1315 3827 attingere,
1340 3731 1501 3827 profecto
1520 3744 1656 3827 quanto
1679 3752 1829 3826 quaeque
1851 3752 1908 3799 res
1932 3727 2045 3800 subti-

449 3847 549 3920 lioris
570 3865 624 3921 est
640 3865 788 3943 naturae,
815 3865 851 3922 et
875 3875 896 3922 a
913 3875 1022 3923 sensu
1045 3851 1238 3942 remotior,
1257 3864 1358 3922 tanto
1375 3850 1506 3922 rectius
1521 3849 1671 3921 rationis
1686 3873 1723 3920 se
1744 3847 1937 3919 committit
1947 3845 2043 3942 judi·

449 3967 528 4059 cio,
556 3981 592 4039 et
608 3969 724 4063 majus
749 3970 786 4040 in
811 3993 849 4040 se
871 3970 1020 4042 rationis
1040 3969 1200 4044 studium
1224 3993 1424 4068 provocare
1441 3966 1561 4039 debet.
1579 3971 1714 4039 Verum
1738 3967 1845 4039 etiarn
1871 3989 1954 4036 cum
1980 3988 2044 4062 per

450 4087 589 4183 insigne
609 4086 757 4158 rationis
777 4087 923 4182 imagini
946 4088 1013 4159 Dei
1031 4087 1228 4186 specialiter
1250 4088 1363 4161 bomo
1385 4101 1627 4185 comparetur,
1649 4087 1687 4158 in
1709 4084 1799 4157 nihil
1819 4082 1916 4157 aliud
1932 4083 2045 4155 homo

450 4207 602 4304 praevius
622 4229 702 4276 eam
725 4203 834 4301 figere
855 4204 1048 4298 debuerat,
1067 4230 1178 4302 quam
1194 4208 1230 4279 in
1250 4209 1368 4306 ipsum
1392 4206 1494 4303 cujus
1515 4207 1721 4302 imaginem,
1744 4204 1816 4276 hoc
1838 4218 1893 4277 est
1908 4228 2045 4303 expres·

450 4327 582 4397 siorem
610 4324 880 4397 similitudinem
902 4349 969 4425 per
998 4324 1094 4397 hanc
1121 4325 1326 4415 obtinebat,
1358 4341 1394 4398 et
1423 4327 1460 4397 in
1486 4326 1623 4397 nullam
1652 4324 1800 4397 fortasse
1827 4348 1905 4395 rem
1931 4323 2043 4422 perci-

449 4443 620 4543 piendam
644 4445 794 4542 pronior
818 4468 895 4517 esse
918 4443 1098 4517 credenda
1123 4460 1195 4538 est,
1222 4470 1333 4544 quam
1355 4448 1393 4517 in
1417 4470 1498 4518 eam
1519 4444 1622 4541 cujus
1638 4446 1714 4544 ipsa
1739 4444 1895 4542 amplius
1917 4443 2046 4542 adepta

392 4593 397 4602 ·
450 4565 494 4635 sit
510 4563 790 4636 similitudinem.
815 4564 931 4637 Facile
945 4566 1081 4664 quippe
1103 4578 1158 4637 est
1180 4590 1222 4637 ex
1244 4566 1420 4639 similibus
1437 4566 1565 4637 similia
1582 4564 1727 4661 conjici,
1747 4579 1783 4637 et
1802 4588 1876 4662 quo
1895 4565 2045 4662 quisque

449 4682 550 4755 alteri
574 4681 725 4754 similior
751 4696 817 4775 est,
842 4682 979 4756 facilius
1002 4709 1045 4757 ex
1068 4685 1186 4783 seipso
1208 4685 1257 4758 ad
1277 4686 1354 4783 ejus
1375 4686 1541 4758 notitiam
1561 4685 1761 4783 pertingere
1782 4682 1893 4774 valet,
1919 4683 1978 4755 cui
1993 4697 2046 4755 est

448 4805 524 4901 ipse
540 4826 605 4900 per
622 4815 786 4874 naturam
804 4803 970 4874 vicinior.
990 4804 1098 4893 Quod
1114 4808 1144 4876 si
1162 4820 1198 4876 et
1217 4805 1254 4877 in
1271 4805 1343 4877 hoc
1363 4806 1440 4904 ipsa
1455 4829 1601 4903 quoque
1618 4828 1790 4876 sensuum
1805 4803 2044 4901 experimenta

448 4922 647 4994 necessaria
674 4920 780 4992 luisse
803 4920 1007 5009 videantur,
1033 4937 1074 4995 ut
1094 4921 1260 4996 videlicet
1279 4948 1300 4995 a
1322 4923 1549 4996 sensibilibus
1570 4922 1618 4996 ad
1638 4921 1869 5020 intelligibilia
1895 4920 2045 4993 ducere·

450 5065 552 5135 mur;
573 5041 674 5114 facile
694 5039 732 5113 id
753 5041 860 5115 etiam
878 5056 966 5131 erat,
991 5057 1032 5114 ut
1052 5043 1211 5141 optimus
1232 5044 1396 5116 omnium
1420 5043 1588 5118 conditor
1606 5056 1714 5141 atque
1730 5042 1925 5142 dispositor
1949 5042 2045 5111 Deus
