4559 6100
765 506 1027 581 rusotoutl
1053 507 1331 585 enuntiant.
1776 509 1849 582 1179

250 662 418 755 existens,
449 672 485 732 et
506 679 633 732 rerum
659 671 695 731 et
717 658 1014 737 incommutabile
1039 684 1115 737 esse
1142 661 1218 760 ipse
1237 657 1337 733 solus
1357 681 1379 732 a
1401 682 1440 735 se
1464 656 1597 735 habeat
1620 683 1643 739 a
1666 681 1741 758 quo
1765 674 1850 733 sunt

252 780 389 857 omitia.
410 785 561 879 Propter
579 777 680 876 quod
696 780 810 878 Moysi
826 778 951 861 dieit¹r
971 783 1083 853 «Hac
1099 778 1198 852 dices
1215 776 1296 855 filiis
1312 777 1439 855 lsrael:
1459 778 1531 866 Qui
1547 792 1600 857 est
1616 780 1711 853 misit
1728 779 1848 853 moad

251 926 329 975 vos.
346 929 366 970 n
387 905 441 974 De
464 899 568 997 cujus
589 897 738 997 quidem
759 900 927 990 veritate,
951 924 994 973 ac
1017 898 1257 1000 simplicitate,
1283 923 1348 977 seu
1375 898 1736 974 incommutabilitate
1762 898 1850 973 sub·

252 1021 401 1117 stantiae,
429 1017 646 1116 Augustinus
669 1019 707 1093 in
731 1019 825 1094 libro
850 1018 944 1092 Vde
968 1022 1145 1093 Trinitote
1168 1018 1264 1095 ait'z
1287 1018 1378 1090 «ste
1399 1018 1638 1115 intelligamus
1659 1023 1796 1111 Deum,
1820 1022 1849 1091 si

251 1165 457 1240 possumus,
476 1152 652 1238 qnantum
672 1164 878 1240 possumus,
897 1144 975 1215 sine
990 1139 1161 1240 qualitate
1178 1138 1333 1230 honum,
1353 1139 1430 1213 sine
1448 1140 1647 1238 quantitate
1664 1163 1848 1238 magnum,

230 1261 329 1352 ,sine
342 1260 542 1360 indigentia
558 1274 772 1355 creatorem,
790 1262 868 1336 sine
884 1262 952 1338 situ
970 1274 1194 1361 praesentem,
1210 1259 1288 1333 sine
1303 1258 1430 1335 babitu
1449 1260 1572 1334 omnia
1588 1260 1850 1350 continentem,

251 1381 327 1457 sino
353 1380 437 1455 loco
462 1380 598 1478 ubique
621 1394 750 1476 totum,
779 1384 856 1455 sine
880 1397 1044 1481 tempore
1069 1381 1344 1480 sempiternum,
1368 1380 1446 1459 sine
1471 1379 1544 1453 ulla
1572 1380 1626 1456 sui
1652 1382 1853 1455 mutatione

251 1499 438 1577 mutabilia
457 1501 659 1592 facientem,
678 1499 841 1599 nihilque
862 1501 1073 1600 patientem.
1095 1500 1267 1598 Quisquis
1292 1503 1410 1575 Deum
1430 1501 1479 1575 ita
1499 1500 1646 1597 cogitat,
1675 1501 1741 1573 etsi
1758 1524 1853 1572 non·

252 1620 341 1694 dum
366 1636 485 1722 potest
507 1619 721 1697 omnimodo
747 1620 910 1697 invenire
934 1621 1023 1719 quid
1047 1622 1112 1715 sit;
1138 1620 1197 1720 pie
1223 1635 1343 1697 tamen
1368 1633 1483 1712 cavet,
1511 1634 1688 1717 quantum
1712 1634 1850 1718 potest,

251 1739 387 1839 aliquid
407 1741 454 1815 de
477 1739 540 1813 illo
561 1741 693 1815 sentire
713 1740 815 1839 qnod
831 1765 906 1819 uon
923 1742 981 1815 sit.
1001 1746 1062 1815 Est
1078 1756 1199 1815 tamen
1222 1740 1299 1814 sine
1321 1739 1547 1818 dubitatione
1567 1738 1778 1831 substantia,
1796 1741 1853 1813 vel

248 1860 281 1934 si
303 1860 432 1937 melius
457 1859 531 1935 hoc
558 1859 759 1962 appellatur
785 1861 958 1952 essentia,
988 1885 1099 1959 quam
1127 1860 1241 1935 Graeci
1262 1863 1377 1953 οὐσίαν,
1404 1860 1527 1933 Uriam
1545 1873 1724 1933 vocant.»
1744 1859 1853 1947 Quod

250 1995 371 2055 autem
391 2005 460 2057 uec
477 1980 577 2079 juxta
601 1980 840 2080 philosophos
861 1982 939 2081 ipse
955 1985 1053 2057 Deus
1074 1979 1273 2054 substantia
1296 1981 1341 2052 sit
1360 1979 1550 2075 dicendus,
1569 1979 1672 2054 facile
1687 1980 1853 2054 convinci

250 2115 369 2201 potest
384 2126 427 2175 ex
445 2102 531 2201 ipsis
546 2102 687 2200 scriptis
702 2102 869 2177 omnium
885 2101 1108 2181 dialecticam
1122 2101 1365 2190 tractantium,
1381 2125 1492 2199 quam
1508 2125 1607 2175 nunc
1623 2100 1853 2175 latinitas⁸....

249 2221 441 2321 Porphyrii
462 2221 608 2309 scilicet,
630 2219 826 2297 Aristotelis
849 2234 885 2293 et
905 2222 1029 2295 Boetii.
1051 2223 1108 2294 Ait
1130 2222 1267 2322 quippe
1285 2221 1505 2323 Porphyrius
1525 2221 1562 2293 in
1585 2223 1745 2320 Isagogir
1767 2246 1857 2318 quas
1932 2240 1934 2257 ⁸

250 2340 298 2416 ad
318 2343 526 2441 Categorior
538 2340 735 2414 Aristotelis
758 2339 960 2443 perscribit,
975 2341 1038 2432 ait,
1062 2343 1244 2440 inquaml,
1276 2364 1600 2441 «unamquamque
1618 2339 1855 2415 substantiam
1955 2324 1968 2350 ”

253 2484 328 2535 una
351 2460 471 2560 specie
494 2459 721 2560 participare,
748 2458 912 2560 pluribus
932 2486 1019 2534 vero
1043 2460 1289 2534 accidentibus
1312 2475 1349 2534 et
1373 2459 1631 2561 separabilibus
1654 2475 1691 2533 et
1713 2460 1856 2557 insepa-

250 2579 439 2655 rabilibus.
465 2611 484 2649 n
524 2580 728 2654 Aristoteles
767 2606 916 2680 quoque
947 2581 985 2657 in
1020 2583 1220 2681 Categoriir
1250 2582 1394 2681 proprie
1427 2581 1618 2681 proprium
1651 2580 1857 2653 substantia

251 2700 433 2797 assignans
459 2700 626 2800 inquit¹z
655 2729 672 2770 u
690 2701 843 2777 Maxime
866 2714 989 2775 autem
1013 2702 1204 2800 proprium
1230 2700 1437 2774 substantie
1461 2699 1603 2773 videtur
1629 2723 1726 2787 esse,
1756 2699 1856 2796 qnod

250 2843 335 2893 cum
356 2820 402 2892 sit
422 2844 538 2895 unum
554 2832 591 2893 et
607 2818 705 2895 idem
725 2830 881 2897 numero
905 2820 951 2895 sit
971 2819 1200 2920 susceptibile
1216 2820 1451 2895 contrarium.
1471 2851 1487 2886 s
1507 2825 1597 2893 ltem
1615 2818 1714 2892 idem
1734 2819 1781 2897 de
1798 2844 1858 2892 eo

250 2941 382 3016 dem⁸r
410 2948 566 3032 «Quare
593 2944 783 3044 proprium
807 2946 875 3019 erit
898 2943 1119 3038 subsanno,
1147 2944 1249 3044 quod
1271 2969 1357 3018 oum
1381 2970 1496 3019 unum
1519 2960 1555 3017 et
1580 2943 1679 3021 idem
1701 2968 1855 3017 numero

251 3065 317 3159 sit,
346 3065 575 3165 susceptibile
598 3081 652 3139 est
671 3066 950 3141 contrariorum.
970 3094 987 3135 r
1011 3070 1104 3141 Cum
1125 3065 1246 3164 itaque
1268 3070 1347 3139 Deo
1372 3066 1440 3140 ista
1464 3066 1580 3165 aptari
1604 3065 1755 3139 omnino
1779 3091 1855 3138 non

251 3184 406 3282 possint,
429 3185 532 3282 cujus
555 3182 755 3275 substantia
771 3209 840 3262 nec
854 3182 1100 3262 accidentibus
1116 3185 1260 3276 variari,
1278 3209 1346 3260 nec
1363 3183 1443 3258 ullis
1459 3185 1612 3260 omnino
1628 3184 1754 3258 formis
1770 3183 1856 3258 sub·

247 3302 368 3399 jacere
389 3317 526 3403 potest,
549 3302 663 3401 liquet
680 3328 749 3378 nec
773 3303 865 3378 inter
883 3302 1097 3378 substantias
1119 3329 1204 3378 eum
1224 3301 1463 3403 philosophos
1485 3303 1687 3402 recepisse:
1707 3328 1749 3377 ea
1772 3330 1857 3403 pro·

252 3424 345 3498 lecto
371 3424 511 3498 ratione
532 3448 607 3523 qua
629 3423 730 3502 Plato
755 3425 850 3500 inter
873 3423 1008 3500 nullam
1032 3438 1068 3496 et
1083 3423 1241 3522 aliquam
1264 3422 1519 3517 substantiam,
1547 3430 1622 3503 ὑλήν
1640 3421 1852 3521 collocavit,

251 3568 362 3643 qnam
388 3545 539 3620 omnino
570 3542 692 3620 adhuc
719 3542 912 3618 informem
947 3545 1167 3643 conceperit.
1206 3548 1328 3640 Neque
1358 3545 1457 3618 enim
1483 3543 1681 3620 substantia
1704 3570 1780 3622 non
1803 3563 1857 3620 est
1966 3531 1969 3534 ’

251 3667 362 3755 Deus,
377 3664 408 3739 si
425 3688 510 3737 vere
525 3662 761 3740 subsistentia
783 3677 964 3755 naturam,
985 3679 1023 3737 et
1036 3663 1335 3739 incommutabile
1352 3688 1428 3738 esse
1444 3667 1482 3738 in
1500 3665 1579 3765 ipso
1593 3664 1851 3740 attendamus⁷.

253 3788 326 3857 Nec
350 3808 473 3866 rursus
495 3784 693 3862 substantia
714 3798 780 3878 est,
799 3783 828 3858 si
846 3783 1013 3860 usitatam
1030 3782 1190 3858 nominis
1205 3781 1411 3860 substantiae
1432 3784 1711 3885 appellationem
1727 3810 1856 3884 sequa-

253 3928 354 3994 mur,
382 3927 466 3977 cum
484 3902 651 3982 videlicet
671 3901 917 3984 accidentibus
939 3901 1119 3999 subjectus
1141 3927 1219 3976 csse
1238 3928 1313 3978 non
1332 3904 1457 4003 possit.
1483 3903 1588 3978 Unde
1610 3918 1646 3977 et
1662 3903 1725 3978 illo
1749 3929 1855 4002 argu·

253 4038 377 4098 mento
403 4048 480 4100 non
510 4047 588 4100 csse
623 4022 822 4098 substantia
850 4027 947 4100 Dens
972 4037 1096 4124 aperte
1126 4022 1350 4116 ostenditur,
1392 4050 1466 4123 quo
1499 4025 1661 4118 Boetius,
1692 4028 1856 4123 quamvis

252 4143 477 4235 christianus,
505 4143 716 4243 opinionem
737 4158 878 4220 secutus
901 4143 1219 4244 philosophorum,
1240 4169 1325 4219 cnm
1344 4144 1390 4221 de
1411 4143 1641 4245 philosophia
1661 4161 1852 4238 tractaret,

251 4263 482 4342 Thcmimium
507 4263 641 4339 scilicet
668 4278 704 4337 et
730 4263 884 4340 Tullium
907 4266 943 4338 in
972 4267 1110 4364 lhpiois
1135 4266 1209 4338 suis
1235 4266 1436 4362 vestigans,
1466 4264 1598 4366 prohat
1627 4266 1664 4340 in
1693 4268 1855 4340 secundo

252 4385 413 4482 ipsorum
435 4386 645 4483 Topicorum
667 4383 874 4458 albedinem
899 4411 973 4459 non
998 4411 1075 4458 esse
1098 4384 1334 4458 substantiam
1358 4384 1414 4457 his
1432 4385 1591 4457 verbis⁸2
1624 4416 1642 4455 κ
1653 4387 1855 4461 Substantia

252 4517 305 4575 est
321 4528 400 4602 qnae
417 4502 588 4577 omnibus
604 4503 849 4578 accidentibus
866 4507 980 4606 possit
999 4531 1077 4578 esse
1092 4506 1311 4603 subjectum.
1333 4504 1471 4577 Albedo
1490 4520 1611 4578 autem
1628 4506 1735 4580 nullis
1755 4509 1853 4580 acci-

253 4620 422 4695 dentibus
442 4622 602 4722 subjeota
618 4638 683 4698 est.
711 4624 850 4699 Albedo
869 4626 975 4724 igitur
993 4625 1194 4700 substantia
1216 4651 1291 4698 non
1311 4639 1406 4698 est.»
1427 4629 1505 4725 lpse
1521 4652 1669 4727 quoque
1686 4628 1855 4724 Augusti·
1897 4697 1906 4714 ,

253 4766 322 4815 nus
338 4742 433 4818 hanc
453 4744 619 4822 usitatam
641 4760 677 4819 et
695 4746 883 4845 propriam
905 4744 1206 4843 significationem
1228 4743 1433 4834 substantiae
1455 4761 1577 4846 aperte
1602 4747 1791 4849 profitetur
1816 4748 1853 4819 in

292 4974 513 5039 ‘Esod.,rap.1n,
527 4987 551 5027 r.
565 4975 766 5037 lt-’Angnst
780 4974 810 5025 rte
823 4973 930 5038 rosit,
943 4974 986 5026 ΙΙΙ).
995 4972 1025 5036 t,
1080 4973 1256 5040 nestoriam,
1282 4977 1324 5027 tro.
1346 4975 1367 5027 ll
1386 4993 1395 5027 r
1417 4977 1443 5026 St
1467 4990 1523 5027 rere
1540 4978 1672 5027 ruoststere
1696 4984 1807 5028 natonm
1829 4987 1854 5030 ot

252 5066 307 5119 cao.
325 5067 344 5106 r.
360 5081 389 5093 -
406 5055 472 5108 ‘tlte
489 5056 581 5120 allqntrt
603 5057 687 5120 deest,
707 5064 735 5106 ut
757 5055 833 5107 tabet
854 5056 892 5105 rel
911 5054 979 5118 ierit.
996 5082 1026 5094 -
1079 5057 1302 5108 tacommntanttem
1321 5071 1373 5108 esse
1390 5060 1414 5109 tn
1433 5060 1488 5122 tpso
1505 5059 1666 5110 attendamus.
1681 5085 1709 5096 -
1724 5060 1776 5110 'De
1792 5061 1852 5123 Dtff.

253 5136 331 5201 ‘cua
350 5151 405 5205 arr,
426 5136 623 5202 t.-⁸Cao.r.
638 5136 770 5192 „rma
785 5135 1028 5188 -⁷lnlotrod.o‹t
1082 5134 1336 5201 resumpsit.
