4559 6100
477 579 551 650 292
1067 590 1207 662 'PE'l'lll
1232 587 1467 661 tumtum
1575 643 1582 650 .

477 727 673 802 salvaretur
691 745 878 830 nunquam
891 733 978 806 dare
996 735 1119 826 voluit,
1136 762 1205 810 nec
1220 707 1297 837 ipse
1310 737 1387 808 sine
1403 733 1463 807 illa
1480 732 1618 832 potuit?
1636 730 1707 803 Sed
1734 730 1881 803 fortasse
1909 731 1991 828 quis
2014 731 2068 803 di·

477 862 546 935 cat,
566 850 665 945 quod
681 852 787 949 culpa
799 853 875 946 ejus
888 855 934 924 sit
951 854 1052 951 quod
1068 858 1166 928 Deus
1179 859 1328 952 gratiam
1343 856 1377 927 ei
1390 854 1488 925 illam
1500 851 1586 923 dare
1594 850 1765 941 uoluerit,
1775 873 1886 946 quam
1896 850 1947 921 illi
1954 874 2069 947 aequa·

478 964 558 1038 liter
573 968 703 1042 obtulit
714 972 807 1043 sicut
822 973 980 1068 etjustis,
1000 973 1063 1045 sed
1077 973 1235 1047 oblatam
1251 976 1328 1073 ipse
1340 974 1504 1070 accipere
1516 969 1715 1043 noluit.'dd
1732 970 1833 1066 quod
1847 967 2065 1066 responmo,

479 1086 577 1182 quod
592 1113 659 1161 nec
675 1091 793 1188 ipsum
808 1092 969 1190 accipere
985 1093 1062 1165 sine
1079 1096 1190 1189 gratia
1207 1096 1272 1166 Dei
1289 1107 1511 1192 potestesse.
1527 1090 1621 1177 Quia
1632 1087 1782 1186 quidem
1801 1090 1952 1184 gratiam
1972 1087 2067 1158 acci·

480 1205 602 1301 piendi
626 1207 787 1282 oblatum
812 1209 950 1283 donum
971 1237 1055 1283 cum
1083 1217 1180 1285 Deus
1205 1212 1256 1284 illi
1280 1211 1367 1284 dare
1383 1209 1552 1299 noluerit,
1578 1233 1647 1280 nec
1671 1210 1748 1307 ipse
1769 1208 1848 1279 sine
1868 1206 1937 1278 bac
1956 1207 2066 1302 gratia

479 1341 586 1417 quem
599 1326 686 1398 illud
702 1329 876 1426 accipere,
895 1329 981 1402 salso
993 1330 1031 1401 id
1044 1331 1158 1430 culpae
1173 1333 1250 1429 ejus
1260 1329 1451 1404 ascribitur
1462 1328 1564 1427 quod
1575 1326 1733 1400 oblatam
1749 1327 1897 1424 gratiam
1912 1350 1988 1395 uon
2005 1348 2067 1396 ac·

479 1445 601 1540 cepit:
621 1446 730 1517 veluti
741 1448 771 1519 si
789 1448 949 1520 medicus
967 1449 1015 1521 ad
1039 1450 1224 1522 infirmum
1246 1451 1394 1523 veniens
1418 1449 1604 1546 potionem
1628 1446 1773 1518 offerret
1789 1444 1993 1542 quacurari
2007 1442 2067 1514 ille

477 1579 610 1658 posset,
626 1565 689 1636 sed
705 1589 931 1662 nequaquam
948 1567 1111 1641 infirmus
1123 1570 1171 1642 ad
1187 1568 1455 1668 suscipiendum
1472 1567 1775 1640 medicamentum
1798 1565 1934 1660 erigere
1951 1587 1990 1633 se
2006 1585 2067 1633 va·

477 1682 576 1769 leret,
593 1686 660 1757 nisi
673 1686 748 1783 ipse
761 1710 909 1784 quoque
925 1688 1085 1761 medicus
1100 1715 1185 1761 eum
1201 1689 1404 1762 sublevaret
1418 1715 1427 1756 2
1446 1713 1526 1786 quae
1543 1700 1597 1759 est
1617 1686 1724 1785 culpa
1747 1684 1880 1756 iufinni
1902 1684 1933 1753 si
1958 1688 2066 1753 cura-

477 1803 611 1875 tionem
628 1803 785 1877 oblatam
805 1831 880 1878 nou
901 1808 1061 1907 suscipit,
1079 1824 1142 1881 aut
1161 1835 1241 1907 quae
1255 1824 1310 1881 est
1325 1806 1593 1882 commendatio
1610 1804 1739 1877 medici
1755 1805 1792 1874 iu
1809 1801 2010 1889 offerendo,
2036 1802 2063 1872 si

477 1921 673 1995 ellicaciam
691 1923 937 1997 medicaminis
952 1927 1089 2000 auferat
1104 1954 1180 2001 non
1202 1927 1455 2000 sublevando?
1474 1927 1634 1998 Dicimus
1659 1926 1780 2021 itaque
1805 1948 1881 1994 uon
1906 1947 1983 1994 esse
2006 1947 2066 1992 ne·

476 2067 573 2114 cesse
589 2044 624 2114 in
644 2044 791 2139 singuiis
814 2044 922 2117 bonis
945 2048 1116 2145 operibus
1136 2073 1269 2121 novam
1286 2048 1393 2120 nobis
1409 2047 1558 2143 gratiam
1579 2070 1599 2117 a
1622 2049 1700 2115 Deo
1723 2042 1910 2141 impertiri,
1938 2055 1977 2112 ut
2000 2045 2066 2110 ne-

475 2186 654 2260 quaquam
665 2163 800 2235 scilicet
808 2163 904 2236 boua
916 2168 1057 2263 operari
1068 2167 1124 2239 vel
1133 2166 1222 2239 velle
1233 2168 1409 2265 possimus
1418 2167 1494 2237 sine
1504 2189 1600 2236 novo
1612 2163 1741 2235 divinae
1758 2162 1877 2258 gratiae
1889 2175 2066 2259 praeunte

475 2281 588 2373 dono,
609 2281 672 2353 sed
687 2307 780 2380 saepe
796 2287 873 2355 Deo
889 2286 1024 2380 aequale
1039 2288 1158 2382 gratiae
1177 2311 1249 2357 suae
1275 2286 1415 2358 donum
1441 2284 1619 2381 aliquibus
1645 2281 1894 2372 distribuente,
1914 2305 1989 2351 non
2004 2304 2066 2351 eos

475 2415 593 2472 umen
612 2400 794 2499 aequaliter
810 2404 949 2501 operari
966 2406 1153 2503 contingit,
1173 2407 1284 2479 immo
1300 2432 1392 2506 saepe
1408 2431 1493 2478 eum
1510 2405 1628 2476 minus
1652 2402 1794 2501 operari
1811 2401 1874 2499 qui
1896 2400 1977 2498 plus
1993 2424 2067 2496 gra·

473 2522 530 2591 tiae
554 2520 601 2593 ad
623 2522 848 2619 operandum
876 2527 1083 2625 susceperit.
1109 2530 1155 2598 Ut
1175 2527 1271 2598 enim
1299 2525 1344 2596 de
1370 2550 1493 2597 amore
1520 2523 1575 2595 vel
1603 2522 1781 2595 desiderio
1813 2519 2065 2618 temporalium

474 2665 594 2712 rerum
611 2643 741 2730 evenit,
760 2645 808 2715 ita
824 2643 870 2717 de
885 2646 975 2716 veris
996 2663 1031 2718 et
1050 2647 1192 2718 aeternis
1215 2646 1320 2717 bonis
1347 2645 1488 2718 accidit.
1518 2645 1624 2716 Venit
1649 2656 1851 2741 praepotens
1871 2640 2010 2737 aliquis,
2032 2655 2067 2711 et

474 2784 562 2856 opes
574 2784 656 2832 suas
669 2759 849 2857 aliquibus
865 2764 987 2857 egenis
1003 2766 1136 2861 pariter
1159 2766 1308 2864 exponit
1333 2766 1372 2835 iu
1398 2762 1562 2836 mercede
1586 2777 1693 2859 atque
1714 2759 1833 2853 offert,
1851 2759 1997 2857 siquod
2014 2761 2066 2831 'eis

474 2877 633 2975 praecipit
649 2878 887 2977 impleverint.
908 2879 1004 2953 Alius
1019 2882 1139 2979 itaque
1156 2908 1198 2955 ex
1215 2884 1266 2956 eis
1283 2883 1460 2955 desiderio
1475 2897 1626 2954 ostense
1643 2894 1679 2953 et
1693 2881 1874 2978 promissae
1889 2878 1957 2950 sibi
1972 2904 2066 2950 mer·

475 2994 573 3068 cedis
587 3020 769 3091 accensus,
787 2998 950 3072 laborem
972 3003 1092 3102 operis
1117 3003 1242 3102 arripit
1263 3026 1305 3075 ac
1319 3002 1470 3101 perficit.
1488 3000 1585 3075 lilius
1603 3015 1723 3074 autem
1740 3025 1824 3072 cum
1841 3000 1940 3099 piger
1960 2999 2005 3071 sit
2022 3024 2065 3072 ac

475 3116 593 3212 magni
611 3115 742 3189 laboris
759 3121 963 3217 impatiens,
977 3136 1077 3194 tanto
1093 3124 1213 3194 minus
1228 3122 1409 3194 desiderio
1423 3123 1485 3195 illo
1502 3122 1723 3211 accenditur,
1750 3127 1888 3218 quanto
1911 3120 2066 3219 amplius

472 3231 604 3306 laboris
632 3237 876 3332 magnitudine
899 3240 1108 3328 deterretur,
1130 3267 1174 3315 ac
1195 3267 1287 3341 saepe
1310 3243 1347 3314 id
1373 3243 1492 3315 evenit
1517 3258 1556 3314 ut
1582 3243 1645 3339 qui
1670 3241 1797 3313 fortior
1823 3255 1877 3313 est
1896 3264 2063 3338 corpore,

472 3353 635 3447 ignavior
648 3357 690 3427 sit
707 3374 840 3448 mente,
858 3363 971 3461 etqui
989 3364 1183 3462 pauperior
1196 3375 1249 3435 est
1261 3362 1397 3460 pigrior-
1411 3362 1549 3433 existat.
1580 3361 1678 3449 Quid
1694 3377 1747 3433 est
1762 3386 1848 3457 ergo
1865 3359 2064 3456 quodcum

472 3473 651 3570 aequaliter
676 3490 825 3549 ostensae
849 3480 920 3551 sint
945 3496 981 3552 et
1003 3481 1130 3555 oblatae
1157 3506 1225 3581 pro
1253 3481 1420 3553 mercede
1447 3481 1589 3578 utrique
1609 3481 1754 3572 divitiae,
1778 3481 1868 3552 alius
1888 3479 2067 3550 desiderio

472 3617 594 3667 earum
610 3620 779 3671 accensus
796 3597 958 3672 laborem
981 3601 1108 3673 tolerat
1123 3616 1162 3673 ut
1175 3601 1322 3691 ditetur,
1345 3601 1435 3674 alius
1462 3601 1626 3674 laborare
1647 3599 1806 3695 negligit,
1834 3613 1870 3669 ct
1888 3597 2064 3670 diutinam

473 3714 584 3808 magis
609 3714 705 3810 eligit
728 3733 976 3815 paupertatem
1004 3728 1114 3817 quam
1137 3719 1184 3792 ad
1207 3721 1337 3793 horam
1360 3721 1533 3791 sustinere
1557 3718 1747 3791 laborem?
1772 3716 1869 3805 Quid
1897 3731 1948 3788 est
1977 3716 2061 3806 hoc,

472 3857 605 3928 quaeso,
623 3836 690 3906 nisi
707 3835 812 3934 bujus
830 3838 991 3935 probitas
1009 3852 1045 3909 et
1060 3837 1155 3909 illius
1165 3839 1328 3934 ignavia?
1342 3839 1440 3926 Quid
1455 3838 1609 3935 amplius
1637 3840 1700 3911 uni
1724 3862 1833 3935 quam
1850 3837 1950 3909 alteri
1963 3835 2066 3909 dives

472 3951 637 4045 illesecit,
659 3956 719 4051 qui
737 3957 896 4053 utrisque
911 3957 1043 4056 pariter
1063 3981 1186 4054 parem
1211 3955 1413 4029 mercedem
1443 3955 1605 4029 exhibuit
1631 3973 1669 4030 et
1691 3956 1884 4055 promisit?
1911 3960 1951 4027 ln
1978 3955 2063 4053 isto,

472 4073 624 4171 inquies,
645 4088 763 4148 tamen
780 4076 999 4148 desiderium
1014 4077 1192 4170 accendit,
1211 4092 1252 4149 ut
1267 4075 1400 4149 laboris
1417 4100 1501 4147 eum
1524 4077 1721 4174 patientem
1740 4074 1896 4148 efficeret
1909 4089 1956 4147 et
1976 4098 2068 4171 con·

471 4206 739 4267 summat‘orem.
760 4196 831 4267 Sed
847 4195 932 4286 hoc,
951 4197 1112 4293 inquam,
1132 4220 1175 4267 ex
1192 4197 1335 4268 actione
1352 4196 1410 4269 illa
1426 4196 1544 4268 divitis
1564 4210 1800 4269 consecutum
1814 4204 1883 4285 est,
1905 4217 1979 4266 non
1996 4194 2066 4265 ali·

471 4312 616 4406 quidde
631 4315 707 4411 ipsa
722 4314 865 4388 actione
880 4331 946 4407 est,
965 4316 1003 4388 id
1017 4330 1070 4387 est
1087 4341 1161 4388 non
1179 4316 1255 4413 ejus
1272 4316 1391 4414 aliqua
1403 4340 1484 4414 pars
1503 4330 1568 4387 est.
1589 4316 1699 4404 Quod
1720 4341 1807 4413 ergo
1825 4313 2065 4412 impedimen-

471 4444 546 4500 tum
571 4434 608 4502 iu
632 4433 743 4504 altero
772 4433 916 4525 habuit,
948 4436 1048 4533 quod
1073 4435 1236 4507 similiter
1258 4459 1341 4507 eum
1376 4459 1451 4507 non
1483 4436 1696 4533 permovit?
1725 4434 1871 4507 Nullum
1898 4431 2067 4530 prolecto

467 4549 656 4623 ostendere
674 4553 820 4649 poteris,
840 4554 907 4625 uisi
920 4555 996 4649 ejus
1013 4556 1206 4652 ignaviam,
1227 4556 1289 4652 qui
1306 4554 1467 4627 laborem
1483 4555 1612 4627 renuit.
1630 4555 1688 4626 Sic
1704 4569 1740 4626 et
1753 4558 1830 4625 Deo
1848 4549 1953 4623 nobis
1969 4559 2066 4648 q'uo·

470 4666 554 4741 tidie
572 4682 722 4764 regnum
739 4668 914 4743 coelorum
931 4673 1116 4767 offerente,
1134 4675 1223 4747 alius
1245 4674 1347 4771 regni
1363 4673 1473 4771 ipsius
1494 4672 1685 4749 desiderio,
1701 4681 1873 4746 accensus
1897 4672 1935 4742 in
1955 4668 2067 4767 bouis

467 4803 670 4887 perseverat
692 4788 875 4887 operibus,
896 4790 986 4863 alius
1006 4794 1043 4865 in
1068 4818 1132 4866 sua
1156 4795 1325 4894 torpescit
1351 4794 1501 4891 ignavia.
1527 4797 1643 4890 AEqu'e
1664 4801 1783 4864 tamen'
1802 4795 1898 4864 Deu's
1919 4789 2066 4887 utrique

468 4911 573 4984 olsert
588 4908 691 4996 illud,
710 4922 746 4981 et
761 4908 861 5005 quod
876 4934 983 4982 suum
996 4926 1050 4986 est
1065 4912 1188 5005 efficit,
1208 4927 1421 5012 tantumque
1440 4926 1525 5009 erga
1548 4926 1739 5015 utrumque
1759 4910 2067 5010 oparatunie'g'ni

466 5030 575 5126 ipsius
592 5028 852 5103 beatitudinem
865 5030 1082 5128 exponendo
1110 5047 1147 5104 et
1171 5031 1431 5132 promittendo,
1451 5030 1552 5129 quod
1576 5030 1624 5103 ad
1647 5029 1871 5103 desiderium
1889 5028 2069 5099 uniuscua

462 5145 591 5245 jusque
607 5147 881 5225 accendendum
898 5147 1063 5245 sufficiat,
1078 5150 1214 5250 absque
1233 5176 1328 5225 nova
1345 5151 1421 5226 alia·
1430 5151 1550 5245 gratia
1559 5147 1735 5248 apposita.
1765 5151 1849 5237 Quo
1864 5148 1960 5219 enim
1978 5156 2070 5219 ma·
