4559 6100
702 465 1016 575 inarmonia
1041 499 1355 578 snamluos.
1750 501 1822 574 aas

229 650 378 752 aequalia
391 651 428 722 in
444 649 521 722 istis
536 672 618 745 quse
632 647 679 722 ad
701 662 864 747 posteros
885 672 969 720 suos
988 649 1293 741 transmittuntur,
1317 663 1354 723 et
1372 649 1477 749 plura
1495 673 1559 749 per
1575 648 1757 723 Christum
1775 650 1822 723 sd

230 787 394 872 posteros
405 771 695 846 transmittuntur
707 770 745 843 in
757 767 921 863 salutem,
938 793 1048 868 quam
1061 794 1126 869 per
1142 769 1255 843 Adam
1269 770 1307 842 in
1323 769 1593 843 damnationem
1607 796 1616 840 r
1630 785 1667 842 et
1678 772 1820 864 merito,
1834 765 1839 778 ”
1861 773 1865 784 '

230 893 314 991 quia
329 890 410 990 plus
424 891 646 964 conveniens
659 889 725 962 suit
740 889 1024 986 divinaejustitiae
1039 891 1113 963 sive
1130 891 1267 989 pietati,
1293 904 1334 962 ut
1351 887 1417 987 per
1439 888 1621 961 Christum
1641 889 1721 986 plus
1737 915 1823 988 pro·

230 1012 347 1084 desset
363 1033 474 1109 quam
492 1027 558 1109 per
574 1008 687 1082 Adam
700 1023 861 1102 aoeeret,
875 1008 913 1082 id
932 1022 986 1082 est
1002 1010 1105 1108 plura
1122 1034 1187 1108 per
1198 1010 1297 1084 hrrne
1312 1007 1502 1084 commoda
1515 1032 1625 1107 quam
1641 1028 1707 1108 per
1723 1007 1823 1083 illum

231 1127 462 1204 incommoda
484 1128 597 1204 daret.
625 1133 747 1225 Longe
767 1129 902 1229 quippe
923 1143 978 1201 est
1005 1130 1156 1228 pronior
1178 1133 1276 1203 Deus
1302 1128 1351 1203 ad
1374 1128 1515 1201 honum
1540 1127 1820 1218 conferendum,

232 1271 339 1349 quam
357 1248 403 1322 ad
418 1248 554 1322 malum
567 1247 810 1321 inferendum.
839 1252 881 1322 Et
899 1248 972 1321 boo
985 1264 1052 1341 est,
1074 1279 1092 1317 s
1106 1250 1136 1321 si
1153 1273 1220 1348 pro
1239 1249 1347 1322 unius
1366 1247 1512 1340 delicto,
1532 1277 1550 1315 r
1574 1247 1707 1321 seilicet
1726 1247 1820 1338 ddoe,

232 1392 307 1442 uno
321 1367 487 1442 videlicet
507 1391 583 1441 non
606 1366 783 1467 pluribus,
813 1368 946 1442 «multi
963 1370 1097 1442 mortui
1115 1383 1212 1462 sunt,
1226 1397 1244 1437 r
1260 1368 1298 1442 id
1314 1382 1367 1442 est
1385 1367 1557 1461 damnati,
1576 1367 1668 1440 siout
1682 1368 1823 1467 parvuli

232 1512 306 1562 nou
324 1486 505 1586 baptimi,
520 1488 582 1585 qui
594 1486 643 1560 ob
658 1486 756 1561 aliud
768 1512 844 1561 non
856 1503 941 1561 sunt
950 1488 1081 1588 perditi
1094 1515 1103 1560 r
1120 1488 1357 1585 multomagis
1368 1487 1406 1559 in
1416 1488 1548 1586 plures,
1563 1486 1677 1578 idest,
1689 1490 1824 1562 multos
1904 1469 1907 1474 ⁵

232 1607 402 1696 similiter,
421 1608 550 1680 nonin
567 1631 682 1682 unum
697 1620 838 1681 tautum
851 1607 1052 1700 hominem,
1073 1622 1113 1681 ut
1125 1607 1288 1681 absolute
1304 1605 1470 1680 videlicet
1484 1630 1560 1680 nou
1580 1608 1824 1706 comparative

232 1726 459 1823 intelligatur,
473 1726 659 1801 abundare
670 1726 797 1801 debuit
809 1728 922 1825 gratia
936 1730 1016 1820 Dei,
1036 1741 1072 1801 et
1088 1727 1275 1802 donumin
1291 1727 1440 1826 gratiam
1454 1725 1598 1820 Christi,
1619 1726 1656 1822 id
1678 1742 1744 1822 est,
1760 1752 1826 1828 per

232 1846 329 1921 dona
340 1848 406 1921 Dei
421 1847 562 1921 homini
574 1845 626 1920 illi
640 1846 784 1940 collata,
801 1848 849 1922 de
864 1848 1087 1948 plenitudine
1108 1850 1210 1947 cujus
1231 1872 1301 1922 nos
1325 1872 1453 1922 omues
1471 1847 1689 1947 accepimns,
1709 1862 1745 1920 et
1762 1852 1824 1947 qui

234 1966 338 2042 nobis
352 1968 488 2042 meritis
501 1967 575 2040 suis
588 1969 790 2067 impetravit
806 1968 983 2068 quidquid
999 1968 1089 2043 boni
1104 1969 1294 2043 babemus.
1308 1997 1326 2038 r
1339 1972 1382 2039 Et
1398 1992 1474 2041 non
1487 1968 1580 2042 sicut
1594 1991 1787 2067 perunum
1804 1998 1822 2038 r

206 2185 210 2190 .
233 2087 366 2178 seilicet
386 2088 573 2162 hominem
591 2088 706 2162 adam
729 2090 933 2189 pertransiit
950 2089 1124 2184 subaudi,
1158 2105 1198 2164 ut
1221 2114 1331 2190 supra
1356 2089 1513 2163 diximus
1545 2117 1563 2157 u
1584 2103 1822 2187 perustum»

233 2206 365 2281 scilieet
381 2233 493 2282 unum
510 2210 548 2282 in
569 2233 710 2300 omnes,
727 2208 800 2282 hoo
820 2223 873 2282 est
888 2209 1075 2308 originale,
1094 2239 1112 2277 e
1129 2212 1178 2284 ita
1194 2224 1231 2283 et
1246 2210 1414 2283 donum»
1436 2206 1598 2281 similiter
1614 2233 1727 2281 unum
1744 2205 1825 2308 pei·

233 2327 374 2401 transiit
389 2352 451 2426 per
465 2352 581 2401 uuum
595 2327 805 2422 hominem,
820 2327 986 2402 videlicet
1008 2329 1214 2423 Christum,
1230 2331 1343 2402 immo
1364 2329 1478 2401 multa
1492 2327 1592 2400 dona
1613 2326 1660 2400 ad
1676 2327 1821 2401 multos.

235 2449 277 2519 llt
295 2446 369 2520 hoo
383 2460 436 2520 est
447 2446 548 2544 quod
565 2448 757 2546 Apostolus
766 2450 805 2522 iu
823 2449 1001 2548 superiori
1017 2473 1126 2542 versu
1136 2450 1212 2547 jam
1236 2446 1572 2548 comprehenderat,
1600 2445 1665 2519 sed
1684 2448 1827 2546 repetiit

235 2578 274 2638 ut
287 2565 457 2665 probaret
472 2566 597 2640 dicem
613 2594 621 2637 ε
637 2596 655 2637 α
673 2571 765 2641 Nam
776 2567 954 2665 judicium
969 2568 1132 2668 quidem,
1151 2584 1237 2659 eto,
1255 2597 1272 2636 r
1291 2568 1329 2641 id
1345 2582 1398 2640 est
1413 2591 1458 2639 ex
1472 2590 1548 2638 uno
1563 2580 1727 2664 peceato,
1743 2568 1826 2640 adae

234 2684 387 2778 seilicet,
409 2701 470 2760 'est
491 2686 667 2784 judicium
694 2688 758 2760 Dei
789 2716 808 2754 u
832 2687 869 2759 in
896 2687 1238 2761 condemnationem
1257 2716 1276 2756 r
1301 2701 1529 2786 posterorum
1550 2685 1646 2782 ejus,
1676 2684 1714 2757 id
1745 2701 1822 2777 est,

234 2806 381 2905 deputat
393 2827 458 2880 eos
471 2821 611 2880 mernae
623 2831 738 2906 poenae
751 2806 958 2880 tradendos.
977 2806 1048 2880 Sed
1064 2809 1177 2906 gratia
1186 2809 1267 2899 Dei,
1284 2806 1321 2879 id
1335 2821 1388 2880 est
1403 2806 1596 2904 gratuitum
1611 2806 1827 2879 remissionis
1931 2847 1935 2852 -

235 2925 373 2999 donum
396 2951 436 2999 er
466 2927 587 3000 multis
614 2926 773 3020 delictis,
799 2943 875 3001 tam
898 2927 1062 3026 originali
1086 2928 1220 3001 scilicet
1250 2952 1360 3027 quam
1385 2928 1538 3027 propriis
1559 2910 1625 3025 per
1648 2925 1826 2999 Christum

235 3044 458 3143 condonatis,
481 3063 535 3121 est
554 3046 661 3122 uobis
680 3048 752 3121 uin
765 3047 1070 3146 justificationem,
1091 3076 1108 3118 s
1136 3048 1173 3121 id
1191 3063 1244 3121 est
1267 3048 1314 3121 ad
1335 3073 1525 3147 poenarum
1548 3045 1823 3120 absolutionem.

234 3169 388 3265 Apparet
409 3166 531 3264 itaque
551 3167 655 3266 plura
682 3166 789 3241 nobis
810 3192 832 3241 a
854 3167 995 3241 Christo
1016 3167 1147 3240 collata
1163 3192 1239 3240 esse
1261 3165 1307 3239 ad
1331 3167 1502 3258 salutem,
1521 3189 1629 3262 quam
1648 3164 1695 3236 ab
1714 3165 1826 3238 Adam

234 3285 278 3358 ad
291 3285 656 3361 condemnationem:
678 3310 762 3360 oum
779 3286 838 3360 ille
854 3287 1020 3361 videlicet
1032 3287 1146 3359 Adam
1164 3311 1278 3359 uuum
1294 3300 1480 3386 peceatum
1498 3283 1657 3363 intulerit
1671 3284 1823 3376 mundo,

234 3403 270 3476 id
291 3420 346 3477 est
368 3406 475 3478 unius
499 3407 636 3506 peceati
656 3407 789 3480 scilieet
809 3406 992 3504 originalis
1011 3431 1176 3505 poenam,
1198 3406 1262 3479 iste
1277 3429 1365 3477 vero
1383 3404 1630 3477 remissionem
1645 3412 1718 3474 tam
1736 3400 1828 3474 illius

234 3547 342 3622 quam
362 3538 585 3599 ceterorum.
606 3530 650 3600 Et
670 3528 800 3600 merito
824 3527 909 3625 quia
931 3525 1013 3627 plus
1036 3527 1198 3626 oportuit
1217 3540 1272 3598 tot
1290 3539 1327 3598 et
1347 3539 1447 3597 tanta
1462 3524 1562 3609 hona
1584 3521 1685 3595 istius
1702 3522 1828 3620 jurare

234 3668 341 3742 qtram
367 3645 461 3718 illius
477 3670 592 3719 uuum
608 3646 798 3738 delictum,
817 3671 884 3720 nec
898 3670 1071 3743 magnum
1088 3645 1241 3719 aliorum
1257 3648 1541 3745 comparatione,
1559 3664 1703 3716 nooere.
1724 3643 1828 3714 Unde

234 3764 473 3862 Hieronymus
495 3763 548 3836 ad
561 3763 685 3857 filiam
707 3768 882 3839 Mauricri'
904 3766 977 3839 hoe
1006 3766 1115 3839 etiam
1139 3779 1329 3865 peceatum
1356 3778 1553 3838 extenuans
1581 3763 1653 3834 ait¹
1672 3788 1681 3833 ε
1703 3790 1721 3831 s
1745 3762 1828 3833 Adae
1969 3748 1975 3755 ’

235 3884 346 3981 magis
368 3883 592 3985 parcendum
611 3884 696 3978 suit,
719 3887 783 3983 qui
807 3884 927 3959 adhuo
953 3884 1117 3959 novellus
1136 3898 1230 3977 erat,
1248 3900 1285 3957 et
1309 3882 1441 3958 nullius
1463 3899 1547 3957 ante
1568 3882 1765 3982 peccantis,
1795 3897 1827 3954 et

234 4018 380 4103 propter
399 4017 585 4102 peecatum
609 4026 716 4077 suum
740 4006 926 4078 morientis
946 4004 1193 4079 retrahebatur
1215 4005 1393 4102 exemplo.
1416 4003 1494 4076 Tibi
1515 4027 1603 4076 vero
1626 4014 1710 4101 post
1730 4015 1829 4073 tanta

231 4120 474 4216 documenta,
499 4136 583 4223 post
604 4122 739 4222 legem,
762 4140 845 4225 post
871 4124 1087 4224 Prophetas,
1114 4137 1199 4224 post
1220 4123 1432 4221 Evangelia,
1463 4138 1545 4222 post
1568 4119 1774 4221 Apostolos,
1799 4123 1827 4191 si

229 4240 442 4340 delinquere
467 4241 635 4336 volueris,
657 4243 844 4341 quomodo
871 4244 1050 4342 indulgeri
1069 4244 1182 4344 possit
1204 4244 1344 4342 ignoro.
1367 4272 1385 4310 s
1408 4244 1466 4315 Sic
1481 4263 1634 4342 expone.
1654 4239 1828 4329 Quando·

225 4359 378 4455 quidem
392 4385 459 4461 per
474 4361 644 4435 delictum
658 4364 778 4454 unius,
792 4363 925 4437 scilieet
937 4365 1033 4456 ida,
1047 4379 1084 4438 et
1097 4389 1162 4464 per
1177 4388 1291 4436 uuum
1302 4361 1437 4437 scilieet
1451 4362 1637 4455 delictum,
1654 4391 1672 4429 α
1685 4384 1797 4452 mors,
1808 4391 1825 4425 »

220 4479 345 4552 etiam
359 4481 487 4585 animae
505 4509 524 4550 r
545 4483 727 4579 regnavit,
750 4512 769 4551 r
787 4482 896 4557 idest
911 4485 1031 4582 quiete
1045 4497 1208 4583 posteros
1226 4482 1406 4556 obtinuit:
1425 4481 1541 4554 multo
1556 4480 1829 4554 convenientius

217 4612 270 4671 et
284 4598 414 4694 justius
433 4624 498 4699 per
519 4624 636 4673 unum
654 4605 776 4675 lesum
795 4602 976 4677 Christum
999 4603 1165 4676 omnium
1183 4601 1367 4675 bonorum
1387 4600 1612 4701 plenitudine
1633 4599 1827 4699 perlectum

212 4720 365 4817 posteri
382 4719 459 4815 ejus
474 4720 676 4819 spirituales
690 4737 907 4822 aeceperunt
920 4722 1182 4797 abundantium
1201 4722 1329 4794 divinae
1343 4721 1476 4818 gratiae,
1492 4719 1529 4792 id
1547 4734 1601 4794 est
1615 4720 1718 4819 plura
1731 4716 1828 4787 bona

207 4861 340 4937 super
358 4839 486 4911 menta
502 4839 667 4938 ipsorum
683 4842 735 4914 eis
751 4842 901 4936 collata,
919 4842 1018 4917 bona
1041 4842 1126 4915 dico
1147 4841 1354 4915 donationis
1377 4854 1414 4913 et
1433 4839 1590 4937 justitiae.
1617 4834 1828 4908 Donationis

204 4956 464 5031 solummodo
480 4956 541 5030 illa
560 4957 659 5032 dona
675 4959 858 5056 dicuntur,
880 4963 1011 5059 quibus
1029 4962 1169 5035 nullum
1183 4974 1237 5034 est
1254 4960 1422 5032 meritum
1437 4957 1665 5054 adjunctum,
1685 4954 1777 5025 sicut
1792 4955 1828 5025 in

200 5076 401 5177 parvulis.
430 5077 577 5150 lustitiae
597 5103 704 5172 vero,
734 5080 798 5152 uhi
819 5079 953 5177 aliquid
979 5106 1048 5178 pro
1069 5080 1204 5153 meritis
1224 5078 1342 5152 datur.
1369 5076 1507 5150 lustitia
1526 5076 1661 5173 quippe
1686 5072 1830 5162 dicitur,
