4559 6100
760 549 1015 623 Tnnotontt
1047 548 1321 621 ClzllilS'l’thh.
1767 542 1838 615 528

248 700 470 777 existentiam
491 698 630 775 mundo
646 700 848 773 nullatenus
861 724 949 773 esse.
971 703 1030 770 Est
1046 714 1082 770 et
1097 698 1246 796 quidum
1259 721 1386 770 eorum
1402 695 1568 794 patriota,
1587 697 1681 769 iuter
1697 694 1839 767 divinos

248 823 502 897 celeberrimus
519 822 718 919 magistros,
737 821 799 919 qui
815 821 852 893 iu
873 834 1010 893 tautam
1025 820 1191 918 prorupit
1206 817 1396 907 insaniam,
1413 830 1453 888 ut
1467 839 1600 914 corpus
1615 816 1840 888 dominicum

249 943 411 1038 ejusdem
435 942 670 1040 longitudinis
689 965 751 1013 seu
773 940 1020 1039 grossitudinis
1044 940 1082 1010 in
1104 954 1208 1011 utero
1224 937 1380 1035 Virginis
1401 935 1507 1007 luisse
1523 950 1669 1025 astruat,
1688 936 1791 1031 cujus
1806 949 1842 1008 et

250 1064 287 1137 iu
308 1079 477 1164 provecta
490 1078 591 1136 etate
607 1062 733 1135 extitit.
752 1060 823 1134 Sed
839 1086 907 1134 nec
923 1058 1041 1135 adhuc
1056 1058 1155 1132 illam
1172 1081 1350 1130 summam
1365 1055 1649 1128 controversiam
1665 1055 1711 1127 de
1727 1076 1845 1127 sacra·
1862 1099 1873 1107 -

253 1198 375 1256 mento
391 1184 528 1273 altaris,
557 1196 679 1255 utrum
695 1181 860 1255 videlicet
877 1182 979 1281 panis
995 1180 1054 1253 ille
1070 1180 1133 1278 qni
1149 1179 1303 1272 videtur,
1325 1177 1438 1275 figura
1454 1190 1595 1249 tantum
1612 1176 1657 1247 sit
1672 1175 1845 1247 dominici

252 1304 426 1401 corporis,
455 1326 502 1375 an
528 1303 637 1375 etiam
661 1302 790 1373 veritas
813 1299 1018 1373 substautiae
1034 1300 1145 1398 ipsius
1167 1298 1357 1370 dominicae
1379 1298 1515 1386 carnis,
1535 1296 1645 1368 linem
1667 1297 1846 1394 accepisse

252 1436 391 1495 certum
417 1434 491 1514 est;
518 1436 553 1494 et
580 1423 786 1494 innumeras
802 1421 889 1492 alias
911 1421 947 1491 in
969 1443 1124 1517 quarum
1146 1417 1366 1516 quotidianis
1390 1415 1623 1490 relationibus
1643 1415 1847 1514 frequenter

252 1539 552 1639 obstupescimus,
584 1566 664 1639 quae
688 1564 756 1612 nec
786 1564 849 1637 per
878 1538 1044 1611 incendia
1069 1564 1196 1610 eorum
1227 1538 1289 1635 qui
1314 1562 1336 1609 a
1359 1537 1497 1636 populo
1525 1534 1848 1633 deprehenduntur

253 1662 434 1761 compesci
452 1675 616 1759 possunt.
640 1664 722 1733 Haec
744 1659 795 1731 illi
811 1658 1017 1748 attendant,
1039 1656 1168 1756 quide
1189 1656 1260 1729 lide
1277 1657 1432 1756 amplius
1452 1656 1600 1728 minime
1617 1655 1849 1729 scribendum

254 1804 332 1851 esse
352 1794 556 1870 autumant,
580 1803 665 1853 cum
682 1777 800 1871 mille,
827 1793 869 1850 ut
882 1779 1002 1869 aiunt,
1020 1777 1092 1850 hoc
1109 1790 1273 1875 tempore
1289 1775 1440 1848 haereses
1455 1774 1645 1875 pullulent,
1664 1776 1766 1874 quasi
1782 1777 1850 1876 ipsi

255 1899 419 1971 omnium
435 1900 670 1973 conscientias
686 1913 723 1971 et
738 1898 849 1971 iidem
865 1899 1116 1996 cognoverint.

306 2022 409 2091 Nunc
443 2019 490 2092 ad
522 2019 749 2118 propositum
777 2017 988 2107 redeamus,
1019 2018 1065 2089 de
1091 2016 1320 2114 generatione
1354 2014 1473 2087 verbis
1499 2014 1632 2113 quibus
1662 2036 1852 2114 possumus

256 2136 478 2227 disserenda,
491 2138 540 2210 ad
556 2137 837 2230 defendendam,
854 2152 895 2209 nt
910 2137 1078 2225 diximus,
1098 2135 1209 2209 iidem
1226 2149 1400 2226 nostram,
1421 2159 1497 2207 nou
1514 2134 1736 2227 docendam
1750 2136 1851 2234 quod

256 2255 405 2354 quidem
428 2256 511 2329 ideo
535 2258 689 2329 maxims
713 2255 917 2329 iaciendum
938 2280 1015 2328 esse
1038 2256 1199 2344 decrevi,
1219 2253 1320 2352 quod
1345 2253 1596 2326 similitudines
1618 2252 1686 2326 illae
1701 2276 1794 2352 quas
1807 2254 1853 2329 ad

257 2375 352 2448 hanc
370 2377 636 2471 generationem
657 2376 736 2448 Filii
754 2375 810 2448 vel
833 2376 1101 2475 processionem
1123 2374 1277 2473 Spiritus
1292 2372 1572 2462 defendendam,
1589 2398 1654 2446 seu
1671 2373 1717 2446 ad
1737 2374 1855 2446 diver·

257 2494 398 2567 sitatem
412 2518 650 2593 personarum
662 2495 914 2594 assignandam
930 2518 952 2568 a
968 2494 1099 2566 sanctis
1113 2492 1278 2566 Patribus
1295 2491 1499 2580 didicimus,
1520 2493 1640 2565 minus
1655 2494 1855 2567 satisfacere

258 2611 476 2711 quibusdam
505 2615 709 2708 videantur,
737 2615 838 2712 quod
861 2615 900 2687 iu
928 2613 996 2685 illis
1025 2613 1153 2703 rebus,
1180 2637 1259 2712 quae
1284 2637 1349 2711 per
1374 2612 1488 2685 simile
1516 2612 1753 2703 inducuntur,
1779 2639 1855 2687 non

259 2734 372 2831 possit
396 2734 502 2805 unius
527 2736 688 2808 essentiae
713 2735 880 2807 identitas
902 2733 1053 2823 serrari3
1077 2731 1175 2805 unde
1198 2746 1235 2805 et
1257 2731 1453 2805 nonnullos
1471 2730 1632 2804 fidelium
1654 2736 1757 2831 quasi
1783 2736 1858 2808 irrl-

260 2851 386 2925 dentes
413 2877 636 2926 murmurare
662 2878 754 2952 saepe
781 2853 998 2946 audivimus,
1016 2877 1101 2925 cum
1116 2851 1164 2925 de
1190 2852 1248 2923 his
1273 2852 1320 2924 ad
1343 2850 1416 2923 hoe
1439 2850 1637 2923 similitudo
1658 2852 1854 2950 mdacitur,

260 2995 339 3069 quae
356 2996 432 3043 non
449 2986 534 3045 suut
553 2972 714 3070 ejusdem
739 2974 912 3065 essentiae,
935 2973 1048 3046 veluti
1070 2996 1156 3045 curn
1176 2972 1213 3043 iu
1236 2971 1300 3043 illo
1318 2995 1486 3043 sermone
1503 2971 1635 3044 Natalis
1651 2976 1797 3046 Domini
1815 2978 1855 3047 B.

186 3087 189 3092 ’
261 3092 488 3188 Augustinus,
508 3092 556 3165 ad
576 3091 845 3166 defendendum
861 3090 961 3190 quod
983 3092 1081 3164 solus
1101 3090 1210 3163 Filius
1229 3092 1275 3163 sit
1292 3092 1510 3183 incarnatus,
1534 3093 1805 3166 similitudinem
1821 3097 1858 3167 in

262 3211 400 3284 cithara
425 3224 461 3283 et
482 3213 557 3283 sole
582 3214 727 3303 sumsit,
749 3234 946 3310 perquam
972 3210 1137 3283 videlicet
1160 3211 1356 3307 assigmret
1379 3235 1455 3282 non
1480 3233 1557 3282 esse
1580 3211 1805 3301 mirandum,
1830 3218 1860 3287 si

262 3353 347 3404 cum
372 3331 410 3402 iu
436 3353 509 3403 una
533 3330 727 3404 divinitatis
745 3329 941 3404 substantia
959 3345 1030 3402 tres
1055 3354 1218 3429 personae
1242 3329 1477 3419 conveniant,
1501 3330 1565 3401 uni
1590 3345 1712 3403 tamen
1733 3355 1858 3406 earnm

263 3465 452 3546 congruat,
471 3448 572 3547 quod
587 3449 687 3524 alteri
702 3475 779 3523 non
793 3449 975 3539 contenit,
992 3462 1117 3546 utpote
1139 3448 1207 3520 soli
1229 3448 1319 3521 Filio
1335 3448 1513 3520 incarnari
1528 3478 1537 3519 :
1555 3449 1710 3540 «Sicuti,
1726 3453 1856 3551 iuquit,

264 3572 301 3642 in
331 3593 403 3643 nna
425 3569 702 3642 citharizationis
725 3570 866 3643 actione
893 3571 959 3641 tria
979 3570 1217 3661 conveniunt,
1240 3584 1280 3640 ut
1302 3567 1408 3640 nmul
1431 3584 1538 3666 agam
1561 3593 1631 3656 ars,
1659 3591 1801 3663 mantis,
1825 3590 1861 3646 st

262 3689 393 3781 corda,
421 3714 505 3762 cum
523 3704 642 3764 tamen
664 3689 804 3763 diversa
828 3704 980 3787 agantur
996 3712 1020 3761 a
1034 3689 1195 3786 singulis,
1222 3712 1306 3760 cum
1328 3687 1497 3776 videlicet
1511 3713 1568 3761 ars
1589 3689 1713 3784 dictet,
1731 3713 1861 3766 manus

264 3822 403 3906 tangat,
428 3807 538 3881 corda
563 3825 727 3895 resonet3
749 3811 786 3881 iu
810 3810 886 3882 sols
910 3809 1034 3900 etiam,
1057 3809 1189 3906 inquit,
1216 3807 1316 3879 calor
1330 3822 1367 3879 et
1381 3806 1553 3906 splendor
1576 3809 1714 3883 diversa
1736 3828 1858 3909 agunt,

263 3953 349 4001 cum
365 3928 465 4000 calor
478 3928 641 4017 exsiccet,
664 3927 836 4028 splendor·
850 3929 1039 4001 illuminet.
1056 3958 1074 3993 u
1099 3926 1169 4000 Sed
1189 3926 1237 4000 ad
1258 3927 1333 3998 haec
1349 3927 1439 4024 quid
1453 3929 1620 4000 nonnulli
1635 3950 1863 4008 munerarent

265 4047 366 4136 novi,
388 4045 548 4120 dicentes
569 4047 718 4144 quidem
738 4048 815 4120 baec
831 4047 920 4120 nihil
937 4048 1089 4120 attinere
1113 4047 1163 4119 ad
1180 4048 1256 4118 vim
1272 4047 1497 4144 questionis,
1515 4072 1594 4145 quoe
1614 4048 1661 4120 de
1676 4049 1861 4128 identitate

264 4166 373 4238 unius
394 4165 600 4239 snbstantias
626 4168 664 4239 iu
687 4168 801 4240 tribus
829 4170 992 4266 personis
1014 4183 1095 4240 orta
1117 4181 1183 4239 est.
1213 4172 1327 4239 Nemo
1349 4167 1461 4255 enim,
1489 4169 1675 4266 inquiunt,
1705 4169 1858 4268 dubitat,

263 4286 354 4381 quin
379 4286 417 4356 in
443 4283 571 4357 eodem
591 4310 702 4384 opere
721 4286 867 4359 diversae
895 4312 952 4359 res
969 4287 1109 4359 diversa
1126 4302 1254 4382 agant,
1281 4302 1344 4358 aut
1369 4286 1407 4357 in
1432 4287 1558 4360 eudem
1584 4288 1783 4364 substantia
1808 4293 1863 4366 di·

264 4427 386 4476 versas
409 4401 567 4477 habeant
586 4406 678 4477 vires
697 4405 845 4479 diversae
861 4407 1049 4504 qualitates
1071 4434 1078 4478 :
1103 4407 1166 4479 sed
1190 4405 1275 4498 hoc,
1298 4406 1484 4501 inquiunt,
1508 4407 1692 4494 miramur,
1716 4433 1801 4483 cum
1818 4416 1863 4486 sit

264 4547 340 4595 una
358 4524 500 4621 penitus
520 4522 718 4597 substantia
739 4527 813 4598 sive
831 4528 983 4599 essentia
995 4527 1103 4598 trium
1122 4547 1372 4623 personarum,
1395 4548 1470 4622 qna
1490 4528 1630 4599 ratione
1653 4528 1729 4601 hec
1749 4531 1864 4605 incar·

263 4657 355 4716 nata
370 4643 509 4715 dicatur
526 4657 561 4714 et
575 4668 651 4716 non
671 4643 743 4736 illa,
767 4667 851 4716 cum
867 4647 945 4743 ipsa
961 4644 1156 4717 divinitatis
1171 4643 1369 4717 substantia
1390 4667 1537 4718 carnem
1559 4652 1765 4749 susceperit,
1784 4675 1863 4748 quae

262 4784 345 4834 una
357 4777 393 4834 et
406 4761 532 4836 eadem
546 4764 693 4859 singulis
706 4788 806 4861 reque
823 4765 915 4836 inest
932 4766 1107 4862 personis.
1122 4765 1203 4836 Fuit
1216 4780 1250 4837 et
1268 4763 1417 4863 quidam
1431 4766 1625 4839 novissime
1640 4771 1865 4867 temporibus

242 4877 416 4972 nostris,
443 4882 631 4954 Anselmus
649 4882 810 4958 videlicet
824 4883 1090 4956 Cautuaricmis
1105 4883 1415 4982 metropolitanus,
1432 4885 1494 4981 qui
1509 4900 1647 4958 serrata
1660 4887 1866 4965 suberanus

259 5002 421 5095 unitate,
436 5000 647 5076 validiorem
659 5003 755 5076 visus
769 5016 822 5075 est
836 5000 1104 5074 similitudinem
1117 5000 1163 5074 ad
1179 5002 1256 5074 haec
1269 5027 1348 5099 quae
1359 5002 1514 5075 diximus
1530 5003 1725 5079 induxisse.
1743 5011 1865 5107 Cujus,

258 5120 311 5193 ni
327 5120 441 5212 fallor,
461 5119 700 5193 similitudinis
714 5119 1025 5194 fundamentuma
1045 5124 1082 5192 B.
1101 5122 1228 5192 sumsit
1243 5121 1439 5218 Augustino
1456 5121 1634 5200 scribente
1649 5125 1696 5202 ad
1714 5131 1870 5204 Lusa-en.
