4559 6100
1068 463 1196 536 PETRi
1224 462 1459 537 sumtuum

1077 795 1257 887 CAPUT
1298 794 1460 887 xvltr.

973 1012 1050 1086 oua
1076 1010 1195 1091 propin
1221 1010 1334 1070 uum
1361 1006 1552 1091 murmur

515 1204 726 1279 Paenitentia
748 1217 867 1275 autem
888 1202 1034 1301 proprie
1054 1201 1214 1273 dicitur:
1239 1201 1353 1274 Dolor
1373 1199 1484 1271 animi
1507 1222 1703 1298 supereo,
1728 1198 1765 1269 in
1788 1221 1862 1295 quo
1887 1195 2058 1294 deliquit3

467 1353 550 1400 cum
574 1325 731 1422 aliquem
753 1322 885 1396 scilicet
905 1324 1002 1423 piget
1025 1323 1061 1394 in
1085 1321 1206 1419 aliquo
1230 1320 1429 1392 excessisse.
1454 1323 1535 1391 Haec
1555 1334 1677 1392 autem
1698 1317 1906 1418 poenitentia
1926 1331 2002 1389 tum
2018 1341 2061 1388 ex

466 1470 590 1519 amore
613 1445 679 1515 Dei
700 1442 829 1517 accidit
851 1458 887 1516 et
912 1442 1094 1516 fructuosa
1114 1456 1187 1531 est;
1207 1454 1282 1512 tum
1305 1439 1440 1512 damno
1461 1438 1596 1536 aliquo,
1616 1463 1690 1536 quo
1709 1436 1890 1511 nollemus
1905 1436 2058 1533 gravari,

467 1566 582 1664 quatis
600 1579 654 1637 est
669 1564 727 1636 itta
744 1563 1000 1636 damnatorum
1015 1559 1418 1661 poenitentiadequibus
1429 1560 1604 1659 scriptum
1621 1561 1689 1631 est¹
1703 1585 1711 1630 ε
1727 1585 1744 1626 a
1758 1556 1929 1630 Videntes
1941 1554 2062 1628 turba·

468 1685 604 1758 buntur
621 1698 755 1755 terrore
773 1682 938 1755 horribili
963 1697 999 1754 et
1020 1680 1247 1753 mirabuntur
1265 1680 1300 1751 in
1315 1679 1531 1752 subitatione
1543 1679 1731 1778 insperatae
1748 1675 1884 1765 salutis,
1905 1675 2063 1748 dicentes

468 1807 562 1878 intra
587 1830 638 1896 se,
664 1817 699 1876 et
718 1804 965 1902 poenitentiam
982 1815 1139 1899 agentes,
1167 1815 1204 1873 et
1220 1826 1294 1901 prae
1322 1800 1483 1897 angustia
1511 1799 1654 1897 spiritus
1684 1812 1897 1894 gementes:
1921 1797 2065 1869 Hisnnt

468 1951 561 2024 quos
585 1923 780 2020 aliquando
796 1921 989 1994 babuimus
1004 1922 1040 1992 in
1057 1920 1192 2012 derisu,
1210 1934 1281 1993 etc.
1300 1949 1318 1989 u
1344 1920 1509 2016 Legimus
1528 1933 1564 1990 et
1580 1917 1827 2015 poenitentiam
1844 1916 1943 1990 Judae
1957 1941 2065 2017 super

470 2046 541 2118 hoc
557 2043 657 2140 quod
682 2042 880 2114 Dominum
901 2040 1130 2128 tradiderat¹;
1151 2040 1252 2138 quod
1277 2066 1351 2113 non
1376 2054 1449 2112 tam
1471 2063 1539 2139 pro
1563 2040 1670 2138 eulpa
1693 2038 1844 2136 pemati,
1872 2061 1981 2135 quam
1999 2062 2066 2136 pro

472 2165 604 2237 vilitate
621 2164 689 2257 sui,
710 2163 773 2261 qui
783 2161 1143 2258 seomniumjudicio
1150 2160 1365 2234 damnatum
1381 2159 1568 2247 sentiebat,
1583 2157 1763 2231 eredimus
1779 2157 1961 2231 aocidisse.
1976 2162 2065 2231 Cum
2098 2228 2107 2239 ,

471 2286 567 2357 enim
585 2284 666 2382 quis
682 2283 791 2356 alium
810 2282 981 2380 pecunia,
1002 2283 1059 2354 vel
1079 2280 1343 2379 quoquomodo
1359 2295 1571 2378 corruptum
1586 2277 1632 2351 ad
1647 2277 1887 2376 perditionem
1901 2281 2064 2370 traxerit,

472 2405 609 2479 nemini
627 2404 744 2493 vilior,
768 2427 879 2501 quam
901 2404 934 2475 ei
950 2401 1114 2503 proditor
1128 2400 1295 2491 habetur,
1324 2414 1360 2473 et
1380 2424 1489 2471 uerno
1507 2399 1540 2471 ei
1561 2399 1680 2470 minus
1702 2423 1740 2470 se
1761 2397 1892 2491 eredit,
1912 2401 2068 2497 quernis

471 2527 535 2624 qui
557 2523 804 2597 infidelitatem
822 2523 898 2619 ejus
914 2523 1067 2621 amplius
1083 2535 1251 2621 expertus
1266 2534 1331 2593 est.
1349 2519 1481 2593 Multos
1506 2520 1641 2618 quippe
1663 2519 1826 2617 quotidie
1849 2518 1896 2591 de
1912 2520 1982 2593 bac
1997 2522 2068 2594 vita

474 2667 675 2718 recessuros
693 2640 739 2713 de
757 2641 897 2739 flagitiis
914 2642 1124 2740 perpetratis
1140 2642 1313 2738 poenitere
1328 2638 1490 2712 videmus
1506 2652 1543 2711 et
1561 2639 1657 2735 gravi
1673 2640 1960 2739 compunctione
1977 2641 2072 2738 inge·

476 2764 638 2849 miscere,
657 2775 824 2833 nontam
852 2786 976 2833 amore
989 2762 1054 2833 Dei
1075 2784 1183 2857 quern
1200 2759 1442 2850 offenderunt,
1463 2759 1521 2832 vel
1537 2758 1624 2832 odio
1644 2763 1782 2858 pemati
1803 2759 1903 2856 quod
1921 2764 2070 2834 commi·

475 2895 612 2970 serunt,
630 2904 741 2977 quam
758 2879 887 2954 timore
901 2905 1027 2978 poenae,
1049 2881 1087 2954 in
1105 2904 1214 2979 quam
1231 2905 1269 2952 se
1291 2878 1503 2979 praecipitari
1519 2892 1699 2951 verentur.
1719 2879 1790 2967 Qui
1808 2880 1846 2950 in
1862 2904 1907 2953 eo
1924 2907 2068 2981 quoque

477 3000 590 3099 iniqui
606 3015 833 3098 permanent,
852 2999 952 3099 quod
972 3025 1048 3074 non
1068 3014 1141 3073 tam
1155 3000 1206 3072 eis
1222 2999 1389 3098 iniquitas
1404 2998 1567 3098 displicet
1583 2997 1715 3097 onlpae,
1733 3023 1857 3098 quarn,
1877 3024 1957 3097 quae
1973 3002 2071 3099 juxta

477 3136 542 3210 est,
555 3120 708 3217 gravitas
728 3144 860 3217 poenae3
879 3144 947 3194 nec
963 3134 1104 3193 tantum
1121 3119 1208 3192 odio
1224 3119 1362 3194 habent
1374 3120 1413 3193 id
1429 3118 1529 3218 quod
1543 3118 1818 3204 commiserunt,
1836 3120 1921 3218 quia
1937 3124 2068 3196 malurn

478 3241 560 3332 tuit,
587 3262 696 3337 quam
716 3238 853 3333 justum
878 3240 945 3311 Dei
961 3239 1139 3335 judicium
1160 3239 1261 3337 quod
1284 3241 1323 3312 in
1349 3263 1455 3338 poena
1475 3237 1683 3331 formidant,
1707 3240 1911 3336 equitatem
1937 3243 2071 3339 potius-

477 3384 587 3458 quam
607 3359 832 3455 iniquitatem
856 3359 1032 3433 odientes.
1057 3363 1159 3449 Quos
1175 3359 1240 3432 diu
1256 3358 1456 3433 obcaecatos
1476 3373 1583 3457 atque
1599 3373 1746 3432 vocatos
1763 3373 1838 3434 uta
1863 3361 1995 3436 malitia
2012 3389 2073 3436 sua

479 3492 792 3570 converterentur,
814 3480 862 3550 ita
879 3479 1026 3552 tandem
1047 3481 1084 3550 iu
1103 3478 1299 3579 reprobum
1319 3504 1462 3551 sensum
1482 3479 1612 3551 Divina
1628 3479 1767 3550 iustitia
1782 3478 1903 3571 tradit,
1921 3497 1958 3554 et
1979 3485 2074 3555 caeci·

480 3614 551 3671 tate
578 3622 766 3696 percussos
788 3622 809 3669 a
832 3597 921 3671 faeie
945 3623 1009 3672 sua
1036 3623 1183 3697 prorsus
1203 3598 1337 3694 abjicit,
1363 3613 1473 3670 utne
1501 3597 1653 3670 salubris
1673 3598 1887 3696 poenitentiae
1913 3603 2073 3675 notitiam

479 3718 648 3807 babeant,
669 3741 736 3788 nec
750 3716 903 3814 qualiter
917 3717 1206 3790 satisfaciendum
1223 3719 1280 3806 sit,
1300 3717 1485 3791 advertere
1500 3731 1647 3816 queant.

529 3840 648 3925 Quam
673 3836 849 3933 plurimos
876 3838 1011 3937 quippe
1039 3836 1201 3935 quotidie
1228 3838 1409 3914 ceruimus
1437 3838 1629 3910 morientes
1656 3839 1809 3935 graviter
1830 3839 2074 3937 ingemisoere,

481 3955 636 4028 muitum
661 3978 699 4025 se
727 3978 893 4027 accusare
922 3982 1031 4054 super
1054 3957 1189 4047 usuris,
1211 3957 1367 4055 rapinis,
1389 3956 1684 4055 oppressionibus
1708 3982 1928 4057 pauperum,
1957 3959 2012 4031 vel
2038 3961 2076 4032 iu

482 4075 772 4172 quibuscumque
793 4075 930 4172 injuriis
952 4100 1043 4174 quas
1067 4077 1340 4170 commiserunt,
1368 4090 1404 4148 et
1426 4101 1493 4176 pro
1515 4075 1767 4151 emendatione
1789 4079 1942 4151 istorum
1967 4104 2079 4153 sacer-

484 4194 606 4265 dotem
627 4193 828 4265 consulere.
847 4195 987 4283 Quibus
1007 4198 1037 4268 si
1059 4196 1148 4289 boo,
1168 4211 1208 4268 ut
1233 4209 1388 4295 oportet,
1413 4195 1603 4268 consilium
1625 4196 1741 4291 detur,
1768 4211 1807 4269 ut
1822 4198 1979 4270 venditis
2001 4224 2079 4271 om·

485 4312 592 4385 nibus
606 4339 686 4411 quae
707 4312 860 4404 habent,
888 4315 1076 4388 restituant
1099 4317 1177 4388 aliis
1199 4340 1278 4413 quae
1298 4315 1539 4407 abstulerunt,
1551 4319 1652 4414 juxta
1673 4315 1762 4388 ittud
1778 4319 1965 4414 Augustini
1985 4345 1993 4388 :
2013 4320 2079 4390 «Si

486 4459 542 4506 res
557 4435 690 4523 aliena,
708 4460 791 4507 eum
811 4434 913 4509 reddi
928 4436 1054 4534 possit,
1064 4461 1140 4507 non
1151 4435 1327 4526 redditur,
1341 4461 1415 4508 non
1424 4439 1539 4534 agitur
1553 4439 1776 4538 poenitentia,
1795 4437 1858 4510 sed
1876 4415 2042 4536 fingitur3
2061 4472 2076 4506 r

461 4615 468 4628 .
486 4553 606 4625 statim
626 4578 735 4650 quam
754 4554 870 4628 inanis
883 4579 1008 4627 eorum
1025 4556 1248 4654 poenitentia,
1269 4557 1502 4656 responsione
1519 4581 1583 4630 sua
1598 4555 1828 4657 profitentur.
1849 4558 1954 4631 Unde
1972 4584 2077 4658 erg0,

489 4674 680 4771 inquiunt,
700 4673 831 4748 domus
850 4700 930 4748 mea
945 4676 1103 4748 viveret?
1119 4675 1216 4763 Quid
1238 4674 1319 4749 titiis
1336 4679 1445 4770 meis,
1473 4679 1561 4776 quid
1579 4678 1679 4751 uxori
1700 4678 1963 4777 relinquerem?
1982 4680 2085 4752 Unde

488 4819 526 4864 se
556 4809 753 4868 sustentare
780 4795 952 4896 possent?
981 4796 1125 4884 Quibus
1151 4795 1212 4869 itta
1238 4798 1396 4895 primum
1424 4800 1616 4874 Dominioa
1644 4801 1800 4873 occurrit
1827 4802 2079 4901 increpatio⁸:

520 5079 526 5105 ¹
544 5078 621 5141 Sap,
634 5092 687 5141 eap.
701 5092 725 5140 r,
738 5094 760 5129 r.
772 5083 787 5130 2
799 5087 825 5129 et
835 5081 858 5130 3.
873 5081 922 5117 -²
933 5078 1033 5143 Hatita,
1048 5095 1103 5144 esp.
1117 5096 1195 5142 xxru,
1207 5096 1232 5133 r.
1243 5087 1268 5136 3.
1283 5110 1312 5120 -
1324 5085 1333 5117 ¹
1344 5084 1403 5135 bue.
1413 5121 1419 5147 ,
1431 5098 1486 5147 cap.
1499 5096 1545 5146 ιιι,
1561 5099 1583 5136 r.
1595 5086 1635 5136 20.
