4559 6100
435 464 505 534 6er
1025 463 1165 534 'PE'l'lll
1190 463 1423 535 ABAELARDl

434 641 496 688 eos
517 615 710 687 edificetur
728 615 884 688 Ecclesia
907 615 1053 705 Christi,
1079 616 1109 687 si
1126 629 1237 714 portae
1255 614 1450 688 inferorum
1470 640 1544 687 non
1570 617 1758 715 praevalent
1775 618 1838 690 eis.
1858 618 2022 716 Alioquin

434 733 625 806 ridiculum
641 750 711 824 est,
730 748 771 805 ut
787 734 948 806 dicamus
964 759 1047 805 eum
1072 735 1134 831 qui
1152 734 1302 806 vinculis
1324 749 1553 833 peccatorum
1576 759 1723 807 suorum
1748 735 1874 832 ligatus
1896 751 1969 824 est,
1990 754 2025 809 et

433 854 541 924 trahit
556 870 703 951 peccata
719 878 784 927 sua
799 854 890 926 sicut
907 855 1030 925 sunem
1043 854 1208 949 longum,
1221 868 1257 925 et
1271 868 1441 951 tanquam
1454 855 1539 951 juge
1555 855 1674 927 lorum
1688 856 1805 929 vitulae
1823 858 2024 955 iniquitates

435 998 529 1065 suas,
541 987 688 1072 propter
703 973 776 1045 hoe
795 973 1101 1068 solum-quoniam
1120 973 1250 1044 dicitur
1266 974 1475 1071 Episcopus,
1493 972 1628 1046 habere
1644 974 1851 1070 hujusmodi
1870 991 2023 1075 potesta·

434 1109 527 1183 tem,
554 1107 594 1164 ut
608 1093 715 1165 soluti
730 1092 777 1164 ab
795 1117 839 1164 eo
858 1107 1130 1189 superterram,
1155 1094 1225 1163 sint
1249 1093 1354 1164 soloti
1374 1094 1409 1163 in
1434 1093 1525 1165 coelo
1547 1120 1555 1162 :
1576 1109 1638 1165 aut
1653 1093 1747 1189 ligati
1766 1097 1803 1166 in
1822 1097 1937 1187 terris,
1955 1097 2024 1167 sint

434 1212 530 1309 ligati
548 1214 583 1283 in
601 1211 705 1284 coelo.
722 1214 774 1283 Sit
793 1236 878 1306 ergo
897 1210 1093 1308 Episcopus
1110 1210 1452 1309 irreprehensibilis,
1470 1212 1532 1308 qui
1550 1211 1699 1284 alterum
1717 1213 1801 1309 ligat
1816 1229 1878 1286 aut
1893 1216 2019 1303 solvit,

436 1332 564 1429 dignus
580 1333 689 1428 ligare
705 1331 760 1402 vel
778 1330 915 1402 solvere
930 1332 966 1402 in
983 1331 1096 1421 coelo;
1116 1331 1162 1402 sit
1178 1331 1284 1403 unius
1299 1332 1419 1403 uxoris
1435 1331 1502 1418 vir,
1525 1331 1679 1424 sobrius,
1698 1348 1832 1423 castus,
1854 1350 2019 1422 ornatus,

435 1451 676 1549 lrospitabilis,
697 1449 880 1537 docibilis,
906 1475 980 1521 non
1001 1450 1200 1538 violentus,
1222 1475 1296 1523 non
1314 1474 1526 1548 percussor,
1546 1450 1608 1522 sed
1633 1451 1836 1544 modestus,
1862 1478 1938 1524 non
1956 1454 2022 1524 liti·

436 1575 566 1668 giosus,
587 1597 661 1643 non
683 1574 897 1669 concupitor
913 1571 1167 1668 pecuniarum,
1191 1571 1284 1644 bene
1303 1570 1496 1669 presidens
1516 1570 1643 1642 domui
1661 1597 1749 1661 suae,
1776 1571 1868 1646 filios
1886 1572 2023 1647 habens

435 1692 596 1764 subditos
616 1716 700 1762 cum
722 1692 823 1762 omni
842 1693 1013 1763 castitate.
1034 1694 1071 1762 si
1094 1691 1171 1764 talis
1189 1692 1309 1776 lirerit,
1331 1714 1405 1761 non
1422 1691 1550 1786 injuste
1568 1690 1693 1787 ligabit
1715 1716 1822 1790 super
1842 1707 1974 1766 terram
1989 1706 2024 1764 et

435 1837 552 1910 neque
562 1810 781 1908 sinejudicio
797 1812 931 1901 solvet3
952 1824 1119 1908 praeterea
1136 1835 1370 1906 quaecumque
1380 1810 1526 1881 solverit
1539 1811 1600 1907 qui
1617 1811 1693 1906 ejus
1705 1810 1805 1883 modi
1820 1825 1891 1903 est,
1909 1812 2022 1893 soluta

434 1947 538 2003 eruut
559 1947 595 2002 et
610 1932 647 2002 in
660 1931 773 2019 coelo3
794 1946 830 2002 et
845 1956 1079 2029 quaecumque
1093 1931 1253 2029 ligaverit
1268 1955 1375 2029 super
1391 1945 1536 2022 terram,
1558 1929 1663 2027 ligata
1680 1946 1785 2003 erunt
1800 1946 1835 2003 et
1851 1933 1888 2003 in
1905 1933 1995 2005 coelo
2012 1961 2019 2001 :

434 2053 576 2124 sienim
599 2051 702 2123 luerit
718 2052 811 2151 quis,
833 2066 872 2122 ut
890 2052 938 2123 ita
955 2052 1087 2141 dicam,
1106 2057 1247 2139 Petrus,
1271 2064 1306 2123 et
1322 2075 1397 2121 non
1416 2048 1582 2122 habuerit
1604 2074 1683 2147 quae
1704 2052 1740 2120 in
1765 2050 1836 2122 hoc
1861 2054 1944 2123 loco
1967 2053 2020 2125 di·

434 2172 684 2268 cunturquasi
701 2171 745 2242 ad
765 2175 924 2255 Petrum,
946 2186 981 2242 ct
998 2171 1175 2268 putaverit
1192 2195 1229 2242 se
1255 2194 1359 2268 posse
1383 2170 1490 2265 ligare
1520 2183 1559 2239 ut
1582 2169 1653 2241 sint
1670 2169 1776 2265 ligata
1792 2171 1828 2240 in
1852 2171 1967 2259 coelo,
1988 2189 2022 2243 et

432 2291 569 2363 solvere
586 2293 710 2362 utsint
726 2291 841 2363 soluta
857 2289 1014 2381 incaelo,
1031 2291 1106 2388 ipse
1123 2315 1160 2362 se
1177 2289 1265 2361 fallit
1284 2314 1357 2361 non
1374 2287 1573 2384 intelligens
1589 2288 1808 2371 voluntatem
1818 2291 2019 2388 Scriptura,

431 2426 466 2481 et
485 2412 627 2483 inflatus
643 2410 768 2481 incidit
783 2411 819 2481 in
836 2409 1013 2505 judicium
1029 2408 1175 2481 diaboli.
1192 2438 1210 2475 u

479 2533 644 2602 Patenter
660 2530 781 2626 itaque
797 2530 967 2624 Origenes
984 2529 1152 2620 ostendit,
1173 2530 1264 2601 sicut
1284 2545 1319 2602 et
1335 2529 1521 2603 manifesta
1538 2530 1628 2601 ratio
1646 2530 1773 2619 babet,
1794 2529 1896 2616 quod
1912 2532 1949 2602 in
1967 2531 2022 2603 lris

431 2675 508 2744 quae
526 2649 680 2720 diximus
703 2654 807 2719 Petro
832 2672 1043 2720 concessum
1061 2662 1132 2732 est,
1161 2673 1389 2745 nequaquam
1415 2650 1585 2721 omnibus
1610 2650 1791 2748 Episcopis
1815 2673 1837 2722 a
1863 2651 2020 2723 Domino

431 2767 601 2838 collatum
618 2791 715 2854 esse3
736 2766 798 2838 sed
815 2766 872 2839 his
887 2767 970 2839 solis
987 2769 1048 2864 qui
1076 2772 1216 2838 Petrum
1233 2792 1307 2838 oon
1325 2793 1366 2839 cx
1386 2768 1604 2841 sublimitate
1620 2768 1809 2855 cathedrae,
1829 2768 1893 2841 sed
1909 2774 2021 2841 meri-

430 2901 551 2956 torum
568 2886 752 2957 imitantur
768 2884 952 2982 dignitate.
970 2889 1050 2956 Nou
1068 2887 1164 2957 euim
1183 2910 1284 2958 suam
1299 2886 1519 2960 voluntatem
1533 2903 1735 2985 sequentes,
1753 2903 1823 2959 eta
1838 2886 2021 2959 voluntate

430 3007 495 3076 Dei
519 3031 556 3078 se
583 3020 782 3079 avertentes
803 3020 929 3078 contra
952 3005 1079 3078 divinae
1102 3005 1324 3079 rectitudinis
1347 3005 1520 3102 justitiam
1544 3009 1736 3105 quicquam
1763 3021 1933 3104 possunt3
1955 3031 2020 3078 nec

430 3150 512 3197 cum
529 3128 651 3224 inique
662 3127 799 3225 aliquid
811 3138 934 3224 agunt,
953 3126 999 3197 ad
1014 3127 1237 3223 iniquitatem
1255 3131 1372 3198 Deum
1389 3127 1559 3200 inclinare
1576 3141 1746 3225 possunt,
1766 3141 1804 3197 ut
1820 3152 1905 3199 curn
1920 3129 2020 3225 quasi

429 3247 582 3319 similem
605 3250 660 3320 sni
686 3247 854 3320 efficiant.
883 3246 1006 3334 Qualis
1029 3246 1177 3344 quidem
1200 3249 1276 3345 ipse
1302 3246 1531 3320 vehementer
1556 3271 1708 3342 arguens
1734 3261 1768 3317 et
1794 3248 1948 3342 graviter
1972 3249 2022 3318 eis

429 3375 653 3441 comminans
667 3369 732 3441 ait¹
755 3397 763 3440 :
785 3399 801 3434 α
818 3368 1028 3439 Existimasti
1045 3367 1167 3464 inique
1184 3367 1283 3463 quod
1298 3391 1361 3437 ero
1379 3368 1429 3438 tui
1448 3365 1581 3438 similis.
1594 3372 1748 3461 Arguam
1765 3379 1800 3437 te
1816 3380 1851 3437 et
1867 3380 2019 3438 statuam

429 3503 554 3561 contra
578 3488 705 3560 faciem
726 3502 824 3570 tuam
845 3514 853 3556 τ
878 3486 1062 3582 intelligite
1082 3485 1158 3558 haec
1178 3486 1241 3582 qui
1266 3483 1517 3557 obliviscimini
1540 3489 1670 3574 Deum,
1691 3499 1759 3556 etc.
1775 3516 1792 3550 a
1811 3485 1901 3571 Quis
1924 3485 2021 3555 enim

429 3609 538 3704 magis
556 3612 671 3679 Deum
687 3604 863 3691 oblivisci,
882 3617 917 3675 et
934 3606 970 3676 in
986 3604 1182 3702 reprobum
1196 3629 1340 3678 sensum
1353 3603 1431 3678 dari
1448 3603 1623 3676 dicendus
1637 3618 1704 3696 est,
1724 3627 1833 3701 quam
1849 3605 1912 3700 qui
1927 3602 2020 3678 hauc

427 3725 493 3798 sibi
509 3739 651 3821 arrogat
667 3737 898 3823 potestatem,
921 3739 960 3793 ut
975 3724 1012 3794 in
1030 3722 1196 3820 subjectis
1214 3748 1279 3821 pro
1301 3723 1449 3795 arbitrio
1466 3748 1532 3794 suo
1548 3723 1699 3820 ligandis
1715 3738 1822 3820 atque
1839 3722 2019 3795 solvendis

427 3845 585 3916 divinam
608 3845 676 3916 sibi
700 3842 883 3940 subjacere
910 3844 1124 3916 seutentiam
1149 3841 1266 3931 dicat3
1291 3856 1331 3913 ut
1348 3841 1448 3938 quod
1467 3843 1573 3918 etiam
1595 3843 1724 3938 injuste
1740 3845 2013 3940 presumpserit,

427 3987 604 4036 summam
626 3964 691 4034 Dei
703 3963 876 4060 justitiam
891 3978 1092 4061 pervertere
1113 3976 1233 4060 queat,
1253 3963 1355 4059 quasi
1372 3986 1452 4034 reos
1467 3960 1522 4032 vel
1541 3961 1755 4033 innocentes
1772 3962 1887 4034 lacere
1909 3963 2018 4059 possit

426 4109 517 4179 quos
532 4084 696 4154 voluerit.
719 4082 826 4170 Quod
853 4106 899 4154 ne
916 4106 1077 4179 unquam
1104 4096 1331 4180 praesumant,
1357 4104 1506 4177 magnus
1530 4081 1588 4152 ille
1605 4085 1741 4152 Doctor
1762 4081 1924 4153 Ecclesiae
1942 4087 2017 4153 Au·

425 4204 599 4299 gostinus,
617 4217 652 4273 et
669 4202 763 4273 inter
779 4202 876 4297 ipsos
898 4200 1093 4298 Episcopos
1109 4200 1312 4299 praelarus,
1332 4200 1487 4271 occurrit
1510 4213 1609 4272 sexto
1631 4198 1773 4272 decimo
1789 4225 1954 4272 sermone
1971 4200 2018 4271 de

426 4321 541 4395 verbis
559 4322 705 4394 Domini
728 4321 852 4393 dicens
874 4348 881 4390 :
905 4320 1086 4417 «Coepisti
1106 4320 1239 4391 habere
1266 4320 1409 4391 fratrem
1436 4333 1538 4390 tuum
1561 4334 1732 4416 tanquam
1757 4319 2015 4418 publicanum3

422 4444 510 4539 ligas
536 4467 617 4514 eum
644 4445 681 4513 in
707 4456 817 4524 terra,
843 4439 906 4512 sed
933 4454 972 4511 ut
992 4440 1086 4536 juste
1110 4438 1230 4535 alliges
1254 4439 1336 4511 vide
1361 4466 1369 4508 ε
1397 4463 1480 4511 nam
1506 4439 1636 4534 injusta
1661 4439 1802 4512 vincula
1828 4439 2017 4538 disrumpit

419 4563 565 4658 justitia.
583 4590 599 4627 u
618 4567 744 4633 Beatus
758 4585 904 4659 quoque
920 4560 1113 4655 Gregorius
1126 4573 1289 4657 patenter
1305 4558 1428 4630 asserit
1442 4573 1478 4627 et
1488 4558 1685 4629 Dominicis
1696 4560 1878 4630 convincit
1893 4584 2013 4630 exem·

421 4683 489 4779 plis
515 4680 602 4754 nibil
622 4680 895 4754 ecclesiasticam
918 4693 1129 4778 potestatem
1150 4679 1187 4749 in
1206 4676 1350 4774 ligando
1374 4676 1429 4748 vel
1451 4676 1627 4748 solvendo
1646 4701 1763 4774 posse,
1785 4678 1814 4749 si
1836 4677 1955 4750 deviet
1971 4677 2016 4749 ab

422 4804 584 4898 equitare
605 4800 761 4898 justitiae,
789 4814 825 4872 et
848 4823 923 4872 non
946 4800 1068 4871 divino
1090 4797 1288 4870 concordet
1310 4796 1459 4892 judicio.
1482 4794 1693 4870 Undeillud
1715 4797 1886 4893 estquod
1910 4799 1958 4870 ait
1978 4798 2014 4867 in

456 5083 460 5106 ¹
473 5077 568 5127 Prolm.
582 5091 652 5139 aux,
667 5090 689 5127 t.
703 5079 744 5140 tl,
