4559 6100
437 504 509 577 488
1036 503 1165 576 PETlll
1191 504 1428 578 ABAEbdlllll

437 655 601 751 negative
621 652 730 744 dicat,
756 652 828 727 hoc
852 668 906 726 est
928 679 1003 727 non
1030 654 1214 727 diversum
1236 679 1403 728 numero.
1427 657 1464 727 Si
1486 654 1582 726 enim
1609 676 1691 752 pars
1715 675 1870 729 numero
1893 651 2034 724 diversa

437 774 615 848 diceretur
635 800 657 847 a
677 798 744 846 suo
760 789 837 847 toto
847 831 857 869 ,
879 775 1043 874 profecto
1061 779 1226 850 Socrates
1242 775 1288 849 de
1304 774 1551 849 differentibus
1574 799 1727 848 numero
1743 771 1930 874 praedicari
1947 797 2036 845 cou-

437 894 638 988 cederetur,
655 919 739 968 cum
757 896 924 969 videlicet
945 896 1016 969 hoc
1031 911 1150 970 totum
1169 922 1211 970 es
1225 921 1337 969 manu
1351 897 1484 971 scilicet
1505 910 1541 969 et
1563 896 1702 992 reliquo
1719 918 1873 994 corpore
1889 918 2037 994 compo·

435 1018 542 1088 situm
563 1018 607 1088 sit
627 1018 802 1108 Socrates,
825 1031 860 1088 et
875 1016 993 1116 ipsum
1009 1042 1156 1115 quoque
1178 1017 1353 1116 reliquum
1370 1041 1504 1114 eorpus
1522 1040 1543 1089 a
1558 1040 1667 1090 manu
1683 1014 1855 1113 deinceps
1872 1017 2036 1086 Socrates

433 1139 478 1211 sit
499 1137 709 1230 dicendum,
729 1137 801 1210 hoc
821 1152 874 1211 est
896 1139 964 1211 hac
987 1141 1109 1213 anima
1128 1138 1369 1232 vivificatum3
1393 1138 1531 1238 dequo
1554 1135 1703 1238 quidem
1727 1136 1832 1209 latius
1850 1137 1887 1207 iu
1905 1134 2036 1235 praedi-

436 1271 605 1332 ramento
622 1257 827 1332 substantiae
843 1257 929 1333 alibi
945 1257 1051 1332 uobis
1068 1260 1250 1359 agendum
1269 1259 1348 1332 luit.

484 1380 633 1452 Diversa
656 1394 776 1452 autem
799 1378 1014 1452 diffinitione
1041 1395 1138 1475 suut,
1157 1406 1238 1479 quae
1261 1380 1388 1453 eadem
1411 1378 1627 1452 diffinitione
1647 1379 1830 1452 sententiae
1854 1376 2035 1449 terminari

436 1525 511 1573 uon
537 1515 700 1600 possunt,
724 1498 796 1572 boc
812 1514 865 1572 est
886 1525 965 1598 quae
986 1499 1070 1573 talia
1089 1515 1187 1595 sunt,
1209 1516 1249 1574 ut
1273 1526 1349 1573 sese
1374 1514 1501 1572 mutuo
1528 1525 1602 1572 non
1626 1500 1783 1595 exigant,
1808 1496 1891 1569 licet
1909 1496 2036 1569 eadem

435 1647 491 1693 res
507 1622 552 1694 sit
571 1635 776 1719 utrumque,
793 1621 886 1693 sicut
902 1625 955 1693 es't
970 1621 1169 1695 substantia
1192 1636 1228 1695 et
1244 1647 1389 1721 corpus,
1405 1620 1462 1694 vel
1478 1620 1601 1693 album
1620 1635 1656 1693 et
1672 1618 1818 1692 durum.
1840 1623 1921 1690 Nou
1939 1618 2036 1690 enim

313 1784 318 1791 ·
435 1768 478 1813 cx
505 1767 549 1816 eo
576 1741 678 1840 quod
708 1739 906 1814 substantia
933 1757 986 1814 est
1013 1767 1147 1842 corpus
1167 1758 1239 1836 est;
1271 1741 1326 1815 vel
1364 1767 1406 1815 ex
1437 1766 1482 1813 eo
1507 1740 1607 1839 quod
1633 1739 1758 1812 album
1789 1753 1863 1830 est,
1903 1737 2036 1810 durum

435 1876 500 1955 est,
533 1887 617 1934 curn
644 1861 715 1934 hoe
743 1862 820 1934 sine
845 1860 908 1934 illo
933 1877 1042 1960 queat
1062 1887 1152 1957 esse,
1173 1887 1293 1961 neque
1319 1887 1363 1935 er
1385 1887 1423 1935 se
1441 1861 1530 1934 illud
1553 1862 1681 1960 exigat.
1709 1864 1749 1933 Et
1775 1858 1871 1932 hane
1890 1857 2036 1957 quidem

436 1969 674 2056 differentiam
701 1983 843 2054 Boetius
864 1983 900 2054 iu
923 1983 1042 2083 primo
1069 1986 1280 2082 Topicorum
1306 2008 1374 2055 nos
1397 1981 1517 2074 docet,
1544 1980 1711 2054 obicum
1729 1978 1824 2051 dicat
1840 1978 1937 2051 idem
1961 2002 2038 2051 esse

436 2103 737 2203 propositionem,
762 2103 1007 2201 quaestionem,
1033 2104 1323 2194 conclusionem
1342 2103 1429 2176 dicit
1450 2117 1570 2175 tamen
1594 2126 1639 2175 ea
1656 2100 1814 2193 dillerre,
1834 2125 1917 2172 cum
1942 2099 2038 2172 vide-

435 2221 519 2295 licet
542 2224 742 2323 propositio
765 2225 878 2323 possit
899 2249 976 2297 esse
996 2225 1025 2297 si
1051 2250 1125 2297 non
1147 2226 1192 2298 sit
1213 2226 1361 2324 quaestio
1383 2224 1436 2296 vel
1460 2222 1667 2316 conclusio,
1687 2236 1723 2293 et
1743 2222 1892 2320 quaestio
1910 2221 1939 2292 si
1962 2244 2037 2292 non

436 2345 479 2416 sit
502 2344 703 2435 conclusio,
728 2371 813 2419 cum
833 2346 906 2419 hoc
927 2372 1002 2420 non
1022 2349 1138 2446 exigat
1158 2349 1260 2440 illud,
1285 2362 1320 2421 et
1338 2346 1476 2444 singula
1498 2336 1653 2446 propriis
1675 2341 1950 2415 diffinitionibus
1971 2362 2040 2418 ter·

437 2465 609 2538 minanda
631 2467 715 2538 sint.
740 2467 812 2555 Qui
835 2467 942 2539 etiam
964 2468 1001 2540 iu
1025 2467 1264 2541 Drirr'srouibus
1281 2467 1354 2541 hoc
1379 2466 1490 2540 modo
1516 2463 1690 2539 rationale
1716 2478 1751 2537 et
1771 2461 1875 2562 bipes
1896 2463 2039 2538 differre

437 2585 545 2677 dicit,
575 2586 674 2680 licet,
703 2587 840 2684 inquit,
876 2586 975 2660 nulla
1004 2587 1050 2660 ab
1075 2589 1230 2661 invicem
1261 2588 1490 2689 oppositione
1517 2586 1779 2683 disjungantur.
1820 2586 2039 2683 Porphyrius

438 2732 584 2805 quoque
602 2708 638 2779 in
656 2711 816 2808 isagogis
828 2709 902 2780 suis
915 2708 1125 2805 hujusmodi
1139 2707 1393 2803 differentiam,
1410 2709 1609 2781 secundum
1623 2704 1876 2780 diffinitionem
1889 2705 2034 2797 scilicet,

438 2850 512 2899 non
541 2829 785 2926 praetermisit,
810 2853 893 2901 cum
917 2829 966 2901 ait
995 2855 1004 2898 ι
1032 2832 1233 2916 «Quorum
1252 2829 1412 2921 termini,
1437 2828 1472 2901 id
1499 2843 1552 2901 est
1580 2827 1814 2900 diffinitiones
1837 2841 1921 2898 sunt
1941 2827 2040 2899 dille·

437 2947 579 3035 rentiae,
604 2948 681 3048 ipsa
704 2972 851 3048 quoque
877 2963 961 3021 sunt
984 2947 1198 3021 differentia.
1219 2979 1236 3015 u
1257 2952 1403 3021 Certum
1424 2949 1560 3050 quippe
1576 2963 1629 3022 est
1645 2947 1768 3021 omnia
1793 2972 1872 3045 quae
1890 2971 2039 3045 quoquo

438 3069 550 3142 modo
562 3070 801 3145 affirmatione
812 3083 846 3143 et
856 3070 1046 3167 negatione
1057 3069 1211 3169 disjungi
1227 3085 1389 3170 possunt,
1400 3070 1543 3144 dillerre
1554 3070 1779 3143 abinvicem.
1792 3067 1900 3139 Verbi
1912 3068 2036 3165 gratia,

438 3191 465 3262 si
483 3190 528 3264 de
545 3191 723 3289 aliquibus
741 3192 932 3267 ostendere
951 3218 1157 3294 possumus,
1177 3192 1277 3292 quod
1295 3192 1389 3265 istud
1408 3191 1556 3285 animal,
1573 3206 1609 3264 et
1626 3191 1713 3264 illud
1730 3214 1804 3261 non
1825 3190 1870 3261 sit
1885 3188 2036 3277 animal,

438 3311 576 3385 clarum
610 3327 663 3386 est
688 3337 731 3387 ea
756 3314 921 3405 differre3
951 3314 1049 3387 uude
1075 3316 1184 3387 etiarn
1212 3328 1357 3414 oportet
1388 3312 1539 3387 concedi
1567 3308 1734 3410 quaelibet
1763 3308 2040 3382 diffinitionibus

438 3432 590 3525 diversa,
612 3433 750 3507 etiamsi
768 3436 839 3507 sint
855 3435 923 3507 sibi
942 3460 1006 3536 per
1029 3434 1320 3535 praedicationem
1343 3434 1579 3525 cohaerentia,
1593 3434 1685 3506 sicut
1702 3432 1835 3504 animal
1856 3447 1891 3503 et
1911 3428 2037 3519 homo,

439 3555 493 3626 vel
516 3554 641 3627 album
665 3569 701 3627 et
722 3553 867 3643 durum,
897 3556 1041 3629 differre
1062 3555 1338 3654 quodammodo
1360 3555 1407 3627 ab
1430 3556 1598 3646 invicem,
1622 3578 1707 3626 curn
1725 3576 1767 3623 ea
1783 3576 1930 3650 quoque
1948 3576 2040 3650 quo·

439 3673 638 3748 dammodo
656 3674 894 3748 affirmatione
911 3690 946 3749 et
964 3677 1157 3774 negatione
1173 3675 1220 3750 ab
1237 3677 1392 3750 invicem
1408 3688 1630 3776 separentur.
1659 3671 1797 3745 Animal
1812 3672 1948 3770 quippe
1964 3696 2041 3744 esse

439 3808 571 3891 potest,
599 3796 646 3867 ita
670 3794 771 3892 quod
794 3820 867 3868 nou
893 3798 938 3870 sit
958 3797 1093 3889 hom03
1118 3797 1181 3870 sed
1205 3797 1318 3869 homo
1341 3820 1416 3868 non
1442 3809 1559 3895 potest
1584 3819 1672 3887 esse,
1700 3795 1750 3866 ita
1775 3790 1876 3890 quod
1902 3792 2040 3863 nonsit

438 3914 605 4006 animal¹3
628 3929 666 3986 et
689 3916 821 3989 animal
837 3916 909 3991 hoc
931 3933 1072 3991 tantum
1089 3918 1209 4015 exigit,
1228 3931 1269 3989 ut
1284 3918 1327 3990 sit
1346 3917 1543 3990 animatum
1563 3931 1598 3989 et
1615 3913 1802 4003 sensibile3
1824 3912 1937 3985 homo
1954 3936 2038 3982 vero

439 4059 513 4105 nou
540 4034 613 4107 hoc
636 4037 905 4129 tantummodo,
929 4039 992 4111 sed
1015 4040 1163 4138 iusuper
1189 4053 1227 4110 ut
1247 4039 1291 4110 sit
1319 4037 1491 4111 rationale
1516 4051 1552 4110 et
1579 4036 1743 4108 mortale.
1767 4034 1905 4108 Eodem
1927 4029 2039 4104 modo

440 4155 585 4254 phoenix
610 4171 645 4228 et
668 4156 729 4229 hic
755 4157 917 4257 pboenix,
937 4173 972 4232 et
990 4160 1062 4232 hoc
1083 4183 1231 4257 corpus,
1251 4173 1287 4230 et
1302 4157 1379 4231 haee
1402 4159 1534 4250 anima,
1556 4157 1629 4229 sive
1645 4156 1706 4228 hic
1728 4155 1855 4247 homo,
1875 4153 1949 4226 sive
1969 4152 2041 4224 hoc

439 4301 571 4376 corpus
593 4275 729 4370 album,
749 4276 890 4353 diversa
903 4305 980 4353 esse
997 4293 1148 4377 possunt
1163 4278 1319 4372 ostendi,
1339 4277 1421 4351 licet
1436 4277 1595 4376 ejusdem
1618 4277 1762 4376 penitus
1778 4275 1939 4347 esseutiae
1956 4274 2038 4345 sint.

439 4396 492 4469 td
520 4397 616 4470 hanc
643 4423 788 4496 quoque
825 4400 1068 4474 diversitatem
1097 4398 1186 4472 illud
1209 4400 1388 4498 pertinere
1413 4399 1567 4487 videtur,
1598 4396 1699 4497 quod
1724 4398 1773 4468 ait
1801 4385 2038 4495 Porphyrius,

439 4516 723 4592 differentiarum
749 4520 835 4593 alias
859 4546 935 4594 esse
953 4520 1120 4593 divisivas
1147 4521 1300 4618 generis,
1325 4518 1412 4592 alias
1437 4519 1684 4593 constitutivas
1707 4517 1921 4617 specierum.
1952 4519 2041 4588 Nam

437 4638 521 4711 licet
534 4639 669 4713 eaedem
684 4641 827 4741 penitus
839 4640 997 4713 divisivae
1009 4642 1081 4713 sint
1094 4656 1129 4713 et
1144 4641 1393 4735 constitutivae,
1406 4640 1552 4714 aliunde
1562 4654 1681 4714 tamen
1696 4638 1935 4711 constitutivae
1943 4651 2038 4724 sunt,

439 4783 482 4830 err
499 4785 543 4832 eo
565 4762 699 4836 scilicet
720 4762 820 4860 quod
843 4763 1083 4857 constituunt,
1110 4762 1255 4835 aliunde
1280 4761 1451 4854 divisiva,
1479 4786 1521 4835 ex
1542 4786 1587 4834 eo
1604 4762 1738 4834 scilicet
1755 4759 1855 4857 quod
1876 4757 2041 4830 dividunt

439 4877 486 4951 ab
508 4880 675 4971 invicem;
697 4880 769 4953 hoe
790 4895 842 4954 est
860 4879 1101 4956 diversificant
1121 4884 1270 4983 species.
1301 4888 1341 4954 Et
1366 4882 1449 4958 ideo
1470 4882 1537 4955 alia
1560 4897 1612 4955 est
1634 4882 1834 4981 proprietas
1851 4880 1925 4952 sive
1948 4876 2041 4949 diffi-

490 5157 518 5206 ln
529 5158 604 5210 editis
614 5156 698 5209 homo.
