4559 6100
473 562 545 636 658
1078 562 1206 636 PETRI
1231 562 1464 636 ABAELARDl

474 712 549 807 ejus
571 727 645 784 tam
667 713 848 785 vernaculi
868 736 976 809 quam
999 714 1151 812 emptitii
1167 726 1202 787 et
1217 714 1422 811 alienigenae
1438 713 1569 812 pariter
1586 711 1790 784 circumcisi
1807 724 1904 782 sunt.
1922 738 1941 777 u
1961 711 2071 798 Quod

474 831 581 902 etiam
608 830 803 903 induxisti:
828 836 1006 905 «Pactum
1026 857 1112 904 vero
1129 858 1252 905 meum
1272 847 1425 907 statuam
1444 832 1490 907 ad
1507 837 1657 922 lsaac,»
1679 828 1985 904 animadvertatur
2001 854 2070 901 ro-

474 948 552 1021 lens
570 949 642 1022 hoc
658 964 798 1021 tantum
814 950 860 1023 de
878 968 984 1050 pacto
1002 952 1295 1058 circpmcisionis,
1315 977 1390 1024 non
1408 967 1557 1024 terrenae
1571 950 1833 1049 promissionis,
1853 947 2069 1044 intelligere3

474 1068 565 1141 nihil
580 1070 689 1142 etiam
703 1068 865 1168 impedit,
881 1072 971 1143 sicut
985 1069 1094 1170 paulo
1106 1086 1191 1143 ante
1205 1073 1427 1170 premissum
1441 1086 1507 1161 est,
1524 1070 1624 1167 quod
1641 1070 1772 1143 dicitur
1786 1094 1796 1141 z
1815 1096 1834 1136 r
1848 1067 2070 1140 Constituam

474 1201 619 1286 pactum
636 1212 759 1259 meum
777 1187 827 1260 illi
849 1189 886 1261 in
906 1189 1021 1262 foedus
1041 1191 1322 1288 sempiternnm3
1344 1204 1381 1263 et
1393 1190 1521 1263 semini
1539 1189 1616 1287 ejus
1633 1204 1715 1288 post
1734 1212 1833 1260 eum.
1850 1215 1869 1256 n
1886 1187 1959 1259 Etsi
1974 1188 2072 1259 enim

475 1307 600 1380 lsmael
621 1331 767 1404 quoque
791 1332 834 1380 ex
851 1324 1029 1408 praecepto
1053 1309 1201 1382 Domini
1226 1310 1458 1383 circumcisus
1480 1310 1545 1398 sit,
1570 1333 1645 1382 non
1667 1309 1704 1380 iu
1730 1331 1775 1380 eo
1801 1307 1979 1379 Dominus
2002 1308 2072 1377 cir·

475 1427 733 1498 cumcisionem
752 1427 891 1519 statuit,
914 1429 950 1500 in
968 1429 1070 1525 cujus
1085 1431 1292 1527 posteritate
1308 1455 1382 1502 non
1399 1428 1651 1528 perseveravit.
1671 1426 1780 1515 Quod
1795 1450 1882 1499 vero
1896 1424 1964 1496 tob
1982 1450 2073 1521 gen·

476 1545 573 1616 tilem
601 1546 637 1616 in
667 1546 871 1644 exemplum
896 1548 1045 1638 duxisti,
1075 1571 1160 1619 cum
1188 1573 1272 1621 eum
1295 1549 1587 1621 incircumcisum
1615 1571 1690 1619 non
1715 1546 1831 1644 possis
1855 1544 2073 1617 convincere

475 1677 535 1735 aut
549 1678 631 1761 post
641 1666 901 1737 institutionem
914 1666 1198 1739 circumcisionis
1212 1668 1396 1760 exstitisse,
1409 1667 1611 1740 sicutenim
1625 1666 1810 1738 Ismaelem
1824 1661 2070 1753 abbbrabam,

474 1784 525 1856 sic
541 1788 635 1856 Esau
651 1784 698 1857 ab
717 1785 843 1877 Jacob,
862 1802 898 1858 et
918 1786 1093 1885 reprobos
1111 1812 1259 1885 quoque
1282 1785 1374 1860 lilios
1394 1787 1487 1860 sicut
1509 1785 1641 1859 electos
1663 1810 1683 1858 a
1705 1783 1916 1883 patriarchis
1941 1807 2072 1856 secuu-

475 1902 564 1974 dum
589 1919 806 2003 praeceptum
831 1906 976 1978 Domini
1000 1920 1140 1978 constat
1157 1931 1233 1979 esse
1256 1907 1504 1997 circumcisos,
1532 1921 1573 1978 ut
1591 1905 1676 1977 hinc
1697 1905 1803 1977 etiam
1827 1904 1989 2001 ipsorum
2007 1926 2073 2002 po·

474 2026 570 2114 steri,
591 2024 620 2095 si
635 2024 698 2122 qui
712 2027 791 2096 Deo
808 2023 1043 2115 adhaererent,
1059 2025 1344 2099 circumcisionis
1357 2025 1564 2124 exemplum
1580 2037 1784 2112 sumerent,
1803 2023 1907 2095 sicet
1923 2022 2072 2120 vosipsi

476 2167 588 2240 usque
605 2142 715 2217 hodie
734 2145 891 2236 servatis,
916 2146 979 2243 qui
999 2145 1183 2218 lsmaelem
1201 2161 1340 2246 patrem
1356 2161 1516 2219 vestrum
1532 2146 1712 2218 imitantes
1732 2168 1830 2217 anno
1852 2142 2070 2216 duodecimo

473 2264 782 2337 circumcisionem
808 2266 978 2364 accipitis.
1005 2266 1145 2338 Scimus
1166 2281 1202 2339 et
1219 2266 1395 2366 populum
1420 2280 1587 2338 nostrum
1610 2263 1743 2338 multos
1764 2288 1808 2336 ex
1822 2262 2000 2360 'gentibus
2022 2262 2069 2335 ad

475 2383 588 2480 legem
604 2409 798 2457 conversos
813 2385 982 2459 habuisse
998 2387 1210 2486 proselytos,
1227 2412 1302 2458 non
1319 2402 1393 2460 tam
1407 2385 1572 2459 videlicet
1587 2409 1631 2457 ex
1647 2398 1837 2483 parentum
1855 2384 2067 2471 imitatione,

474 2528 584 2601 quam
609 2528 651 2574 ex
680 2518 832 2599 cognata
856 2506 1000 2597 virtute,
1020 2504 1119 2602 quod
1146 2504 1192 2577 de
1215 2505 1286 2579 tob
1311 2530 1460 2603 quoque
1483 2505 1602 2602 potuit
1625 2503 1803 2590 accidere,
1828 2527 1938 2601 quem
1962 2504 2070 2575 etiam

475 2648 575 2695 more
589 2637 714 2694 nostro
727 2638 874 2722 accepta
890 2628 968 2696 Deo
985 2625 1159 2699 sacrificia
1174 2641 1247 2697 tam
1263 2650 1331 2724 pro
1345 2625 1427 2698 filiis
1441 2649 1551 2724 quarn
1568 2624 1690 2698 amicis
1705 2623 1870 2696 videmus
1884 2622 2066 2696 obtulisse.

475 2740 584 2827 Quod
608 2742 716 2813 etiam
734 2741 916 2838 objectum
942 2759 1083 2817 estnec
1099 2743 1343 2816 observationi
1361 2746 1469 2818 totius
1495 2745 1582 2843 legis
1610 2745 1937 2818 remunerationem
1964 2744 2070 2816 luisse

474 2861 701 2959 promissam,
728 2861 795 2932 nisi
818 2863 1054 2960 temporalem
1077 2876 1185 2960 atque
1209 2877 1409 2958 terrenam,
1433 2889 1502 2938 nec
1522 2866 1720 2938 Dominum
1736 2864 1784 2938 ad
1800 2863 2069 2964 persuasionem

473 2982 551 3053 sive
575 2980 917 3056 condemnationem
941 2982 1027 3080 legis
1050 2982 1201 3082 provide
1228 3007 1434 3081 perorasse,
1460 2985 1488 3057 si
1515 3009 1590 3060 non
1616 2984 1783 3083 legalium
1809 2997 2069 3085 praeceptorum

472 3101 633 3197 impletio
650 3102 759 3174 vitam
777 3117 956 3176 mereatur
970 3117 1154 3195 aeternam,
1170 3103 1270 3176 facile
1288 3121 1341 3177 est
1357 3105 1480 3194 refelli,
1500 3130 1584 3178 cum
1600 3130 1644 3178 ex
1657 3106 1733 3204 ipsa
1751 3128 1898 3204 quoque
1915 3105 2071 3177 circum·

473 3224 606 3295 cisione
626 3245 736 3319 quam
754 3221 808 3295 lex
831 3224 1001 3323 praecipit,
1025 3223 1184 3296 Domino
1203 3224 1240 3295 in
1263 3239 1476 3324 perpetuum
1499 3224 1659 3297 loederati
1683 3247 1825 3312 sumus,
1847 3238 1888 3296 ut
1909 3223 1996 3296 dixi.
2017 3226 2068 3296 ad

474 3342 562 3440 quid
575 3342 684 3415 etiam
698 3366 766 3413 nos
781 3366 824 3414 ex
842 3344 1017 3416 universis
1034 3343 1201 3440 gentibus
1216 3344 1253 3414 in
1271 3345 1449 3442 populum
1466 3344 1683 3442 peculiarem
1700 3343 1768 3416 sibi
1781 3343 1888 3440 elegit
1903 3358 1940 3415 et
1954 3342 2068 3440 legem

473 3488 538 3561 per
555 3487 664 3560 quam
683 3463 798 3534 sancti
820 3461 1043 3536 efficeremus
1059 3463 1172 3552 dedit,
1193 3464 1223 3535 si
1241 3466 1423 3562 praesentis
1438 3479 1579 3537 tantum
1598 3465 1678 3537 vitae
1694 3463 1843 3561 gaudia,
1862 3488 1943 3561 quae
1960 3465 2069 3559 magis

473 3581 620 3680 reprobi
647 3604 755 3678 quam
781 3579 883 3652 electi
908 3580 1115 3679 possident,
1142 3607 1185 3654 ex
1212 3583 1443 3681 superaddita
1467 3582 1554 3681 legis
1575 3582 1802 3656 observantia
1826 3580 2070 3655 deberentur?

474 3703 510 3772 Si
534 3702 701 3772 sanctitas
716 3699 820 3771 vobis
836 3699 892 3772 vel
918 3700 1139 3797 quibuslibet
1158 3703 1368 3776 bominibus
1391 3703 1533 3776 beatam
1556 3717 1592 3775 et
1608 3703 1849 3775 immortalem
1871 3703 1982 3775 vitam
1998 3702 2069 3774 ad-

474 3820 595 3917 quirit,
623 3833 765 3890 constat
789 3820 967 3918 precipue
990 3837 1026 3894 et
1048 3822 1145 3894 banc
1166 3822 1303 3919 exlege
1328 3823 1435 3895 nobis
1453 3822 1589 3911 deberi,
1617 3824 1645 3894 si
1663 3845 1727 3895 vos
1748 3825 1824 3918 ejus
1843 3821 2069 3895 observantia

475 3936 685 4012 sanctificat.
710 3937 915 4012 sanctificat
931 3955 1051 4014 autem
1074 3942 1238 4040 prolecto
1260 3943 1351 4014 sicut
1373 3943 1502 4041 etipse
1519 3943 1699 4015 Dominus
1721 3941 1826 4014 nobis
1841 3965 1905 4039 per
1919 3944 2067 4037 Moysen

467 4059 632 4155 'loquitur
647 4056 780 4130 dicens
799 4062 830 4129 ¹:
862 4062 931 4131 «Si
956 4086 1041 4157 ergo
1067 4062 1249 4134 audieritis
1277 4086 1403 4134 vocem
1429 4084 1566 4151 meam,
1595 4076 1631 4133 et
1658 4061 1893 4134 custodieritis
1920 4074 2067 4158 pactum

474 4201 609 4267 meum,
629 4178 724 4248 critis
739 4177 827 4250 mibi
844 4180 879 4250 in
895 4181 1074 4278 peculium
1093 4181 1139 4252 de
1153 4182 1292 4252 cunctis
1307 4180 1469 4278 populis3
1488 4201 1570 4253 mea
1585 4194 1638 4252 est
1653 4183 1752 4253 enim
1769 4180 1887 4253 omnis
1904 4193 2011 4268 terra,
2031 4197 2067 4252 et

472 4323 537 4370 vos
556 4298 644 4369 mihi
661 4300 697 4369 in
716 4322 865 4395 regnum
882 4300 1102 4372 sacerdotale
1119 4316 1156 4372 et
1174 4323 1261 4397 gens
1279 4314 1414 4373 sancta.
1431 4330 1449 4366 n
1469 4300 1665 4389 Quomodo
1682 4302 1790 4397 igitur
1806 4324 1874 4372 nos
1890 4301 2064 4398 populum

471 4417 689 4515 peculiarem
706 4432 741 4490 et
758 4420 945 4517 proprium
966 4418 1034 4492 sibi
1051 4420 1157 4517 elegit
1174 4435 1210 4492 et
1227 4444 1291 4518 per
1308 4420 1423 4517 legem
1439 4417 1654 4514 sanctificat,
1674 4422 1703 4494 si
1720 4445 1786 4493 vos
1803 4420 1859 4493 vel
1875 4420 1965 4492 alios
1981 4419 2067 4492 bea-

472 4538 581 4608 tiores
599 4536 732 4610 ellicit?
754 4541 795 4608 Et
810 4551 894 4635 post
915 4538 1033 4635 aliqua
1056 4563 1140 4611 cum
1166 4564 1233 4611 nos
1255 4539 1302 4612 ad
1324 4539 1567 4614 obedientiam
1588 4541 1673 4636 legis
1696 4538 1951 4612 adhortaretur
1968 4542 2063 4612 ait¹:

476 4689 492 4723 «
508 4662 584 4755 Ego
600 4660 697 4731 enim
715 4681 795 4728 sum
815 4659 910 4728 Deus
934 4671 1015 4729 tuus
1032 4655 1166 4732 faciens
1184 4660 1464 4732 misericordiam
1481 4661 1518 4732 in
1537 4659 1665 4750 millia,
1687 4658 1744 4730 bis
1759 4659 1824 4755 qui
1839 4657 1992 4754 diligunt
2010 4681 2067 4729 me

470 4793 505 4850 et
526 4777 734 4849 custodiunt
751 4788 928 4872 praecepta
944 4799 1037 4848 mea.
1056 4807 1073 4844 s
1091 4778 1191 4866 Quid
1207 4795 1327 4852 autem
1347 4793 1401 4851 est
1416 4777 1548 4851 faciens
1573 4776 1855 4851 misericordiam
1878 4777 1915 4849 iu
1944 4776 2067 4866 millia,

468 4899 539 4969 nisi
550 4896 683 4969 iaciens
700 4893 980 4969 misericordiam
995 4897 1188 4996 perfectam
1206 4914 1314 4998 atque
1329 4912 1617 4972 consummatum
1635 4919 1870 4997 superquam
1890 4897 1986 4969 nulla
2003 4921 2067 4968 es·

504 5173 509 5198 ¹
522 5168 680 5231 resumas.
693 5180 744 5231 xrs,
757 5181 779 5216 v.
789 5172 805 5221 t
815 5177 840 5220 et
851 5171 875 5222 6.
890 5168 1087 5235 -21tto.,eap.
1101 5183 1146 5235 xx,
1163 5184 1186 5223 r.
1196 5174 1223 5222 u.
