4559 6100
644 554 938 629 lNTRODUCTlO
964 554 1025 628 Al)
1047 553 1352 628 Tflaotoatatt.
1744 566 1788 637 43

199 709 262 783 lib.
278 708 323 781 de
334 708 480 804 Spiritu.
488 719 526 777 et
535 704 656 776 littera
671 731 681 775 ε
697 708 808 777 «Non
825 718 942 803 potest
958 702 1075 776 lacere
1090 702 1240 799 injusta,
1253 701 1339 800 quia
1351 702 1427 800 ipse
1439 713 1493 772 est
1505 726 1644 776 summa
1653 706 1789 802 justitia

200 844 234 901 et
248 827 406 900 bonitas.
427 824 667 922 Omnipotens
683 847 770 896 vero
786 837 859 913 est,
873 847 948 895 non
959 821 1061 922 quod
1079 823 1191 921 possit
1207 821 1329 893 omnia
1346 820 1482 911 lacere,
1498 820 1559 893 sed
1578 825 1661 920 quia
1672 843 1790 925 potest
1870 895 1872 898 .

201 944 337 1020 efficere
354 942 533 1044 quidquid
545 942 636 1014 vult.
652 972 670 1008 a
689 944 787 1015 Sicut
800 959 920 1016 autem
932 924 999 1014 bei
1014 941 1126 1014 Patris
1138 939 1316 1013 vocabulo
1333 939 1461 1012 divinae
1477 939 1642 1037 majestas
1659 960 1788 1041 poten·

202 1066 253 1137 riae
264 1064 477 1162 exprimitur
485 1050 699 1160 specialiter,
713 1062 763 1134 ita
772 1062 847 1133 Filii
859 1086 923 1135 seu
933 1060 1288 1160 Verbiappellatione
1299 1060 1470 1158 sapientia
1481 1059 1548 1131 Dei
1556 1060 1786 1160 significatur,
1805 1124 1806 1127 ,

200 1207 269 1280 qua
284 1183 420 1256 scilicet
434 1196 566 1255 cuncta
582 1180 785 1254 discernere
802 1181 917 1270 valet,
936 1182 1026 1253 utin
1041 1180 1141 1253 nullo
1159 1179 1300 1278 penitus
1316 1178 1432 1277 decipi
1447 1193 1568 1275 queat.

245 1304 289 1376 dt
304 1327 391 1375 vero
414 1302 564 1399 Spiritus
579 1302 693 1373 sancti
709 1300 888 1374 vocabulo
903 1302 980 1401 ipsa
995 1304 1071 1398 ejus
1088 1300 1243 1373 charitas
1259 1324 1320 1371 seu
1342 1297 1543 1395 benignitas
1560 1302 1786 1398 exprimitur,

199 1446 268 1519 qua
282 1421 451 1494 videlicet
464 1422 601 1520 optime
620 1434 749 1493 cuncta
765 1419 840 1492 vult
852 1419 930 1492 fieri
947 1444 1010 1492 seu
1027 1419 1192 1518 disponi,
1210 1432 1245 1491 et
1257 1441 1301 1490 eo
1319 1417 1430 1490 modo
1444 1416 1583 1515 singula
1598 1425 1789 1518 pmvenire

182 1550 270 1640 'quo
282 1541 412 1613 melius
429 1552 595 1640 possunt,
610 1541 730 1612 malis¹
747 1563 895 1638 quoque
911 1538 1006 1612 bene
1023 1553 1144 1630 utens,
1163 1551 1198 1610 et
1214 1537 1350 1636 optime
1366 1536 1505 1634 singula
1518 1537 1732 1635 disponens,
1752 1560 1789 1617 et

200 1659 440 1760 adoptimum
458 1658 568 1732 tinem
584 1683 731 1756 quoque
745 1656 961 1757 perducens.
980 1662 1059 1731 Non
1076 1669 1128 1729 est
1144 1672 1265 1729 autem
1282 1655 1459 1756 perlectus
1471 1655 1508 1729 in
1523 1657 1709 1752 omnibus,
1724 1665 1787 1761 qui

198 1778 232 1850 in
248 1775 371 1876 aliquo
387 1780 568 1877 impotens
581 1776 780 1868 invenitur,
793 1801 860 1849 nec
874 1776 1030 1876 perfecte
1042 1773 1170 1848 beatus
1185 1790 1239 1847 est
1254 1776 1317 1873 qui
1332 1775 1369 1846 in
1387 1774 1508 1873 aliquo
1521 1775 1638 1875 decipi
1653 1794 1784 1878 potest,

199 1919 261 1970 nec
278 1899 421 1998 penitus
435 1897 612 1996 benignus
627 1896 691 1995 qui
706 1897 831 1970 omnia
847 1898 983 1996 optime
998 1894 1076 1969 lieri
1093 1920 1169 1969 non
1186 1895 1270 1970 velit
1288 1919 1331 1969 ac
1346 1893 1503 1994 disponi.
1524 1895 1593 1969 Ubi
1607 1920 1695 1972 vero
1712 1899 1788 1975 hac

198 2013 260 2089 tria
273 2018 497 2089 conveniunt
508 2068 518 2107 ,
531 2030 569 2088 ut
586 2031 658 2090 tam
672 2015 837 2090 videlicet
852 2017 1014 2117 potentia
1028 2040 1138 2114 quarn
1156 2016 1350 2114 sapientia,
1366 2037 1476 2113 quam
1490 2013 1590 2089 bona
1605 2018 1788 2093 voluntate

197 2133 239 2205 sit
252 2135 429 2234 perfectus
444 2162 453 2207 t
468 2135 519 2207 nil
535 2133 623 2209 boni
638 2149 693 2209 est
707 2136 806 2233 quod
818 2135 894 2233 ejus
905 2135 1120 2236 plenitudini
1132 2134 1238 2208 desit.
1252 2135 1335 2207 Tale
1348 2148 1401 2206 est
1414 2159 1501 2231 ergo
1512 2137 1631 2208 Deum
1648 2130 1787 2213 Patrem

196 2276 237 2325 ac
246 2254 375 2327 Filium
388 2271 424 2328 et
434 2255 605 2353 Spiritum
617 2270 781 2329 sanctum
798 2281 866 2329 nos
879 2254 1057 2355 profiteri,
1069 2279 1112 2329 ac
1127 2255 1158 2327 si
1170 2255 1306 2354 ipsum,
1320 2252 1507 2326 utdictum
1519 2267 1592 2344 est,
1603 2280 1787 2331 summum

196 2370 337 2445 bonum
355 2399 430 2447 esse
445 2375 700 2473 predicemus:
720 2376 777 2448 cui
794 2378 982 2472 tanquam¹
996 2373 1181 2447 bonorum
1199 2373 1363 2446 omnium
1380 2371 1593 2471 plenitudini
1609 2375 1660 2446 nil
1674 2376 1784 2471 desit,

195 2503 232 2562 et
246 2491 348 2589 cujus
360 2493 629 2591 participatione
641 2493 741 2566 bona
749 2519 825 2567 esse
836 2508 960 2567 catera
973 2508 1126 2566 constet.
1141 2497 1212 2564 Nec
1225 2491 1342 2563 solum
1359 2489 1435 2561 haec
1445 2492 1624 2564 Trinitatis
1637 2492 1785 2569 distinc-

196 2609 244 2681 tio
260 2609 309 2683 ad
325 2611 456 2682 summi
473 2610 562 2684 boni
577 2611 851 2710 perlectionem,
868 2626 908 2685 ut
923 2611 1061 2684 dictum
1076 2626 1147 2700 est,
1165 2608 1437 2683 describendam
1455 2612 1642 2702 convenit,
1658 2638 1785 2687 verum

195 2728 359 2801 etiamad
376 2728 667 2827 persuadendum
689 2729 898 2803 hominihus
913 2730 1026 2804 divini
1040 2729 1157 2803 cultus
1173 2730 1383 2827 religionem
1401 2727 1599 2828 plurimum
1618 2731 1782 2829 proficit,

198 2859 235 2917 ut
248 2846 296 2920 ob
316 2847 398 2920 boc*
404 2849 583 2948 praecipue
599 2831 677 2948 ipsa
691 2852 758 2921 Dei
775 2850 949 2949 sapientia
966 2851 1153 2923 incarnata
1168 2849 1205 2921 in
1223 2847 1474 2948 praedicatione
1489 2871 1554 2920 sua
1571 2872 1650 2921 eam
1669 2855 1786 2927 rectis·

194 2965 279 3038 sime
296 2964 512 3040 decrevisset
528 2991 723 3042 assumere.
741 2971 824 3041 Duo
840 2969 975 3070 quippe
992 2982 1076 3042 sunt
1089 2993 1169 3068 quae
1181 2992 1248 3040 nos
1260 2967 1411 3039 omnino
1427 2964 1606 3065 subjectos
1619 2973 1696 3042 Deo
1712 2971 1786 3044 effi·

193 3085 314 3180 ciunt,
329 3087 440 3170 timor
454 3088 621 3162 videlicet
637 3103 745 3187 atque
757 3112 873 3163 amor.
891 3093 1049 3163 Potestas
1060 3090 1195 3189 quippe
1207 3099 1242 3162 et
1255 3087 1429 3188 sapientia
1445 3089 1599 3162 maxime
1614 3091 1785 3166 timorem

193 3204 390 3298 incutiunt,
403 3231 490 3280 cum
505 3231 592 3279 eum
609 3231 719 3306 quem
730 3207 893 3304 judicem
908 3233 985 3282 esse
1000 3208 1157 3298 scimus,
1177 3220 1214 3281 et
1227 3220 1358 3280 cuncta
1377 3231 1456 3305 quae
1468 3206 1638 3300 voluerit,
1656 3211 1784 3309 punire

193 3346 317 3420 posse,
336 3340 374 3399 et
388 3325 441 3399 nil
463 3347 549 3400 eum
570 3324 680 3399 latere
697 3327 961 3424 cognoscimus.
982 3327 1183 3424 Benignitas
1204 3340 1323 3398 autem
1341 3325 1389 3398 ad
1406 3349 1567 3399 amorem
1584 3328 1785 3426 specialiter

192 3444 362 3539 pertinet,
374 3459 415 3517 ut
426 3470 535 3543 quem
546 3443 843 3543 benignissimum
859 3443 1057 3533 habemus,
1070 3445 1297 3543 potissimum
1306 3442 1508 3537 diligamus.
1522 3447 1572 3514 Ex
1585 3468 1660 3540 quo
1676 3447 1782 3520 etiam

191 3576 328 3633 certum
344 3576 397 3635 est
411 3586 494 3635 eum
511 3563 732 3663 impietatem
740 3562 862 3636 ulcisci
870 3562 1074 3658 relle,quia
1082 3585 1159 3658 quo
1168 3560 1249 3659 plus
1261 3559 1377 3658 placet
1392 3560 1426 3632 ei
1440 3560 1604 3657 aequitas,
1616 3586 1660 3634 eo
1671 3569 1783 3662 magis

188 3678 255 3777 ipsi
271 3679 437 3780 displicet
452 3682 638 3780 iniquitas,
656 3682 748 3755 sicut
761 3681 932 3781 scriptum
948 3683 1042 3754 est⁸z
1064 3710 1082 3750 rr
1100 3680 1262 3753 Dilexisti
1272 3680 1460 3777 justitiam,
1478 3694 1513 3750 et
1528 3679 1635 3752 odisti
1652 3683 1783 3781 iniqui·

189 3810 312 3872 tatem.
322 3827 341 3867 a
351 3804 424 3873 Nec
442 3799 561 3873 solum
575 3800 622 3873 ad
640 3800 808 3874 timorem
822 3800 879 3874 rel
894 3799 941 3873 ad
957 3824 1118 3873 amorem
1135 3799 1202 3871 Dei
1218 3798 1429 3871 hominibus
1442 3798 1690 3873 incutiendum
1706 3800 1782 3875 haec

188 3918 370 3992 Trinitatis
383 3919 564 3994 distinctio
580 3920 778 3994 necessaria
793 3935 867 4012 est,
886 3944 1013 3993 verum
1027 3933 1065 3991 et
1082 3918 1128 3991 ad
1147 3917 1397 3991 universorum
1415 3940 1565 4016 operum
1592 3920 1667 4016 ejus
1684 3945 1784 3996 com-

188 4037 461 4113 mendationem
482 4038 680 4140 plurimum
700 4038 813 4131 valet,
831 4053 872 4112 ut
887 4062 1111 4136 quacunque
1127 4038 1217 4135 agit,
1235 4037 1375 4134 egregie
1398 4035 1474 4108 fieri
1497 4037 1711 4130 credantur,
1729 4056 1784 4114 ut·

187 4171 273 4253 pote
290 4158 354 4255 qui
369 4159 492 4232 omnia
503 4183 583 4257 quae
598 4159 703 4249 velit,
720 4156 861 4232 efficere
875 4157 1007 4257 possit,
1025 4156 1114 4230 etin
1129 4155 1302 4229 omnibus
1318 4156 1435 4228 modis
1451 4180 1665 4230 conservare
1679 4160 1782 4251 sciat,

185 4290 222 4348 et
235 4276 377 4375 optime
388 4292 516 4351 cuneta
531 4276 609 4350 fieri
625 4301 688 4351 seu
705 4276 904 4375 procedere
920 4274 1016 4348 velit.
1041 4274 1147 4348 Unde
1166 4291 1201 4348 et
1220 4299 1305 4348 cum
1323 4274 1369 4347 ad
1385 4273 1520 4372 aliquid
1533 4299 1599 4373 per
1614 4300 1682 4349 nos
1693 4301 1784 4376 ope·

185 4395 343 4467 randum
359 4395 518 4472 divinam
534 4396 771 4495 imploramus
784 4396 954 4494 gratiam,
974 4396 1089 4468 reete‘
1104 4394 1489 4468 commemorationem
1503 4394 1683 4469 Trinitatis
1699 4396 1783 4471 saci·

186 4536 285 4607 mus,
304 4513 491 4588 dicentes:
509 4543 528 4584 u
548 4518 587 4587 ln
604 4516 753 4598 nomine
774 4515 887 4589 Patris
907 4529 943 4587 et
960 4514 1036 4587 Filii
1051 4528 1087 4586 et
1107 4515 1259 4613 Spiritus
1276 4513 1409 4604 Sancti,
1430 4514 1523 4588 »vet
1544 4544 1562 4579 α
1584 4517 1784 4590 innomine

184 4647 318 4706 sanctae
331 4647 368 4706 et
381 4632 576 4707 individua
589 4634 780 4728 Trinitatis,
795 4663 813 4701 a
831 4647 871 4705 ut
883 4633 1050 4707 videlicet
1065 4632 1225 4706 divinam
1237 4634 1435 4731 potentiam
1448 4647 1485 4704 et
1496 4632 1706 4730 sapientiam
1719 4661 1784 4709 seu

183 4744 444 4849 benignitatem
458 4753 792 4845 commemorando,
804 4776 1027 4851 quaecunque
1039 4755 1136 4824 Deus
1154 4751 1299 4846 efficiat,
1311 4753 1450 4851 egregie
1467 4751 1544 4825 fieri
1559 4749 1783 4825 demonstre-

183 4891 279 4941 mus.
300 4869 408 4943 Unde
432 4884 468 4944 et
489 4873 630 4969 Moyses
651 4896 737 4944 cum
761 4870 808 4944 de
829 4871 996 4946 universa
1017 4871 1146 4944 mundi
1163 4885 1284 4969 ageret
1301 4873 1495 4965 creatione,
1515 4871 1553 4943 in
1570 4869 1648 4967 ipso
1665 4873 1783 4945 statim

182 5090 225 5215 Πὲ
232 5087 282 5217 Sti
289 5088 429 5219 Corthtct.
445 5091 477 5141 tn
488 5091 551 5143 attia
562 5093 626 5143 nate
639 5093 697 5154 tagtt
710 5091 782 5144 tmb.
796 5119 824 5131 -
835 5091 893 5144 'Stc
905 5092 967 5147 (lud.
977 5090 1039 5144 Vtra
1056 5093 1164 5162 taquam
1179 5092 1251 5144 tub.
1265 5119 1289 5128 —
1302 5091 1407 5144 8lautu.
1420 5105 1487 5156 rur,
1500 5106 1522 5143 r.
1539 5095 1562 5144 t.
1579 5119 1607 5130 -
1619 5092 1706 5144 ‘flecte
1719 5092 1781 5145 cor.

226 5175 244 5217 t.
285 5173 347 5218 ate.
362 5171 414 5220 mb.
