4559 6100
445 443 519 517 ese
1041 424 1169 519 rarat
1195 442 1432 516 tumtum

383 595 390 616 '
446 592 695 681 nominamus,
721 593 798 689 ipsa
823 591 964 665 referat.
988 592 1092 665 Unde
1108 603 1145 662 et
1168 591 1329 664 similiter
1354 589 1458 662 cibos
1478 588 1635 661 mundos
1656 587 1715 661 vel
1739 589 1948 663 immundos
1975 616 2043 673 uo·

448 714 573 805 minat,
589 712 679 783 sicut
697 724 733 782 et
745 710 925 803 homiues,
944 712 1068 800 lectos,
1088 708 1205 799 sedes,
1217 724 1254 781 et
1267 722 1380 781 totam
1395 705 1678 807 suppellectilem
1691 707 1838 800 dunos,
1851 733 1915 782 seu
1932 711 2044 783 etiam

447 844 561 902 vestes
587 844 622 902 et
649 828 820 927 pleraque
847 830 914 902 alia
942 830 1139 902 inanimata
1165 828 1352 902 immunda
1378 853 1439 901 seu
1466 826 1602 926 polluta
1634 826 1839 925 frequenter
1870 828 2041 928 appellat.

447 948 558 1037 Quod
578 950 607 1020 si
629 948 875 1021 immunditias
898 949 1112 1038 hominum,
1130 973 1285 1045 quarum
1309 946 1576 1047 purificationes
1600 947 1767 1019 institutae
1783 961 1885 1037 sunt,
1903 947 1959 1020 his
1979 949 2045 1042 qui

447 1068 684 1165 inquinantur
707 1068 861 1165 peccatis
883 1090 1136 1157 connumeres,
1163 1065 1340 1164 numquid
1364 1064 1533 1138 seminam
1551 1079 1633 1163 post
1653 1081 1798 1164 partum
1820 1091 1885 1165 per
1906 1065 2048 1140 sacrifi·

448 1191 546 1261 cium
567 1187 776 1259 mundatam
799 1212 840 1259 ex
863 1187 935 1259 boc
954 1189 1047 1285 ipso,
1068 1186 1168 1284 quod
1186 1187 1345 1285 peperit,
1365 1201 1552 1284 peecatum
1568 1186 1761 1259 iucurrisse
1780 1185 1938 1284 judicas,
1960 1211 2047 1259 cum

448 1306 547 1380 illam
573 1308 693 1406 potius
719 1306 945 1379 maledictam
969 1307 1160 1398 censeatis,
1185 1330 1265 1403 quae
1289 1329 1365 1378 riou
1389 1305 1571 1402 reliquerit
1593 1330 1715 1378 semen
1739 1306 1777 1377 in
1802 1306 1931 1379 lsrael?
1948 1306 2047 1395 Quid

450 1429 578 1516 etiam,
609 1440 716 1524 peto,
743 1428 798 1496 vir
822 1427 885 1523 qui
908 1427 1040 1525 patitur
1065 1424 1201 1497 fluxum
1225 1424 1370 1495 seminis
1396 1447 1439 1495 ex
1460 1422 1533 1495 hoc
1556 1422 1759 1495 contrahit?
1783 1427 1900 1512 Quem
1924 1438 2047 1497 tamen

451 1545 543 1618 adeo
569 1542 848 1616 abominabilem
875 1559 995 1617 censet
1021 1543 1096 1633 lex,
1121 1559 1162 1615 ut
1192 1542 1305 1615 lectus
1329 1543 1365 1614 in
1392 1567 1466 1639 quo
1496 1541 1685 1616 dormierit
1708 1544 1918 1616 immundus
1941 1544 1988 1616 sit
2010 1558 2048 1616 et

451 1664 658 1762 ubicunque
683 1663 826 1735 sederit.
858 1667 926 1735 Vas
954 1664 1061 1735 etiam
1087 1662 1195 1735 fictile
1231 1661 1331 1760 quod
1356 1661 1565 1758 contigerit,
1596 1660 1860 1759 confringatur,
1888 1663 2048 1758 ligneum

450 1807 537 1854 vero
555 1781 707 1854 lavetur.
728 1782 764 1853 Si
785 1783 864 1879 quis
883 1782 1073 1853 bominum
1092 1782 1245 1879 tetigerit
1260 1782 1393 1853 lectum
1412 1780 1501 1877 ejus,
1516 1779 1572 1853 vel
1590 1780 1721 1853 sederit
1736 1779 1799 1852 ubi
1812 1780 1872 1853 ille
1887 1780 2044 1875 sederat,

451 1900 588 1973 lavabit
606 1902 817 1973 vestimenta
833 1925 910 1992 sua,
931 1916 966 1974 et
984 1901 1060 2000 ipse
1077 1902 1185 1973 etiam
1201 1901 1296 1972 lotus
1311 1924 1405 1997 aqua
1425 1899 1633 1972 immundus
1649 1899 1716 1972 erit
1732 1925 1846 1998 usque
1862 1900 1909 1973 ad
1927 1924 2051 1999 vespe·

453 2024 559 2094 ram¹.
584 2019 717 2092 Mulier
735 2045 881 2117 quoque
897 2046 981 2093 cum
997 2019 1206 2093 naturaliter
1228 2019 1449 2093 accidentem
1468 2035 1733 2093 menstruorum
1755 2021 1888 2118 patitur
1913 2021 2050 2095 fluxum

452 2139 545 2213 adeo
571 2139 759 2213 immunda
784 2156 961 2228 censetur,
991 2155 1031 2212 ut
1056 2140 1094 2211 id
1116 2162 1264 2236 quoque
1289 2140 1326 2211 in
1352 2163 1428 2236 quo
1453 2139 1640 2212 dormierit
1665 2139 1721 2214 vel
1756 2139 1887 2213 sederit
1921 2142 2052 2213 iterum

453 2259 646 2358 polluatur,
661 2274 701 2331 ut
718 2285 784 2332 suo
802 2275 898 2332 tactu
916 2259 1084 2358 quaelibet
1098 2258 1248 2359 polluat,
1265 2258 1357 2330 sicut
1370 2274 1407 2330 et
1422 2257 1469 2331 de
1481 2260 1559 2331 viro
1575 2260 1732 2358 patiente
1748 2260 1886 2331 fluxum
1904 2263 2052 2334 seminis

453 2378 718 2477 supradictum
744 2392 809 2451 est.
828 2379 923 2466 Quid
943 2405 1031 2452 vero
1052 2378 1129 2451 haec
1154 2378 1307 2451 obsecro
1330 2375 1375 2450 ad
1400 2377 1686 2475 inquinationem
1709 2378 1854 2472 animae,
1875 2393 1917 2453 ut
1940 2379 2053 2453 lectus

452 2498 619 2571 videlicet
640 2498 853 2595 cujusquam
871 2513 1058 2570 contactus
1078 2499 1187 2570 etiam
1204 2497 1405 2594 polluatur?
1420 2501 1509 2585 Quae
1525 2512 1609 2569 sunt
1623 2497 1709 2589 istae,
1724 2523 1805 2590 oro,
1818 2499 2051 2573 immunditiae

453 2616 510 2687 vel
534 2614 776 2713 pollutiones?
796 2617 898 2688 Certe
917 2616 984 2687 illae
1005 2640 1085 2712 quae
1100 2630 1136 2688 et
1159 2614 1346 2707 ciborum,
1371 2631 1412 2688 ut
1434 2618 1526 2688 sicut
1548 2616 1598 2688 illi
1622 2616 1725 2689 vobis
1746 2618 1883 2693 vitandi
1905 2634 1990 2692 sunt
2014 2622 2051 2693 in

455 2759 536 2821 esu,
555 2734 605 2805 sic
621 2734 686 2805 ista
704 2734 741 2805 iu
761 2748 870 2825 tactu,
887 2749 922 2806 et
938 2736 1029 2807 sicut
1047 2734 1106 2807 illa
1121 2734 1326 2825 immunda,
1351 2736 1526 2832 quianon
1540 2735 1694 2826 edenda,
1713 2737 1764 2808 sic
1781 2738 1848 2811 ista
1866 2738 2053 2812 immunda

455 2853 511 2925 vel
531 2851 682 2950 polluta,
701 2854 788 2950 quia
810 2877 885 2926 nou
903 2853 1100 2950 tangenda,
1119 2870 1156 2925 et
1172 2854 1294 2950 quiea
1311 2868 1482 2950 tangunt,
1501 2857 1655 2928 etiamsi
1676 2857 1854 2956 compulsi
1872 2859 1926 2934 vel
1948 2860 2052 2955 igno·

456 2987 575 3045 rantes
598 2971 635 3044 id
653 2971 804 3063 iaciunt,
825 2973 1003 3046 immundi
1026 2974 1187 3045 similiter
1204 2974 1460 3068 decernuntur,
1476 2977 1562 3074 quia
1581 2976 1618 3047 in
1643 2976 1880 3052 familiaritate
1903 3002 2053 3052 couver-

455 3094 604 3167 satiuuis
627 3093 764 3168 vitandi
791 3119 906 3192 usque
934 3095 980 3167 ad
1002 3094 1186 3193 pralixurn
1210 3095 1468 3193 purificationis
1490 3098 1698 3170 terminum.
1719 3101 1807 3186 Quae
1830 3124 1916 3173 vero
1938 3103 2054 3175 maui-

457 3213 545 3286 festa
571 3227 654 3285 sunt
678 3229 840 3312 peccata,
866 3216 957 3286 sicut
982 3214 1221 3286 homicidium
1244 3214 1301 3286 vel
1326 3214 1540 3288 adulterium
1563 3233 1598 3288 et
1621 3217 1766 3304 similia,
1795 3234 1912 3292 morte
1935 3222 2055 3319 potius

457 3330 656 3404 multantur
678 3357 787 3429 quam
807 3332 988 3404 sacrificiis
1006 3335 1210 3432 expiantur,
1234 3359 1302 3407 nec
1324 3335 1375 3407 eis
1398 3334 1522 3408 talium
1539 3333 1831 3435 purificationum
1849 3337 2057 3438 indulgetur

458 3446 681 3538 remedium,
714 3447 845 3545 quibus
875 3449 1003 3520 salvari
1034 3450 1096 3546 qui
1122 3475 1164 3522 ea
1195 3450 1454 3523 commiserunt
1483 3451 1636 3524 valeant.
1667 3457 1817 3550 Exque
1844 3457 1958 3553 magis
1993 3456 2058 3529 has

457 3565 725 3663 purificationes
741 3566 787 3639 ad
806 3568 1001 3664 quamdam
1018 3570 1098 3641 vitae
1117 3570 1299 3668 praesentis
1318 3569 1558 3663 honestatem,
1576 3572 1749 3670 quemad
1766 3574 1895 3646 animae
1908 3576 2056 3648 salutern

458 3684 634 3782 intelligas
658 3687 940 3759 accommodari.
971 3691 1125 3760 Etcum
1158 3688 1282 3762 talium
1315 3705 1461 3789 peccata
1487 3692 1689 3765 condonari
1716 3691 1901 3786 dicuutur,
1933 3719 2058 3793 poenas

459 3802 537 3878 illas
564 3806 768 3904 corporales
794 3831 874 3903 quae
891 3833 957 3906 pro
979 3810 1066 3907 ipsis
1086 3810 1254 3881 institutae
1276 3824 1381 3898 sunt,
1401 3811 1458 3884 bis
1482 3812 1545 3906 qui
1565 3836 1587 3884 a
1613 3812 1849 3888 conversione
1872 3816 2056 3887 communi

459 3937 682 4021 separantur,
700 3925 851 3997 relaxari
867 3943 1021 4000 constat.
1033 3927 1217 4026 Numquid
1233 3930 1328 4002 enim
1346 3942 1381 4002 et
1399 3930 1497 4003 aliud
1513 3932 1785 4029 intelligendum
1801 3950 1854 4008 est
1869 3947 2057 4034 peccatum

461 4041 680 4129 condonari,
709 4068 818 4139 quam
840 4070 984 4142 poenam
1002 4049 1035 4119 ei
1052 4046 1212 4120 debitam
1234 4049 1403 4141 relaxari,
1429 4051 1502 4122 sive
1519 4051 1580 4125 illa
1595 4053 1640 4124 sit
1661 4055 1856 4153 corporalis
1879 4054 1953 4125 sive
1978 4077 2060 4151 per-

461 4165 600 4260 petua¹.
631 4163 764 4235 Animae
788 4187 874 4236 vero
900 4181 1018 4238 reatus
1040 4167 1131 4239 sicut
1156 4168 1340 4239 voluntate
1367 4169 1475 4268 ipsius
1504 4172 1755 4259 committitur,
1792 4197 1854 4271 per
1886 4172 1963 4269 ejus
1994 4197 2061 4245 cor

461 4283 658 4355 contritum
681 4307 724 4355 ac
740 4308 861 4359 veram
876 4288 1095 4385 ‘poenitentiae
1111 4286 1430 4385 compunctionem
1447 4290 1567 4364 statim
1583 4292 1631 4364 ita
1648 4293 1889 4386 condonatur,
1906 4308 1948 4366 ut
1967 4292 2059 4365 ulte·

461 4402 535 4472 rius
560 4427 627 4500 pro
650 4404 729 4500 ipso
747 4404 950 4478 nullatenus
968 4406 1173 4497 damnetur,
1193 4407 1285 4479 sicut
1298 4405 1436 4480 dictum
1455 4414 1532 4482 est’
1551 4437 1560 4480 ι
1583 4412 1697 4484 «Dixi
1713 4414 1920 4490 confitebor
1936 4412 2056 4487 adver·

462 4544 544 4592 sum
569 4546 641 4594 me.
658 4551 676 4587 x
700 4527 894 4622 Postquam
912 4526 1009 4597 euim
1026 4541 1194 4625 peccator
1209 4529 1387 4625 poenitens
1403 4528 1501 4626 apud
1518 4555 1557 4603 se
1574 4532 1759 4605 constituit
1774 4558 1813 4606 se
1831 4534 1951 4634 ipsum
1974 4531 2059 4606 inde

462 4664 527 4737 per
543 4639 806 4715 consessionem
822 4667 1005 4737 accusare,
1014 4646 1090 4741 J'am
1107 4647 1145 4716 iu
1161 4645 1232 4721 hoc
1246 4648 1338 4746 ipso,
1357 4647 1457 4744 quod
1472 4648 1579 4749 culpa
1591 4674 1766 4749 perversae
1784 4653 1981 4726 voluntatis
1996 4676 2061 4750 per

462 4783 570 4856 quam
593 4761 790 4858 deliquerat
813 4778 928 4852 caret,
948 4779 1067 4836 reatus
1086 4765 1232 4839 admissi
1258 4782 1293 4840 et
1311 4791 1420 4867 poena
1441 4769 1517 4866 ejus
1536 4785 1709 4870 perpetua
1731 4771 1975 4863 condonatur,
1995 4774 2061 4844 etsi

496 5039 605 5104 ’levit.,
617 5056 673 5105 cap.
684 5056 726 5094 xv.
746 5042 899 5095 —2Psotu
913 5055 986 5109 aut,
998 5058 1022 5095 a
1034 5048 1060 5098 5.
