4559 6100
1052 530 1181 602 Pffl'ttt
1207 526 1443 601 tumeant
1550 501 1558 508 “

915 1031 1150 1159 LIBER
1197 1024 1590 1184 QUARTUS.

509 1426 526 1464 e
542 1400 621 1466 Non
638 1409 759 1467 autem
775 1393 875 1492 quod
891 1393 1075 1467 exciderit.
1093 1425 1110 1459 ι
1129 1395 1273 1467 Diceret
1290 1393 1438 1465 fortasse
1452 1389 1581 1488 aliquis
1597 1416 1605 1458 :
1621 1393 1664 1460 Et
1676 1387 1863 1486 quomodo
1873 1390 2049 1486 promissa

458 1517 581 1588 divina
597 1514 762 1588 Israelitis
778 1514 869 1588 lucta
888 1529 987 1608 sunt,
1007 1540 1087 1613 quae
1102 1539 1171 1612 pro
1195 1514 1355 1611 nequitia
1369 1536 1434 1584 sua
1450 1510 1613 1582 obtinere
1628 1508 1785 1609 populus
1807 1508 1867 1580 ille
1885 1533 1959 1581 non
1981 1534 2050 1606 po·

459 1649 543 1726 test,
570 1659 712 1734 semper
728 1639 805 1706 Deo
826 1634 968 1707 rebellis
984 1636 1158 1720 existens,
1177 1649 1212 1705 et
1224 1634 1300 1730 jam
1316 1632 1363 1705 ab
1378 1632 1459 1731 ipso
1479 1631 1623 1729 penitus
1642 1628 1881 1728 reprobabas?
1901 1629 1956 1702 td
1976 1629 2050 1701 hoc

459 1755 662 1851 Apostolus,
684 1784 701 1819 α
715 1758 795 1825 Non
823 1754 915 1844 ita,»
934 1753 1064 1851 inquit,
1084 1753 1262 1850 promissa
1280 1752 1332 1824 eis
1352 1750 1446 1823 lacta
1461 1765 1558 1840 sunt,
1583 1749 1684 1848 quod
1709 1748 1879 1821 exciderit
1899 1747 2050 1821 verbum

457 1874 576 1971 ipsum
595 1874 855 1970 promissionis,
881 1873 920 1945 id
942 1885 1014 1963 est,
1042 1870 1141 1969 quod
1160 1872 1204 1943 sit
1223 1894 1322 1943 cassa
1343 1870 1554 1970 promissio,
1574 1884 1610 1941 et
1626 1868 1829 1942 nullatenus
1843 1868 2046 1967 impleatur.

458 1993 714 2090 Starequippe,
726 1993 799 2063 sive
813 2015 960 2063 manere
973 1990 1165 2090 promissio
1174 1988 1318 2080 dicitur,
1332 1989 1609 2088 quaeimpletur3
1625 1988 1791 2061 excidere
1798 2003 1949 2061 auteme
1960 2013 2048 2060 con·

457 2111 581 2183 trario.
595 2110 678 2183 Tale
694 2113 858 2210 superius
866 2109 1124 2183 animadverte.
1140 2112 1231 2180 Cum
1246 2110 1344 2181 enim
1354 2108 1541 2206 quesitum
1553 2108 1693 2182 luisset:
1707 2139 1725 2176 u
1738 2112 1826 2196 Quae
1839 2107 1970 2180 utilitas
1981 2110 2050 2181 cir·

456 2231 720 2320 cumcisiouis,»
729 2243 765 2302 et
773 2254 1003 2327 responsum:
1015 2229 1189 2300 «Multum
1197 2252 1420 2326 peromnem
1430 2226 1595 2299 modum.
1604 2228 1765 2300 Primum
1774 2227 2047 2325 quidem,etc.¹u

457 2339 687 2435 subjunctum
698 2339 873 2428 est:Quid
885 2339 1050 2412 enimiSi
1059 2338 1209 2436 quidam
1221 2339 1365 2411 illorum
1374 2364 1449 2409 non
1460 2337 1877 2435 crediderunt,nunquid
1885 2337 2050 2411 incredu-

458 2458 536 2531 litas
555 2457 700 2531 illorum
722 2457 831 2531 fidem
849 2459 915 2530 Dei
938 2456 1150 2530 evacuabit?
1167 2462 1219 2530 lta
1241 2459 1350 2555 igitur
1370 2473 1406 2530 et
1423 2457 1593 2530 hocloco
1609 2458 1756 2547 dicitur,
1778 2458 1878 2557 quod
1895 2460 2050 2557 promis·

457 2579 524 2667 sio,
545 2593 585 2650 ut
601 2577 740 2651 dictum
754 2592 820 2667 est,
835 2576 1001 2650 Israelitis
1013 2577 1106 2650 lacta
1121 2602 1198 2647 non
1214 2590 1268 2649 est
1284 2592 1433 2668 cassata,
1452 2579 1481 2648 si
1497 2579 1534 2649 in
1550 2577 1766 2676 quibusdam
1778 2579 1842 2675 qui
1857 2576 1903 2649 de
1919 2603 2049 2675 genere

458 2698 564 2770 lsrael
582 2696 783 2770 secundum
799 2721 946 2769 carnem
964 2711 1066 2788 sunt,
1086 2721 1317 2795 nequaquam
1343 2698 1388 2767 sit
1410 2695 1603 2794 completa.
1624 2726 1642 2764 u
1657 2700 1735 2768 Non
1752 2697 1849 2768 enim
1869 2721 1997 2769 omues
2027 2729 2046 2764 u

457 2818 530 2888 Soli
558 2817 694 2915 quippe
722 2815 773 2887 illi
799 2816 892 2888 inter
917 2813 1010 2886 filios
1039 2816 1144 2887 lsrael
1174 2815 1410 2914 computandi
1440 2830 1546 2907 sunt,
1576 2817 1639 2913 qui
1663 2817 1700 2887 in
1728 2815 1826 2888 cultu
1853 2815 1958 2887 unius
1981 2819 2047 2889 Dei

459 2949 707 3034 permanentes
725 2933 835 3007 fidem
852 2935 907 3007 sui
924 2935 1034 3032 patris
1050 2933 1171 3022 lsrael,
1189 2933 1224 3005 id
1243 2947 1298 3005 est
1309 2933 1421 3006 Jacob
1434 2934 1632 3022 imitantur,
1650 2935 1744 3007 sicut
1756 2960 1838 3007 mox
1853 2959 1918 3033 per
1933 2934 2048 3008 simile

459 3059 494 3127 iu
512 3056 690 3129 Abrabam
704 3055 929 3128 demonstrat
945 3053 1069 3125 dicens
1088 3081 1096 3124 :
1120 3082 1138 3118 u
1155 3058 1277 3151 Neque
1302 3055 1364 3152 qui
1389 3079 1512 3127 semen
1533 3071 1617 3127 sunt
1639 3055 1799 3144 Abrabae,
1811 3086 1829 3120 u
1847 3056 2047 3129 secundum

457 3200 603 3249 carnem
627 3174 776 3267 scilicet,
801 3199 929 3247 omnes
951 3174 988 3246 in
1014 3173 1095 3245 liliis
1111 3172 1261 3246 Abrabae
1283 3189 1555 3273 computantur.
1574 3176 1684 3265 Quod
1700 3178 1820 3249 statim
1842 3178 2047 3249 testimonio

458 3297 537 3394 ipso
564 3319 608 3368 ex
636 3296 767 3368 Genesi
789 3308 935 3394 sumpto
962 3292 1176 3382 confirmat,
1207 3293 1349 3366 dicente
1375 3296 1535 3367 Domino
1560 3295 1607 3367 ad
1631 3294 1826 3386 Abraham,
1856 3311 2048 3396 postquam

457 3418 541 3487 Sura
563 3419 655 3512 Agar
675 3413 842 3487 ancillam
865 3411 994 3512 expelli
1015 3438 1101 3484 cum
1125 3411 1200 3484 filio
1220 3416 1403 3510 jusserat:
1425 3416 1590 3487 «Omnia
1610 3440 1689 3513 quae
1710 3415 1838 3488 dixerit
1860 3416 1925 3488 tibi
1940 3421 2045 3509 Sara,

457 3533 542 3607 audi
559 3558 685 3607 vocem
706 3534 801 3630 ejus,
819 3535 904 3631 quia
920 3533 958 3603 in
975 3536 1071 3603 lsaac
1087 3531 1276 3604 vocabitur
1287 3531 1351 3605 tibi
1362 3558 1500 3605 semen.
1514 3564 1531 3602 u
1546 3564 1564 3599 α
1575 3533 1616 3605 ld
1625 3550 1762 3607 estnon
1773 3536 1848 3634 qui.
1862 3565 1881 3604 u
1892 3537 2047 3633 Exponit

456 3653 647 3752 Apostolus
665 3652 765 3749 quod
781 3652 1003 3752 premissum
1019 3665 1073 3722 est
1090 3679 1099 3720 ε
1121 3681 1139 3719 u
1155 3655 1195 3723 ln
1213 3654 1309 3726 lsaac
1324 3652 1513 3726 vocabitur
1530 3653 1594 3726 tibi
1614 3680 1749 3728 semen.
1766 3685 1783 3721 r
1804 3656 1911 3728 Filios
1931 3657 2047 3729 curnis

457 3774 563 3862 dicit,
587 3774 650 3871 qui
672 3797 715 3844 ex
737 3776 839 3844 Patre
856 3769 1036 3842 ahraham
1060 3771 1175 3843 solam
1194 3775 1313 3846 carnis
1332 3775 1508 3872 originem
1532 3776 1683 3871 ducunt,
1703 3803 1778 3849 non
1795 3776 1879 3851 fidei
1900 3791 2047 3850 sumunt

458 3891 677 3990 exemplum.
701 3893 794 3962 Cum
811 3903 934 3961 autem
950 3887 1145 3961 dicendum
1160 3890 1343 3965 videretur
1360 3921 1368 3964 ε
1387 3896 1432 3966 Ηί
1456 3893 1618 3968 filiisunt
1634 3896 1800 3990 Abrahae,
1826 3897 1913 3970 dicit
1927 3896 2048 3995 potius

459 4009 650 4109 Apostolus
668 4036 676 4080 :
696 4038 714 4078 u
726 4009 771 4080 tti
787 4007 948 4079 filiisunt
963 4009 1071 4101 Det»
1090 4010 1284 4084 ostendens
1301 4014 1468 4088 videlicet
1480 4041 1555 4087 non
1571 4016 1662 4089 alios
1678 4017 1851 4091 dicendos
1866 4041 1943 4090 esse
1956 4015 2049 4088 filios

460 4129 619 4220 Abrahae,
642 4128 710 4200 nisi
731 4128 794 4225 qui
810 4125 873 4198 filii
893 4141 977 4199 suut
993 4129 1076 4223 Dei,
1096 4129 1133 4201 id
1153 4145 1206 4203 est
1230 4133 1293 4229 qui
1311 4133 1433 4207 fideles
1448 4150 1544 4207 sunt.
1569 4135 1748 4209 Abraham
1768 4135 1918 4235 quidem
1938 4135 2048 4208 fidem

458 4247 649 4345 significan
676 4246 833 4345 ideoque
854 4246 1004 4319 Abrabae
1028 4246 1092 4320 filii
1114 4250 1164 4322 illi
1187 4249 1255 4322 soli
1271 4268 1368 4325 recte
1392 4253 1563 4326 dicuntur
1580 4279 1672 4352 quos
1692 4255 1761 4328 sibi
1783 4257 1960 4328 Dominus
1982 4280 2048 4354 per

457 4366 567 4439 fidem
587 4365 735 4464 adoptat
749 4377 821 4436 tam
835 4388 878 4437 ex
898 4348 1027 4437 Jddaeis
1048 4390 1158 4464 quam
1178 4393 1220 4440 ex
1238 4371 1426 4464 Gentibus,
1440 4373 1533 4444 sicut
1551 4386 1587 4445 et
1609 4373 1685 4472 ipse
1703 4376 1867 4474 superius
1884 4374 2048 4446 meminit

458 4484 668 4585 Apostolus,
687 4509 771 4556 cum
793 4483 839 4555 de
856 4482 1034 4557 Abraham
1052 4487 1261 4585 loqueretur
1280 4489 1442 4563 dicens’:
1465 4523 1482 4558 α
1498 4495 1544 4562 Ut
1556 4491 1601 4564 sit
1612 4507 1713 4591 pater
1726 4493 1947 4568 credentium
1964 4518 2047 4566 om-

458 4607 572 4688 nium,
588 4629 663 4677 non
676 4603 734 4675 bis
749 4615 888 4674 tantum
899 4604 962 4700 qui
978 4620 1063 4677 sunt
1078 4631 1121 4679 ex
1137 4608 1423 4702 circumcisione,
1439 4609 1502 4683 sed
1516 4625 1552 4682 et
1567 4610 1625 4683 his
1635 4613 1697 4709 qui
1708 4628 1889 4686 sectantur
1902 4615 2048 4711 vestigia

457 4723 555 4817 fidei,
568 4748 646 4823 quae
660 4722 760 4796 estin
771 4724 957 4823 praeputio.
970 4753 989 4792 u
1003 4755 1020 4791 α
1034 4725 1105 4797 Sed
1121 4728 1183 4825 qui
1203 4726 1265 4801 filii
1278 4730 1631 4829 suntpromissionis.
1646 4759 1665 4799 u
1677 4732 1782 4804 Filios
1799 4733 2048 4832 promissionis

457 4844 562 4932 dicit,
581 4844 644 4943 qui
660 4842 705 4917 ad
725 4840 866 4916 fidelem
886 4848 982 4917 Isaac
998 4846 1195 4944 pertinent,
1217 4873 1300 4920 eum
1318 4848 1450 4921 scilicet
1472 4848 1545 4922 lide
1566 4848 1762 4943 imitando,
1789 4854 1960 4951 quoniam
1979 4856 2046 4926 sci·

489 5124 585 5182 ’Item
597 5136 620 5172 c.
634 5135 671 5186 ur,
686 5134 709 5172 t.
723 5125 733 5174 1
747 5129 773 5173 et
783 5135 822 5185 aq.
835 5123 949 5174 -’ltom
960 5157 968 5183 ,
980 5135 1033 5184 cap,
1047 5134 1082 5185 tr,
1095 5136 1119 5175 r.
1134 5125 1171 5174 12.

429 5198 475 5219 κ.
