4559 6100
487 530 560 602 346
1075 541 1204 616 PE‘ffll
1229 541 1463 617 Attalum

537 711 554 748 u
570 685 673 755 Nunc
688 707 789 788 ergo.
806 715 825 754 n
843 690 937 776 Quia
954 688 1119 764 videlicet
1134 691 1196 765 hic
1220 693 1366 766 ultimus
1382 716 1456 763 non
1474 689 1593 762 babeo
1608 689 1746 762 locum.
1765 692 1918 779 «Nunc,
1932 716 1951 757 s
1966 687 2004 762 id
2021 704 2074 762 est

486 814 677 898 antequam
691 807 852 881 venirem
869 807 914 879 ad
931 834 1008 900 vos,
1028 835 1112 884 com
1125 812 1161 883 in
1178 811 1356 884 Gentibus
1371 810 1570 910 specialiter
1585 807 1825 907 apostolatum
1840 809 2068 907 accepissem.

488 918 592 992 Unde
614 937 651 994 et
672 925 770 996 solus
786 925 915 999 doctor
930 929 1098 1002 Gentium
1121 930 1320 1028 appellatus
1342 943 1515 1027 quantam
1539 928 1648 1000 aiam
1672 926 1869 999 deluderis
1891 927 2071 1000 ctrnrersis

484 1031 614 1108 habeat
640 1063 763 1111 curam
789 1042 946 1114 ostendit
973 1043 1072 1140 quod
1100 1044 1185 1117 alibi
1212 1047 1276 1138 ait,
1307 1075 1326 1111 ι
1345 1042 1549 1117 sollicitudo
1573 1044 1736 1115 omnium
1759 1041 2067 1113 Ecdesiarum¹.»

483 1155 592 1240 Quod
606 1158 712 1230 etiarn
729 1159 886 1234 fortassis
902 1162 949 1235 ad
964 1167 1230 1237 excusationem
1246 1164 1441 1263 qumndam
1457 1166 1511 1236 sui
1528 1161 1733 1262 pretendit,
1750 1162 1782 1233 si
1795 1161 1844 1234 ad
1860 1185 1923 1232 eos
1937 1161 2070 1233 scilicet

484 1273 607 1347 venire
622 1275 773 1350 differat.
793 1308 813 1346 e
825 1281 1022 1353 Ministrarc
1038 1285 1190 1376 sanctis,
1211 1312 1228 1352 n
1247 1284 1355 1355 idest
1375 1284 1442 1356 illis
1460 1283 1524 1380 qui
1544 1281 1596 1353 ibi
1611 1294 1697 1353 sunt
1709 1279 1876 1352 fidelibus
1890 1304 1934 1351 ex
1950 1278 2069 1350 luder

483 1396 675 1487 conversis,
693 1397 815 1471 cibum
833 1399 880 1472 ad
901 1403 1147 1475 necessitatem
1172 1427 1299 1475 eorum
1321 1426 1345 1475 a
1361 1427 1420 1474 me
1435 1402 1626 1474 collectum
1642 1398 1710 1471 illis
1733 1398 1883 1471 deferre.
1908 1395 2069 1469 Habebat

482 1515 617 1615 quippe
642 1517 678 1590 in
705 1521 965 1595 consuetudine
989 1526 1192 1622 Apostolus,
1216 1525 1308 1596 sicut
1327 1548 1419 1621 saepe
1436 1536 1583 1594 testatur
1608 1520 1654 1592 de
1676 1519 1734 1593 illa
1757 1517 2068 1592 Hierosolimitana

483 1635 638 1710 Ecclesia
662 1664 727 1736 per
748 1642 866 1739 ipsum
883 1641 1064 1715 Christum
1092 1643 1180 1715 olim
1200 1659 1236 1716 et
1253 1667 1318 1741 per
1335 1648 1479 1715 Petrum
1502 1655 1538 1714 et
1563 1640 1738 1716 Jacobutn
1761 1653 1951 1712 eetemsve
1973 1642 2068 1735 Apo-

482 1755 594 1827 stolos
617 1782 810 1852 conversa,
838 1763 875 1833 in
902 1763 1086 1860 corporeis
1117 1761 1384 1835 necessitatibus
1407 1763 1599 1833 maximam
1626 1758 1925 1846 sollicitudinem,
1953 1771 1992 1828 ut
2017 1758 2068 1829 eis

479 1874 604 1947 saltem
627 1878 851 1976 corporalem
872 1881 994 1953 cibum
1019 1882 1252 1971 ministraret,
1271 1880 1402 1979 quibus
1425 1880 1578 1952 aliorum
1603 1877 1809 1979 predicatio
1832 1874 2064 1976 spiritualem.

479 1996 659 2091 Praecipue
678 2022 764 2068 vero
781 1999 833 2070 eis
850 1998 1136 2072 subveniendum
1151 1999 1301 2099 putabat
1316 1999 1479 2099 pluribus
1494 1999 1541 2071 de
1563 2000 1689 2071 causis.
1712 1996 1904 2069 Plurimum
1923 2019 2068 2093 quoque

479 2115 726 2188 auctoritatem
747 2115 830 2188 lidei
852 2133 981 2190 nostre
1000 2118 1110 2191 dabat
1127 2120 1283 2217 populus
1300 2120 1358 2192 illc
1374 2144 1583 2210 conversus,
1602 2120 1666 2213 qui
1682 2118 1801 2188 ocius¹
1820 2140 1842 2188 a
1860 2120 1937 2188 Deo
1953 2114 2065 2211 legem

478 2233 674 2331 suscipiens
697 2234 885 2333 peculiaris
907 2238 984 2335 ejus
1004 2239 1160 2338 populus
1182 2254 1330 2311 vocatus
1351 2254 1418 2331 est,
1438 2255 1473 2311 et
1489 2264 1572 2311 cum
1590 2238 1708 2336 primo
1723 2235 1945 2323 credidisset,
1964 2235 2065 2331 quasi

478 2352 514 2422 in
537 2367 667 2424 nostrae
692 2352 774 2425 fidei
801 2354 1034 2428 fundamento
1056 2371 1091 2429 et
1106 2360 1241 2430 caeteris
1263 2357 1428 2456 exemplo
1450 2359 1601 2456 positus,
1626 2356 1823 2455 plurimum
1838 2378 1885 2425 ne
1900 2352 2067 2426 deficeret

476 2471 730 2545 sustentandus
741 2488 830 2545 crat.
842 2476 1005 2571 Denique
1020 2477 1113 2548 sicut
1127 2478 1166 2549 in
1176 2476 1324 2549 Actibus
1333 2473 1584 2574 Apostolorum
1592 2474 1752 2573 legitur⁸,
1764 2487 1864 2545 tanta
1872 2472 2066 2545 devotione

475 2593 640 2665 conversi
655 2607 738 2666 suot
754 2607 794 2664 ut
811 2597 963 2668 omnino
978 2600 1166 2696 proprium
1180 2597 1443 2695 relinquentes,
1460 2597 1581 2668 omnia
1597 2620 1678 2693 qnte
1693 2593 1878 2700 habebant
1891 2593 1939 2665 ad
1956 2593 2067 2691 pedes

475 2710 729 2810 Apostolorum
745 2730 942 2810 ponerent;
956 2731 992 2788 et
1008 2719 1099 2789 sicut
1114 2719 1240 2816 ipsein
1258 2716 1417 2816 Epistola
1432 2715 1484 2788 ad
1499 2714 1664 2787 Hebraeos
1680 2715 1870 2803 meminit‘,
1891 2713 2063 2809 majorem

475 2829 681 2902 violentiam
694 2830 899 2905 ludaeorum
910 2835 947 2907 in
958 2836 1148 2908 amissione
1165 2860 1310 2908 suarum
1327 2861 1447 2908 rerum
1464 2836 1719 2906 sustinuerant.
1737 2835 1828 2905 Hinc
1842 2846 1960 2904 autem
1971 2855 2064 2928 pre·

475 2950 580 3048 cipue
593 2948 746 3023 formam
757 2967 794 3024 et
809 2954 1011 3053 exemplum
1020 2954 1197 3054 episcopis
1208 2954 1413 3054 Apostolus⁸
1423 2954 1608 3053 proponit,
1620 2968 1660 3025 ut
1673 2977 1758 3024 cum
1770 2973 1941 3051 pauperes
1950 2947 2063 3021 eccle·

474 3070 543 3143 sias
551 3094 615 3144 seu
627 3074 842 3146 monasteria
850 3077 1114 3175 conspexerint,
1126 3100 1255 3147 eorum
1263 3074 1470 3174 pmdicatio
1486 3073 1537 3146 eis
1544 3074 1714 3146 alimenta
1722 3071 1878 3169 colligat.
1893 3099 1911 3135 s
1923 3067 2062 3140 Proba-

474 3204 603 3261 verunt
612 3192 721 3263 enim.
730 3220 748 3261 n
761 3192 851 3266 Vide
863 3218 971 3289 quam
982 3208 1087 3266 caute
1098 3199 1280 3267 Romanos
1290 3194 1442 3268 aliorum
1453 3192 1618 3291 exemplo
1629 3191 1677 3265 ad
1690 3191 1784 3264 hanc
1798 3190 2063 3286 eleemosynam

473 3308 634 3381 similiter
650 3312 978 3412 Hierosolymitanis
994 3313 1195 3388 faciendam
1209 3315 1351 3408 invitet,
1378 3314 1503 3387 dicens
1522 3337 1586 3385 eos
1603 3312 1666 3410 qui
1681 3311 1776 3384 hanc
1797 3309 1975 3399 tribuant,
1998 3332 2062 3407 per

473 3428 608 3526 seipsos
624 3429 661 3500 id
677 3430 879 3505 laciendum
896 3433 1081 3531 probasse,
1094 3433 1132 3506 id
1146 3448 1201 3506 est
1217 3433 1392 3522 laudasse,
1412 3434 1655 3533 potiusquam
1667 3432 1787 3529 aliqua
1802 3431 1990 3503 coactione
2006 3428 2061 3502 vel

472 3549 720 3625 exhortatione
735 3557 906 3653 Apostoli.
928 3557 1032 3629 Unde
1047 3572 1084 3629 et
1099 3557 1200 3650 dicit,
1219 3557 1501 3655 «probaverunt,
1519 3587 1537 3624 a
1556 3556 1594 3628 id
1608 3570 1662 3629 est
1676 3556 1779 3653 quasi
1792 3578 1859 3627 suo
1875 3553 1913 3626 id
1926 3552 2062 3650 judicio

471 3669 714 3768 approbantes
729 3672 777 3744 ad
796 3672 868 3745 boc
889 3698 947 3747 me
969 3676 1235 3773 compulerunt.
1259 3679 1424 3770 Haymo:
1447 3703 1466 3742 «
1483 3675 1543 3747 lsti
1558 3677 1621 3771 qui
1642 3674 1825 3747 edentium
1845 3671 2061 3771 predicandi

472 3810 547 3858 non
570 3788 771 3881 habebant,
791 3805 830 3862 ut
846 3791 892 3864 ad
910 3792 1153 3890 predicandas
1173 3796 1306 3864 Gentes
1330 3806 1477 3890 possent
1503 3792 1577 3884 ire,
1598 3807 1701 3865 erant
1720 3794 1757 3865 in
1781 3791 1977 3866 Jerusalem
2000 3816 2064 3867 va·

472 3919 593 3977 cantes
618 3907 842 3981 orationibus
863 3924 899 3981 et
920 3911 1078 4007 jejuniis.
1100 3908 1241 3998 Quibus
1256 3911 1364 3981 etiam
1388 3910 1547 4008 Apostoli
1574 3910 1621 3984 de
1642 3911 1788 4007 singulis
1813 3911 2005 4009 provinciis
2026 3926 2063 3983 et

471 4021 560 4096 locis
576 4024 612 4095 in
631 4024 762 4120 quibus
779 4028 1034 4125 predicabant,
1062 4027 1239 4125 quidquid
1256 4029 1503 4128 pecuniarum,
1530 4031 1666 4127 argenti
1683 4044 1720 4103 et
1738 4031 1817 4102 auri
1839 4044 1876 4101 et
1894 4029 2061 4101 strumenti

471 4154 507 4212 et
532 4143 824 4218 vestimentorum
850 4147 1089 4246 accipiebant,
1107 4147 1159 4219 eis
1182 4146 1322 4219 mittere
1343 4148 1572 4245 satagebant3
1600 4150 1753 4221 maxime
1769 4163 1890 4222 tamen
1909 4146 2058 4235 Paulus,

470 4260 533 4356 qui
552 4261 712 4358 pluribus
734 4264 898 4360 gentibus
923 4265 1149 4363 predicabat.
1170 4265 1274 4338 Unde
1295 4266 1420 4340 dicunt
1436 4267 1616 4358 doctores,
1643 4267 1744 4365 quod
1767 4265 1961 4365 aliquando
1984 4289 2060 4339 am·

472 4377 565 4477 plius
578 4402 686 4478 quam
703 4396 773 4455 tres
792 4398 852 4456 aut
867 4385 1026 4482 quinque
1042 4384 1184 4457 modios
1200 4387 1336 4483 argenti
1351 4388 1402 4459 eis
1419 4386 1625 4459 mittebat.»
1645 4390 1754 4460 Item:
1772 4416 1791 4455 ι(
1802 4385 2013 4459 Macedonia
2024 4398 2061 4455 et

471 4495 603 4589 Acbea,
628 4524 707 4595 quae
732 4499 865 4575 Achaia
889 4517 1051 4593 vocatur,
1076 4527 1096 4574 a
1117 4528 1190 4601 qua
1211 4518 1249 4577 et
1273 4504 1398 4604 populi
1425 4505 1504 4601 ejus
1528 4504 1698 4578 dicuntur
1724 4503 1845 4593 Acbci,
1867 4501 2059 4602 provinciae

470 4631 554 4688 sunt
577 4616 806 4691 nobilissime
831 4623 1037 4693 Graecorum
1058 4621 1126 4693 sibi
1149 4623 1365 4721 adJacentes,
1386 4648 1477 4720 quas
1495 4623 1683 4723 Apostolus
1708 4622 1872 4696 Ecclesiis
1895 4620 2055 4719 replevit.

468 4738 560 4809 Cum
584 4736 715 4811 dicitur
737 4738 947 4814 Macedonia
968 4756 1003 4813 et
1025 4741 1174 4834 Achaia,
1190 4744 1380 4816 continens
1396 4743 1543 4840 ponitur
1565 4767 1632 4841 pro
1650 4757 1835 4833 contento,
1857 4740 1896 4813 id
1912 4753 1966 4814 est
1989 4763 2058 4811 uo·

501 5046 505 5073 ¹
517 5044 538 5094 ll
551 5045 676 5107 Corinth..
687 5060 741 5109 cap.
751 5060 786 5108 u,
794 5060 817 5097 v.
827 5049 867 5099 28.
875 5073 902 5084 -
910 5046 965 5098 ²Slc
977 5048 1057 5098 forsan
1065 5049 1203 5110 legendum.
1216 5050 1286 5099 Amb.
1300 5050 1384 5111 meus,
1396 5052 1462 5114 quod
1471 5064 1567 5101 sensum
1578 5064 1626 5101 non
1640 5052 1760 5100 liabet-
1770 5049 1839 5098 'Act
1850 5050 1944 5111 Apost,
1956 5060 2009 5108 cap.
2023 5059 2056 5105 tr,

469 5132 492 5166 t.
504 5120 545 5182 at,
554 5121 728 5174 lt.-⁴llebr.
741 5134 795 5183 (ap.
807 5134 833 5181 x,
846 5135 870 5173 r.
879 5125 918 5175 ³³.
931 5148 960 5161 -
973 5122 1049 5173 'llalc
1061 5125 1207 5175 Anbnaslns
1217 5123 1340 5188 penta.
