4559 6100
432 548 481 617 ot
1038 546 1165 618 Pttl'at
1191 545 1426 619 ABAElAlllll

433 719 606 790 ronymus
621 693 793 767 adversus
814 717 941 766 eorum
958 693 1156 767 calumnias
1175 693 1349 785 reddidit,
1376 696 1440 792 qui
1462 694 1512 766 ob
1537 692 1575 765 id
1601 691 1799 765 catholicos
1819 707 1981 769 tractato.

433 811 749 910 reprehendendos
764 826 966 903 autumant,
983 811 1083 909 quod
1099 814 1173 885 suis
1188 814 1328 911 scriptis
1341 813 1540 884 infidelium
1549 811 1752 883 toetimonia
1763 811 2027 888 veldictainse·

433 956 511 1004 rere
528 946 762 1030 praesumant,
784 932 887 1029 quasi
905 935 957 1003 eis
972 933 1220 1004 auctoritatem
1238 931 1413 1017 tribuant,
1434 932 1496 1028 qui
1520 928 1619 1001 nulla
1639 927 1742 1024 digni
1765 945 1850 1002 sunt
1873 937 2028 1007 auctori—

435 1065 525 1139 tate,
555 1065 592 1122 et
615 1051 719 1147 quasi
743 1049 924 1124 maculare
944 1074 1063 1123 sacras
1091 1052 1285 1124 sententias
1308 1050 1422 1150 possit
1447 1050 1576 1121 veritas
1597 1073 1662 1147 per
1688 1046 1850 1122 infideles
1874 1054 2025 1148 prolata.

434 1174 590 1243 Noverat
605 1184 701 1242 certe
718 1184 758 1242 ut
771 1169 1043 1243 discretissimus
1060 1192 1169 1266 grana
1186 1192 1208 1241 a
1223 1168 1348 1268 paleis,
1367 1183 1404 1241 et
1415 1169 1642 1262 margaritam
1659 1168 1794 1238 ceteris
1810 1171 2029 1269 quandoque

434 1289 684 1386 pretiosiorem
700 1290 737 1362 in
754 1288 964 1385 sterquilino
975 1287 1260 1387 deprehendere,
1275 1312 1386 1385 quarn
1396 1287 1433 1359 in
1446 1298 1661 1358 ornamento
1675 1288 1774 1381 regio
1785 1300 1957 1384 tanquam
1967 1313 2029 1361 sa·

435 1407 537 1502 piens
557 1406 736 1480 aurifaber
749 1408 866 1480 valeat
880 1431 1113 1507 componere.
1135 1406 1293 1479 Tenebat
1316 1406 1527 1490 certissime,
1554 1417 1591 1475 et
1617 1403 1715 1476 dona
1740 1407 1806 1477 Dei
1822 1430 1888 1505 per
1904 1432 2028 1504 quem-

436 1550 578 1623 cunque
609 1525 747 1600 malum
774 1528 1012 1598 contaminari
1034 1550 1109 1598 non
1130 1550 1253 1624 posse,
1282 1550 1350 1599 nec
1373 1524 1493 1597 divina
1515 1538 1736 1596 sacramenta
1757 1539 1926 1597 contactu
1947 1550 2029 1624 pra·

436 1669 566 1715 rorum
582 1645 785 1744 inquinari,
806 1670 891 1717 cum
907 1660 969 1718 aut
985 1647 1024 1718 in
1039 1646 1188 1718 nomine
1199 1644 1377 1718 Trinitatis
1392 1642 1554 1716 infideles
1569 1641 1775 1741 baptizant,
1801 1658 1864 1715 ant
1885 1646 2030 1743 pessimi

439 1765 573 1859 quique
588 1763 710 1837 divina
725 1764 838 1837 verba
849 1765 1064 1863 predicant,
1079 1780 1143 1838 aut
1157 1763 1367 1863 prophetias
1379 1763 1596 1861 loquuntur,
1622 1777 1661 1834 et
1683 1782 1949 1865 nonnunquam
1963 1767 2031 1837 rni-

440 1880 561 1955 racula
576 1883 724 1955 sariunt.
756 1889 989 1982 Quaecunque
1008 1885 1105 1957 enim
1125 1883 1224 1956 bona
1244 1898 1347 1972 sunt,
1379 1887 1501 1955 aneo
1528 1904 1604 1953 esse
1632 1902 1776 1954 necesse
1798 1897 1871 1971 cst,
1899 1906 1966 1955 nec
1990 1907 2033 1957 ea

439 1999 688 2097 quorumlihet
710 2001 845 2075 malitia
859 2006 1106 2077 contaminare
1122 2016 1252 2101 potest.
1278 2001 1382 2074 Unde
1395 2025 1463 2073 nec
1478 1998 1705 2100 prophetiam
1720 2001 1863 2074 Balaam
1880 2001 2030 2098 gentilis,

441 2142 559 2216 neque
575 2120 691 2211 hrioli¹
703 2145 805 2194 sacra
819 2123 1039 2220 improbavit
1050 2121 1365 2218 auctoritaquua
1381 2118 1616 2219 postmodum
1644 2119 1739 2214 magi
1763 2120 1928 2218 primitiae
1952 2146 2035 2219 gen·

440 2239 530 2308 tium
547 2238 682 2310 incitati
702 2239 918 2333 creduntur,
947 2257 987 2315 ut
1011 2266 1107 2317 nova
1128 2253 1324 2340 apparente
1338 2239 1440 2313 stella
1454 2263 1592 2312 norum
1614 2238 1734 2311 statim
1754 2260 1873 2337 regern
1903 2264 2035 2337 qnaere-
2146 2336 2152 2343 ι

441 2370 538 2443 rent,
555 2379 622 2427 nec
637 2356 780 2453 sibyttae
795 2358 852 2431 rel
870 2359 1007 2457 Virgilii
1023 2361 1192 2433 vaticinia
1215 2359 1408 2459 spiritualis
1434 2359 1564 2432 doctor
1592 2358 1808 2454 Augustinus
1829 2371 2035 2431 sanctorum

443 2474 640 2573 prophetiis
661 2476 818 2550 inserere
838 2480 976 2572 timuit,
996 2479 1186 2552 attendens
1204 2479 1293 2552 illud
1314 2480 1511 2579 Apostoli¹r
1535 2511 1552 2547 ι
1572 2483 1616 2550 Et
1634 2501 1742 2550 nemo
1762 2476 1882 2550 dicere
1898 2493 2033 2576 potest:

444 2596 621 2666 Dominus
642 2598 762 2686 lesus,
789 2598 857 2669 nisi
874 2600 912 2669 in
928 2597 1063 2696 Spiritu
1078 2612 1224 2680 sancto,
1245 2627 1264 2666 a
1284 2622 1352 2672 nec
1366 2597 1595 2697 prophetiam
1617 2596 1760 2696 Caiphae
1781 2596 2036 2669 commendare

446 2711 665 2809 Evangelista
683 2715 817 2787 veritus
831 2730 884 2788 est
899 2715 1043 2788 dicens¹
1062 2743 1071 2787 ε
1090 2746 1108 2785 u
1128 2722 1203 2788 Hos
1224 2732 1346 2791 autem
1366 2741 1389 2789 a
1413 2718 1605 2815 semetipso
1630 2739 1705 2788 non
1731 2714 1838 2803 dixit,
1866 2714 1930 2786 scd
1952 2739 2035 2786 curn

447 2844 538 2902 esset
563 2832 723 2904 Pontifex
752 2834 839 2905 anni
863 2833 975 2927 illius,
1005 2834 1246 2934 prophetarit.
1269 2868 1287 2903 s
1314 2842 1387 2910 Nec
1409 2839 1569 2936 ipsorum
1599 2835 1807 2908 daemonum
1833 2834 2038 2907 testimonia

446 2950 679 3047 Evangelium
694 2952 853 3041 reticuit,
873 2954 962 3025 cum¹
974 2953 1022 3027 ad
1037 2979 1166 3028 eorum
1181 2956 1428 3056 expulsionem
1439 2956 1597 3028 Domino
1614 2957 1800 3044 veniente,
1816 2976 1901 3026 curn
1917 2955 2037 3027 lesum

446 3068 645 3162 Christum,
673 3095 734 3144 seu
754 3071 869 3145 lilium
884 3076 951 3146 Dei
968 3074 1202 3149 inclamarent
1216 3101 1260 3150 ac
1274 3076 1544 3151 confiterentur.
1564 3079 1708 3176 Quippe
1728 3077 1832 3173 cujus
1848 3076 2035 3166 virmtem,

446 3189 520 3260 sive
538 3190 732 3280 nascentis,
751 3217 813 3264 seu
840 3194 1042 3284 morientis,
1069 3196 1145 3270 sire
1167 3199 1384 3293 resurgentis
1405 3195 1461 3268 vel
1488 3196 1713 3269 ascendentis
1737 3209 1774 3267 et
1790 3194 1964 3268 miracula
1988 3195 2038 3267 sa·

449 3308 592 3399 cientis,
619 3309 696 3406 ipsa
712 3312 820 3383 etiam
842 3314 1063 3387 insensibilia
1085 3314 1358 3412 quodammodo
1379 3317 1551 3406 sensisse,
1574 3330 1615 3386 ut
1642 3316 1675 3386 ei
1702 3314 1948 3386 testimonium
1973 3339 2039 3387 suo

449 3427 560 3499 modo
581 3427 798 3525 praeberent,
816 3431 944 3506 beatus
966 3434 1133 3532 perhibet
1154 3435 1369 3532 Gregorius3
1398 3434 1539 3531 Angelis
1563 3432 1710 3533 quidem
1735 3447 1772 3505 et
1798 3432 1899 3506 stella
1922 3437 2040 3507 statim

450 3547 486 3617 in
504 3562 588 3618 ortu
605 3548 715 3644 ipsius
732 3552 1009 3647 apparentibust
1024 3554 1062 3624 in
1077 3568 1192 3626 morte
1209 3579 1296 3627 vero
1312 3555 1389 3627 sole
1404 3554 1617 3647 obscurato,
1639 3554 1750 3653 petris
1771 3567 1808 3626 et
1822 3552 1901 3626 vela
1916 3554 2040 3652 templi

449 3666 582 3755 scissis,
601 3679 637 3736 et
651 3670 895 3741 monumentis
905 3683 1111 3742 sanctorum
1127 3674 1259 3769 apertis
1272 3674 1548 3770 resurgentium,
1567 3671 1759 3769 multisque
1775 3672 2037 3770 apparentium,

449 3784 486 3851 in
505 3784 763 3856 resurrectione
779 3799 880 3857 terne
895 3801 996 3858 motu
1010 3772 1103 3860 facto
1117 3813 1202 3861 curn
1220 3791 1358 3862 visione
1374 3791 1615 3888 Angelorum,
1641 3794 1678 3862 in
1702 3790 1910 3863 ascensione
1942 3786 2040 3860 nube

449 3922 532 3970 eum
558 3902 786 4000 suscipiente.
813 3902 922 3999 Cujus
943 3930 1089 4003 qnoque
1115 3911 1315 4006 potentiam
1337 3924 1445 4009 atque
1464 3913 1674 4009 sapientiam
1700 3911 1886 3982 universus
1912 3907 2041 3980 mundi

449 4032 597 4091 ornatus
620 4023 835 4094 annuntiare
848 4047 923 4095 non
940 4042 1052 4097 cessat
1070 4052 1112 4099 ac
1130 4028 1340 4127 predicare,
1356 4045 1391 4102 et
1406 4056 1472 4103 sno
1489 4032 1601 4104 modo
1618 4029 1784 4119 laudare,
1802 4042 1838 4101 et
1855 4051 2042 4100 commen·

450 4135 552 4228 dare,
569 4162 613 4220 ex
630 4140 708 4239 ipsa
724 4143 780 4213 sui
796 4142 948 4215 mirabili
965 4147 1228 4244 compositione
1244 4173 1286 4220 ac
1303 4149 1550 4249 dispositione.
1576 4149 1679 4221 Unde
1702 4146 1931 4247 Apostolus’:
1951 4152 2042 4218 «ln-

449 4255 616 4349 visibilia,
639 4289 657 4326 »
675 4260 812 4358 inquit,
834 4291 852 4330 u
873 4263 985 4361 ipsius
1001 4287 1022 4335 a
1036 4280 1200 4339 creatura
1225 4267 1351 4340 mundi
1375 4294 1438 4367 per
1461 4293 1503 4340 ea
1525 4294 1604 4367 quae
1625 4269 1718 4341 lacta
1741 4280 1844 4356 sunt,
1866 4265 2043 4339 intellecta

449 4377 733 4472 conspiciuntur.
752 4381 976 4479 Sempiterna
991 4407 1138 4482 quoque
1153 4387 1265 4459 virtus
1286 4404 1321 4459 et
1341 4388 1522 4477 divinitas,
1541 4404 1609 4461 etc.
1628 4417 1646 4455 r>
1666 4388 1758 4458 Hinc
1782 4386 1964 4458 Psalmista
1984 4385 2041 4455 in·

450 4492 673 4569 sensibilium
691 4522 838 4596 quoque
856 4513 1100 4576 creaturarum
1116 4505 1282 4579 laudibus
1295 4507 1534 4606 applaudens,
1551 4531 1679 4579 ornnes
1695 4506 1829 4605 pariter
1852 4505 1898 4576 ad
1921 4501 2044 4574 laudes

449 4613 515 4682 Dei
538 4628 720 4688 creaturas
751 4619 894 4705 inritat,
923 4623 1025 4717 quasi
1055 4650 1096 4697 ex
1126 4624 1296 4697 omnibus
1322 4629 1458 4725 optime
1487 4627 1641 4699 conditis
1665 4623 1789 4697 laudes
1817 4626 1884 4696 Dei
1900 4646 1921 4695 a
1937 4620 2045 4693 nobis

448 4731 582 4826 exigat,
602 4736 665 4831 qui
685 4761 752 4833 pro
770 4737 875 4811 nobis
892 4741 928 4811 in
944 4742 1083 4816 mundo
1098 4745 1260 4818 condidit
1278 4746 1454 4819 universa.
1477 4745 1580 4818 Unde
1606 4758 1681 4816 eta
1700 4744 1924 4815 summitate⁸
1939 4739 2042 4832 coeli,

450 5103 467 5150 Α
483 5015 508 5061 ·1
522 5017 648 5078 ϋοήοιὴ.,
662 5033 716 5084 cap.
730 5035 773 5083 ιιι,
793 5037 815 5074 t.
836 5029 859 5076 3.
873 5053 904 5066 -
918 5027 1015 5088 ²Joan.,
1033 5042 1086 5090 cap.
1101 5041 1139 5090 u,
1164 5043 1187 5079 r.
1200 5034 1241 5082 st.
1255 5060 1283 5070 -
1297 5037 1306 5066 ³
1319 5037 1401 5096 floria,
1420 5050 1472 5098 esp.
1496 5049 1512 5094 r,
1526 5051 1550 5084 r.
1563 5039 1602 5086 tlt.
1617 5059 1647 5072 —·
1661 5034 1719 5084 ‘Str
1732 5032 1792 5083 (od.
1806 5032 1868 5080 vict.
1881 5027 2048 5079 solemnitate

471 5107 521 5151 mh.
