4559 6100
678 568 971 648 rnrsooncno
995 572 1056 643 ao
1080 571 1385 647 rusonocuu
1528 518 1531 521 ⁷
1778 576 1825 650 as

237 728 290 798 lcs
304 738 341 796 et
355 742 495 819 ungares
510 721 672 819 corporis
688 719 946 820 amputandos,
969 719 1071 792 etsie
1086 741 1167 811 eam
1192 718 1397 793 habendam
1415 719 1595 817 conjugio.
1621 720 1718 809 Quid
1739 745 1825 819 ergo

238 845 388 934 muum,
405 839 437 912 si
454 853 490 913 et
504 862 572 937 ego
595 839 808 938 sapientiam
825 836 1042 930 secularem,
1061 851 1209 937 propter
1225 837 1360 935 eloquii
1382 820 1623 930 venustatem,
1644 839 1825 914 membro·

237 956 663 1059 rumpulchritudinem,
688 956 734 1030 de
757 956 885 1032 ancilla
913 969 1021 1055 atque
1046 956 1186 1055 captiva
1212 956 1404 1029 israelitam
1430 956 1547 1030 facere
1571 956 1705 1055 cupio?
1732 961 1827 1033 Etsi

238 1075 414 1177 quidqud
437 1078 475 1149 in
502 1099 545 1149 aa
569 1089 755 1149 mortumu
768 1074 1091 1165 est,id0101atria,
1117 1075 1331 1174 voluptatis,
1357 1075 1511 1166 erroris,
1540 1072 1753 1166 libidinum,
1770 1077 1826 1149 vel

238 1194 391 1295 praecido
414 1193 471 1267 vel
493 1193 602 1285 rado,
633 1206 670 1266 et
697 1192 827 1266 mixtus
847 1192 1038 1292 purissimo
1062 1194 1207 1292 corpori
1235 1191 1444 1265 vernaculos
1467 1216 1510 1265 ex
1534 1215 1577 1265 ea
1599 1214 1730 1289 genero
1751 1195 1827 1265 Do—

239 1314 360 1388 mino?
372 1340 392 1382 n
406 1314 508 1385 ltem¹
529 1338 538 1384 ε
560 1311 805 1410 «Cyprianus,
826 1312 882 1384 vir
897 1310 1109 1409 eloquentiae
1125 1310 1277 1411 pollens,
1295 1325 1331 1384 et
1340 1312 1512 1407 Martyrio
1527 1310 1826 1384 Formiano¹nar·

239 1445 335 1505 rante
351 1429 557 1520 mordetur,
576 1452 642 1501 cur
656 1427 827 1502 adversm
850 1429 1122 1503 Demetrianum
1143 1428 1302 1502 scribens
1328 1429 1540 1502 testimoniis
1557 1452 1642 1501 usus
1666 1430 1712 1502 sit
1739 1434 1826 1501 Pro·

238 1550 426 1649 plectarum
441 1563 479 1621 et
494 1545 767 1647 Apostolorum,
794 1570 875 1644 quae
895 1546 973 1621 ille⁸
992 1546 1076 1622 ficta
1092 1562 1128 1620 et
1148 1548 1393 1623 commentitia
1406 1572 1483 1620 esse
1499 1545 1675 1640 ducebat,
1699 1563 1735 1621 et
1752 1573 1827 1622 non

241 1670 356 1766 ponus
372 1665 674 1768 philosophorum
691 1681 727 1741 et
743 1681 945 1766 poetarum,
969 1691 1126 1765 quorum
1152 1668 1372 1760 auctoritati,
1392 1682 1432 1741 ut
1450 1666 1625 1760 ethnicus,
1650 1668 1828 1740 contraire

239 1809 311 1859 non
326 1784 495 1886 poterat?
513 1789 663 1867 altem:
681 1812 704 1863 n
721 1785 899 1884 losephus
916 1784 1009 1859 duos
1024 1782 1138 1860 libros
1154 1785 1277 1860 scribit
1292 1800 1419 1860 contra
1435 1786 1607 1884 Apionem
1622 1783 1828 1858 Alexandri·

239 1929 341 1996 num,
360 1919 397 1978 et
412 1917 513 1978 tanta
529 1903 742 1981 secularium
759 1905 896 2003 profert
911 1906 1133 2000 testimonia,
1160 1921 1200 1979 ut
1217 1906 1306 1979 mihi
1329 1904 1542 1978 miraculum
1566 1904 1710 1998 subeat,
1737 1926 1827 2003 quo·

238 2023 346 2097 modo
362 2024 419 2095 vir
428 2019 610 2116 nmmos,
629 2022 675 2096 ab
689 2023 839 2097 infantia
857 2025 965 2097 sacris
983 2026 1094 2098 literis
1108 2023 1283 2115 eruditus,
1299 2038 1466 2097 cunctam
1478 2027 1686 2096 Graecornm
1699 2021 1829 2109 biblio-

240 2141 376 2217 iheum
396 2141 582 2217 evolverit.
599 2169 621 2210 n
642 2144 757 2215 item:
778 2171 796 2208 α
815 2146 961 2216 Exstant
975 2156 1012 2217 et
1027 2142 1159 2216 iuliani
1172 2142 1326 2215 Aineani
1342 2141 1424 2214 libri
1447 2156 1484 2215 et
1503 2140 1737 2232 Theodoreti,
1763 2141 1829 2213 viri

239 2258 518 2357 apostolicorum
543 2261 727 2357 signorum
752 2283 795 2333 ac
817 2261 1015 2352 virtutum3
1036 2274 1074 2333 et
1097 2259 1260 2357 Dionysii
1278 2260 1505 2333 Alexandrini
1521 2259 1704 2360 episcopi,
1736 2263 1827 2331 dna·

241 2377 320 2450 tolii
357 2402 523 2476 quoque,
558 2377 755 2478 Pamphili,
793 2379 916 2465 Pierii,
960 2379 1129 2471 Luciani,
1166 2377 1394 2471 Malchionis,
1430 2378 1574 2451 Eusebii
1607 2379 1828 2451 Caesariensis
1848 2402 1851 2407 ·

241 2496 421 2594 episcopi,
438 2510 522 2587 etc,
547 2497 613 2594 qui
628 2521 755 2570 omnes
770 2498 808 2568 in
831 2510 971 2571 tantum
996 2494 1298 2595 philosophorum
1325 2496 1498 2569 doctrinis
1521 2510 1628 2594 atque
1646 2497 1829 2568 sententiis

239 2636 322 2687 suos
343 2612 561 2687 referserunt
575 2613 706 2704 libros,
734 2628 775 2688 ut
795 2615 934 2689 nescies
949 2613 1038 2711 quid
1059 2614 1095 2686 in
1117 2613 1193 2686 istis
1209 2614 1368 2712 primum
1391 2612 1559 2689 admirari
1575 2613 1726 2702 debeas,
1744 2637 1827 2685 ero·

239 2731 411 2805 ditionem
420 2755 467 2803 an
484 2732 699 2805 sententiam
706 2730 903 2806 literarum.
919 2763 937 2800 a
949 2731 1048 2805 ldem
1061 2730 1110 2804 ad
1122 2730 1352 2829 vigilantium
1367 2731 1650 2830 presbyterum‘z
1665 2729 1828 2802 «Eadem

241 2849 373 2925 absumi
388 2849 576 2947 significo,
595 2874 675 2949 quae
690 2851 854 2950 prasenti
868 2874 1015 2949 quoque
1034 2851 1177 2924 locutus
1192 2873 1293 2940 sum,
1319 2872 1388 2923 nec
1406 2851 1457 2924 ita
1484 2850 1677 2948 Origenem
1704 2850 1829 2944 legisse

240 2968 294 3040 vel
319 2967 458 3066 legere,
482 2982 545 3045 aut
575 2969 835 3071 Apollinarem,
859 2983 924 3043 aut
940 2983 1088 3042 coeteros
1116 2982 1342 3062 tractatores,
1366 2992 1523 3067 quorum
1550 2969 1588 3041 in
1613 2967 1829 3067 quibusdam

240 3085 346 3161 libros
363 3088 521 3162 Ecclesia
533 3113 609 3163 non
625 3090 769 3189 recipit,
795 3090 880 3188 quia
899 3089 1018 3188 operis
1041 3088 1112 3161 mei
1136 3102 1173 3161 et
1194 3086 1302 3160 studii
1328 3102 1383 3160 est
1405 3088 1537 3161 multos
1558 3089 1693 3185 legere,
1720 3103 1762 3160 ut
1785 3113 1826 3160 ex

240 3206 399 3304 plurims
415 3208 550 3283 multos
574 3209 681 3283 flores
705 3233 871 3309 carpam,
898 3232 974 3281 non
997 3209 1090 3281 tam⁸
1106 3205 1323 3305 probaturus
1342 3207 1484 3299 omnia,
1509 3232 1620 3305 quarn
1634 3231 1712 3304 quae
1729 3206 1828 3280 bona

238 3340 320 3396 sunt
337 3325 528 3402 electurus.
544 3330 693 3400 Assumo
710 3326 843 3400 multos
860 3326 898 3399 in
913 3349 1044 3415 manu,
1062 3337 1103 3397 ut
1119 3348 1163 3397 ex
1180 3324 1302 3397 multis
1317 3324 1429 3398 multa
1446 3347 1681 3421 cognoscam,
1699 3348 1828 3396 secun

234 3441 324 3516 dum
348 3444 456 3541 quod.
478 3444 653 3544 scriptum
677 3447 774 3517 est⁸2
805 3474 824 3514 u
851 3444 983 3517 Omnia
1006 3442 1184 3540 legentes,
1208 3441 1309 3539 quod
1341 3440 1479 3515 bonum
1502 3455 1554 3514 est
1578 3442 1781 3514 retinentes.
1807 3473 1824 3506 a

234 3560 341 3633 Unde
355 3563 441 3634 satis
456 3563 569 3634 miror
586 3576 620 3635 te
633 3562 789 3638 voluisse
804 3562 970 3657 origenis
986 3559 1074 3633 milri
1086 3558 1242 3658 objicere
1258 3558 1437 3657 dogmata.
1454 3560 1627 3656 Origenes
1641 3558 1827 3633 haereticus

225 3677 324 3775 quid
337 3678 387 3751 ad
397 3703 469 3776 me,
484 3680 549 3776 qui
561 3679 663 3752 illum
677 3681 716 3752 in
729 3679 908 3778 plerisque
922 3678 1127 3752 haereticum
1140 3679 1217 3749 non
1230 3701 1324 3774 nego
1332 3677 1496 3750 iErravit
1511 3676 1557 3750 de
1570 3678 1827 3752 resurrectione

222 3797 416 3894 corporis,
435 3796 482 3870 de
506 3811 600 3870 statu
624 3798 845 3889 animarum,
874 3797 920 3870 de
944 3796 1089 3886 Diaboli
1113 3796 1325 3896 poenitentia
1346 3810 1384 3867 et
1409 3795 1509 3892 quod
1534 3796 1591 3868 his
1616 3796 1729 3893 majus
1752 3813 1824 3887 est,

217 3913 363 3987 Filium
379 3935 417 3987 et
432 3915 605 4014 Spiritum
629 3930 793 3990 sanctum
815 3918 852 3988 in
874 3914 1148 3990 Commentariis
1164 3915 1261 3988 Isaiae
1279 3913 1467 4014 Seraphim
1489 3928 1706 3988 contestatus
1722 3929 1786 3988 est.
1807 3948 1823 3982 a

211 4036 323 4104 Item
344 4060 355 4102 :
374 4063 392 4099 α
411 4036 535 4131 Neque
550 4034 648 4106 enim
662 4034 835 4108 debemus
850 4035 947 4108 bona
962 4034 1038 4131 ejus
1054 4033 1234 4132 recipere,
1261 4047 1302 4104 ut
1321 4032 1415 4105 mala
1429 4055 1574 4129 quoque
1593 4035 1752 4132 recipere
1766 4059 1827 4105 co·
1955 4034 1957 4037 ’

206 4173 374 4249 gamar.
394 4152 432 4224 Si
447 4175 533 4248 ergo
549 4176 630 4250 quae
644 4152 744 4226 bona
759 4167 858 4244 sunt,
875 4151 1059 4241 transtuli,
1087 4166 1123 4224 et
1149 4149 1243 4224 mela
1261 4175 1340 4248 quae
1356 4153 1538 4250 amputavi
1555 4152 1611 4224 vel
1626 4153 1721 4224 tacui
1737 4208 1747 4244 ,
1772 4155 1826 4224 vel

202 4270 392 4362 cortem,
434 4269 637 4367 arguendus
672 4296 774 4362 sum,
815 4295 881 4344 cnr
913 4295 989 4343 non
1033 4294 1097 4369 per
1124 4294 1184 4343 me
1219 4270 1332 4342 latim
1361 4270 1458 4342 bona
1486 4269 1562 4366 ejus
1588 4270 1762 4358 habeant,
1793 4285 1828 4343 et

195 4390 403 4485 ignmfflt
420 4387 542 4462 mma?
564 4390 601 4461 Si
616 4388 688 4463 hoc
703 4390 839 4463 crimen
856 4404 928 4479 est,
946 4403 1115 4487 arguatur
1129 4388 1284 4461 Hilarius
1299 4389 1496 4479 confessor,
1518 4390 1581 4488 qui
1605 4390 1827 4462 Psalmorum

192 4509 566 4605 interpretationem
581 4523 616 4581 et
632 4508 804 4595 Homilias
819 4508 858 4580 in
880 4506 948 4582 Job
969 4533 1014 4581 ex
1035 4505 1134 4581 libris
1157 4508 1234 4610 ejus
1255 4508 1446 4581 transtulit.
1472 4509 1524 4582 Sit
1544 4510 1582 4581 in
1610 4509 1716 4607 culpa
1737 4512 1826 4580 Ver·

189 4626 398 4700 certensis
424 4626 616 4719 Eusebius,
646 4628 710 4724 qui
736 4627 900 4700 omnium
926 4627 1148 4701 Psalmorum
1174 4629 1451 4702 commentarios
1483 4627 1636 4701 haeretici
1669 4627 1827 4700 hominis

183 4745 340 4820 vertit
356 4745 395 4814 in
412 4757 577 4818 nostrum
594 4744 798 4843 eloquium,
814 4744 898 4820 licet
913 4746 1078 4820 haeretica
1097 4748 1380 4846 praettermitens.
1399 4775 1419 4816 n
1435 4751 1512 4819 Hoc
1527 4746 1673 4844 quidem
1691 4762 1726 4818 et
1743 4747 1825 4817 Hie·

212 5050 221 5076 ·
240 5042 363 5104 Epm
376 5040 418 5101 8³,
429 5038 504 5103 opp..
519 5047 538 5088 t.
558 5039 600 5101 lv,
610 5054 637 5104 p.
652 5045 694 5105 tt,
707 5044 755 5093 col.
769 5045 877 5095 tta-¹
889 5045 929 5095 stc
941 5043 1004 5095 eod.
1057 5043 1110 5095 me
1122 5044 1196 5095 Amb.
1209 5045 1256 5080 -⁶
1267 5043 1346 5106 Epist.
1360 5045 1401 5104 36,
1413 5043 1488 5105 opp,
1501 5050 1521 5091 t.
1533 5040 1574 5102 lv,
1585 5055 1610 5103 p.
1624 5039 1717 5099 tucci.
1729 5041 1824 5090 m.-

169 5123 255 5174 Vltt.
273 5120 439 5173 romae
447 5116 519 5168 Amb-
532 5119 597 5170 dltas
605 5120 784 5173 Firmium·
794 5122 857 5174 ’Sta
870 5124 932 5176 cod.
941 5123 1004 5175 Vlct.
1058 5119 1818 5181 ‘sumcereumnasnmo.-·1rms.,csp.v‚v.er.
