4559 6100
486 535 559 608 tto
1090 538 1220 613 Purttt
1244 538 1479 613 suffitum

487 712 652 778 monum,
683 712 748 785 per
776 712 932 786 quorum
960 712 1025 761 ora
1053 689 1111 763 rel
1140 703 1259 788 gestus
1288 689 1441 789 praedari
1472 668 1619 764 miseras
1649 715 1722 763 non
1756 704 1894 763 cessant
1919 686 2081 760 animas?

484 813 619 881 Grarat
640 805 803 906 prolecto
826 822 863 880 et
885 808 990 883 taedet
1012 809 1196 883 auditores
1218 810 1320 907 quod
1342 810 1379 881 in
1397 809 1544 882 ecclesia
1559 809 1626 882 Dei
1650 808 1799 900 dicitur3
1818 807 2009 882 molestum
2028 820 2080 879 est

485 927 554 1000 illis
581 928 644 1025 qui
667 927 825 1001 offerunt
846 929 977 1002 Christi
1001 926 1190 1020 altaribus3
1216 953 1285 1001 nec
1313 929 1350 1000 in
1373 928 1458 1029 ipsis
1475 929 1663 1003 missarum
1686 929 1884 1021 solemniis,
1910 926 1958 1000 ad
1976 926 2080 999 unius

485 1047 584 1120 horae
604 1048 774 1147 spatium,
792 1047 954 1146 linguam
969 1072 992 1121 a
1005 1048 1223 1147 vaniloquiis
1239 1047 1410 1122 cohibere
1428 1063 1591 1148 possunt.
1610 1053 1719 1122 Totus
1735 1050 1860 1146 flagrat
1880 1060 1916 1122 ct
1937 1045 2080 1120 anhelat

484 1167 627 1239 animus
644 1167 741 1241 lorus
757 1167 806 1241 ad
827 1168 963 1242 curiam
981 1168 1189 1243 daemonum
1207 1183 1242 1242 et
1258 1180 1460 1241 conventus
1476 1166 1707 1261 histrionum,
1726 1167 1790 1240 ubi
1812 1180 1896 1239 sunt
1917 1166 1954 1237 in
1980 1163 2080 1237 obla·

484 1285 643 1359 tionibus
664 1285 820 1385 prodigi,
838 1302 873 1362 et
891 1312 976 1361 cum
994 1312 1137 1361 summo
1154 1286 1295 1360 silentio
1313 1300 1347 1360 et
1369 1301 1446 1360 toto
1465 1284 1644 1360 desiderio
1661 1288 1785 1360 attenti
1802 1285 1866 1373 itti,
1887 1285 2079 1369 utdictuur

483 1419 548 1497 est,
569 1404 756 1479 diabolicae
772 1405 1030 1506 praedicationi.
1051 1412 1181 1481 Parum
1202 1407 1359 1481 fortassis
1377 1421 1413 1479 et
1429 1405 1501 1479 hoc
1516 1404 1683 1481 diabolus
1699 1419 1841 1506 reputat
1862 1404 1964 1503 quod
1981 1419 2077 1477 estre

483 1550 582 1599 sacra
609 1527 690 1600 loca
714 1526 945 1602 basilicarum
971 1544 1123 1627 gerunt,
1154 1528 1222 1601 nisi
1250 1528 1357 1602 etiam
1382 1529 1540 1601 scenicas
1565 1526 1803 1626 turpitudines
1830 1526 1867 1597 in
1892 1525 2076 1598 ecclesiam

482 1648 548 1718 Dei
573 1646 789 1721 introducat.
818 1648 912 1722 Proh
935 1645 1062 1721 dolori
1091 1647 1201 1725 sudet
1224 1646 1316 1740 hoc,
1345 1663 1382 1721 et
1406 1647 1499 1747 proh
1522 1644 1658 1747 pudorl
1684 1644 1836 1746 perficit,
1863 1661 1973 1743 atque
1995 1658 2077 1718 aute

482 1766 559 1866 ipsa
580 1765 713 1840 Christi
728 1768 865 1862 altaris,
886 1767 1056 1842 omnibus
1069 1768 1145 1865 iam
1163 1766 1298 1865 ubique
1317 1765 1532 1841 introductis
1551 1764 1845 1867 turpitudinibus,
1864 1789 1929 1865 per
1946 1764 2075 1838 solent-

481 1887 635 1959 uitutum
657 1902 857 1961 conventus
873 1886 1008 1988 templs
1025 1887 1240 1963 dedicantur
1261 1885 1500 1977 daemonibus,
1518 1900 1556 1960 et
1572 1885 1640 1959 sub
1656 1884 1838 1982 religionis
1852 1899 1888 1957 et
1904 1886 2076 1959 orationis

480 2005 653 2095 obtento,
683 2007 732 2080 ad
761 2007 975 2106 explendam
1005 2007 1116 2083 libere
1143 2007 1326 2083 lasciviam
1358 2005 1528 2081 omnibus
1556 2004 1717 2104 undique
1758 2020 1830 2078 tam
1858 2005 1941 2078 riris
1965 2027 2075 2103 quam

481 2124 621 2199 leminis
633 2125 946 2221 convenientibus,
968 2128 1116 2202 Veneris
1131 2125 1357 2202 celebrantur
1375 2127 1513 2223 vigiliae.
