4559 6100
457 436 530 507 tta
1060 437 1188 509 PETRl
1215 437 1454 510 ABAELARDl

460 611 478 650 u
490 581 651 678 Intelligo
674 582 769 657 hanc
792 609 869 657 rem
888 584 988 659 aliter
1012 611 1122 684 quam
1146 588 1204 674 sit,
1215 617 1232 656 ιι
1250 586 1322 659 hoc
1346 602 1399 660 est
1419 588 1457 661 in
1474 601 1567 659 statu
1583 586 1654 659 alio
1678 611 1760 658 eam
1777 586 1925 659 attendo
1942 611 2078 684 quam

456 704 532 802 ipsa
549 703 584 775 in
602 728 640 775 se
658 703 803 799 habeat,
820 705 874 784 tel
889 732 1120 806 quocumque
1137 707 1249 780 modo
1265 733 1342 780 sese
1358 707 1459 781 aliter
1477 707 1671 780 habentem
1688 731 1798 804 quam
1812 731 1887 778 sese
1905 707 2074 780 habeat.

456 826 500 892 Et
521 824 558 894 in
576 823 859 921 primoquidem
884 850 990 898 sensu
1007 826 1077 899 boc
1094 825 1307 899 adverbium
1327 828 1482 900 «aliter»
1502 827 1549 899 ad
1565 827 1637 899 hoc
1653 825 1803 897 verbum
1824 825 2024 922 «intelligo
2048 858 2073 895 ιι

458 958 629 1040 tanquam
658 942 789 1016 modus
814 945 924 1044 ipsius
947 946 1148 1044 copulatur.
1174 950 1215 1017 In
1236 946 1397 1020 secundo
1419 971 1506 1019 vero
1532 972 1639 1019 sensu
1665 945 1712 1018 ad
1738 945 1970 1044 participium
2001 947 2074 1019 rel

455 1060 671 1134 infinitivum
695 1063 795 1136 verbi
812 1069 1011 1162 sequentis,
1040 1066 1140 1164 quod
1162 1092 1205 1139 ex
1229 1069 1312 1165 ipso¹
1329 1067 1442 1141 verbo
1466 1091 1533 1141 suo
1559 1065 1850 1139 subaudiendum
1875 1066 2070 1162 innuitur,

455 1206 497 1253 ac
516 1185 546 1254 si
562 1184 612 1258 ita
625 1183 764 1256 dicatur
785 1211 793 1254 :
817 1184 1011 1283 «Intelligo
1028 1211 1104 1259 rem
1120 1188 1222 1259 aliter
1238 1204 1358 1260 entem
1370 1216 1388 1256 ιι
1408 1187 1464 1259 vel
1484 1187 1615 1259 «aliter
1633 1209 1834 1275 essequam
1852 1185 1929 1284 ipsa
1945 1188 2020 1280 sit,
2044 1218 2070 1254 ιι

455 1301 513 1373 vel
532 1334 549 1368 α
564 1304 665 1376 aliter
678 1331 717 1377 se
730 1303 936 1395 habentem,
951 1336 968 1372 ιι
989 1306 1044 1379 vel
1065 1331 1129 1379 «se
1146 1306 1279 1380 habere
1297 1332 1406 1405 quam
1428 1332 1466 1379 se
1481 1305 1625 1380 habeat.
1645 1333 1663 1374 ιι
1685 1306 1742 1377 Sic
1763 1305 1887 1402 utique
1903 1309 2071 1402 quaestio

456 1426 680 1523 supraposita
701 1440 818 1524 potest
840 1424 1005 1521 intelligi,
1030 1450 1115 1498 cum
1135 1426 1302 1499 videlicet
1325 1425 1551 1525 quaerebatur
1571 1439 1692 1497 utrum
1713 1426 1831 1496 omnis
1854 1424 2072 1498 intellectus

456 1538 556 1613 aliter
583 1569 693 1642 quam
716 1570 772 1618 res
796 1569 871 1617 sese
897 1544 1028 1617 habeat
1051 1546 1238 1618 attendens
1260 1570 1360 1638 eam,
1383 1572 1499 1619 vanus
1524 1547 1587 1639 sit,
1613 1560 1649 1617 et
1668 1544 1868 1617 secundum
1890 1544 2070 1620 diversos

454 1683 578 1735 sensus
603 1663 749 1736 diversae
774 1663 903 1736 dandae
928 1679 1012 1738 sunt
1035 1666 1299 1765 responsiones.
1326 1666 1363 1738 Si
1383 1667 1480 1738 enim
1506 1667 1553 1738 ita
1581 1679 1760 1763 quaeratur
1783 1679 1905 1737 utrum
1933 1668 2069 1737 omnis

453 1778 654 1855 intellectus
671 1784 734 1881 qui
757 1784 867 1856 alium
889 1784 1038 1857 modum
1056 1783 1266 1857 attendendi
1287 1785 1395 1858 babet
1411 1781 1527 1883 quam‘
1539 1810 1595 1857 res
1611 1783 1840 1868 subsistendi,
1861 1808 1976 1856 vanus
1995 1787 2064 1877 sit,

454 1927 528 1974 nun
551 1918 603 1974 est
620 1902 909 1976 concedendum.
930 1905 1031 1976 Multi
1052 1927 1209 2002 namque
1230 1919 1267 1977 et
1282 1902 1560 1977 innumerabiles
1585 1903 1685 1975 modi
1709 1918 1793 1976 sunt
1814 1903 2065 2000 intelligentiae

454 2020 644 2117 cujuslibet
661 2023 731 2116 rei,
758 2024 820 2121 qui
847 2048 922 2095 non
948 2037 1031 2095 sunt
1053 2025 1246 2097 existentiae
1271 2024 1395 2123 ipsine,
1422 2024 1513 2097 sicut
1537 2048 1581 2094 ex
1607 2024 1841 2121 suprapositis
1866 2023 1992 2120 liquet.
2023 2025 2064 2096 Si

454 2164 541 2213 vero
574 2142 623 2214 ita
648 2143 787 2216 dicatur
815 2157 937 2215 utrum
972 2144 1091 2216 omnis
1118 2143 1316 2217 intellectus
1346 2143 1534 2216 attendens
1563 2167 1640 2214 rem
1670 2142 1772 2214 aliter
1794 2168 1832 2214 se
1857 2142 2065 2216 habentem

453 2285 563 2357 quam
587 2263 664 2361 ipsa
689 2288 727 2335 se
750 2263 894 2353 habeat,
912 2287 1026 2337 vanus
1042 2263 1098 2352 sit,
1124 2264 1399 2337 eoncedendum
1418 2278 1483 2336 est.
1508 2262 1652 2334 Eisdem
1670 2261 1787 2333 modis
1810 2261 2063 2336 determinan-

454 2380 542 2453 dum
563 2398 616 2466 est
640 2400 676 2457 et
692 2382 1004 2484 respondendum,
1030 2410 1115 2458 cum
1135 2388 1304 2482 quaeritur
1321 2400 1441 2458 utrum
1460 2383 1579 2457 omnis
1599 2382 1661 2480 qui
1682 2381 1769 2454 dicit
1792 2383 1893 2454 aliter
1919 2409 1997 2456 rem
2018 2410 2062 2457 se

453 2499 587 2575 habere
604 2529 713 2602 quam
735 2531 773 2577 se
787 2504 933 2595 habeat,
951 2504 1047 2577 dicat
1065 2504 1208 2579 salsum.
1225 2506 1262 2578 si
1281 2507 1380 2578 enim
1397 2504 1445 2578 ad
1462 2503 1534 2577 hoc
1550 2503 1701 2576 verbum
1717 2501 1817 2600 quod
1834 2518 1886 2575 est
1907 2502 2024 2576 «dicit
2038 2536 2057 2570 ι

454 2624 665 2719 copulemus
680 2623 752 2697 hoc
767 2623 980 2699 adverbium
999 2656 1017 2692 e
1028 2625 1144 2715 aliter,
1159 2656 1176 2691 ιι
1197 2638 1234 2697 et
1249 2651 1325 2697 non
1341 2625 1388 2697 ad
1403 2624 1475 2697 boc
1489 2622 1641 2696 verbum
1657 2622 1758 2721 quod
1774 2638 1828 2694 est
1841 2653 1858 2690 α
1871 2623 2020 2714 habere,
2034 2656 2054 2690 ιι

455 2763 530 2810 non
555 2757 608 2813 est
631 2742 907 2816 concedendum
930 2759 971 2815 ut
986 2745 1204 2842 quicumque
1225 2744 1312 2817 dicit
1330 2745 1432 2816 aliter
1452 2769 1529 2816 rem
1547 2744 1705 2841 aliquam
1731 2767 1769 2814 se
1788 2741 1921 2814 habere
1940 2768 2056 2840 quarn

454 2859 531 2958 ipsa
547 2885 585 2934 se
601 2861 746 2955 habeat,
767 2863 864 2938 dicat
882 2861 1022 2936 falsum.
1039 2866 1131 2935 Cum
1148 2864 1246 2935 enim
1267 2863 1394 2962 aliquis
1408 2864 1563 2959 loquens
1578 2863 1737 2937 celeriter
1757 2861 1804 2935 de
1821 2887 1866 2936 eo
1880 2864 1937 2961 qui
1952 2861 2054 2936 lente

454 2983 583 3070 currit,
607 2983 695 3058 dicit
719 3010 802 3058 eum
821 3009 981 3080 currere,
1009 2985 1133 3084 utique
1156 2984 1257 3059 aliter
1283 2985 1371 3059 dicit
1393 2984 1465 3058 hoc
1490 2984 1592 3057 illum
1616 2983 1731 3057 iacere
1752 3008 1862 3082 quam
1882 2985 1955 3083 ipse
1977 2981 2056 3057 hoc

453 3102 578 3195 saciat,
596 3106 682 3204 quia
706 3106 778 3179 hoc
794 3107 955 3180 celeriter
975 3105 1063 3180 dicit
1087 3106 1188 3204 quod
1204 3107 1263 3179 ille
1287 3106 1450 3197 celeriter
1467 3130 1542 3178 nou
1560 3104 1643 3177 lacit
1654 3156 1665 3191 ‚
1689 3103 1778 3176 dum
1802 3104 1967 3178 videlicet
1987 3104 2058 3176 iste

453 3222 525 3296 boc
542 3224 697 3299 dicendo
714 3227 875 3300 celeriter
889 3226 1001 3300 rerba
1016 3227 1187 3325 proferat,
1208 3252 1291 3299 cum
1309 3226 1368 3299 ille
1384 3226 1544 3301 celeriter
1560 3250 1705 3298 cursum
1723 3250 1798 3297 non
1816 3240 1909 3321 agat.

411 3367 416 3376 ’
501 3348 604 3418 Nunc
641 3346 688 3418 ad
715 3346 859 3421 alterius
896 3347 1100 3446 quaestionis
1135 3347 1426 3420 terminationem
1455 3361 1698 3436 transeamus3
1733 3360 1853 3417 utrum
1887 3344 2056 3418 videlicet

453 3465 571 3537 omnis
593 3465 793 3540 intellectus
819 3491 926 3540 sanus
949 3468 994 3540 sit
1012 3466 1206 3560 dicendus,
1232 3466 1295 3565 qui
1316 3467 1363 3538 ita
1380 3481 1420 3538 ut
1444 3490 1520 3538 sese
1543 3490 1600 3538 res
1623 3464 1755 3537 lrabeat
1773 3489 1852 3537 eam
1874 3464 2052 3561 intelligit.

452 3590 497 3657 At
506 3585 653 3659 sortasse
666 3589 735 3660 nisi
751 3613 977 3687 apponamus
999 3618 1017 3654 u
1031 3601 1215 3678 tantum,»
1231 3612 1306 3660 non
1322 3585 1465 3660 ridetur
1482 3585 1734 3676 annuendum,
1753 3601 1904 3684 propter
1922 3610 2057 3683 supra·-

452 3705 567 3801 posita
591 3702 724 3780 scilicet
742 3706 895 3803 objecta.
922 3708 960 3780 Si
975 3722 1097 3780 autem
1122 3707 1171 3780 ita
1195 3705 1384 3780 dicamus:
1411 3705 1509 3804 quod
1530 3706 1648 3777 omnis
1666 3704 1865 3777 intellectus
1887 3705 1949 3801 qui
1976 3729 2054 3776 rem

452 3821 650 3919 quamlibet
665 3850 709 3898 eo
731 3826 842 3899 modo
858 3841 997 3900 tantum
1021 3825 1174 3901 attendit
1196 3853 1270 3926 quo
1292 3828 1370 3926 ipsa
1392 3824 1572 3919 sehabet,
1591 3849 1698 3896 sanus
1727 3838 1780 3896 est
1798 3822 1985 3913 dicendus,
2006 3823 2052 3894 ab
2087 3818 2092 3829 ’

350 3980 353 3987 v
453 3941 622 4014 omnibus
646 3944 763 4015 statim
787 3947 977 4044 recipitur3
997 3961 1038 4020 ut
1060 3948 1090 4019 si
1115 3949 1300 4020 Socratem
1323 3945 1520 4042 intelligam
1541 3968 1617 4017 esse
1638 3943 1771 4016 animal
1798 3943 1855 4015 vel
1877 3969 1952 4015 non
1977 3968 2053 4015 esse

452 4063 606 4152 asinum,
625 4076 662 4135 et
677 4064 715 4134 iu
731 4063 803 4137 boc
819 4065 898 4137 solo
916 4068 1076 4163 quiescat
1091 4065 1290 4139 intellectus
1309 4091 1428 4159 meus;
1448 4065 1504 4137 vel
1518 4065 1548 4137 si
1563 4063 1758 4160 intelligam
1779 4078 1919 4136 tantum
1936 4062 2054 4161 quod·

451 4182 535 4255 dam
552 4182 685 4256 animal
706 4207 783 4256 esse
800 4184 960 4278 asinum,
985 4184 1058 4256 hoc
1080 4185 1254 4283 estquod
1277 4184 1463 4283 quoddam
1484 4184 1617 4257 animal
1635 4184 1679 4256 sit
1704 4184 1837 4256 asinus.
1867 4184 1903 4255 Si
1933 4197 2053 4256 autem

451 4302 644 4399 intelligam
666 4305 850 4376 Socratem
876 4328 952 4376 esse
980 4302 1114 4378 animal
1142 4302 1361 4395 irrationale,
1391 4328 1465 4375 non
1495 4304 1652 4402 intelligo
1682 4317 1821 4376 tantum
1851 4304 1913 4376 illo
1940 4302 2052 4375 modo

450 4446 535 4494 eum
560 4447 599 4495 se
619 4422 753 4498 habere
774 4449 849 4522 quo
867 4450 905 4498 se
931 4425 1054 4518 habet,
1084 4426 1182 4524 quia,
1211 4449 1276 4524 per
1297 4423 1369 4496 hoc
1392 4423 1492 4522 quod
1519 4423 1723 4496 irrationale
1748 4449 1857 4523 super
1882 4449 2050 4521 aggrego,

450 4540 601 4641 modum
621 4567 696 4639 quo
715 4568 753 4615 se
770 4546 933 4618 Socrates
951 4545 1059 4619 habet
1076 4543 1330 4646 supergradior
1346 4559 1381 4616 et
1399 4543 1549 4617 excedo,
1569 4544 1739 4642 Quisquis
1757 4544 1878 4640 itaque
1894 4543 2051 4642 aliquam

450 4685 526 4732 rem
545 4661 708 4760 intelligit
724 4676 864 4734 tantum
890 4688 934 4737 eo
951 4664 1062 4737 modo
1079 4691 1153 4763 quo
1177 4664 1356 4753 sehabet,
1376 4690 1504 4737 sanum
1523 4664 1560 4735 in
1580 4662 1653 4736 hoc
1674 4663 1894 4735 intellectum
1916 4661 2048 4753 haben

450 4779 514 4852 sed
524 4805 599 4852 non
612 4781 770 4854 fortassis
779 4782 817 4854 in
828 4807 872 4856 eo
883 4808 1027 4856 necesse
1038 4799 1090 4857 est
1099 4783 1309 4883 simpliciter
1320 4783 1596 4856 concedendum
1607 4808 1697 4873 esse,
1711 4782 1922 4855 utvidelicet
1931 4780 2049 4851 omnis

451 4898 652 4997 intelligens
668 4901 826 5000 aliquam
848 4927 924 4974 rem
949 4928 993 4975 eo
1012 4902 1123 4975 modo
1142 4929 1217 5001 quo
1235 4928 1272 4975 se
1290 4902 1400 4975 habet
1416 4928 1544 4976 sanum
1562 4903 1693 4976 habeat
1717 4901 1955 4989 intellectum,
1978 4897 2047 4967 nisi

454 5017 544 5091 sorte
558 5018 733 5095 addamus
758 5022 857 5096 ineo
876 5022 975 5120 quod
993 5021 1081 5096 illud
1095 5021 1270 5118 intelligit.
1290 5028 1381 5097 Nam
1402 5025 1568 5118 sortasse,
1591 5048 1673 5097 cum
1692 5021 1849 5117 intelligo
1865 5024 2042 5090 Socratem
2100 5112 2107 5119 .
