4559 6100
877 547 1109 642 unrocus
1726 579 1797 651 eoa
1877 617 1880 624 ‚

198 734 420 808 ram31anto
445 731 532 789 tunc
558 717 726 790 meliores
750 715 969 808 efficiuntur,
993 734 1129 815 quanto
1152 719 1308 818 amplius
1331 746 1415 792 eum
1437 720 1606 817 diligunt,
1627 746 1734 819 quem
1761 725 1796 794 in

199 840 390 939 semetipso
416 838 538 910 verius
560 837 759 929 intuentur,
786 852 827 910 ut
848 837 1014 912 videlicet
1035 863 1178 911 summa
1202 840 1262 912 illa
1285 838 1443 932 dilectio,
1472 841 1530 912 illa
1553 844 1684 913 summi
1709 841 1797 914 boni

201 960 344 1051 fruitio,
373 982 452 1055 quae
475 980 560 1029 vera
585 972 636 1028 est
662 955 861 1048 beatitudo,
886 981 1069 1029 summum
1093 957 1251 1030 hominis
1274 957 1413 1031 bonum
1439 974 1534 1031 recte
1560 961 1605 1031 sit
1629 959 1795 1033 dicenda.

199 1085 310 1153 'lanta
334 1078 469 1176 quippe
492 1090 545 1148 est
567 1075 625 1149 illa
647 1075 778 1148 divinae
796 1075 987 1173 majestatis
1009 1076 1135 1173 gloria,
1155 1091 1195 1149 ut
1217 1101 1325 1150 nemo
1350 1102 1430 1150 eam
1452 1080 1660 1177 conspicere
1676 1096 1796 1178 queat,

202 1202 264 1296 qui
287 1198 415 1269 nonin
435 1197 510 1294 ipsa
527 1195 665 1268 visione
683 1196 760 1294 ejus
781 1195 900 1268 statim
916 1194 1042 1268 beatus
1058 1194 1132 1287 fiat,
1159 1195 1307 1269 undeet
1326 1195 1476 1271 dicitur¹
1497 1225 1505 1269 :
1528 1198 1716 1271 «Tollatur
1730 1200 1798 1271 irn-

201 1320 299 1416 pius,
320 1301 508 1388 nevideat
532 1316 598 1388 Dei
621 1315 817 1413 gloriam.»
837 1320 928 1387 Cum
955 1315 1061 1412 igitur
1086 1315 1208 1388 fideles
1235 1317 1329 1413 ejus,
1356 1319 1419 1414 qui
1443 1343 1527 1391 cum
1549 1321 1799 1417 superomnia

202 1434 423 1523 dilexerunt,
452 1449 589 1507 tantam
610 1435 863 1534 conspexerint
882 1432 1159 1528 beatitudinem,
1184 1451 1354 1533 quautam
1378 1435 1581 1508 nullatenus
1600 1436 1672 1510 fide
1695 1453 1799 1536 pote·

203 1569 289 1626 runt
304 1555 492 1642 aestimare,
509 1553 585 1625 baec
600 1578 728 1626 eorum
745 1577 888 1626 summa
902 1553 1087 1647 exultatio,
1108 1578 1236 1653 perpes
1252 1556 1319 1627 erit
1334 1556 1495 1653 ipsorum
1511 1555 1712 1629 beatitudo.

254 1679 395 1746 Panos.
428 1673 546 1747 Placet
573 1675 693 1771 itaque
718 1698 900 1746 summum
926 1673 1085 1745 hominis
1109 1671 1251 1745 bonum
1276 1672 1350 1745 sive
1377 1672 1511 1746 malum
1538 1673 1626 1746 illud
1654 1673 1799 1772 intelligi

205 1818 280 1891 quo
305 1792 446 1880 melior,
467 1806 505 1864 nt
521 1790 623 1882 dicls,
643 1793 698 1865 vel
715 1792 873 1865 deterior
894 1793 1007 1864 bomo
1026 1790 1192 1865 efficitur.
1212 1790 1283 1864 sed
1306 1793 1336 1864 si
1351 1792 1424 1865 hoc
1440 1793 1477 1864 iu
1496 1792 1614 1864 lutura
1631 1794 1702 1865 vita
1716 1817 1801 1866 con-

202 1911 318 2010 tingit,
339 1926 377 1984 ut
397 1911 559 1984 videlicet
579 1911 743 1984 meliores
762 1912 813 1984 ibi
834 1913 890 1984 vel
907 1911 1103 1984 deteriores
1129 1937 1240 2009 quam
1268 1910 1328 1984 hic
1351 1911 1561 2003 efficiamur,
1586 1913 1748 2012 prolecto
1767 1929 1802 1985 et

202 2031 253 2102 ibi
270 2030 406 2129 aliquid
420 2029 588 2128 amplius,
607 2055 717 2129 quarn
735 2030 794 2104 hic
810 2031 1009 2129 promereri
1025 2030 1204 2103 videmur.
1227 2034 1309 2118 Quo
1327 2034 1424 2103 enim
1443 2030 1608 2105 meliores
1624 2030 1801 2104 efficimur

202 2148 259 2221 vel
283 2148 478 2221 deteriores
499 2173 609 2246 quam
626 2151 744 2247 prius,
763 2150 893 2246 majori
918 2174 1025 2248 poeua
1047 2149 1103 2221 vel
1128 2149 1276 2247 praemio
1298 2148 1396 2246 digni
1412 2150 1628 2248 judicamur.
1648 2151 1755 2239 Quod
1772 2154 1801 2223 si

206 2268 257 2340 ibi
277 2291 425 2366 quoque
446 2267 573 2340 melior
588 2268 634 2340 sit
653 2267 815 2360 allectus,
836 2284 875 2340 ut
892 2293 966 2367 quo
990 2269 1145 2367 amplius
1168 2273 1285 2341 Deum
1307 2270 1559 2367 cognoscimus
1583 2265 1694 2367 magis
1718 2294 1800 2342 eum

203 2385 394 2483 diligamus
419 2401 560 2459 etcum
582 2387 659 2486 ipsa
683 2387 921 2461 retributione
945 2388 1078 2487 pariter
1104 2402 1225 2460 nostra
1249 2387 1394 2460 dilectio
1420 2405 1556 2461 crescat
1583 2389 1619 2460 in
1642 2393 1734 2478 Deo,
1764 2405 1801 2462 ut

207 2530 350 2605 semper
369 2505 535 2579 meliores
557 2504 767 2601 efficiamur,
786 2506 948 2607 prolecto
965 2509 1002 2579 in
1022 2506 1204 2580 infinitum
1219 2507 1268 2579 ita
1284 2521 1414 2579 nostrae
1431 2506 1659 2580 beatitudinis
1676 2522 1802 2581 exten-

203 2624 301 2697 ditur
317 2640 564 2723 augmentum,
584 2641 624 2699 ut
638 2652 825 2725 nunqnam
843 2629 888 2700 sit
902 2628 1113 2726 perlectum,
1129 2627 1215 2725 quia
1229 2651 1371 2725 semper
1384 2627 1510 2724 recipit
1525 2626 1820 2699 incrementum„

252 2746 456 2817 Cnmsrrsa.
479 2746 598 2819 Nescis
620 2746 720 2844 quod
739 2747 776 2818 in
797 2746 867 2820 hac
883 2747 956 2819 vita
982 2760 1121 2819 tantum
1139 2761 1279 2844 tempus
1301 2746 1347 2817 sit
1368 2745 1617 2843 promerendi,
1637 2761 1673 2818 et
1688 2746 1726 2818 iu
1745 2746 1803 2818 illa

205 2863 443 2958 retribuendi,
466 2865 527 2937 hic
543 2864 706 2939 videlicet
722 2866 941 2957 seminandi,
966 2864 1016 2937 ibi
1031 2863 1237 2961 colligendi.
1258 2865 1431 2952 Quamvis
1447 2864 1554 2961 igitur
1571 2863 1621 2936 ibi
1638 2864 1803 2937 meliores

205 2982 383 3087 efficimur
410 3009 451 3058 ex
478 2987 628 3085 praemio
653 2988 878 3077 meritorum,
906 3010 1016 3085 quarn
1039 2984 1099 3059 lric
1121 3009 1165 3059 ex
1190 2984 1325 3058 meritis
1352 2984 1550 3077 lueremus,
1582 3008 1656 3057 non
1683 2997 1802 3057 nmen

207 3128 351 3176 necesse
369 3118 439 3194 est,
460 3119 499 3175 ut
524 3104 574 3176 ibi
599 3130 721 3178 rursus
745 3106 879 3204 aliquid
901 3128 1182 3203 promereamus.
1207 3106 1285 3175 Hoc
1310 3104 1429 3200 ipsum
1454 3127 1614 3200 quoque,
1643 3104 1728 3200 quia
1753 3103 1803 3174 ibi

208 3220 373 3294 meliores
394 3247 504 3319 quam
521 3221 580 3294 bic
598 3222 787 3312 efficimur,
807 3223 1017 3295 meritorum
1035 3221 1094 3293 bic
1111 3220 1318 3295 habitorum
1333 3220 1519 3294 retributio
1537 3235 1609 3311 ast,
1629 3246 1709 3318 quae
1729 3246 1804 3294 rne-

207 3341 283 3413 ritis
304 3339 444 3413 reddita
468 3366 536 3414 nos
561 3342 725 3414 meliores
751 3340 901 3430 efficiat,
926 3339 1001 3412 non
1028 3342 1159 3412 iterum
1187 3341 1373 3438 praemium
1398 3354 1636 3439 promeretur,
1661 3363 1740 3437 quae
1767 3342 1803 3411 iu
1917 3400 1923 3405 .

207 3461 394 3559 premium
409 3459 616 3534 meritorum
635 3476 773 3534 tantum
789 3476 842 3534 est
857 3460 1063 3553 constituta,
1079 3484 1156 3531 non
1170 3458 1216 3531 ad
1233 3459 1368 3556 aliquid
1384 3459 1667 3559 promerendum
1682 3485 1804 3531 rursus

208 3578 342 3650 habita.
368 3582 458 3650 Nam
482 3593 517 3652 et
537 3579 632 3679 apud
656 3605 723 3653 nos
746 3605 830 3653 cum
853 3579 980 3678 aliquis
1000 3579 1163 3652 amicitia
1184 3579 1512 3651 remunerationem
1534 3578 1580 3652 ab
1599 3579 1717 3651 amico
1740 3604 1804 3651 su·

208 3698 312 3796 scipit
327 3712 362 3769 et
380 3721 465 3768 enm
488 3698 641 3797 amplius
657 3711 805 3798 propter
824 3697 896 3770 hoe
912 3697 1038 3796 diligit,
1057 3722 1132 3770 non
1150 3698 1279 3769 iterum
1302 3696 1400 3794 apud
1416 3723 1500 3769 eum
1524 3721 1567 3770 ex
1588 3698 1658 3769 hac
1676 3698 1802 3793 majori

208 3816 413 3907 dilectione,
434 3842 514 3914 qnae
532 3817 667 3890 scilicet
681 3820 780 3891 venit
796 3843 839 3890 ex
857 3818 1001 3916 praemio
1023 3815 1179 3908 reddito,
1201 3816 1387 3914 premium
1404 3818 1534 3889 mereri
1545 3815 1740 3913 judicatur,
1762 3832 1802 3889 ut

207 3937 259 4007 sic
283 3936 320 4007 in
338 3934 520 4007 inlinitum
536 3937 705 4008 meritum
730 3936 954 4009 extendatur.
975 3935 1146 4023 Quamvis
1171 3936 1304 4007 etenim
1327 3935 1596 4007 necessitudinis
1620 3936 1805 4008 coactione

209 4068 246 4126 et
262 4054 498 4127 retributione
515 4056 651 4154 premii
668 4070 817 4154 augetur
832 4054 989 4146 dilectio,
1009 4069 1049 4125 ut
1067 4078 1142 4125 non
1166 4068 1238 4125 tam
1257 4054 1457 4126 voluntaria
1472 4078 1583 4152 quarn
1605 4057 1805 4127 necessaria

210 4172 386 4263 videatur,
416 4174 464 4246 ita
495 4174 630 4273 quippe
655 4173 824 4247 omnibus
850 4173 1058 4246 naturaliter
1081 4172 1208 4244 insitus
1233 4186 1287 4244 est
1310 4172 1477 4265 allectus,
1506 4188 1545 4245 ut
1570 4174 1647 4272 ipsa
1671 4175 1806 4272 praemii

210 4290 398 4363 retributio
415 4291 602 4388 quoddam
617 4291 819 4366 dilectionis
834 4317 957 4366 secum
978 4290 1104 4364 allerat
1119 4305 1352 4387 augmentum
1369 4306 1404 4364 et
1422 4291 1578 4390 quadarn
1595 4316 1663 4363 nos
1681 4316 1806 4364 neces—

211 4409 325 4498 sitate,
351 4408 408 4479 rel
432 4432 556 4482 amore
580 4412 693 4484 nostri
722 4413 967 4510 potiusquam
992 4410 1124 4483 virtute
1152 4406 1207 4481 vel
1230 4433 1354 4481 amore
1379 4410 1641 4482 remunerantis
1668 4411 1705 4481 in
1732 4410 1807 4507 ejus
1857 4410 1861 4419 '

212 4522 443 4597 dilectionem
467 4550 535 4598 nos
557 4528 742 4601 accendat.
770 4530 807 4602 si
829 4531 936 4627 igitur
955 4529 1047 4600 inter
1069 4526 1237 4600 homines
1261 4528 1398 4599 amicus
1418 4526 1466 4599 ab
1484 4529 1602 4601 amico
1620 4529 1806 4627 praemium

212 4643 319 4734 ferat,
337 4658 433 4717 etex
450 4645 530 4743 ipso
547 4648 694 4742 premio
711 4648 865 4747 amplius
888 4647 1034 4744 diligere
1051 4661 1212 4744 cogatur,
1237 4669 1304 4718 nec
1322 4661 1441 4720 tamen
1459 4671 1503 4720 ex
1520 4647 1592 4720 hoc
1608 4647 1806 4721 dilectionis

211 4777 406 4860 augmento
428 4787 549 4837 rursus
564 4766 763 4863 promereri
785 4765 928 4854 dicitur,
951 4764 1040 4862 quid
1063 4766 1214 4855 mirum,
1241 4765 1271 4837 si
1288 4779 1324 4838 et
1341 4766 1378 4837 in
1400 4765 1469 4839 alia
1484 4767 1557 4839 vita
1582 4791 1624 4839 ex
1640 4781 1805 4863 suscepto

213 4883 359 4980 premio
376 4880 529 4980 amplius
544 4886 661 4956 Deum
688 4882 887 4980 diligentes,
908 4907 1135 4983 nequaquam
1153 4907 1296 4955 rursum
1312 4883 1429 4982 ipsum
1445 4885 1634 4983 praemium
1653 4908 1804 4957 conver·

245 5147 361 5200 *rute
371 5161 439 5213 svnt,
449 5162 473 5200 r.
486 5152 516 5215 2,
528 5153 552 5203 t.
