<?xml version="1.0" encoding="UTF-8"?>
<!DOCTYPE html PUBLIC "-//W3C//DTD XHTML 1.0 Transitional//EN"
    "http://www.w3.org/TR/xhtml1/DTD/xhtml1-transitional.dtd">
<html xmlns="http://www.w3.org/1999/xhtml" xml:lang="en" lang="en">
 <head>
  <title>
</title>
<meta http-equiv="Content-Type" content="text/html;charset=utf-8" />
  <meta name='ocr-system' content='tesseract 3.04.00' />
  <meta name='ocr-capabilities' content='ocr_page ocr_carea ocr_par ocr_line ocrx_word'/>
</head>
<body>
  <div class='ocr_page' id='page_1' title='image "./petriablardiope00despgoog_0289.png"; bbox 0 0 4559 6100; ppageno 0'>
   <div class='ocr_carea' id='block_1_1' title="bbox 711 543 1846 623">
    <p class='ocr_par' dir='ltr' id='par_1_1' title="bbox 711 543 1846 623">
     <span class='ocr_line' id='line_1_1' title="bbox 711 543 1846 623; baseline 0 -4"><span class='ocrx_word' id='word_1_1' title='bbox 711 547 757 623; x_wconf 91' lang='lat' dir='ltr'>IN</span> <span class='ocrx_word' id='word_1_2' title='bbox 781 546 1026 620; x_wconf 76' lang='lat' dir='ltr'><strong>EPISTOLAM</strong></span> <span class='ocrx_word' id='word_1_3' title='bbox 1052 549 1113 622; x_wconf 76' lang='lat' dir='ltr'>At)</span> <span class='ocrx_word' id='word_1_4' title='bbox 1139 547 1366 621; x_wconf 82' lang='lat' dir='ltr'><strong>ROMANOS.</strong></span> <span class='ocrx_word' id='word_1_5' title='bbox 1773 543 1846 620; x_wconf 73' lang='lat'>267</span> 
     </span>
    </p>
   </div>
   <div class='ocr_carea' id='block_1_2' title="bbox 196 693 1953 5017">
    <p class='ocr_par' dir='ltr' id='par_1_2' title="bbox 223 693 1883 1972">
     <span class='ocr_line' id='line_1_2' title="bbox 235 693 1847 798; baseline 0.002 -32"><span class='ocrx_word' id='word_1_6' title='bbox 235 695 398 798; x_wconf 84' lang='lat' dir='ltr'>Quisque</span> <span class='ocrx_word' id='word_1_7' title='bbox 412 695 521 768; x_wconf 90' lang='lat' dir='ltr'>etiam</span> <span class='ocrx_word' id='word_1_8' title='bbox 543 693 775 795; x_wconf 80' lang='lat' dir='ltr'>imperfectus</span> <span class='ocrx_word' id='word_1_9' title='bbox 791 697 910 796; x_wconf 90' lang='lat' dir='ltr'>primo</span> <span class='ocrx_word' id='word_1_10' title='bbox 929 697 975 769; x_wconf 89' lang='lat' dir='ltr'>ad</span> <span class='ocrx_word' id='word_1_11' title='bbox 991 696 1085 770; x_wconf 91' lang='lat' dir='ltr'>bene</span> <span class='ocrx_word' id='word_1_12' title='bbox 1103 695 1346 796; x_wconf 87' lang='lat' dir='ltr'>operandum,</span> <span class='ocrx_word' id='word_1_13' title='bbox 1371 693 1407 766; x_wconf 92' lang='lat' dir='ltr'>id</span> <span class='ocrx_word' id='word_1_14' title='bbox 1433 708 1488 765; x_wconf 88' lang='lat' dir='ltr'>est</span> <span class='ocrx_word' id='word_1_15' title='bbox 1510 693 1558 765; x_wconf 91' lang='lat' dir='ltr'>ad</span> <span class='ocrx_word' id='word_1_16' title='bbox 1581 709 1757 794; x_wconf 87' lang='lat' dir='ltr'>praecepta</span> <span class='ocrx_word' id='word_1_17' title='bbox 1779 698 1847 770; x_wconf 89' lang='lat' dir='ltr'>Dei</span> 
     </span>
     <span class='ocr_line' id='line_1_3' title="bbox 223 815 1848 918; baseline 0.001 -29"><span class='ocrx_word' id='word_1_18' title='bbox 223 817 421 918; x_wconf 88' lang='lat' dir='ltr'>&#39;implenda</span> <span class='ocrx_word' id='word_1_19' title='bbox 437 843 500 917; x_wconf 93' lang='lat' dir='ltr'>spe</span> <span class='ocrx_word' id='word_1_20' title='bbox 517 817 764 892; x_wconf 83' lang='lat' dir='ltr'>retributionis</span> <span class='ocrx_word' id='word_1_21' title='bbox 781 819 946 910; x_wconf 83' lang='lat' dir='ltr'>allicitur,</span> <span class='ocrx_word' id='word_1_22' title='bbox 958 834 995 891; x_wconf 84' lang='lat' dir='ltr'>et</span> <span class='ocrx_word' id='word_1_23' title='bbox 1013 820 1143 891; x_wconf 89' lang='lat' dir='ltr'>timore</span> <span class='ocrx_word' id='word_1_24' title='bbox 1152 820 1273 918; x_wconf 90' lang='lat' dir='ltr'>potius</span> <span class='ocrx_word' id='word_1_25' title='bbox 1286 840 1399 914; x_wconf 89' lang='lat' dir='ltr'>quam</span> <span class='ocrx_word' id='word_1_26' title='bbox 1415 839 1552 906; x_wconf 87' lang='lat' dir='ltr'>amore,</span> <span class='ocrx_word' id='word_1_27' title='bbox 1569 815 1660 887; x_wconf 90' lang='lat' dir='ltr'>sicut</span> <span class='ocrx_word' id='word_1_28' title='bbox 1672 818 1848 915; x_wconf 85' lang='lat' dir='ltr'>scriptum</span> 
     </span>
     <span class='ocr_line' id='line_1_4' title="bbox 236 937 1844 1037; baseline 0.001 -28"><span class='ocrx_word' id='word_1_29' title='bbox 236 952 290 1009; x_wconf 97' lang='grc' dir='ltr'>θεῖ</span> <span class='ocrx_word' id='word_1_30' title='bbox 306 942 337 1007; x_wconf 89' lang='lat'>¹:</span> <span class='ocrx_word' id='word_1_31' title='bbox 357 967 374 1005; x_wconf 82' lang='lat' dir='ltr'>n</span> <span class='ocrx_word' id='word_1_32' title='bbox 389 937 535 1009; x_wconf 76' lang='lat' dir='ltr'>Initium</span> <span class='ocrx_word' id='word_1_33' title='bbox 548 938 731 1037; x_wconf 86' lang='lat' dir='ltr'>sapientiae</span> <span class='ocrx_word' id='word_1_34' title='bbox 745 940 853 1012; x_wconf 88' lang='lat' dir='ltr'>timor</span> <span class='ocrx_word' id='word_1_35' title='bbox 868 941 1060 1012; x_wconf 74' lang='lat' dir='ltr'>Domini.»</span> <span class='ocrx_word' id='word_1_36' title='bbox 1077 940 1187 1037; x_wconf 84' lang='lat' dir='ltr'>Cujus</span> <span class='ocrx_word' id='word_1_37' title='bbox 1201 937 1350 1037; x_wconf 90' lang='lat' dir='ltr'>quidem</span> <span class='ocrx_word' id='word_1_38' title='bbox 1364 937 1491 1008; x_wconf 89' lang='lat' dir='ltr'>caritas</span> <span class='ocrx_word' id='word_1_39' title='bbox 1503 949 1557 1007; x_wconf 89' lang='lat' dir='ltr'>est</span> <span class='ocrx_word' id='word_1_40' title='bbox 1566 938 1844 1028; x_wconf 87' lang='lat' dir='ltr'>consummatio,</span> 
     </span>
     <span class='ocr_line' id='line_1_5' title="bbox 235 1055 1848 1158; baseline 0 -29"><span class='ocrx_word' id='word_1_41' title='bbox 235 1058 310 1129; x_wconf 83' lang='lat' dir='ltr'>sive</span> <span class='ocrx_word' id='word_1_42' title='bbox 334 1055 429 1148; x_wconf 84' lang='lat' dir='ltr'>linis,</span> <span class='ocrx_word' id='word_1_43' title='bbox 453 1059 490 1132; x_wconf 94' lang='lat' dir='ltr'>id</span> <span class='ocrx_word' id='word_1_44' title='bbox 516 1073 569 1130; x_wconf 87' lang='lat' dir='ltr'>est</span> <span class='ocrx_word' id='word_1_45' title='bbox 592 1059 777 1158; x_wconf 79' lang='lat' dir='ltr'>perfectio,</span> <span class='ocrx_word' id='word_1_46' title='bbox 804 1060 896 1132; x_wconf 86' lang='lat' dir='ltr'>sient</span> <span class='ocrx_word' id='word_1_47' title='bbox 920 1059 1005 1132; x_wconf 91' lang='lat' dir='ltr'>alibi</span> <span class='ocrx_word' id='word_1_48' title='bbox 1029 1060 1210 1133; x_wconf 87' lang='lat' dir='ltr'>dicitur¹:</span> <span class='ocrx_word' id='word_1_49' title='bbox 1239 1058 1403 1128; x_wconf 82' lang='lat' dir='ltr'>«Omnis</span> <span class='ocrx_word' id='word_1_50' title='bbox 1427 1056 1748 1128; x_wconf 77' lang='lat' dir='ltr'>consummationis</span> <span class='ocrx_word' id='word_1_51' title='bbox 1773 1057 1848 1129; x_wconf 88' lang='lat' dir='ltr'>vidi</span> 
     </span>
     <span class='ocr_line' id='line_1_6' title="bbox 235 1165 1847 1277; baseline 0.002 -30"><span class='ocrx_word' id='word_1_52' title='bbox 235 1165 360 1267; x_wconf 84' lang='lat' dir='ltr'>linem,</span> <span class='ocrx_word' id='word_1_53' title='bbox 379 1177 491 1250; x_wconf 90' lang='lat' dir='ltr'>latum</span> <span class='ocrx_word' id='word_1_54' title='bbox 509 1177 721 1251; x_wconf 88' lang='lat' dir='ltr'>mandatum</span> <span class='ocrx_word' id='word_1_55' title='bbox 739 1194 842 1252; x_wconf 91' lang='lat' dir='ltr'>tuum</span> <span class='ocrx_word' id='word_1_56' title='bbox 859 1181 1011 1253; x_wconf 87' lang='lat' dir='ltr'>nimis.»</span> <span class='ocrx_word' id='word_1_57' title='bbox 1031 1183 1139 1274; x_wconf 86' lang='lat' dir='ltr'>Bene,</span> <span class='ocrx_word' id='word_1_58' title='bbox 1158 1181 1323 1277; x_wconf 90' lang='lat' dir='ltr'>inquam,</span> <span class='ocrx_word' id='word_1_59' title='bbox 1345 1176 1447 1266; x_wconf 84' lang='lat' dir='ltr'>dixit,</span> <span class='ocrx_word' id='word_1_60' title='bbox 1465 1175 1681 1266; x_wconf 80' lang='lat' dir='ltr'>«inclinavi,</span> <span class='ocrx_word' id='word_1_61' title='bbox 1696 1201 1714 1243; x_wconf 79' lang='lat' dir='ltr'>a</span> <span class='ocrx_word' id='word_1_62' title='bbox 1738 1175 1776 1247; x_wconf 91' lang='lat' dir='ltr'>id</span> <span class='ocrx_word' id='word_1_63' title='bbox 1793 1192 1847 1249; x_wconf 86' lang='lat' dir='ltr'>est</span> 
     </span>
     <span class='ocr_line' id='line_1_7' title="bbox 235 1296 1849 1398; baseline 0.001 -30"><span class='ocrx_word' id='word_1_64' title='bbox 235 1299 272 1369; x_wconf 90' lang='lat' dir='ltr'>in</span> <span class='ocrx_word' id='word_1_65' title='bbox 288 1298 392 1369; x_wconf 90' lang='lat' dir='ltr'>initio</span> <span class='ocrx_word' id='word_1_66' title='bbox 406 1322 479 1369; x_wconf 86' lang='lat' dir='ltr'>suae</span> <span class='ocrx_word' id='word_1_67' title='bbox 495 1299 728 1397; x_wconf 87' lang='lat' dir='ltr'>operationis,</span> <span class='ocrx_word' id='word_1_68' title='bbox 749 1325 814 1398; x_wconf 87' lang='lat' dir='ltr'>spe</span> <span class='ocrx_word' id='word_1_69' title='bbox 835 1314 872 1373; x_wconf 89' lang='lat' dir='ltr'>et</span> <span class='ocrx_word' id='word_1_70' title='bbox 899 1300 1079 1372; x_wconf 88' lang='lat' dir='ltr'>desiderio</span> <span class='ocrx_word' id='word_1_71' title='bbox 1098 1299 1347 1372; x_wconf 86' lang='lat' dir='ltr'>retributionis</span> <span class='ocrx_word' id='word_1_72' title='bbox 1372 1297 1409 1368; x_wconf 94' lang='lat' dir='ltr'>id</span> <span class='ocrx_word' id='word_1_73' title='bbox 1434 1320 1619 1393; x_wconf 85' lang='lat' dir='ltr'>aggressus</span> <span class='ocrx_word' id='word_1_74' title='bbox 1645 1309 1711 1368; x_wconf 87' lang='lat' dir='ltr'>est.</span> <span class='ocrx_word' id='word_1_75' title='bbox 1738 1296 1849 1384; x_wconf 86' lang='lat' dir='ltr'>Quod</span> 
     </span>
     <span class='ocr_line' id='line_1_8' title="bbox 235 1415 1849 1518; baseline 0.002 -31"><span class='ocrx_word' id='word_1_76' title='bbox 235 1440 322 1488; x_wconf 78' lang='lat' dir='ltr'>vero</span> <span class='ocrx_word' id='word_1_77' title='bbox 336 1441 398 1490; x_wconf 89' lang='lat' dir='ltr'>eos</span> <span class='ocrx_word' id='word_1_78' title='bbox 415 1417 553 1490; x_wconf 88' lang='lat' dir='ltr'>Veritas</span> <span class='ocrx_word' id='word_1_79' title='bbox 568 1416 691 1490; x_wconf 89' lang='lat' dir='ltr'>laudat</span> <span class='ocrx_word' id='word_1_80' title='bbox 707 1418 847 1510; x_wconf 90' lang='lat' dir='ltr'>beatos,</span> <span class='ocrx_word' id='word_1_81' title='bbox 865 1421 927 1517; x_wconf 92' lang='lat' dir='ltr'>qni</span> <span class='ocrx_word' id='word_1_82' title='bbox 949 1445 987 1492; x_wconf 90' lang='lat' dir='ltr'>se</span> <span class='ocrx_word' id='word_1_83' title='bbox 1005 1434 1252 1494; x_wconf 85' lang='lat' dir='ltr'>castraverunt</span> <span class='ocrx_word' id='word_1_84' title='bbox 1268 1433 1418 1518; x_wconf 88' lang='lat' dir='ltr'>propter</span> <span class='ocrx_word' id='word_1_85' title='bbox 1433 1442 1584 1514; x_wconf 87' lang='lat' dir='ltr'>regnum</span> <span class='ocrx_word' id='word_1_86' title='bbox 1604 1416 1792 1511; x_wconf 84' lang='lat' dir='ltr'>coelorum,</span> <span class='ocrx_word' id='word_1_87' title='bbox 1809 1415 1849 1490; x_wconf 93' lang='lat' dir='ltr'>id</span> 
     </span>
     <span class='ocr_line' id='line_1_9' title="bbox 236 1536 1845 1640; baseline 0.001 -31"><span class='ocrx_word' id='word_1_88' title='bbox 236 1551 290 1609; x_wconf 91' lang='lat' dir='ltr'>est</span> <span class='ocrx_word' id='word_1_89' title='bbox 309 1536 539 1616; x_wconf 87' lang='lat' dir='ltr'>continenter</span> <span class='ocrx_word' id='word_1_90' title='bbox 558 1538 724 1611; x_wconf 82' lang='lat' dir='ltr'>vixerunt</span> <span class='ocrx_word' id='word_1_91' title='bbox 741 1555 891 1640; x_wconf 87' lang='lat' dir='ltr'>propter</span> <span class='ocrx_word' id='word_1_92' title='bbox 904 1540 1166 1614; x_wconf 92' lang='lat' dir='ltr'>beatitudinem</span> <span class='ocrx_word' id='word_1_93' title='bbox 1180 1555 1348 1613; x_wconf 90' lang='lat' dir='ltr'>aeternam</span> <span class='ocrx_word' id='word_1_94' title='bbox 1360 1567 1370 1628; x_wconf 79' lang='lat'><em>3</em></span> <span class='ocrx_word' id='word_1_95' title='bbox 1390 1540 1440 1613; x_wconf 82' lang='lat' dir='ltr'>ita</span> <span class='ocrx_word' id='word_1_96' title='bbox 1456 1537 1729 1634; x_wconf 90' lang='lat' dir='ltr'>intelligendum</span> <span class='ocrx_word' id='word_1_97' title='bbox 1741 1551 1845 1636; x_wconf 89' lang='lat' dir='ltr'>puto,</span> 
     </span>
     <span class='ocr_line' id='line_1_10' title="bbox 235 1656 1883 1757; baseline 0.001 -28"><span class='ocrx_word' id='word_1_98' title='bbox 235 1657 337 1756; x_wconf 89' lang='lat' dir='ltr'>quod</span> <span class='ocrx_word' id='word_1_99' title='bbox 353 1657 392 1728; x_wconf 90' lang='lat' dir='ltr'>hi</span> <span class='ocrx_word' id='word_1_100' title='bbox 403 1682 469 1757; x_wconf 89' lang='lat' dir='ltr'>per</span> <span class='ocrx_word' id='word_1_101' title='bbox 484 1659 746 1731; x_wconf 90' lang='lat' dir='ltr'>continentiam</span> <span class='ocrx_word' id='word_1_102' title='bbox 760 1659 859 1732; x_wconf 90' lang='lat' dir='ltr'>illam</span> <span class='ocrx_word' id='word_1_103' title='bbox 876 1676 961 1733; x_wconf 91' lang='lat' dir='ltr'>sunt</span> <span class='ocrx_word' id='word_1_104' title='bbox 979 1661 1144 1753; x_wconf 82' lang='lat' dir='ltr'>assecuti,</span> <span class='ocrx_word' id='word_1_105' title='bbox 1164 1660 1267 1733; x_wconf 89' lang='lat' dir='ltr'>sicuti</span> <span class='ocrx_word' id='word_1_106' title='bbox 1280 1684 1364 1731; x_wconf 90' lang='lat' dir='ltr'>cum</span> <span class='ocrx_word' id='word_1_107' title='bbox 1381 1659 1427 1731; x_wconf 90' lang='lat' dir='ltr'>de</span> <span class='ocrx_word' id='word_1_108' title='bbox 1443 1658 1566 1755; x_wconf 87' lang='lat' dir='ltr'>aliquo</span> <span class='ocrx_word' id='word_1_109' title='bbox 1582 1656 1736 1728; x_wconf 89' lang='lat' dir='ltr'>dicimus</span> <span class='ocrx_word' id='word_1_110' title='bbox 1762 1682 1849 1731; x_wconf 87' lang='lat' dir='ltr'>eum</span> <span class='ocrx_word' id='word_1_111' title='bbox 1876 1691 1883 1717; x_wconf 66' lang='grc' dir='ltr'><strong><em>ν</em></strong></span> 
     </span>
     <span class='ocr_line' id='line_1_11' title="bbox 237 1777 1847 1874; baseline 0.002 -25"><span class='ocrx_word' id='word_1_112' title='bbox 237 1778 348 1850; x_wconf 87' lang='lat' dir='ltr'>exisse</span> <span class='ocrx_word' id='word_1_113' title='bbox 363 1791 402 1849; x_wconf 92' lang='lat' dir='ltr'>ut</span> <span class='ocrx_word' id='word_1_114' title='bbox 415 1793 630 1868; x_wconf 85' lang='lat' dir='ltr'>moreretur,</span> <span class='ocrx_word' id='word_1_115' title='bbox 646 1777 684 1852; x_wconf 86' lang='lat' dir='ltr'>ld</span> <span class='ocrx_word' id='word_1_116' title='bbox 706 1795 760 1853; x_wconf 90' lang='lat' dir='ltr'>est</span> <span class='ocrx_word' id='word_1_117' title='bbox 774 1781 900 1874; x_wconf 81' lang='lat' dir='ltr'>exisse,</span> <span class='ocrx_word' id='word_1_118' title='bbox 919 1798 955 1855; x_wconf 91' lang='lat' dir='ltr'>et</span> <span class='ocrx_word' id='word_1_119' title='bbox 974 1782 1058 1854; x_wconf 91' lang='lat' dir='ltr'>ideo</span> <span class='ocrx_word' id='word_1_120' title='bbox 1075 1796 1232 1853; x_wconf 90' lang='lat' dir='ltr'>mortem</span> <span class='ocrx_word' id='word_1_121' title='bbox 1248 1794 1484 1853; x_wconf 83' lang='lat' dir='ltr'>consecutum</span> <span class='ocrx_word' id='word_1_122' title='bbox 1501 1803 1591 1869; x_wconf 88' lang='lat' dir='ltr'>esse,</span> <span class='ocrx_word' id='word_1_123' title='bbox 1611 1802 1688 1849; x_wconf 91' lang='lat' dir='ltr'>non</span> <span class='ocrx_word' id='word_1_124' title='bbox 1704 1777 1774 1852; x_wconf 89' lang='lat' dir='ltr'>hac</span> <span class='ocrx_word' id='word_1_125' title='bbox 1791 1779 1847 1851; x_wconf 89' lang='lat' dir='ltr'>iu·</span> 
     </span>
     <span class='ocr_line' id='line_1_12' title="bbox 236 1898 714 1972; baseline 0.008 -4"><span class='ocrx_word' id='word_1_126' title='bbox 236 1898 398 1970; x_wconf 87' lang='lat' dir='ltr'>tentione</span> <span class='ocrx_word' id='word_1_127' title='bbox 416 1912 456 1969; x_wconf 89' lang='lat' dir='ltr'>ut</span> <span class='ocrx_word' id='word_1_128' title='bbox 473 1899 507 1970; x_wconf 90' lang='lat' dir='ltr'>ei</span> <span class='ocrx_word' id='word_1_129' title='bbox 523 1898 714 1972; x_wconf 88' lang='lat' dir='ltr'>accideret.</span> 
     </span>
    </p>

    <p class='ocr_par' dir='ltr' id='par_1_3' title="bbox 212 2018 1953 4414">
     <span class='ocr_line' id='line_1_13' title="bbox 288 2018 1850 2120; baseline 0.004 -34"><span class='ocrx_word' id='word_1_130' title='bbox 288 2018 456 2091; x_wconf 74' lang='lat' dir='ltr'>«Scimus</span> <span class='ocrx_word' id='word_1_131' title='bbox 467 2019 578 2090; x_wconf 87' lang='lat' dir='ltr'>enim.</span> <span class='ocrx_word' id='word_1_132' title='bbox 590 2047 609 2087; x_wconf 82' lang='lat' dir='ltr'>u</span> <span class='ocrx_word' id='word_1_133' title='bbox 622 2019 756 2093; x_wconf 79' lang='lat' dir='ltr'>Probat</span> <span class='ocrx_word' id='word_1_134' title='bbox 768 2021 869 2120; x_wconf 91' lang='lat' dir='ltr'>quod</span> <span class='ocrx_word' id='word_1_135' title='bbox 884 2020 1034 2115; x_wconf 78' lang='lat' dir='ltr'>dixerat,</span> <span class='ocrx_word' id='word_1_136' title='bbox 1051 2021 1169 2119; x_wconf 84' lang='lat' dir='ltr'>legem</span> <span class='ocrx_word' id='word_1_137' title='bbox 1182 2021 1350 2095; x_wconf 86' lang='lat' dir='ltr'>videlicet</span> <span class='ocrx_word' id='word_1_138' title='bbox 1362 2021 1496 2120; x_wconf 84' lang='lat' dir='ltr'>Moysis</span> <span class='ocrx_word' id='word_1_139' title='bbox 1511 2019 1648 2092; x_wconf 90' lang='lat' dir='ltr'>bonam</span> <span class='ocrx_word' id='word_1_140' title='bbox 1662 2043 1751 2112; x_wconf 88' lang='lat' dir='ltr'>esse,</span> <span class='ocrx_word' id='word_1_141' title='bbox 1765 2018 1850 2093; x_wconf 89' lang='lat' dir='ltr'>licet</span> 
     </span>
     <span class='ocr_line' id='line_1_14' title="bbox 238 2137 1847 2241; baseline 0.002 -31"><span class='ocrx_word' id='word_1_142' title='bbox 238 2139 464 2212; x_wconf 84' lang='lat' dir='ltr'>occasionem</span> <span class='ocrx_word' id='word_1_143' title='bbox 489 2137 576 2211; x_wconf 92' lang='lat' dir='ltr'>inde</span> <span class='ocrx_word' id='word_1_144' title='bbox 602 2140 640 2211; x_wconf 87' lang='lat' dir='ltr'>in</span> <span class='ocrx_word' id='word_1_145' title='bbox 667 2155 856 2240; x_wconf 90' lang='lat' dir='ltr'>peccatum</span> <span class='ocrx_word' id='word_1_146' title='bbox 875 2143 1054 2241; x_wconf 86' lang='lat' dir='ltr'>acceperit</span> <span class='ocrx_word' id='word_1_147' title='bbox 1070 2170 1078 2213; x_wconf 90' lang='lat'><strong>:</strong></span> <span class='ocrx_word' id='word_1_148' title='bbox 1093 2145 1179 2241; x_wconf 85' lang='lat' dir='ltr'>quia</span> <span class='ocrx_word' id='word_1_149' title='bbox 1196 2141 1362 2215; x_wconf 87' lang='lat' dir='ltr'>videlicet</span> <span class='ocrx_word' id='word_1_150' title='bbox 1389 2157 1442 2214; x_wconf 89' lang='lat' dir='ltr'>est</span> <span class='ocrx_word' id='word_1_151' title='bbox 1456 2138 1653 2240; x_wconf 88' lang='lat' dir='ltr'>spiritualis</span> <span class='ocrx_word' id='word_1_152' title='bbox 1674 2137 1745 2232; x_wconf 88' lang='lat' dir='ltr'>lex,</span> <span class='ocrx_word' id='word_1_153' title='bbox 1770 2164 1847 2213; x_wconf 90' lang='lat' dir='ltr'>non</span> 
     </span>
     <span class='ocr_line' id='line_1_15' title="bbox 237 2257 1849 2362; baseline 0.002 -33"><span class='ocrx_word' id='word_1_154' title='bbox 237 2257 416 2344; x_wconf 83' lang='lat' dir='ltr'>secularis,</span> <span class='ocrx_word' id='word_1_155' title='bbox 444 2272 618 2358; x_wconf 90' lang='lat' dir='ltr'>tanquam</span> <span class='ocrx_word' id='word_1_156' title='bbox 640 2260 752 2359; x_wconf 83' lang='lat' dir='ltr'>digito</span> <span class='ocrx_word' id='word_1_157' title='bbox 769 2263 836 2334; x_wconf 90' lang='lat' dir='ltr'>Dei</span> <span class='ocrx_word' id='word_1_158' title='bbox 853 2262 998 2361; x_wconf 87' lang='lat' dir='ltr'>scripta,</span> <span class='ocrx_word' id='word_1_159' title='bbox 1025 2262 1064 2334; x_wconf 94' lang='lat' dir='ltr'>id</span> <span class='ocrx_word' id='word_1_160' title='bbox 1084 2279 1138 2336; x_wconf 90' lang='grc' dir='ltr'>θεῖ</span> <span class='ocrx_word' id='word_1_161' title='bbox 1164 2263 1297 2362; x_wconf 91' lang='lat' dir='ltr'>Spiritu</span> <span class='ocrx_word' id='word_1_162' title='bbox 1319 2276 1443 2334; x_wconf 91' lang='lat' dir='ltr'>sancto</span> <span class='ocrx_word' id='word_1_163' title='bbox 1463 2259 1624 2332; x_wconf 83' lang='lat' dir='ltr'>dictante</span> <span class='ocrx_word' id='word_1_164' title='bbox 1646 2261 1849 2358; x_wconf 84' lang='lat' dir='ltr'>composita</span> 
     </span>
     <span class='ocr_line' id='line_1_16' title="bbox 236 2371 1848 2481; baseline 0.002 -33"><span class='ocrx_word' id='word_1_165' title='bbox 236 2390 272 2448; x_wconf 93' lang='lat' dir='ltr'>et</span> <span class='ocrx_word' id='word_1_166' title='bbox 290 2376 386 2467; x_wconf 92' lang='lat' dir='ltr'>data,</span> <span class='ocrx_word' id='word_1_167' title='bbox 406 2403 481 2450; x_wconf 90' lang='lat' dir='ltr'>uon</span> <span class='ocrx_word' id='word_1_168' title='bbox 499 2378 546 2451; x_wconf 90' lang='lat' dir='ltr'>ab</span> <span class='ocrx_word' id='word_1_169' title='bbox 565 2380 778 2455; x_wconf 88' lang='lat' dir='ltr'>bominibus</span> <span class='ocrx_word' id='word_1_170' title='bbox 795 2384 954 2456; x_wconf 84' lang='lat' dir='ltr'>inventa.</span> <span class='ocrx_word' id='word_1_171' title='bbox 976 2387 1084 2481; x_wconf 84' lang='lat' dir='ltr'>«Ego</span> <span class='ocrx_word' id='word_1_172' title='bbox 1103 2399 1225 2457; x_wconf 91' lang='lat' dir='ltr'>autem</span> <span class='ocrx_word' id='word_1_173' title='bbox 1241 2382 1394 2456; x_wconf 90' lang='lat' dir='ltr'>carnalis</span> <span class='ocrx_word' id='word_1_174' title='bbox 1410 2371 1507 2473; x_wconf 83' lang='lat' dir='ltr'>suni,</span> <span class='ocrx_word' id='word_1_175' title='bbox 1522 2410 1541 2447; x_wconf 70' lang='lat' dir='ltr'>a&gt;</span> <span class='ocrx_word' id='word_1_176' title='bbox 1564 2377 1671 2451; x_wconf 89' lang='lat' dir='ltr'>idest</span> <span class='ocrx_word' id='word_1_177' title='bbox 1696 2379 1848 2452; x_wconf 86' lang='lat' dir='ltr'>carnali·</span> 
     </span>
     <span class='ocr_line' id='line_1_17' title="bbox 236 2496 1848 2603; baseline 0.002 -35"><span class='ocrx_word' id='word_1_178' title='bbox 236 2496 304 2569; x_wconf 88' lang='lat' dir='ltr'>bns</span> <span class='ocrx_word' id='word_1_179' title='bbox 316 2497 563 2572; x_wconf 82' lang='lat' dir='ltr'>voluntatibus</span> <span class='ocrx_word' id='word_1_180' title='bbox 579 2515 615 2574; x_wconf 91' lang='grc' dir='ltr'>θῖ</span> <span class='ocrx_word' id='word_1_181' title='bbox 629 2506 780 2577; x_wconf 85' lang='lat' dir='ltr'>terrenis</span> <span class='ocrx_word' id='word_1_182' title='bbox 794 2503 939 2577; x_wconf 87' lang='lat' dir='ltr'>inhians</span> <span class='ocrx_word' id='word_1_183' title='bbox 956 2503 1157 2598; x_wconf 89' lang='lat' dir='ltr'>desideriis,</span> <span class='ocrx_word' id='word_1_184' title='bbox 1174 2518 1282 2603; x_wconf 88' lang='lat' dir='ltr'>atque</span> <span class='ocrx_word' id='word_1_185' title='bbox 1295 2503 1389 2576; x_wconf 87' lang='lat' dir='ltr'>adeo</span> <span class='ocrx_word' id='word_1_186' title='bbox 1404 2499 1558 2574; x_wconf 82' lang='lat' dir='ltr'>carnalis</span> <span class='ocrx_word' id='word_1_187' title='bbox 1571 2524 1666 2588; x_wconf 89' lang='lat' dir='ltr'>sum,</span> <span class='ocrx_word' id='word_1_188' title='bbox 1690 2530 1709 2567; x_wconf 73' lang='grc' dir='ltr'>ε</span> <span class='ocrx_word' id='word_1_189' title='bbox 1721 2513 1762 2570; x_wconf 89' lang='lat' dir='ltr'>ut</span> <span class='ocrx_word' id='word_1_190' title='bbox 1778 2501 1848 2572; x_wconf 87' lang='lat' dir='ltr'>sim</span> 
     </span>
     <span class='ocr_line' id='line_1_18' title="bbox 236 2610 1953 2725; baseline 0.002 -36"><span class='ocrx_word' id='word_1_191' title='bbox 236 2618 477 2698; x_wconf 65' lang='lat' dir='ltr'>venumdatus</span> <span class='ocrx_word' id='word_1_192' title='bbox 494 2619 563 2692; x_wconf 90' lang='lat' dir='ltr'>sub</span> <span class='ocrx_word' id='word_1_193' title='bbox 582 2637 784 2720; x_wconf 89' lang='lat' dir='ltr'>peccatum,</span> <span class='ocrx_word' id='word_1_194' title='bbox 801 2655 820 2693; x_wconf 73' lang='grc' dir='ltr'>ε</span> <span class='ocrx_word' id='word_1_195' title='bbox 837 2624 877 2696; x_wconf 91' lang='lat' dir='ltr'>id</span> <span class='ocrx_word' id='word_1_196' title='bbox 893 2639 946 2698; x_wconf 93' lang='lat' dir='ltr'>est</span> <span class='ocrx_word' id='word_1_197' title='bbox 964 2641 1096 2725; x_wconf 90' lang='lat' dir='ltr'>sponte</span> <span class='ocrx_word' id='word_1_198' title='bbox 1108 2651 1168 2697; x_wconf 87' lang='lat' dir='ltr'>me</span> <span class='ocrx_word' id='word_1_199' title='bbox 1184 2638 1334 2724; x_wconf 89' lang='lat' dir='ltr'>peccato</span> <span class='ocrx_word' id='word_1_200' title='bbox 1346 2638 1383 2695; x_wconf 92' lang='lat' dir='ltr'>et</span> <span class='ocrx_word' id='word_1_201' title='bbox 1393 2622 1470 2719; x_wconf 82' lang='lat' dir='ltr'>ejus</span> <span class='ocrx_word' id='word_1_202' title='bbox 1486 2620 1647 2693; x_wconf 82' lang='lat' dir='ltr'>servituti</span> <span class='ocrx_word' id='word_1_203' title='bbox 1655 2620 1849 2717; x_wconf 82' lang='lat' dir='ltr'>subjiciens</span> <span class='ocrx_word' id='word_1_204' title='bbox 1939 2610 1953 2640; x_wconf 87' lang='lat'><strong><em>‘</em></strong></span> 
     </span>
     <span class='ocr_line' id='line_1_19' title="bbox 238 2740 1853 2841; baseline 0.001 -31"><span class='ocrx_word' id='word_1_205' title='bbox 238 2740 352 2836; x_wconf 87' lang='lat' dir='ltr'>pretio</span> <span class='ocrx_word' id='word_1_206' title='bbox 369 2754 597 2814; x_wconf 89' lang='lat' dir='ltr'>terrenorum</span> <span class='ocrx_word' id='word_1_207' title='bbox 615 2742 813 2833; x_wconf 89' lang='lat' dir='ltr'>bonorum,</span> <span class='ocrx_word' id='word_1_208' title='bbox 834 2745 873 2817; x_wconf 94' lang='lat' dir='ltr'>id</span> <span class='ocrx_word' id='word_1_209' title='bbox 891 2760 946 2818; x_wconf 91' lang='grc' dir='ltr'>θεῖ</span> <span class='ocrx_word' id='word_1_210' title='bbox 978 2769 1148 2820; x_wconf 84' lang='lat' dir='ltr'>exercens</span> <span class='ocrx_word' id='word_1_211' title='bbox 1176 2771 1324 2818; x_wconf 85' lang='lat' dir='ltr'>omnem</span> <span class='ocrx_word' id='word_1_212' title='bbox 1346 2743 1677 2841; x_wconf 84' lang='lat' dir='ltr'>concupiscentiam</span> <span class='ocrx_word' id='word_1_213' title='bbox 1700 2756 1853 2841; x_wconf 88' lang='lat' dir='ltr'>propter</span> 
     </span>
     <span class='ocr_line' id='line_1_20' title="bbox 235 2853 1848 2962; baseline 0.002 -35"><span class='ocrx_word' id='word_1_214' title='bbox 235 2853 294 2927; x_wconf 93' lang='lat' dir='ltr'>illa</span> <span class='ocrx_word' id='word_1_215' title='bbox 315 2856 534 2954; x_wconf 86' lang='lat' dir='ltr'>acquirenda</span> <span class='ocrx_word' id='word_1_216' title='bbox 556 2874 592 2931; x_wconf 90' lang='lat' dir='ltr'>et</span> <span class='ocrx_word' id='word_1_217' title='bbox 612 2858 824 2956; x_wconf 85' lang='lat' dir='ltr'>obtinenda,</span> <span class='ocrx_word' id='word_1_218' title='bbox 848 2861 908 2933; x_wconf 76' lang='lat' dir='ltr'>vel</span> <span class='ocrx_word' id='word_1_219' title='bbox 933 2862 1042 2936; x_wconf 85' lang='lat' dir='ltr'>etiam</span> <span class='ocrx_word' id='word_1_220' title='bbox 1064 2863 1101 2934; x_wconf 94' lang='lat' dir='ltr'>in</span> <span class='ocrx_word' id='word_1_221' title='bbox 1128 2863 1257 2962; x_wconf 89' lang='lat' dir='ltr'>primis</span> <span class='ocrx_word' id='word_1_222' title='bbox 1279 2859 1490 2961; x_wconf 86' lang='lat' dir='ltr'>parantibus</span> <span class='ocrx_word' id='word_1_223' title='bbox 1505 2858 1748 2931; x_wconf 77' lang='lat' dir='ltr'>venumdatus</span> <span class='ocrx_word' id='word_1_224' title='bbox 1764 2883 1848 2931; x_wconf 90' lang='lat' dir='ltr'>cum</span> 
     </span>
     <span class='ocr_line' id='line_1_21' title="bbox 234 2975 1846 3082; baseline 0.003 -37"><span class='ocrx_word' id='word_1_225' title='bbox 234 2975 320 3075; x_wconf 85' lang='lat' dir='ltr'>ipsis</span> <span class='ocrx_word' id='word_1_226' title='bbox 334 2976 404 3050; x_wconf 85' lang='lat' dir='ltr'>sub</span> <span class='ocrx_word' id='word_1_227' title='bbox 423 2993 586 3078; x_wconf 88' lang='lat' dir='ltr'>peccato,</span> <span class='ocrx_word' id='word_1_228' title='bbox 607 2979 656 3053; x_wconf 93' lang='lat' dir='ltr'>ob</span> <span class='ocrx_word' id='word_1_229' title='bbox 673 2980 906 3055; x_wconf 91' lang='lat' dir='ltr'>dilectionem</span> <span class='ocrx_word' id='word_1_230' title='bbox 924 2983 1060 3056; x_wconf 86' lang='lat' dir='ltr'>scilicet</span> <span class='ocrx_word' id='word_1_231' title='bbox 1074 2997 1111 3057; x_wconf 88' lang='lat' dir='ltr'>et</span> <span class='ocrx_word' id='word_1_232' title='bbox 1124 2998 1268 3082; x_wconf 89' lang='lat' dir='ltr'>gustum</span> <span class='ocrx_word' id='word_1_233' title='bbox 1286 2983 1389 3081; x_wconf 91' lang='lat' dir='ltr'>pomi</span> <span class='ocrx_word' id='word_1_234' title='bbox 1405 2978 1505 3078; x_wconf 93' lang='lat' dir='ltr'>quod</span> <span class='ocrx_word' id='word_1_235' title='bbox 1527 2983 1602 3051; x_wconf 86' lang='lat' dir='ltr'>Eva</span> <span class='ocrx_word' id='word_1_236' title='bbox 1623 2978 1846 3077; x_wconf 86' lang='lat' dir='ltr'>concupivit.</span> 
     </span>
     <span class='ocr_line' id='line_1_22' title="bbox 234 3098 1845 3203; baseline 0.002 -36"><span class='ocrx_word' id='word_1_237' title='bbox 234 3099 328 3169; x_wconf 83' lang='lat' dir='ltr'>Ecce</span> <span class='ocrx_word' id='word_1_238' title='bbox 344 3098 535 3171; x_wconf 90' lang='lat' dir='ltr'>undelacti</span> <span class='ocrx_word' id='word_1_239' title='bbox 550 3126 675 3174; x_wconf 89' lang='lat' dir='ltr'>sumus</span> <span class='ocrx_word' id='word_1_240' title='bbox 691 3104 835 3202; x_wconf 87' lang='lat' dir='ltr'>captivi,</span> <span class='ocrx_word' id='word_1_241' title='bbox 854 3103 1013 3176; x_wconf 85' lang='lat' dir='ltr'>vendere</span> <span class='ocrx_word' id='word_1_242' title='bbox 1027 3128 1103 3177; x_wconf 90' lang='lat' dir='ltr'>non</span> <span class='ocrx_word' id='word_1_243' title='bbox 1116 3105 1318 3203; x_wconf 87' lang='lat' dir='ltr'>potuimus,</span> <span class='ocrx_word' id='word_1_244' title='bbox 1336 3102 1513 3174; x_wconf 85' lang='lat' dir='ltr'>redimere</span> <span class='ocrx_word' id='word_1_245' title='bbox 1538 3124 1614 3171; x_wconf 91' lang='lat' dir='ltr'>non</span> <span class='ocrx_word' id='word_1_246' title='bbox 1638 3123 1845 3197; x_wconf 89' lang='lat' dir='ltr'>possumus.</span> 
     </span>
     <span class='ocr_line' id='line_1_23' title="bbox 232 3218 1848 3323; baseline 0.001 -35"><span class='ocrx_word' id='word_1_247' title='bbox 232 3218 387 3315; x_wconf 84' lang='lat' dir='ltr'>Sanguis</span> <span class='ocrx_word' id='word_1_248' title='bbox 400 3219 576 3293; x_wconf 88' lang='lat' dir='ltr'>innocens</span> <span class='ocrx_word' id='word_1_249' title='bbox 588 3220 694 3295; x_wconf 88' lang='lat' dir='ltr'>datus</span> <span class='ocrx_word' id='word_1_250' title='bbox 706 3238 760 3295; x_wconf 91' lang='grc' dir='ltr'>θεῖ</span> <span class='ocrx_word' id='word_1_251' title='bbox 777 3249 845 3323; x_wconf 91' lang='lat' dir='ltr'>pro</span> <span class='ocrx_word' id='word_1_252' title='bbox 859 3224 979 3316; x_wconf 90' lang='lat' dir='ltr'>nobis,</span> <span class='ocrx_word' id='word_1_253' title='bbox 998 3248 1066 3296; x_wconf 85' lang='lat' dir='ltr'>nec</span> <span class='ocrx_word' id='word_1_254' title='bbox 1082 3224 1215 3295; x_wconf 89' lang='lat' dir='ltr'>nostris</span> <span class='ocrx_word' id='word_1_255' title='bbox 1237 3246 1306 3294; x_wconf 90' lang='lat' dir='ltr'>nos</span> <span class='ocrx_word' id='word_1_256' title='bbox 1322 3222 1460 3295; x_wconf 81' lang='lat' dir='ltr'>viribus</span> <span class='ocrx_word' id='word_1_257' title='bbox 1483 3245 1504 3292; x_wconf 91' lang='lat' dir='ltr'>a</span> <span class='ocrx_word' id='word_1_258' title='bbox 1526 3218 1692 3290; x_wconf 91' lang='lat' dir='ltr'>dominio</span> <span class='ocrx_word' id='word_1_259' title='bbox 1710 3220 1848 3315; x_wconf 88' lang='lat' dir='ltr'>peccati</span> 
     </span>
     <span class='ocr_line' id='line_1_24' title="bbox 229 3335 1847 3446; baseline 0.012 -38"><span class='ocrx_word' id='word_1_260' title='bbox 229 3335 380 3410; x_wconf 88' lang='lat' dir='ltr'>liberari</span> <span class='ocrx_word' id='word_1_261' title='bbox 397 3363 602 3438; x_wconf 72' lang='lat' dir='ltr'>possumuS,</span> <span class='ocrx_word' id='word_1_262' title='bbox 632 3341 697 3415; x_wconf 91' lang='lat' dir='ltr'>sed</span> <span class='ocrx_word' id='word_1_263' title='bbox 724 3344 836 3440; x_wconf 91' lang='lat' dir='ltr'>gratia</span> <span class='ocrx_word' id='word_1_264' title='bbox 860 3344 1123 3446; x_wconf 82' lang='lat' dir='ltr'>Redemptoris.</span> <span class='ocrx_word' id='word_1_265' title='bbox 1156 3374 1176 3411; x_wconf 75' lang='lat' dir='ltr'>r</span> <span class='ocrx_word' id='word_1_266' title='bbox 1193 3342 1304 3432; x_wconf 87' lang='lat' dir='ltr'>Quod</span> <span class='ocrx_word' id='word_1_267' title='bbox 1325 3344 1421 3415; x_wconf 90' lang='lat' dir='ltr'>enim</span> <span class='ocrx_word' id='word_1_268' title='bbox 1444 3364 1588 3439; x_wconf 85' lang='lat' dir='ltr'>operor·</span> <span class='ocrx_word' id='word_1_269' title='bbox 1615 3366 1633 3406; x_wconf 72' lang='lat'>&gt;²</span> <span class='ocrx_word' id='word_1_270' title='bbox 1660 3341 1847 3425; x_wconf 71' lang='lat' dir='ltr'>Quantum</span> 
     </span>
     <span class='ocr_line' id='line_1_25' title="bbox 228 3457 1848 3565; baseline 0 -36"><span class='ocrx_word' id='word_1_271' title='bbox 228 3459 387 3530; x_wconf 87' lang='lat' dir='ltr'>carnalis</span> <span class='ocrx_word' id='word_1_272' title='bbox 401 3474 440 3531; x_wconf 88' lang='lat' dir='ltr'>et</span> <span class='ocrx_word' id='word_1_273' title='bbox 452 3459 617 3534; x_wconf 86' lang='lat' dir='ltr'>infirmus</span> <span class='ocrx_word' id='word_1_274' title='bbox 632 3465 678 3535; x_wconf 91' lang='lat' dir='ltr'>sit</span> <span class='ocrx_word' id='word_1_275' title='bbox 695 3464 822 3559; x_wconf 83' lang='lat' dir='ltr'>lactus,</span> <span class='ocrx_word' id='word_1_276' title='bbox 841 3480 877 3537; x_wconf 90' lang='lat' dir='ltr'>et</span> <span class='ocrx_word' id='word_1_277' title='bbox 887 3482 1029 3564; x_wconf 76' lang='lat' dir='ltr'>quanto</span> <span class='ocrx_word' id='word_1_278' title='bbox 1046 3489 1165 3565; x_wconf 84' lang='lat' dir='ltr'>pravae</span> <span class='ocrx_word' id='word_1_279' title='bbox 1186 3462 1460 3537; x_wconf 88' lang='lat' dir='ltr'>consuetudinis</span> <span class='ocrx_word' id='word_1_280' title='bbox 1473 3462 1563 3558; x_wconf 88' lang='lat' dir='ltr'>jugo</span> <span class='ocrx_word' id='word_1_281' title='bbox 1581 3457 1771 3557; x_wconf 82' lang='lat' dir='ltr'>depressus</span> <span class='ocrx_word' id='word_1_282' title='bbox 1788 3482 1848 3530; x_wconf 88' lang='lat' dir='ltr'>os·</span> 
     </span>
     <span class='ocr_line' id='line_1_26' title="bbox 226 3577 1847 3684; baseline 0.001 -35"><span class='ocrx_word' id='word_1_283' title='bbox 226 3577 364 3669; x_wconf 89' lang='lat' dir='ltr'>tendit,</span> <span class='ocrx_word' id='word_1_284' title='bbox 383 3579 507 3653; x_wconf 89' lang='lat' dir='ltr'>diceus</span> <span class='ocrx_word' id='word_1_285' title='bbox 523 3607 562 3655; x_wconf 86' lang='lat' dir='ltr'>se</span> <span class='ocrx_word' id='word_1_286' title='bbox 580 3585 806 3659; x_wconf 89' lang='lat' dir='ltr'>committere</span> <span class='ocrx_word' id='word_1_287' title='bbox 822 3587 976 3660; x_wconf 86' lang='lat' dir='ltr'>scienter</span> <span class='ocrx_word' id='word_1_288' title='bbox 992 3587 1128 3659; x_wconf 89' lang='lat' dir='ltr'>malum</span> <span class='ocrx_word' id='word_1_289' title='bbox 1144 3586 1266 3684; x_wconf 90' lang='lat' dir='ltr'>ipsum</span> <span class='ocrx_word' id='word_1_290' title='bbox 1283 3583 1384 3681; x_wconf 89' lang='lat' dir='ltr'>qnod</span> <span class='ocrx_word' id='word_1_291' title='bbox 1408 3605 1484 3653; x_wconf 93' lang='lat' dir='ltr'>non</span> <span class='ocrx_word' id='word_1_292' title='bbox 1502 3578 1593 3669; x_wconf 86' lang='lat' dir='ltr'>vult,</span> <span class='ocrx_word' id='word_1_293' title='bbox 1612 3579 1715 3677; x_wconf 88' lang='lat' dir='ltr'>quasi</span> <span class='ocrx_word' id='word_1_294' title='bbox 1730 3578 1762 3649; x_wconf 88' lang='lat' dir='ltr'>si</span> <span class='ocrx_word' id='word_1_295' title='bbox 1779 3577 1847 3651; x_wconf 87' lang='lat' dir='ltr'>ali·</span> 
     </span>
     <span class='ocr_line' id='line_1_27' title="bbox 223 3698 1845 3806; baseline -0.001 -35"><span class='ocrx_word' id='word_1_296' title='bbox 223 3698 329 3797; x_wconf 88' lang='lat' dir='ltr'>quis,</span> <span class='ocrx_word' id='word_1_297' title='bbox 344 3715 497 3797; x_wconf 84' lang='lat' dir='ltr'>cogente</span> <span class='ocrx_word' id='word_1_298' title='bbox 506 3704 680 3797; x_wconf 90' lang='lat' dir='ltr'>Domino,</span> <span class='ocrx_word' id='word_1_299' title='bbox 695 3705 733 3777; x_wconf 93' lang='lat' dir='ltr'>id</span> <span class='ocrx_word' id='word_1_300' title='bbox 744 3707 846 3805; x_wconf 90' lang='lat' dir='ltr'>quod</span> <span class='ocrx_word' id='word_1_301' title='bbox 861 3733 935 3781; x_wconf 91' lang='lat' dir='ltr'>non</span> <span class='ocrx_word' id='word_1_302' title='bbox 950 3709 1029 3781; x_wconf 89' lang='lat' dir='ltr'>vult</span> <span class='ocrx_word' id='word_1_303' title='bbox 1039 3720 1223 3806; x_wconf 89' lang='lat' dir='ltr'>operetur.</span> <span class='ocrx_word' id='word_1_304' title='bbox 1234 3700 1358 3777; x_wconf 86' lang='lat' dir='ltr'>Etboc</span> <span class='ocrx_word' id='word_1_305' title='bbox 1370 3718 1461 3796; x_wconf 58' lang='grc' dir='ltr'>θεῖα</span> <span class='ocrx_word' id='word_1_306' title='bbox 1473 3700 1573 3800; x_wconf 88' lang='lat' dir='ltr'>quod</span> <span class='ocrx_word' id='word_1_307' title='bbox 1587 3699 1685 3772; x_wconf 89' lang='lat' dir='ltr'>enim</span> <span class='ocrx_word' id='word_1_308' title='bbox 1699 3723 1845 3798; x_wconf 89' lang='lat' dir='ltr'>operor,</span> 
     </span>
     <span class='ocr_line' id='line_1_28' title="bbox 222 3818 1849 3925; baseline 0.001 -35"><span class='ocrx_word' id='word_1_309' title='bbox 222 3843 310 3890; x_wconf 90' lang='lat' dir='ltr'>non</span> <span class='ocrx_word' id='word_1_310' title='bbox 328 3820 522 3919; x_wconf 76' lang='lat' dir='ltr'>intelligo»</span> <span class='ocrx_word' id='word_1_311' title='bbox 541 3848 618 3897; x_wconf 87' lang='lat' dir='ltr'>esse</span> <span class='ocrx_word' id='word_1_312' title='bbox 642 3828 884 3925; x_wconf 87' lang='lat' dir='ltr'>operandum,</span> <span class='ocrx_word' id='word_1_313' title='bbox 908 3829 947 3901; x_wconf 91' lang='lat' dir='ltr'>id</span> <span class='ocrx_word' id='word_1_314' title='bbox 963 3839 1018 3902; x_wconf 87' lang='grc' dir='ltr'>θεῖ</span> <span class='ocrx_word' id='word_1_315' title='bbox 1034 3852 1111 3901; x_wconf 90' lang='lat' dir='ltr'>non</span> <span class='ocrx_word' id='word_1_316' title='bbox 1126 3824 1239 3899; x_wconf 90' lang='lat' dir='ltr'>credo</span> <span class='ocrx_word' id='word_1_317' title='bbox 1256 3838 1300 3898; x_wconf 89' lang='lat' dir='ltr'>ut</span> <span class='ocrx_word' id='word_1_318' title='bbox 1313 3822 1392 3897; x_wconf 87' lang='lat' dir='ltr'>lieri</span> <span class='ocrx_word' id='word_1_319' title='bbox 1408 3823 1553 3912; x_wconf 84' lang='lat' dir='ltr'>debeat,</span> <span class='ocrx_word' id='word_1_320' title='bbox 1572 3822 1685 3893; x_wconf 87' lang='lat' dir='ltr'>immo</span> <span class='ocrx_word' id='word_1_321' title='bbox 1703 3818 1849 3892; x_wconf 88' lang='lat' dir='ltr'>indubi-</span> 
     </span>
     <span class='ocr_line' id='line_1_29' title="bbox 218 3943 1848 4044; baseline -0.001 -26"><span class='ocrx_word' id='word_1_322' title='bbox 218 3959 354 4018; x_wconf 83' lang='lat' dir='ltr'>tanter</span> <span class='ocrx_word' id='word_1_323' title='bbox 370 3946 444 4017; x_wconf 85' lang='lat' dir='ltr'>scio</span> <span class='ocrx_word' id='word_1_324' title='bbox 463 3971 542 4021; x_wconf 84' lang='lat' dir='ltr'>esse</span> <span class='ocrx_word' id='word_1_325' title='bbox 558 3949 712 4044; x_wconf 82' lang='lat' dir='ltr'>malum,</span> <span class='ocrx_word' id='word_1_326' title='bbox 728 3968 764 4026; x_wconf 89' lang='lat' dir='ltr'>et</span> <span class='ocrx_word' id='word_1_327' title='bbox 778 3954 863 4026; x_wconf 85' lang='lat' dir='ltr'>ideo</span> <span class='ocrx_word' id='word_1_328' title='bbox 879 3978 955 4026; x_wconf 90' lang='lat' dir='ltr'>non</span> <span class='ocrx_word' id='word_1_329' title='bbox 972 3978 1049 4026; x_wconf 85' lang='lat' dir='ltr'>esse</span> <span class='ocrx_word' id='word_1_330' title='bbox 1067 3951 1287 4025; x_wconf 83' lang='lat' dir='ltr'>laciendum.</span> <span class='ocrx_word' id='word_1_331' title='bbox 1301 3980 1320 4020; x_wconf 76' lang='lat' dir='ltr'>a</span> <span class='ocrx_word' id='word_1_332' title='bbox 1339 3953 1420 4023; x_wconf 88' lang='lat' dir='ltr'>Non</span> <span class='ocrx_word' id='word_1_333' title='bbox 1438 3949 1537 4021; x_wconf 90' lang='lat' dir='ltr'>enim</span> <span class='ocrx_word' id='word_1_334' title='bbox 1548 3945 1661 4044; x_wconf 89' lang='lat' dir='ltr'>quod.</span> <span class='ocrx_word' id='word_1_335' title='bbox 1680 3973 1698 4013; x_wconf 80' lang='lat' dir='ltr'>n</span> <span class='ocrx_word' id='word_1_336' title='bbox 1714 3943 1848 4017; x_wconf 83' lang='lat' dir='ltr'>Probat</span> 
     </span>
     <span class='ocr_line' id='line_1_30' title="bbox 215 4066 1848 4174; baseline 0.001 -38"><span class='ocrx_word' id='word_1_337' title='bbox 215 4091 265 4138; x_wconf 79' lang='lat' dir='ltr'>se</span> <span class='ocrx_word' id='word_1_338' title='bbox 279 4066 381 4138; x_wconf 88' lang='lat' dir='ltr'>male</span> <span class='ocrx_word' id='word_1_339' title='bbox 394 4089 500 4163; x_wconf 81' lang='lat' dir='ltr'>agere</span> <span class='ocrx_word' id='word_1_340' title='bbox 516 4085 645 4144; x_wconf 89' lang='lat' dir='ltr'>contra</span> <span class='ocrx_word' id='word_1_341' title='bbox 659 4075 846 4174; x_wconf 86' lang='lat' dir='ltr'>propriam</span> <span class='ocrx_word' id='word_1_342' title='bbox 859 4075 1131 4164; x_wconf 88' lang='lat' dir='ltr'>conscientiam,</span> <span class='ocrx_word' id='word_1_343' title='bbox 1160 4072 1246 4171; x_wconf 90' lang='lat' dir='ltr'>quia</span> <span class='ocrx_word' id='word_1_344' title='bbox 1268 4072 1380 4144; x_wconf 83' lang='lat' dir='ltr'>etiam</span> <span class='ocrx_word' id='word_1_345' title='bbox 1400 4068 1503 4168; x_wconf 89' lang='lat' dir='ltr'>quod</span> <span class='ocrx_word' id='word_1_346' title='bbox 1524 4068 1666 4140; x_wconf 86' lang='lat' dir='ltr'>bonum</span> <span class='ocrx_word' id='word_1_347' title='bbox 1688 4089 1765 4138; x_wconf 85' lang='lat' dir='ltr'>esse</span> <span class='ocrx_word' id='word_1_348' title='bbox 1791 4089 1848 4138; x_wconf 78' lang='lat' dir='ltr'>re·</span> 
     </span>
     <span class='ocr_line' id='line_1_31' title="bbox 213 4185 1845 4290; baseline -0.001 -33"><span class='ocrx_word' id='word_1_349' title='bbox 213 4185 423 4281; x_wconf 84' lang='lat' dir='ltr'>cognoscit</span> <span class='ocrx_word' id='word_1_350' title='bbox 439 4185 599 4284; x_wconf 90' lang='lat' dir='ltr'>dimittit,</span> <span class='ocrx_word' id='word_1_351' title='bbox 619 4205 654 4263; x_wconf 91' lang='lat' dir='ltr'>et</span> <span class='ocrx_word' id='word_1_352' title='bbox 664 4194 766 4290; x_wconf 88' lang='lat' dir='ltr'>quod</span> <span class='ocrx_word' id='word_1_353' title='bbox 784 4219 859 4267; x_wconf 93' lang='lat' dir='ltr'>non</span> <span class='ocrx_word' id='word_1_354' title='bbox 878 4194 1020 4267; x_wconf 83' lang='lat' dir='ltr'>dubitat</span> <span class='ocrx_word' id='word_1_355' title='bbox 1035 4218 1113 4267; x_wconf 87' lang='lat' dir='ltr'>esse</span> <span class='ocrx_word' id='word_1_356' title='bbox 1129 4194 1266 4265; x_wconf 85' lang='lat' dir='ltr'>malurn</span> <span class='ocrx_word' id='word_1_357' title='bbox 1281 4192 1379 4265; x_wconf 84' lang='lat' dir='ltr'>facit.</span> <span class='ocrx_word' id='word_1_358' title='bbox 1400 4195 1444 4262; x_wconf 86' lang='lat' dir='ltr'>Et</span> <span class='ocrx_word' id='word_1_359' title='bbox 1459 4188 1531 4261; x_wconf 92' lang='lat' dir='ltr'>hoc</span> <span class='ocrx_word' id='word_1_360' title='bbox 1549 4185 1720 4286; x_wconf 88' lang='lat' dir='ltr'>estquod</span> <span class='ocrx_word' id='word_1_361' title='bbox 1737 4185 1845 4258; x_wconf 87' lang='lat' dir='ltr'>dicit:</span> 
     </span>
     <span class='ocr_line' id='line_1_32' title="bbox 212 4306 1849 4414; baseline 0.004 -42"><span class='ocrx_word' id='word_1_362' title='bbox 212 4332 236 4369; x_wconf 74' lang='grc' dir='ltr'>ι</span> <span class='ocrx_word' id='word_1_363' title='bbox 254 4307 349 4377; x_wconf 86' lang='grc' dir='ltr'>Ηοθ</span> <span class='ocrx_word' id='word_1_364' title='bbox 364 4329 446 4403; x_wconf 85' lang='lat' dir='ltr'>ago,</span> <span class='ocrx_word' id='word_1_365' title='bbox 464 4335 483 4374; x_wconf 73' lang='lat' dir='ltr'>»r</span> <span class='ocrx_word' id='word_1_366' title='bbox 496 4307 534 4380; x_wconf 92' lang='lat' dir='ltr'>id</span> <span class='ocrx_word' id='word_1_367' title='bbox 550 4323 603 4383; x_wconf 87' lang='lat' dir='ltr'>est</span> <span class='ocrx_word' id='word_1_368' title='bbox 620 4336 697 4384; x_wconf 88' lang='lat' dir='ltr'>non</span> <span class='ocrx_word' id='word_1_369' title='bbox 713 4313 806 4388; x_wconf 77' lang='lat' dir='ltr'>facio</span> <span class='ocrx_word' id='word_1_370' title='bbox 818 4315 973 4406; x_wconf 89' lang='lat' dir='ltr'>bonum,</span> <span class='ocrx_word' id='word_1_371' title='bbox 988 4345 1009 4383; x_wconf 75' lang='grc' dir='ltr'><strong>α</strong></span> <span class='ocrx_word' id='word_1_372' title='bbox 1022 4313 1124 4414; x_wconf 85' lang='lat' dir='ltr'>quod</span> <span class='ocrx_word' id='word_1_373' title='bbox 1140 4313 1240 4405; x_wconf 78' lang='lat' dir='ltr'>volo,</span> <span class='ocrx_word' id='word_1_374' title='bbox 1257 4340 1273 4381; x_wconf 83' lang='lat' dir='ltr'>u</span> <span class='ocrx_word' id='word_1_375' title='bbox 1291 4312 1331 4384; x_wconf 95' lang='lat' dir='ltr'>id</span> <span class='ocrx_word' id='word_1_376' title='bbox 1348 4310 1515 4409; x_wconf 86' lang='lat' dir='ltr'>estquod</span> <span class='ocrx_word' id='word_1_377' title='bbox 1532 4308 1699 4409; x_wconf 82' lang='lat' dir='ltr'>approbo</span> <span class='ocrx_word' id='word_1_378' title='bbox 1716 4306 1849 4380; x_wconf 88' lang='lat' dir='ltr'>debere</span> 
     </span>
    </p>

    <p class='ocr_par' dir='ltr' id='par_1_4' title="bbox 196 4422 1850 5017">
     <span class='ocr_line' id='line_1_33' title="bbox 206 4422 1849 4541; baseline 0.002 -45"><span class='ocrx_word' id='word_1_379' title='bbox 206 4422 324 4516; x_wconf 77' lang='lat' dir='ltr'>fieri,</span> <span class='ocrx_word' id='word_1_380' title='bbox 342 4440 380 4497; x_wconf 92' lang='lat' dir='ltr'>et</span> <span class='ocrx_word' id='word_1_381' title='bbox 393 4427 452 4499; x_wconf 91' lang='lat' dir='ltr'>cui</span> <span class='ocrx_word' id='word_1_382' title='bbox 463 4453 530 4527; x_wconf 86' lang='lat' dir='ltr'>per</span> <span class='ocrx_word' id='word_1_383' title='bbox 541 4432 721 4505; x_wconf 88' lang='lat' dir='ltr'>rationem</span> <span class='ocrx_word' id='word_1_384' title='bbox 736 4438 939 4510; x_wconf 88' lang='lat' dir='ltr'>consentio.</span> <span class='ocrx_word' id='word_1_385' title='bbox 963 4467 980 4503; x_wconf 74' lang='lat' dir='ltr'>a</span> <span class='ocrx_word' id='word_1_386' title='bbox 995 4435 1067 4508; x_wconf 86' lang='lat' dir='ltr'>Sed</span> <span class='ocrx_word' id='word_1_387' title='bbox 1081 4434 1220 4507; x_wconf 90' lang='lat' dir='ltr'>malum</span> <span class='ocrx_word' id='word_1_388' title='bbox 1233 4432 1334 4532; x_wconf 90' lang='lat' dir='ltr'>quod</span> <span class='ocrx_word' id='word_1_389' title='bbox 1352 4432 1429 4522; x_wconf 91' lang='lat' dir='ltr'>odi,</span> <span class='ocrx_word' id='word_1_390' title='bbox 1444 4459 1462 4499; x_wconf 82' lang='lat' dir='ltr'>n</span> <span class='ocrx_word' id='word_1_391' title='bbox 1485 4429 1590 4541; x_wconf 80' lang='lat' dir='ltr'>idest</span> <span class='ocrx_word' id='word_1_392' title='bbox 1606 4427 1720 4527; x_wconf 88' lang='lat' dir='ltr'>quod,</span> <span class='ocrx_word' id='word_1_393' title='bbox 1737 4442 1777 4499; x_wconf 90' lang='lat' dir='ltr'>ut</span> <span class='ocrx_word' id='word_1_394' title='bbox 1794 4427 1849 4500; x_wconf 92' lang='lat' dir='ltr'>di·</span> 
     </span>
     <span class='ocr_line' id='line_1_34' title="bbox 203 4549 1846 4655; baseline -0.004 -35"><span class='ocrx_word' id='word_1_395' title='bbox 203 4560 335 4619; x_wconf 77' lang='lat' dir='ltr'>ctum</span> <span class='ocrx_word' id='word_1_396' title='bbox 354 4559 422 4637; x_wconf 89' lang='lat' dir='ltr'>est,</span> <span class='ocrx_word' id='word_1_397' title='bbox 446 4572 522 4620; x_wconf 90' lang='lat' dir='ltr'>non</span> <span class='ocrx_word' id='word_1_398' title='bbox 548 4552 648 4647; x_wconf 83' lang='lat' dir='ltr'>volo,</span> <span class='ocrx_word' id='word_1_399' title='bbox 674 4550 904 4630; x_wconf 82' lang='lat' dir='ltr'>sedrationis</span> <span class='ocrx_word' id='word_1_400' title='bbox 921 4557 1059 4654; x_wconf 87' lang='lat' dir='ltr'>judicio</span> <span class='ocrx_word' id='word_1_401' title='bbox 1083 4553 1244 4655; x_wconf 88' lang='lat' dir='ltr'>reprobo</span> <span class='ocrx_word' id='word_1_402' title='bbox 1269 4566 1377 4651; x_wconf 78' lang='lat' dir='ltr'>atque</span> <span class='ocrx_word' id='word_1_403' title='bbox 1401 4550 1551 4623; x_wconf 89' lang='lat' dir='ltr'>damno.</span> <span class='ocrx_word' id='word_1_404' title='bbox 1574 4579 1592 4618; x_wconf 71' lang='grc' dir='ltr'>ε</span> <span class='ocrx_word' id='word_1_405' title='bbox 1613 4549 1651 4621; x_wconf 87' lang='lat' dir='ltr'>si</span> <span class='ocrx_word' id='word_1_406' title='bbox 1669 4564 1803 4621; x_wconf 87' lang='lat' dir='ltr'>autem.</span> <span class='ocrx_word' id='word_1_407' title='bbox 1828 4577 1846 4614; x_wconf 72' lang='grc' dir='ltr'>ε</span> 
     </span>
     <span class='ocr_line' id='line_1_35' title="bbox 201 4662 1850 4773; baseline 0 -35"><span class='ocrx_word' id='word_1_408' title='bbox 201 4662 341 4738; x_wconf 80' lang='lat' dir='ltr'>Redit</span> <span class='ocrx_word' id='word_1_409' title='bbox 359 4664 408 4738; x_wconf 90' lang='lat' dir='ltr'>ad</span> <span class='ocrx_word' id='word_1_410' title='bbox 419 4671 774 4747; x_wconf 89' lang='lat' dir='ltr'>commendationem</span> <span class='ocrx_word' id='word_1_411' title='bbox 791 4676 892 4773; x_wconf 89' lang='lat' dir='ltr'>legis,</span> <span class='ocrx_word' id='word_1_412' title='bbox 915 4690 953 4749; x_wconf 91' lang='lat' dir='ltr'>ut</span> <span class='ocrx_word' id='word_1_413' title='bbox 969 4701 1013 4749; x_wconf 82' lang='lat' dir='ltr'>ex</span> <span class='ocrx_word' id='word_1_414' title='bbox 1028 4690 1157 4749; x_wconf 88' lang='lat' dir='ltr'>nostro</span> <span class='ocrx_word' id='word_1_415' title='bbox 1171 4696 1322 4773; x_wconf 88' lang='lat' dir='ltr'>quoque</span> <span class='ocrx_word' id='word_1_416' title='bbox 1343 4671 1481 4769; x_wconf 89' lang='lat' dir='ltr'>judicio</span> <span class='ocrx_word' id='word_1_417' title='bbox 1500 4695 1589 4744; x_wconf 83' lang='lat' dir='ltr'>cam</span> <span class='ocrx_word' id='word_1_418' title='bbox 1613 4669 1749 4743; x_wconf 88' lang='lat' dir='ltr'>bonam</span> <span class='ocrx_word' id='word_1_419' title='bbox 1772 4690 1850 4739; x_wconf 76' lang='lat' dir='ltr'>esse</span> 
     </span>
     <span class='ocr_line' id='line_1_36' title="bbox 198 4786 1850 4895; baseline -0.001 -36"><span class='ocrx_word' id='word_1_420' title='bbox 198 4786 445 4881; x_wconf 82' lang='lat' dir='ltr'>convincat,</span> <span class='ocrx_word' id='word_1_421' title='bbox 462 4792 548 4887; x_wconf 88' lang='lat' dir='ltr'>quia</span> <span class='ocrx_word' id='word_1_422' title='bbox 565 4789 603 4863; x_wconf 91' lang='lat' dir='ltr'>id</span> <span class='ocrx_word' id='word_1_423' title='bbox 616 4792 785 4867; x_wconf 83' lang='lat' dir='ltr'>videlicet</span> <span class='ocrx_word' id='word_1_424' title='bbox 798 4795 968 4895; x_wconf 88' lang='lat' dir='ltr'>prohibet</span> <span class='ocrx_word' id='word_1_425' title='bbox 980 4794 1081 4893; x_wconf 89' lang='lat' dir='ltr'>quod</span> <span class='ocrx_word' id='word_1_426' title='bbox 1096 4821 1163 4868; x_wconf 91' lang='lat' dir='ltr'>nos</span> <span class='ocrx_word' id='word_1_427' title='bbox 1180 4820 1248 4895; x_wconf 90' lang='lat' dir='ltr'>per</span> <span class='ocrx_word' id='word_1_428' title='bbox 1258 4795 1437 4867; x_wconf 84' lang='lat' dir='ltr'>rationem</span> <span class='ocrx_word' id='word_1_429' title='bbox 1463 4816 1539 4865; x_wconf 83' lang='lat' dir='ltr'>esse</span> <span class='ocrx_word' id='word_1_430' title='bbox 1559 4791 1696 4862; x_wconf 88' lang='lat' dir='ltr'>malum</span> <span class='ocrx_word' id='word_1_431' title='bbox 1722 4786 1850 4884; x_wconf 81' lang='lat' dir='ltr'>depre-</span> 
     </span>
     <span class='ocr_line' id='line_1_37' title="bbox 196 4902 1846 5017; baseline -0.003 -37"><span class='ocrx_word' id='word_1_432' title='bbox 196 4902 447 5001; x_wconf 82' lang='lat' dir='ltr'>hendimus,</span> <span class='ocrx_word' id='word_1_433' title='bbox 463 4910 556 4984; x_wconf 84' lang='lat' dir='ltr'>sicut</span> <span class='ocrx_word' id='word_1_434' title='bbox 573 4926 628 4985; x_wconf 86' lang='lat' dir='ltr'>est</span> <span class='ocrx_word' id='word_1_435' title='bbox 644 4918 952 5017; x_wconf 87' lang='lat' dir='ltr'>concupiscentia,</span> <span class='ocrx_word' id='word_1_436' title='bbox 969 4943 1055 4991; x_wconf 89' lang='lat' dir='ltr'>cum</span> <span class='ocrx_word' id='word_1_437' title='bbox 1070 4917 1146 4991; x_wconf 90' lang='lat' dir='ltr'>ait:</span> <span class='ocrx_word' id='word_1_438' title='bbox 1169 4946 1187 4983; x_wconf 72' lang='grc' dir='ltr'>ε</span> <span class='ocrx_word' id='word_1_439' title='bbox 1210 4920 1291 4988; x_wconf 87' lang='lat' dir='ltr'>Non</span> <span class='ocrx_word' id='word_1_440' title='bbox 1311 4913 1559 5013; x_wconf 71' lang='lat' dir='ltr'>concirpiscea.</span> <span class='ocrx_word' id='word_1_441' title='bbox 1583 4938 1601 4978; x_wconf 81' lang='lat' dir='ltr'>u</span> <span class='ocrx_word' id='word_1_442' title='bbox 1629 4913 1674 4980; x_wconf 88' lang='lat' dir='ltr'>Et</span> <span class='ocrx_word' id='word_1_443' title='bbox 1689 4906 1761 4978; x_wconf 88' lang='lat' dir='ltr'>hoc</span> <span class='ocrx_word' id='word_1_444' title='bbox 1780 4916 1846 4996; x_wconf 76' lang='lat' dir='ltr'>est,</span> 
     </span>
    </p>
   </div>
   <div class='ocr_carea' id='block_1_3' title="bbox 231 5176 904 5253">
    <p class='ocr_par' dir='ltr' id='par_1_5' title="bbox 231 5176 904 5253">
     <span class='ocr_line' id='line_1_38' title="bbox 231 5176 904 5253; baseline 0.016 -20"><span class='ocrx_word' id='word_1_445' title='bbox 231 5176 386 5234; x_wconf 63' lang='lat' dir='ltr'>’reatu</span> <span class='ocrx_word' id='word_1_446' title='bbox 399 5193 441 5247; x_wconf 75' lang='lat' dir='ltr'>cx,</span> <span class='ocrx_word' id='word_1_447' title='bbox 455 5196 480 5235; x_wconf 81' lang='lat' dir='ltr'>r.</span> <span class='ocrx_word' id='word_1_448' title='bbox 496 5187 534 5239; x_wconf 83' lang='lat' dir='ltr'>tt.</span> <span class='ocrx_word' id='word_1_449' title='bbox 545 5190 596 5225; x_wconf 82' lang='lat'>-¹</span> <span class='ocrx_word' id='word_1_450' title='bbox 611 5188 710 5242; x_wconf 74' lang='lat' dir='ltr'>natm.</span> <span class='ocrx_word' id='word_1_451' title='bbox 724 5203 811 5253; x_wconf 78' lang='lat' dir='ltr'>ctvnr,</span> <span class='ocrx_word' id='word_1_452' title='bbox 827 5205 850 5246; x_wconf 80' lang='lat' dir='ltr'>r.</span> <span class='ocrx_word' id='word_1_453' title='bbox 861 5197 904 5246; x_wconf 64' lang='lat'>26.</span> 
     </span>
    </p>
   </div>
   <div class='ocr_carea' id='block_1_4' title="bbox 0 0 2285 6100">
    <p class='ocr_par' dir='ltr' id='par_1_6' title="bbox 0 0 2285 6100">
     <span class='ocr_line' id='line_1_39' title="bbox 0 0 2285 6100; baseline 0 0"><span class='ocrx_word' id='word_1_454' title='bbox 0 0 2285 6100; x_wconf 95' lang='lat' dir='ltr'> </span> 
     </span>
    </p>
   </div>
  </div>
 </body>
</html>
