4559 6100
539 637 543 643 ·
660 612 703 686 ΙΝ
728 605 976 686 srts'rotltt
999 613 1061 686 lu
1085 614 1314 689 ROMANOS.
1719 618 1789 695 l{83

191 763 251 835 hic
266 758 401 834 habere
416 759 626 878 videbatur3
645 761 710 834 sed
725 785 827 861 aeque
842 762 1012 835 omnibus
1027 764 1227 837 secundum
1252 766 1379 839 merita
1395 759 1538 862 reddit,
1558 786 1631 845 tam
1648 771 1787 849 haben·

191 880 286 954 tibus
297 905 407 978 quarn
424 905 499 954 non
517 880 734 954 habentibus
745 880 874 978 legem,
895 896 969 955 tam
984 882 1027 955 iis
1046 883 1162 982 quise
1175 882 1561 983 essedcgenerelsrael
1574 890 1785 989 gloriantur,

191 1023 300 1099 quam
313 1001 459 1074 caeteris.
477 1005 520 1073 Et
534 1000 635 1100 quod
649 1001 847 1074 secundum
867 1004 993 1076 merita
1007 1017 1148 1078 tantum
1165 1003 1293 1078 reddat
1302 1005 1471 1098 ostendit,
1488 1033 1572 1082 cum
1588 1013 1786 1087 secundum

190 1122 426 1220 quantitatem
442 1124 762 1220 transgressionum
781 1124 826 1195 sit
839 1125 1019 1222 quantitas
1033 1149 1238 1224 poenarum.
1263 1125 1366 1197 Unde
1381 1127 1542 1202 similiter
1564 1129 1610 1202 de
1635 1134 1789 1230 premiis

190 1240 528 1339 subintelligendum
551 1257 704 1316 constat.
727 1243 828 1317 Sicut
851 1245 973 1343 itaque
994 1245 1111 1344 major
1138 1260 1192 1320 est
1213 1247 1446 1345 transgressio
1468 1249 1559 1346 ejus,
1584 1251 1647 1348 qui
1673 1251 1811 1349 legem

190 1386 336 1461 quoque
346 1363 516 1461 scriptam
528 1363 808 1463 accepit,-quam
822 1363 916 1437 illius
932 1364 996 1461 qui
1010 1364 1086 1439 sola
1100 1367 1251 1440 naturali
1265 1368 1541 1442 estinstructns:
1554 1370 1603 1443 ita
1615 1371 1788 1468 majorem

190 1482 265 1580 ejus
278 1506 360 1558 esse
374 1505 520 1581 poenam
535 1483 707 1575 ostendit,
727 1498 763 1556 et
777 1483 922 1557 alterius
941 1485 1134 1577 minorem,
1154 1486 1303 1560 dicens:
1325 1487 1432 1576 «Qui
1456 1506 1699 1588 peccaverunt
1712 1493 1789 1565 sine

190 1600 278 1698 lege,
293 1632 311 1668 s
323 1602 456 1676 scilicet
468 1603 611 1702 scripta,
630 1603 723 1676 sicut
735 1603 907 1696 Gentiles,
922 1603 960 1676 id
976 1619 1028 1678 est
1045 1630 1120 1678 non
1134 1630 1215 1678 eam
1232 1604 1404 1678 habentes
1421 1631 1493 1703 qua
1508 1608 1784 1706 instruerentur,

188 1719 358 1818 peribunt
374 1722 535 1820 quidem,
551 1722 589 1794 id
603 1736 657 1795 est
672 1720 955 1817 damnabuntur,
972 1724 1036 1798 sed
1051 1725 1130 1797 sine
1150 1723 1229 1823 lege
1246 1724 1427 1825 peribunt,
1456 1725 1494 1797 id
1518 1741 1570 1798 est
1589 1727 1728 1801 nullam
1743 1756 1784 1804 ex

188 1842 467 1938 transgressione
491 1842 578 1940 legis
600 1843 738 1941 scriptae
761 1867 907 1941 poenam
932 1844 1131 1937 incurrent,
1160 1844 1225 1918 sed
1251 1870 1294 1918 ex
1320 1847 1599 1941 transgressione
1616 1849 1788 1923 naturalis

189 1958 273 2057 legis
288 1974 443 2035 tantum.
467 1965 543 2033 «Et
554 1961 761 2061 quicunque
776 1964 814 2035 in
830 1961 907 2060 lege
924 1976 1177 2063 peccaverunt,
1203 1992 1222 2033 n
1250 1964 1288 2037 id
1314 1978 1367 2038 est
1390 1990 1456 2065 per
1471 1969 1787 2064 transgressionem

189 2103 333 2179 quoque
351 2082 489 2181 scripte
504 2082 604 2179 legis,
619 2082 710 2155 sicut
721 2083 846 2178 Judaei,
869 2114 887 2150 a
906 2082 1100 2184 perlegam
1116 2084 1390 2183 judicabuntur,
1408 2115 1426 2152 a
1444 2085 1518 2158 hoc
1539 2100 1593 2159 est
1617 2089 1786 2161 convinci

190 2214 310 2298 aperte
325 2202 378 2273 rei
392 2215 561 2300 poterunt
583 2227 649 2301 per
665 2202 925 2301 professionem
942 2203 1029 2300 legis
1046 2218 1218 2304 susceptae
1232 2229 1342 2303 quarn
1359 2227 1434 2277 non
1449 2220 1694 2278 servaverunt.
1713 2207 1783 2280 Sed

190 2343 274 2392 cum
289 2320 405 2417 major
417 2322 462 2393 sit
481 2322 632 2394 istorum
648 2321 879 2418 transgressio
896 2323 960 2420 qui
976 2322 1064 2419 legis
1077 2347 1225 2422 quoque
1241 2324 1380 2422 scripta
1395 2337 1671 2420 transgressores
1685 2340 1781 2413 sunt,

191 2438 393 2536 quamlegis
409 2439 594 2532 naturalis,
611 2464 723 2538 quare
735 2440 785 2512 ibi
798 2440 887 2512 dixit
904 2440 1118 2538 «peribunt,
1134 2471 1152 2508 »
1164 2440 1224 2512 hic
1233 2440 1322 2514 dixit
1337 2472 1355 2508 a
1364 2441 1646 2537 judicabuntur?
1659 2474 1677 2509 »
1692 2447 1784 2515 Cum

188 2557 353 2632 videlicet
369 2583 411 2632 ea
424 2584 504 2657 quae
517 2560 654 2659 judicio
669 2574 896 2633 reservantur
909 2575 1058 2659 peccata
1074 2583 1150 2632 non
1167 2573 1307 2632 tantum
1319 2558 1509 2633 videantur
1526 2576 1702 2659 quantum
1724 2562 1784 2634 illa

188 2702 267 2775 quae
279 2678 455 2775 judicium
467 2704 542 2752 non
559 2693 776 2778 exspectant,
793 2678 856 2751 sed
868 2681 987 2752 statim
1002 2679 1190 2770 damnant,
1202 2693 1238 2752 et
1246 2681 1364 2779 perire
1373 2705 1475 2752 reum
1486 2695 1634 2779 cogunt,
1646 2680 1783 2779 absque
1827 2777 1835 2787 Β

190 2796 263 2870 ιιΙΙο
277 2799 413 2872 scilicet
436 2800 562 2897 judicii
583 2801 759 2873 examine.
792 2798 862 2871 Sed
881 2800 1043 2899 prolecto
1071 2815 1111 2872 ut
1137 2799 1308 2890 diximus,
1340 2799 1528 2896 «judicari
1548 2830 1566 2866 a
1591 2800 1691 2891 dixit,
1716 2827 1783 2901 pro

188 2933 308 3016 aperte
333 2920 523 3010 convinci3
543 2933 584 2992 ut
599 2933 700 2991 tanto
722 2920 836 3016 majus
852 2935 1041 3019 peccatum
1067 2933 1250 3020 appareat,
1273 2933 1411 3017 quanto
1437 2921 1594 3020 apertius
1617 2924 1784 2994 convinci
1875 2933 1879 2942 “

188 3052 317 3135 potest,
336 3064 381 3112 ex
393 3039 673 3136 transgressione
688 3037 821 3111 scilicet
836 3040 975 3139 scriptae
991 3040 1090 3139 legis,
1106 3066 1187 3160 quae
1199 3054 1322 3139 aperte
1337 3064 1360 3113 a
1376 3043 1455 3112 Deo
1475 3066 1598 3114 coram
1614 3040 1784 3115 omnibus

188 3172 240 3229 est
265 3158 408 3252 tradita,
438 3176 473 3233 et
499 3157 693 3234 miraculis⁴
707 3157 934 3233 confirmata.
964 3165 1052 3248 Quae
1089 3161 1188 3233 enirn
1212 3159 1360 3258 publico
1386 3159 1524 3257 judicio
1550 3160 1780 3252 damnantur,

187 3293 309 3377 aperte
317 3295 530 3377 arguuntur,
538 3305 606 3353 nec
620 3293 701 3378 post
716 3280 929 3353 sententiam
938 3279 1067 3377 judicii
1078 3279 1331 3379 approbatam,
1344 3279 1569 3353 defensorem
1579 3282 1779 3353 inveniunt.

236 3426 256 3466 a
280 3402 359 3470 Non
387 3401 483 3471 enirn
508 3399 743 3471 auditores.»
771 3399 900 3497 Incipit
923 3400 1079 3471 invectio
1111 3401 1149 3470 in
1176 3399 1331 3470 Judaeos.
1358 3399 1488 3471 Dixit:
1524 3431 1541 3466 «ι
1573 3406 1640 3471 Per
1665 3399 1780 3496 legem

182 3511 453 3607 judicabuntur,
471 3542 489 3582 n
508 3527 680 3611 tanquam
704 3515 755 3585 rei
781 3511 935 3602 scilicet,
954 3514 1040 3611 quia
1061 3512 1145 3585 licet
1163 3513 1279 3610 legem
1304 3512 1467 3607 audiant,
1487 3536 1563 3585 non
1590 3514 1672 3585 ideo
1693 3515 1780 3610 justi

138 3610 148 3639 ¹
185 3646 281 3726 sunt,
299 3635 366 3705 nisi
384 3658 494 3732 opera
510 3634 641 3706 faciant
657 3658 737 3731 quae
757 3633 813 3705 lcx
830 3632 996 3706 videlicet
1019 3633 1191 3732 praecipit.
1214 3636 1258 3703 Et
1279 3631 1351 3703 hoc
1373 3646 1428 3704 est
1451 3659 1492 3703 :a
1507 3637 1587 3704 Non
1603 3633 1700 3704 enim
1721 3657 1782 3705 au·

185 3751 368 3826 ditores.»
387 3758 465 3826 Hoc
483 3769 549 3846 est,
570 3779 647 3827 non
666 3755 753 3852 quia
773 3768 858 3825 sunt
875 3752 1058 3826 auditores
1074 3754 1174 3851 legis,
1190 3753 1277 3849 justi
1297 3766 1381 3825 suut
1401 3752 1498 3851 apud
1516 3757 1654 3844 Deum,
1673 3753 1709 3825 id
1729 3770 1782 3826 est

185 3870 309 3945 divino
322 3871 472 3970 judicio,
492 3875 656 3971 quamvis
678 3872 856 3965 humano,
880 3903 898 3938 α
911 3872 974 3945 sed
997 3872 1163 3962 factores,
1183 3902 1201 3939 a
1221 3871 1260 3943 id
1281 3887 1347 3965 est,
1373 3873 1457 3970 quia
1474 3873 1607 3945 faciunt
1628 3898 1707 3971 quae
1724 3873 1781 3947 lex

184 3995 356 4094 precipit.
383 4000 426 4066 tt
450 4021 536 4069 vero
559 4022 642 4068 cum
668 3995 753 4069 alibi
773 3996 868 4068 dicat
889 3996 1073 4067 neminem
1095 3994 1281 4093 justificari
1307 4020 1350 4068 ex
1375 3996 1547 4094 operibus
1566 3996 1665 4095 legis,
1692 4022 1782 4095 quo·

184 4116 297 4187 modo
313 4141 413 4188 nunc
427 4115 514 4188 dicit
529 4116 681 4189 factores
696 4117 783 4212 legis
796 4115 996 4212 justificari,
1008 4116 1077 4188 nisi
1092 4116 1166 4188 hoc
1182 4116 1265 4188 loco
1283 4116 1435 4191 factores
1452 4115 1561 4207 dicat,
1577 4117 1640 4213 qui
1657 4141 1780 4192 amore

183 4236 248 4308 Ilei
271 4234 320 4307 ad
344 4235 550 4307 laciendum
573 4237 765 4335 spontanei
790 4249 887 4328 sunt,
909 4235 1114 4308 secundum
1139 4234 1241 4333 quod
1266 4234 1366 4306 bona
1389 4233 1556 4307 voluntas
1579 4257 1647 4333 pro
1670 4260 1780 4335 opere

183 4353 265 4426 facti
282 4368 481 4453 reputatur,
500 4370 541 4426 ut
556 4355 736 4427 diximus?
754 4358 834 4427 Non
850 4355 949 4426 enirn
965 4354 1133 4426 exteriori
1147 4378 1256 4453 opere
1272 4359 1351 4426 Deo
1368 4334 1564 4452 placemus,
1579 4354 1643 4426 sed
1659 4357 1779 4453 potius

184 4497 223 4544 ex
241 4472 441 4547 voluntate.
469 4476 533 4546 llic
552 4475 659 4571 igitur
676 4473 723 4546 de
738 4473 936 4567 voluntate,
952 4472 1065 4547 ibide
1080 4474 1248 4546 exteriori
1265 4497 1374 4573 opere
1391 4472 1563 4571 loquitur.
1586 4478 1781 4548 Possumus

184 4609 216 4666 et
237 4594 299 4671 liic
318 4594 519 4669 naturalem
534 4594 650 4692 legem
668 4595 847 4693 accipere,
864 4617 939 4690 qua
955 4593 1033 4665 sola
1049 4607 1202 4665 utamur
1215 4592 1388 4665 Gentiles.
1409 4597 1463 4664 De
1478 4593 1610 4690 quibus
1626 4619 1713 4668 vero
1730 4576 1789 4667 ait

182 4728 217 4785 et
234 4715 272 4785 in
289 4713 536 4811 sequentibus,
559 4713 650 4786 illud
672 4713 719 4785 de
738 4713 817 4811 lege
838 4714 971 4812 scripta
986 4736 1138 4811 operum
1157 4711 1327 4809 intellige,
1347 4727 1387 4785 ut
1402 4713 1567 4786 videlicet
1583 4716 1632 4786 ita
1647 4714 1780 4791 intelli-

184 4850 300 4930 gatur,
318 4835 418 4931 quod
435 4858 510 4906 non
527 4834 578 4905 illi
592 4848 735 4906 tantum
752 4834 818 4932 qui
834 4832 987 4906 audiunt
1001 4831 1112 4905 verba
1128 4832 1216 4929 legis
1233 4832 1404 4905 naturalis
1416 4834 1501 4929 justi
1512 4849 1616 4926 sunt,
1635 4832 1698 4904 sed
1715 4835 1777 4930 qni

184 4976 292 5050 opere
319 4951 516 5051 complent.
544 4951 663 5024 Verba
691 4967 812 5024 autem
841 4952 928 5050 legis
950 4951 1123 5025 naturalis
1147 4951 1208 5024 illa
1234 4965 1339 5045 sunt,
1369 4977 1448 5049 quae
1475 4953 1540 5024 Dei
1567 4967 1601 5023 et
1624 4950 1774 5048 proximi

185 5074 367 5146 caritatem
380 5071 652 5163 commendant,
672 5073 775 5146 sicuti
793 5073 885 5145 ista:
904 5102 921 5141 a
934 5071 1043 5161 Quod
1061 5070 1124 5143 tibi
1142 5068 1219 5143 fieri
1235 5094 1309 5142 non
1328 5072 1394 5163 vis,
1415 5070 1514 5143 alteri
1540 5094 1586 5141 ne
1606 5068 1740 5140 seceris.
1756 5097 1775 5134 »

188 5195 229 5263 Er
248 5221 256 5262 ε
273 5194 412 5283 «Quod
429 5192 534 5266 vultis
550 5209 590 5266 ut
603 5192 735 5265 saciant
749 5192 853 5266 vobis
870 5192 1050 5281 homines,
1071 5205 1107 5264 ct
1124 5213 1190 5262 vos
1205 5190 1309 5270 facite
1324 5189 1434 5260 illis.»
