4559 6100
352 619 355 626 .
462 516 535 587 too
1063 511 1192 584 rcrur
1221 508 1457 586 seusun

461 678 496 735 et
526 686 591 762 per
617 661 813 762 prophetas
841 660 991 749 ludaeis,
1022 675 1056 735 et
1083 687 1149 762 per
1173 677 1380 764 praestantes
1398 659 1645 763 'philosophos
1677 669 1738 736 sen
1767 678 1866 736 vates
1881 664 2059 737 Gentibus

462 783 645 857 catholicae
663 782 746 856 fidei
763 798 927 857 tenorem
944 785 1222 874 annuntiaverit,
1241 784 1500 858 inexcusabiles
1515 783 1716 860 redduntur
1731 801 1804 876 tarn
1823 784 1935 859 ludaei
1951 809 2060 885 qrram

460 909 606 992 Gentes,
624 903 751 976 sicum
770 904 807 975 in
825 885 1135 992 ceterisdoctores
1150 904 1321 997 habeant,
1340 908 1376 977 in
1394 905 1546 977 salutem
1564 906 1705 1000 animae,
1723 906 1826 1005 cujus
1844 905 2059 979 fundamen·

462 1038 538 1096 tum
563 1038 617 1096 est
641 1022 744 1115 fides,
771 1025 869 1124 ipsos
894 1048 968 1096 non
995 1023 1157 1098 eradiant.
1178 1028 1222 1098 Et
1245 1024 1393 1125 quidem
1414 1026 1517 1098 multi
1544 1050 1586 1098 ex
1610 1027 1801 1120 Gentibus,
1825 1025 1992 1099 nonnulli
2016 1023 2061 1099 'ex
2111 1033 2116 1040 '

460 1146 589 1218 ludaeis
616 1146 653 1217 in
675 1145 747 1218 hoc
767 1170 914 1245 quoque
930 1170 950 1219 a
970 1145 1181 1219 doctoribus
1197 1146 1322 1246 populi
1339 1148 1394 1219 sui
1411 1148 1574 1219 instructi
1600 1146 1709 1220 fidem
1731 1151 1867 1222 Sanctae
1882 1147 2061 1228 Trinitatis

462 1280 749 1364 recognoverunt
772 1267 808 1336 in
831 1290 905 1338 uno
925 1291 1077 1366 corpore
1104 1267 1268 1340 Ecclesia
1287 1268 1388 1367 quasi
1404 1266 1480 1339 dno
1501 1268 1655 1368 parietes
1672 1269 1869 1367 conjuncti.
1889 1273 1941 1340 Ex
1961 1271 2062 1357 Gen-

461 1387 555 1458 tibus
572 1386 718 1485 quidem
742 1388 859 1486 primo
878 1389 1005 1477 Graeci,
1024 1387 1215 1484 exquibus
1233 1387 1392 1486 praedicti
1415 1386 1622 1488 philosophi
1639 1389 1797 1462 luerunt.
1817 1394 1902 1461 Post
1917 1392 2061 1460 Graecos

461 1508 588 1596 Latini,
612 1508 673 1606 qui
697 1508 789 1580 sicut
804 1507 842 1579 in
864 1507 1060 1608 disciplinis
1076 1509 1299 1581 saccularium
1323 1509 1454 1581 artium
1474 1508 1601 1580 imitati
1620 1523 1703 1582 sunt
1718 1512 1874 1598 Graecos,
1893 1510 1942 1581 ita
1966 1488 2059 1581 etin

462 1653 545 1702 vera
565 1610 647 1700 fidei
671 1628 836 1701 doctrina
862 1629 908 1701 ab
934 1629 1020 1729 ipsis
1048 1630 1212 1729 exempla
1230 1643 1473 1729 sumpserunt,
1503 1653 1587 1702 cum
1606 1654 1669 1702 eos
1692 1629 1923 1703 christianam
1950 1627 2060 1700 fidem

461 1749 655 1848 suscepisse
678 1748 872 1842 audissent,
898 1776 990 1848 quos
1014 1750 1242 1847 ingeniorum
1269 1749 1462 1823 subtilitate
1490 1750 1675 1851 praeditos,
1706 1749 1876 1824 omnibus
1901 1748 2061 1849 philoso-

461 1869 553 1969 phiae
570 1870 769 1944 rationibus
786 1886 941 1946 armatos
958 1896 1033 1945 csse
1050 1884 1306 1970 cognoverant.
