4559 6100
466 461 539 535 682
1069 455 1197 527 PETRI
1222 453 1455 527 ABAELARlll

466 638 583 711 neque
599 611 718 683 bouus
735 612 788 681 vir
809 635 926 708 neque
945 608 1073 706 aliquis
1094 607 1215 680 bonus
1234 576 1347 679 vir‘sit
1364 607 1455 680 adeo
1470 606 1603 695 bonus,
1629 606 1693 678 sed
1713 609 1742 678 si
1765 608 1846 704 quis
1861 604 1978 677 bonus
1995 601 2055 688 sit,

371 760 373 763 ’
467 758 511 805 eo
528 733 648 803 minus
660 731 706 803 sit
721 730 854 801 bonus.
875 727 1027 800 Multum
1042 728 1163 825 itaque
1178 727 1310 800 referre
1323 726 1476 819 videtur,
1494 726 1524 799 si
1540 727 1622 823 quis
1637 725 1776 799 dicatur
1794 725 1921 799 melior
1934 721 2058 816 aliquo

468 851 569 924 hono
594 852 692 944 viro,
719 865 756 922 et
780 849 907 921 melior
928 872 1037 946 quam
1065 848 1109 918 sit
1131 848 1259 943 aliquis
1280 847 1400 919 bonus
1424 847 1490 918 vir.
1515 850 1558 917 Et
1582 845 1642 918 hic
1662 844 1810 944 quidem
1829 839 2061 943 sophismatis

469 971 617 1065 laqueus
634 971 670 1040 in
690 971 789 1041 omni
809 967 966 1039 incidere
980 967 1248 1065 comparatione
1264 980 1395 1065 potest,
1417 981 1458 1037 ut
1477 964 1783 1063 quemadmodum
1796 988 1922 1037 omnes
1939 961 2061 1033 bonos

470 1090 649 1186 aqualiter
666 1087 785 1159 honos
802 1085 956 1185 probare
974 1100 1165 1172 conantur,
1187 1086 1238 1157 ita
1254 1083 1434 1183 quoslibet
1450 1084 1640 1184 pulchros,
1666 1109 1749 1158 etim
1767 1084 1930 1157 videlicet
1948 1104 2060 1155 nemo

470 1206 621 1307 pulcher
643 1206 688 1278 sit
706 1205 858 1303 pulchro
880 1204 1065 1303 pulchrior
1087 1204 1313 1302 simpliciter,
1335 1204 1468 1276 seilicet
1489 1218 1524 1276 et
1548 1203 1775 1299 generaliter,
1793 1203 1878 1275 lieet
1901 1204 1945 1274 sit
1968 1201 2057 1299 pul·

471 1324 592 1397 chrior
621 1323 691 1396 alio
708 1323 873 1423 pulchro.
891 1324 980 1411 Quis
996 1323 1169 1420 denique,
1189 1325 1268 1419 quis
1284 1347 1359 1395 non
1381 1321 1571 1417 intelligat,
1590 1346 1699 1420 quam
1722 1323 1986 1395 insanissimum
2011 1322 2061 1392 sit

471 1447 603 1535 dicere,
622 1446 745 1517 omnia
761 1460 905 1542 peccata
924 1443 1143 1541 paria-esse?
1160 1444 1241 1515 Sive
1257 1444 1354 1515 enim
1370 1457 1556 1540 peceatum
1567 1444 1611 1535 ,in
1628 1443 1809 1515 voluntate
1825 1443 1950 1514 sivein
1968 1466 2060 1540 ope-

469 1566 608 1636 ratione
623 1565 832 1655 constituas,
852 1562 989 1634 clarum
1005 1562 1111 1635 estin
1130 1561 1232 1635 malis
1248 1560 1468 1651 hominibus,
1485 1562 1596 1634 alium
1609 1562 1681 1635 alio
1697 1561 1830 1641 habere
1846 1563 2059 1659 nequiorem

470 1685 691 1756 voluntatem
714 1698 750 1754 et
771 1682 923 1781 amplius
950 1707 1080 1754 nocere
1101 1681 1176 1754 sive
1199 1681 1355 1755 deterius
1377 1705 1495 1779 agere.
1518 1681 1687 1755 Voluntas
1709 1683 1843 1779 quippe
1866 1682 1913 1754 ad
1937 1695 2058 1755 actum

470 1800 653 1897 perducit,
680 1813 715 1872 et
739 1826 823 1872 cum
847 1800 995 1873 lacultas
1025 1799 1182 1873 nocendi
1206 1799 1325 1891 datur,
1353 1799 1509 1898 amplius
1535 1799 1595 1872 hic
1621 1824 1729 1899 quam
1756 1799 1815 1871 ille
1846 1815 1972 1892 nocet,
1998 1800 2055 1872 vel

466 1921 582 2015 ,magis
602 1918 758 2016 aliquem
770 1920 907 2016 justum
925 1920 1162 2018 persequitur,
1187 1921 1270 2016 quia
1293 1918 1373 2017 plus
1393 1944 1476 1991 eum
1496 1919 1573 1991 odit
1596 1933 1633 1992 et
1646 1919 1804 2016 affligere
1821 1919 1932 2016 eripit.
1948 1920 2057 1991 Simi-

468 2037 548 2110 liter
564 2062 633 2109 nec
653 2062 780 2110 omues
799 2039 886 2110 boni
907 2037 1090 2135 aequaliter
1106 2054 1272 2138 prosunt,
1291 2039 1346 2110 vel
1365 2037 1537 2136 prodesse
1557 2038 1695 2110 volunt.
1718 2040 1864 2135 Ex'quo
1881 2037 2056 2134 liquidum

468 2170 541 2240 est,
570 2181 637 2229 nec
662 2155 780 2229 bonos
808 2180 909 2254 pares
932 2156 1087 2228 invicem
1112 2180 1181 2229 nec
1203 2158 1505 2249 malos-existere,
1532 2181 1600 2229 nec
1623 2180 1752 2228 eorum
1778 2157 1904 2229 merita
1925 2158 2057 2253 aequari

467 2275 621 2364 debere,
646 2289 687 2347 ut
708 2277 949 2347 remuneratio
981 2299 1126 2372 quoque
1155 2300 1220 2375 par
1245 2302 1321 2351 esse
1348 2276 1577 2371 intelligatur.
1605 2280 1775 2348 Praterea
1805 2277 1837 2347 si
1865 2275 2056 2347 stultomm

404 2440 407 2443 -
467 2395 639 2491 opinione
662 2394 875 2492 postposita,
894 2393 1131 2492 probatorum
1153 2394 1455 2492 philosophorum
1475 2392 1678 2466 excellentia
1701 2394 1747 2466 de
1764 2392 1954 2466 virtutibus
1968 2393 2055 2490 dog·

468 2527 562 2585 mata
586 2510 790 2584 consideres
817 2528 853 2582 et
879 2502 1100 2584 disertissimi
1121 2514 1189 2584 viri
1217 2513 1347 2584 Plotini
1377 2513 1563 2609 diligenter
1588 2514 1852 2608 quaternariam
1880 2513 2051 2583 virtutum

465 2627 731 2699 distinctionem
749 2628 938 2719 attendas¹,
960 2629 1046 2700 alias
1069 2630 1231 2705 videlieet
1254 2631 1427 2727 politicas,
1452 2633 1539 2702 alias
1556 2631 1791 2727 purgatorias,
1810 2631 1897 2702 alias
1915 2633 2053 2728 purgati

468 2746 593 2834 animi,
612 2744 698 2816 alias
715 2745 934 2843 exemplares
950 2747 1113 2838 dicentis,
1131 2771 1176 2819 ex
1193 2749 1279 2846 ipsis
1294 2746 1413 2821 statim
1433 2749 1640 2821 nominibus
1657 2762 1693 2820 et
1706 2772 1832 2821 earum
1848 2747 2054 2847 descriptio·

468 2861 575 2934 nibus
599 2862 762 2936 confiteri
784 2866 933 2962 cogeris,
951 2864 1149 2963 plurimum
1170 2867 1208 2937 in
1230 2866 1419 2939 virtutibus
1444 2867 1609 2940 homines
1633 2866 1789 2939 differre.
1808 2871 1925 2955 Quam
1946 2869 2053 2939 etiam

467 2981 704 3074 differentiam
733 2983 827 3082 ipse,
860 2982 1003 3081 dequo
1029 2984 1134 3057 nobis
1160 2985 1320 3082 objecisti
1340 2987 1528 3086 Apostolus
1559 3011 1633 3060 non
1657 2988 1943 3085 pretermittens,
1968 3011 2053 3059 cum

468 3099 514 3173 de
539 3103 761 3174 coutinentia
786 3116 822 3174 et
846 3102 1069 3200 indulgentia
1093 3105 1299 3203 nuptiarum
1322 3108 1542 3204 loqueretur,
1569 3107 1666 3178 ait’:
1689 3105 1814 3178 «Volo
1839 3131 1967 3179 omnes
1986 3106 2054 3179 ho·

468 3221 583 3292 mines
605 3245 681 3292 esse
703 3222 793 3293 sicut
809 3246 868 3292 me
887 3223 1018 3319 ipsum.
1043 3222 1113 3294 Sed
1139 3226 1384 3321 unusquisque
1401 3227 1588 3323 proprium
1609 3224 1719 3297 habet
1738 3224 1876 3296 donum
1904 3251 1946 3297 ex
1962 3230 2051 3314 Deo,

467 3338 556 3410 alius
577 3338 724 3434 quidem
743 3341 806 3430 sic,
829 3340 917 3411 alius
937 3341 1004 3428 sic,
1028 3356 1125 3412 etc.»
1146 3342 1217 3430 Qui
1236 3342 1344 3414 etiam
1360 3343 1563 3415 secundnm
1579 3343 1787 3441 qualitatem
1802 3345 1975 3416 virtutum
1997 3344 2052 3416 rel

468 3457 677 3529 meritorum
691 3460 838 3556 promia
849 3459 974 3530 luturae
990 3460 1069 3530 vitoe
1082 3459 1304 3555 distinguens
1314 3459 1501 3552 „udillern
1519 3492 1536 3527 >i
1549 3463 1695 3559 iuquit⁸,
1718 3492 1735 3530 κ
1749 3460 1849 3534 stelle
1863 3486 1887 3534 a
1903 3462 2002 3535 stella
2016 3465 2053 3534 in

468 3575 642 3668 claritate,
666 3578 717 3648 sic
738 3577 806 3648 erit
827 3592 862 3649 et
881 3579 1091 3650 resurrectio
1112 3593 1384 3650 mortuorum.»
1406 3585 1450 3652 Et
1471 3577 1606 3652 alibi⁴z
1631 3609 1648 3649 a
1664 3583 1735 3669 Qui
1752 3581 1859 3679 pa'rce
1877 3583 2052 3669 seminat,

469 3708 506 3764 et
522 3710 643 3766 metet.
659 3725 677 3761 ε
696 3693 805 3782 Quod
820 3719 907 3766 vero
919 3695 1180 3792 plenitudinem
1195 3698 1282 3795 legis
1300 3687 1483 3780 caritatem
1500 3721 1576 3772 ease
1592 3700 1696 3790 dixit,
1719 3700 1793 3772 hoe
1812 3715 1864 3772 est
1883 3725 1952 3799 per
1964 3701 2053 3772 cari·

469 3824 578 3882 tatem
594 3812 708 3907 legem
727 3813 927 3909 adimpleri,
947 3838 1021 3885 non
1038 3839 1165 3886 omnes
1183 3817 1220 3887 in
1237 3819 1382 3890 caritate
1398 3841 1501 3916 pares
1522 3841 1597 3890 esse
1616 3819 1816 3908 convincit,
1837 3843 1922 3890 curn
1946 3843 2052 3916 supra

470 3929 681 4000 mandatum
704 3931 831 4001 caritas
853 3956 890 4002 se
916 3931 1095 4005 extendat.
1128 3934 1230 4006 Unde
1248 3951 1283 4008 et
1309 3936 1369 4009 illa
1393 3952 1446 4008 est
1461 3937 1628 4012 Veritatis
1643 3936 1865 4009 adhortatio*
1884 3963 1893 4005 ε
1914 3965 1933 4001 α
1961 3941 2052 4007 Cum

469 4047 619 4119 feceritis
637 4049 758 4119 omnia
773 4072 853 4145 quae
868 4066 1043 4148 praecepta
1059 4068 1155 4145 sunt,
1176 4051 1282 4126 dicite
1301 4081 1310 4125 τ
1332 4055 1432 4127 Servi
1449 4053 1592 4128 inutiles
1605 4077 1750 4147 sumus,
1761 4081 1846 4153 quae
1863 4054 2053 4126 debuimus

470 4164 585 4238 faeere
605 4166 803 4238 femmas.»
822 4171 900 4239 Hoc
916 4183 984 4260 est,
1006 4194 1073 4268 pro
1095 4171 1239 4244 modico
1258 4175 1446 4270 reputetis,
1469 4175 1500 4245 si
1522 4174 1594 4247 hoc
1618 4175 1735 4246 sulum
1756 4173 1930 4273 impleatls
1951 4173 2051 4270 quod

468 4310 512 4356 ex
535 4300 715 4384 praecepto
736 4284 887 4376 debetis,
913 4287 980 4360 nisi
1000 4287 1166 4362 videlicet
1185 4288 1307 4361 debito
1332 4293 1497 4390 praecepti
1520 4291 1656 4389 aliquid
1679 4315 1722 4365 ex
1744 4294 1857 4388 gratia
1881 4292 2051 4390 superad-

470 4402 574 4490 datis,
593 4402 807 4492 ethoeest,¹
817 4405 918 4502 quod
932 4404 1020 4478 dicit
1037 4433 1046 4478 ε
1066 4436 1084 4476 α
1099 4405 1199 4503 quod
1219 4406 1409 4481 debuimus
1426 4409 1542 4482 lacere
1558 4411 1706 4483 lecimus
1725 4407 1764 4483 in
1783 4433 1826 4483 ae
1840 4413 1872 4484 si
1890 4411 2052 4483 videlicet

470 4519 604 4593 diceret
634 4548 643 4590 :
672 4524 756 4618 quia
785 4525 822 4594 in
852 4523 1052 4622 expletione
1078 4540 1338 4623 preceptorum
1365 4525 1484 4604 debita
1516 4542 1669 4601 tantum'
1687 4529 1858 4604 solvimus
1886 4545 1924 4602 et
1951 4530 2049 4628 quasi

470 4639 666 4713 necessaria
688 4665 762 4712 non
779 4643 931 4738 graterita
947 4667 1152 4742 operamur.
1173 4645 1264 4716 Cum
1279 4671 1365 4719 vero
1388 4645 1516 4745 aliquis
1531 4647 1576 4724 ad
1595 4648 1824 4720 eminentiam
1842 4650 2051 4746 virginitatis

500 4950 634 5012 Ἰησοῦ,
646 4951 679 5000 ta
690 4950 778 5001 Sento.
787 4951 927 5016 Scipionis,
941 4952 984 5003 tte.
996 4953 1020 5015 1,
1034 4966 1088 5016 cap.
1102 4968 1154 5006 nu.
1164 4982 1192 4993 -
1203 4955 1334 5008 ²corimt.
1344 4993 1350 5020 ,
1362 4957 1383 5019 1,
1395 4971 1448 5021 cap.
1461 4971 1509 5020 ru,
1521 4971 1544 5007 t.
1556 4915 1581 5009 l.
1590 4984 1618 4996 -
1628 4959 1638 4991 ⁸
1647 4956 1860 5020 Corimh.,l,cap.
1873 4971 1918 5022 xv,
1933 4973 1956 5007 r.
1968 4960 2008 5010 tl.
2019 4983 2049 4994 -

467 5035 475 5062 ⁴
490 5030 616 5090 euitat„
629 5029 666 5093 u,
677 5043 732 5094 cap.
742 5045 779 5095 rx,
793 5046 817 5080 r.
829 5035 854 5085 6.
868 5058 896 5070 -
908 5036 919 5066 ⁸
930 5032 992 5098 Luc,
1007 5046 1063 5098 cap.
1075 5048 1140 5100 xvu,
1150 5051 1173 5087 r.
1186 5039 1223 5089 lo.
