4559 6100
710 520 971 637 'amomon
997 563 1271 637 cnarsrnui.
1723 569 1795 643 aas

204 725 344 795 sionem
356 722 379 810 ¹,
399 745 417 786 a
431 725 598 816 opacatus
614 725 681 806 est,
708 715 776 805 ait,
800 714 950 790 salutem
970 712 1008 785 in
1031 712 1152 785 medio
1176 725 1289 785 terrae.
1305 739 1323 780 n
1347 712 1413 784 Hic
1437 712 1595 812 plantata
1616 731 1670 790 est
1692 720 1796 793 vinea

204 865 284 937 quac
301 834 460 912 extendit
479 833 645 935 palmites
661 857 744 904 suos
764 831 942 930 usquead
961 856 1072 925 mare,
1093 855 1178 902 cum
1197 830 1284 903 hinc
1301 833 1381 903 vitis
1397 856 1481 906 vera
1498 834 1678 928 Christus,
1708 862 1796 938 apo·

204 957 303 1031 stolis
319 957 391 1028 suis
414 954 516 1053 quasi
532 951 739 1053 palmitibus
757 976 822 1051 per
841 952 1044 1024 universum
1068 949 1194 1022 orbem
1213 949 1369 1041 directis,
1395 952 1601 1024 universum
1617 955 1794 1028 mundum

206 1067 367 1145 ubertate
389 1065 561 1138 doctrinae
584 1063 775 1162 spiritualis
797 1055 997 1135 inebriavit.
1021 1067 1075 1133 De
1091 1062 1162 1133 hac
1186 1074 1306 1132 autem
1332 1063 1556 1158 vegetatione
1582 1079 1618 1136 et
1636 1067 1794 1140 vivitica-

206 1186 481 1285 tioncSpiritus
505 1183 619 1256 sancti
646 1197 788 1255 sanctus
808 1181 993 1254 Salvianus
1019 1181 1209 1279 episcopus
1235 1179 1283 1251 ad
1304 1182 1341 1251 S.
1373 1180 1557 1254 Salonium
1584 1185 1795 1284 episcopum
1829 1227 1833 1232 ·

87 1326 89 1329 ’
205 1304 298 1378 libro
328 1305 445 1404 primo
470 1301 514 1374 de
544 1300 804 1374 Grabernatione
832 1303 901 1372 Dei
926 1302 1164 1398 Pitagoricum
1186 1299 1431 1372 testimoninm
1453 1301 1609 1390 inducit,
1633 1304 1756 1378 dicens
1778 1333 1792 1377 τ

98 1410 101 1415 ’
129 1509 131 1512 ¹
208 1456 226 1490 a
243 1421 424 1521 Pitagoras
437 1421 688 1522 philosophus,
708 1445 815 1519 quem
830 1421 931 1518 quasi
944 1421 1150 1516 magistrum
1165 1439 1271 1491 suum
1286 1418 1518 1519 Philosophia
1535 1421 1612 1520 ipsa
1624 1427 1792 1523 suscepit,

206 1544 252 1617 de
268 1559 397 1617 natura
411 1558 447 1618 et
464 1542 645 1615 bencliciis
662 1543 728 1614 Dei
749 1541 937 1632 disserens,
963 1540 1013 1613 sic
1035 1541 1197 1638 loquitur
1216 1567 1224 1611 ε
1248 1539 1422 1613 «Animus
1441 1566 1504 1639 per
1519 1559 1647 1616 omnes
1668 1545 1795 1617 mundi

210 1693 227 1729 (ι
249 1678 366 1763 partes
380 1685 587 1735 commeans
603 1674 709 1757 atque
728 1660 893 1752 diliusus,
912 1685 954 1732 ex
966 1686 1040 1758 quo
1055 1661 1177 1733 omnia
1195 1685 1274 1758 quae
1292 1675 1487 1733 nascuntur
1503 1662 1670 1736 animalia
1684 1666 1793 1737 vitam

208 1811 227 1849 κ
244 1784 427 1883 capiunt.»
440 1780 636 1870 Quomodo
653 1781 760 1878 igitur
772 1780 947 1853 mundum
964 1779 1142 1878 negligere
1153 1785 1249 1853 Deus
1260 1779 1401 1871 dicitur,
1415 1806 1522 1878 quem
1537 1782 1609 1856 hoc
1621 1784 1700 1881 ipso
1711 1786 1794 1858 satis

205 1900 335 1999 diligit,
357 1902 459 2001 quod
476 1902 594 2002 ipsum
612 1925 753 2001 semper
769 1913 884 1972 totum
905 1899 1031 1972 mundi
1048 1925 1180 1999 corpus
1200 1900 1373 1972 intendit?
1388 1927 1407 1968 n
1422 1905 1476 1974 De
1492 1901 1658 1975 Salvanio
1675 1917 1794 1976 autem

206 2022 275 2093 isto
300 2021 527 2094 Massiliensis
551 2018 706 2093 ecclesiae
729 2021 914 2118 episcopo,
937 2032 973 2091 et
1001 2018 1046 2091 de
1067 2020 1161 2092 libro
1181 2020 1258 2117 ejus
1279 2018 1326 2091 ad
1351 2019 1536 2093 Salonium
1560 2022 1770 2121 episcopum
1783 2067 1800 2111 ,-

205 2154 241 2213 et
270 2141 346 2214 aliis
374 2139 544 2238 operibus
573 2140 702 2237 ipsius,
736 2138 944 2211 Gennadius
971 2139 1196 2212 Massiliensis
1223 2137 1409 2238 presbyter
1431 2139 1475 2212 de
1492 2141 1696 2214 Illustribus
1713 2145 1797 2213 viris

203 2259 377 2350 scribens,
401 2260 494 2330 inter
516 2257 668 2330 illustres
692 2258 789 2330 viros
810 2257 989 2331 eteorum
1013 2282 1125 2357 opera
1145 2260 1368 2332 mentionem
1387 2257 1480 2331 iacit.
1503 2261 1575 2348 Qui
1591 2262 1698 2332 etiam
1715 2276 1797 2360 post

204 2382 387 2474 Pytagorae
411 2377 670 2469 testimonium,
696 2376 850 2449 Tullium
870 2377 1058 2465 inducens,
1082 2383 1200 2450 ileum
1222 2378 1342 2476 ipsum
1364 2401 1473 2474 quem
1501 2383 1693 2476 Pytagoras
1714 2383 1795 2453 ani-

203 2520 307 2568 mum
343 2511 471 2588 vocat,
508 2511 665 2570 mentem
696 2522 717 2570 a
745 2495 859 2571 Tullio
891 2495 1063 2595 appellari
1095 2497 1369 2580 commemorat,
1417 2496 1541 2572 dicens
1579 2526 1587 2569 ε
1625 2529 1643 2565 α
1663 2500 1796 2573 Tullius

203 2640 380 2715 quoque:
416 2620 519 2689 «Nec
549 2641 636 2689 vero
662 2621 773 2707 Deus,
802 2618 898 2715 ipse,
930 2616 1060 2713 inquit,
1092 2616 1155 2713 qui
1176 2642 1198 2688 a
1223 2614 1330 2690 nobis
1354 2615 1575 2715 intelligitur,
1594 2618 1671 2690 alio
1685 2618 1796 2691 modo

205 2765 223 2803 α
246 2735 391 2833 intelligi
423 2749 559 2835 potest,
594 2759 704 2834 quam
732 2759 836 2808 mens
866 2732 984 2806 soluta
1015 2748 1051 2807 et
1082 2732 1194 2807 libera
1231 2737 1415 2832 quaedam,
1459 2750 1495 2808 et
1530 2751 1711 2834 segregata
1750 2737 1795 2811 ab

205 2885 224 2921 a
247 2856 348 2927 omni
378 2857 610 2929 concretione
643 2855 798 2947 mortali,
835 2854 959 2926 omnia
991 2854 1147 2926 sentiens
1181 2869 1218 2927 et
1249 2874 1454 2929 movens.»
1487 2853 1578 2927 tlibi
1612 2881 1792 2955 quoque:

208 2972 345 3046 «Nihil
371 2988 435 3067 est,
468 2976 603 3073 inquit,
643 2976 864 3076 prestantius
891 2977 981 3047 Deo.
1005 3001 1023 3041 n
1060 2970 1112 3044 ab
1137 2997 1182 3045 eo
1205 2974 1312 3070 igitur
1351 2974 1527 3047 mundum
1550 2975 1624 3073 regi
1654 2991 1797 3052 necesse
1869 2972 1872 2979 ’

203 3109 272 3167 est.
310 3096 404 3167 Nulli
427 3095 533 3192 igitur
550 3110 685 3169 naturae
699 3094 874 3169 obediens
896 3109 958 3166 aut
981 3093 1162 3189 subjectus
1188 3099 1307 3186 Deus3
1332 3120 1478 3168 omnem
1504 3120 1590 3191 ergo
1611 3098 1701 3193 regit
1723 3099 1798 3197 ipse

207 3227 392 3287 naturam.
410 3244 427 3283 u
1361 3280 1366 3290 ,

257 3335 469 3433 Augustinus
483 3335 575 3408 libro
585 3340 633 3409 tv
645 3335 688 3408 de
701 3339 851 3409 Ciuitate
866 3340 948 3429 Dei,
958 3359 1038 3434 cap.
1050 3358 1173 3424 xxm,
1189 3334 1235 3407 de
1248 3339 1411 3408 Varrone
1424 3335 1576 3431 loquens
1584 3336 1690 3407 aisn«
1704 3336 1798 3407 Dicit

199 3468 327 3526 autem
352 3455 448 3527 idem
475 3470 602 3529 auctor
628 3456 852 3528 acutissimus
876 3470 983 3553 atque
1008 3453 1248 3540 doctissimus,
1279 3455 1379 3553 quod
1408 3455 1432 3526 ii
1461 3453 1528 3525 soli
1555 3453 1588 3525 ei
1610 3450 1798 3526 videantur

197 3572 499 3646 animadvertisse
523 3574 611 3673 quid
634 3587 726 3647 esset
751 3578 863 3666 Deus,
893 3575 956 3672 qui
982 3571 1214 3645 crediderunt
1239 3597 1423 3647 comesse
1448 3573 1605 3645 animam
1632 3587 1732 3644 motu
1756 3596 1798 3645 ac

198 3693 344 3765 ratione
365 3692 542 3766 mundum
568 3693 847 3790 gubemantem3
871 3718 912 3766 ac
928 3717 993 3792 per
1013 3692 1085 3765 hoc
1102 3693 1166 3763 etsi
1192 3691 1357 3765 nondum
1383 3689 1527 3765 tenebat
1548 3689 1648 3790 quod
1663 3692 1799 3765 Veritas

199 3810 346 3885 habeta
372 3816 469 3884 Deus
490 3814 587 3885 euim
602 3838 709 3885 verus
727 3838 802 3885 non
827 3814 966 3903 anima,
992 3810 1056 3884 sed
1077 3811 1204 3883 animae
1226 3837 1372 3910 quoque
1398 3826 1452 3884 est
1476 3811 1656 3893 conditor,
1678 3826 1798 3883 tamen
1889 3870 1892 3879 .

200 3956 321 4004 unum
344 3936 461 4003 Deum
486 3931 679 4006 colendum
700 3932 842 4025 fatetur,
871 3947 979 4031 atque
1001 3929 1139 4003 suadet.
1152 3961 1169 3996 ν·
1189 3935 1278 4002 ltem
1302 3930 1395 4003 libro
1413 3933 1525 4002 xxti·
1543 3957 1551 4001 ε
1570 3934 1688 4003 Deum
1704 3945 1799 4003 certe

198 4051 345 4145 volens,
375 4053 464 4123 sicut
489 4066 646 4149 poterat,
665 4050 820 4124 diffinire
836 4054 975 4143 Cicem,
994 4064 1113 4124 tantus
1138 4064 1266 4124 auctor
1283 4052 1445 4147 ipsorum
1462 4056 1470 4121 ὲ
1493 4053 1621 4122 «Mens
1636 4048 1799 4146 quaedam

201 4203 220 4237 (ι
243 4184 313 4260 est,
339 4172 470 4269 inquit,
489 4171 605 4245 soluta
621 4187 657 4244 et
676 4171 801 4265 libera,
821 4185 955 4245 secreta
971 4168 1017 4244 ab
1039 4170 1139 4241 omni
1156 4170 1387 4242 concretione
1404 4170 1558 4250 mortali,
1580 4171 1702 4241 omnia
1717 4192 1800 4242 sen·

177 4380 179 4383 Ι
200 4320 218 4357 u
245 4289 343 4363 tiens
361 4306 396 4364 et
418 4315 581 4382 movens,
608 4293 757 4391 ipsaque
773 4291 919 4391 praedita
941 4305 1042 4364 motu
1062 4290 1294 4387 sempiterno.
1310 4316 1327 4356 n
1355 4294 1433 4362 Hoc
1454 4303 1574 4362 autem
1591 4289 1747 4387 repperit
1761 4291 1800 4363 in

199 4408 376 4481 doctrina
399 4433 614 4507 magnomm
635 4410 953 4510 Philosophorum.

254 4529 416 4601 Mentem
433 4528 566 4627 itaque,
586 4528 693 4601 idest
711 4530 963 4603 animumsive
983 4532 1140 4604 animam
1163 4535 1283 4603 Deum
1305 4529 1486 4619 dixemnt,
1512 4526 1712 4601 secundum
1729 4525 1801 4597 hoc

194 4645 312 4744 quod
331 4647 439 4720 totius
458 4648 587 4721 mundi
603 4649 763 4746 regimini
778 4649 881 4747 quasi
899 4650 1018 4722 anima
1037 4651 1182 4749 corpori
1199 4662 1345 4749 praeest:
1360 4646 1507 4719 undeet
1522 4672 1587 4746 per
1603 4648 1808 4745 sapientem·

192 4765 419 4862 quemdam,
440 4766 668 4841 adhortando
692 4791 759 4841 nos
783 4766 890 4863 digna
906 4773 1025 4841 Deum
1042 4768 1204 4842 excolere
1221 4782 1358 4855 mente,
1375 4765 1413 4838 id
1430 4779 1483 4839 est
1498 4766 1633 4838 avitiis
1654 4776 1803 4863 purgata

240 5086 353 5138 'Proin
375 5101 463 5152 tnui,
475 5104 498 5142 v.
518 5092 557 5142 12.
580 5116 612 5127 -
634 5089 726 5154 Ἧι,
743 5103 796 5154 cap.
816 5102 888 5141 mr.
905 5090 981 5155 opp,
993 5097 1012 5143 t.
1025 5089 1076 5142 Vll.
1087 5117 1116 5128 -
1132 5088 1195 5141 ⁸Stc
1205 5090 1232 5140 tn
1243 5089 1329 5151 edile,
1342 5087 1404 5139 mne
1415 5084 1526 5152 protecto
1538 5095 1593 5133 nam
1604 5079 1727 5132 creemus
1737 5079 1807 5130 locus

191 5181 279 5230 quem
296 5169 440 5220 thalamus
448 5170 520 5222 aliert
530 5171 620 5231 lenitur
631 5171 697 5233 apud
708 5168 857 5232 Satrianum,
869 5170 899 5220 dr
912 5169 1098 5222 Gabarnotionr
1109 5170 1170 5234 Dei,
1182 5170 1225 5221 lib,
1237 5167 1262 5233 l,
1275 5181 1331 5232 cap.
1345 5180 1364 5220 r.
1824 5165 1827 5171 ’
1853 5178 1856 5182 ’

331 5279 356 5316 11
1648 5257 1685 5312 ts
