4559 6100
564 3 597 59 :t
1253 0 1469 64 ·t··'tt‘tt'.

553 141 606 204 tiae
627 138 767 229 dilapsus
791 141 851 222 sis,
875 139 1143 206 demonstremus.
1170 139 1283 228 Neque
1303 162 1381 206 vero
1408 164 1488 231 opus
1510 156 1558 207 est
1580 156 1616 205 ut
1636 139 1678 206 ad
1699 156 1789 206 tuam
1810 142 2038 209 contumeliam
2064 169 2159 212 more

551 273 608 323 tuo
629 259 747 349 aliquid
768 258 1006 350 confingamus,
1030 258 1087 325 sed
1108 274 1215 325 tamen
1237 258 1361 348 quoda
1377 260 1447 323 Dan
1465 282 1567 349 usque
1587 261 1743 325 Bersabee
1760 276 1872 326 notum
1886 279 1934 326 est
1949 263 2155 352 replicem.

549 377 681 445 Miseria
704 379 861 469 siquidem
877 396 933 444 tua
951 382 1018 465 jam
1035 380 1201 443 manifesta
1223 394 1281 458 est,
1299 394 1332 443 et
1352 380 1495 467 quamvis
1511 401 1584 445 eam
1603 378 1712 470 lingna
1731 393 1851 459 taceat,
1873 374 1981 445 tamen
2000 404 2081 448 eam
2106 408 2156 451 m

549 500 618 590 ipsa
648 502 775 567 clamat.
799 499 876 564 Vidi
896 486 1061 588 'siquidem
1086 498 1225 562 Parisius
1256 497 1345 586 quod
1375 498 1508 587 quidam
1539 500 1672 565 clericus
1701 500 1831 564 nomine
1863 499 2033 566 Fulbertus
2059 519 2096 568 te
2121 522 2156 569 ut

544 622 704 712 hospitem
726 623 760 685 in
780 620 879 685 domo
898 642 956 684 sua
980 619 1117 708 recepit,
1139 633 1172 682 te
1190 618 1225 681 in
1243 639 1354 682 mensa
1374 640 1431 683 sua
1450 634 1485 682 ut
1505 617 1643 683 amicum
1664 617 1852 683 familiarem
1876 635 1910 683 et
1934 618 2151 689 domesticum

547 741 724 806 honorilice
738 741 840 831 pavit,
858 739 980 829 neptim
996 738 1093 803 etiam
1108 758 1211 818 suam,
1227 736 1369 826 puellam
1384 736 1665 827 prudentissimam
1677 752 1710 802 et
1724 735 1842 802 indolis
1858 743 2006 828 egregiae,
2024 741 2072 806 ad
2091 741 2165 808 do·'

546 859 686 925 cendum
700 860 869 947 cummisit.
893 859 943 922 'l'u
958 879 1035 922 vero
1051 856 1111 920 viri
1131 856 1215 920 illius
1235 856 1353 921 nobilis
1373 872 1407 921 et
1421 856 1546 937 clerici,
1564 856 1749 921 Parisiensis
1770 857 1869 921 etiam
1887 858 2028 925 ecclesiae
2045 885 2172 928 cano·-

544 981 621 1062 nici,
638 981 771 1069 hospitis
789 982 919 1069 insuper
934 978 981 1042 tui
1003 1000 1040 1041 ac
1057 975 1197 1059 domini,
1219 992 1252 1040 et
1268 977 1365 1066 gratis
1381 993 1414 1041 et
1429 975 1607 1041 honorifice
1624 993 1656 1041 te
1672 978 1873 1067 procurantis
1889 995 1955 1042 non
1970 980 2146 1065 inmemor,

544 1098 601 1165 sed
626 1094 818 1180 contemtor,
842 1099 1020 1164 commissae
1046 1097 1104 1161 tibi
1126 1096 1242 1186 virgini
1265 1118 1332 1160 non
1356 1117 1509 1185 parcens,
1535 1118 1632 1184 quam
1653 1119 1842 1162 conservare
1867 1113 1903 1161 ut
1926 1101 2145 1183 commissam,

543 1218 661 1286 docere
681 1237 718 1285 ut
738 1219 927 1310 discipulam
947 1196 1120 1299 debueras,
1146 1215 1271 1281 effreno
1296 1214 1430 1280 luxuriae
1452 1216 1731 1305 spirim'agitatus‚
1749 1239 1817 1280 non
1836 1222 2075 1307 argumentari,
2092 1220 2145 1288 sed

541 1355 615 1399 eam
633 1336 784 1401 fornicari
805 1334 959 1413 docuisti,
983 1333 1017 1396 in
1040 1354 1107 1396 uno
1130 1331 1215 1396 facto
1241 1329 1416 1394 multorum
1439 1330 1630 1414 criminum,
1652 1328 1846 1420 proditionis
1869 1330 1990 1398 scilicet
2016 1349 2052 1398 et
2083 1337 2144 1401 for-

541 1454 710 1520 nicationis
728 1479 817 1539 reus,
839 1472 872 1521 et
887 1454 1021 1545 virginei
1042 1450 1176 1542 pudoris
1196 1449 1335 1515 violator
1351 1435 1581 1540 spurcissimus.
1604 1450 1668 1516 Sed
1690 1453 1775 1516 Deus
1792 1449 1970 1535 ultionum,
1989 1451 2141 1522 dominus

540 1574 626 1639 Deus
649 1575 808 1639 ultionum
826 1575 927 1639 libere
943 1575 1024 1664 egit,
1042 1573 1152 1661 quiea
1169 1594 1233 1659 qua
1248 1586 1374 1635 tantum
1389 1586 1481 1661 parte
1500 1574 1693 1661 peccaveras
1705 1587 1738 1636 te
1752 1571 1901 1659 privavit.
1924 1573 1972 1637 Ea
1995 1576 2087 1640 enim
2102 1575 2139 1642 de

518 1678 628 1782 ⁸parte
651 1693 739 1760 dives
761 1696 796 1759 in
813 1693 944 1759 inferno
967 1691 1107 1795 sepultus
1129 1714 1194 1780 qua
1210 1690 1282 1780 plns
1305 1706 1494 1781 peccaverat
1515 1690 1588 1781 plus
1608 1689 1761 1773 ardebat,
1785 1710 1861 1755 cum
1880 1690 2027 1781 linguam
2050 1719 2138 1761 suam

536 1828 627 1902 gutta
643 1837 734 1903 aquae
750 1813 930 1905 refrigerari
944 1810 1111 1902 poscebat.

580 1933 701 1998 Dolore
723 1933 819 2024 igitur
844 1950 912 1998 tam
934 1930 1085 2026 pudentis
1105 1929 1247 1995 vulneris
1270 1931 1415 1997 unximus
1444 1946 1597 2018 metuque
1619 1929 1732 1993 mortis
1757 1929 1954 1994 imminentis
1976 1952 2039 2019 pm
2066 1934 2137 1997 vitae

533 2052 649 2141 prioris
672 2051 814 2117 foeditate
839 2051 1033 2141 compulsus,
1057 2051 1206 2114 habitum
1223 2050 1369 2130 mutasti,
1390 2066 1423 2114 et
1442 2049 1532 2139 quasi
1552 2048 1729 2114 monachus
1750 2047 1883 2113 effectus
1904 2071 1950 2114 es.
1973 2049 2039 2115 Sed
2063 2051 2137 2117 audi

533 2146 666 2234 beatum
694 2171 885 2260 Gregorium
916 2169 956 2234 de
980 2171 1030 2233 his
1055 2169 1110 2256 qui
1135 2169 1252 2234 timore
1281 2167 1323 2232 ad
1356 2168 1546 2259 religionem
1567 2166 1759 2258 confugiunt
1784 2167 1972 2256 loquentem
1996 2192 2005 2234 :
2037 2200 2051 2227 ι
2072 2172 2133 2255 Qui

533 2286 648 2352 timore
664 2288 751 2352 bona
767 2289 844 2378 agit,
861 2311 880 2352 a
896 2287 983 2353 malo
998 2287 1125 2376 penitus
1142 2309 1209 2350 non
1225 2287 1365 2367 recessit,
1385 2288 1459 2378 quia
1481 2310 1521 2353 eo
1537 2288 1608 2377 ipso
1621 2303 1749 2377 peccat,
1768 2287 1857 2377 quod
1872 2311 2003 2377 peceare
2017 2290 2132 2376 vellet,

530 2405 557 2469 si
584 2429 716 2495 peccare
744 2408 876 2498 impune
901 2408 1102 2497 potuisset.»
1126 2404 1214 2471 Audi
1237 2407 1335 2471 etiam
1359 2405 1493 2473 beatum
1520 2407 1735 2498 Augustinum
1757 2429 1765 2471 ε
1789 2409 1962 2473 «inaniter
1981 2431 2015 2473 se
2036 2428 2135 2498 putat

530 2524 685 2592 victorem
707 2551 775 2594 esse
791 2529 913 2619 peccati
930 2528 984 2616 qui
1001 2528 1116 2629 timore
1135 2527 1249 2592 mortis
1263 2548 1331 2591 non
1347 2541 1478 2616 peccat,
1495 2527 1571 2616 quia
1588 2526 1647 2591 etsi
1662 2526 1803 2591 exterius
1821 2549 1889 2592 non
1908 2530 2010 2618 agitur
2026 2552 2132 2621 nego·

529 2643 610 2710 tium
631 2647 831 2737 cupiditatis,
853 2647 937 2712 intus
957 2663 1066 2711 tamen
1089 2646 1158 2736 ipsa
1182 2662 1229 2711 est
1245 2647 1363 2728 hostis3
1389 2664 1421 2712 et
1443 2645 1608 2735 quomodo
1632 2668 1742 2710 coram
1757 2647 1827 2711 Deo
1848 2646 2006 2713 innocens
2029 2673 2129 2739 appa·

527 2764 612 2829 rebit
633 2769 688 2855 qui
711 2768 829 2834 faceret
845 2767 935 2857 quod
953 2782 1095 2848 vetatur,
1119 2766 1146 2831 si
1163 2765 1330 2831 subtrahas
1352 2765 1441 2855 quod
1463 2766 1611 2847 timetur;
1636 2782 1669 2831 et
1689 2765 1764 2832 ideo
1790 2768 1860 2852 jam
1879 2767 1947 2857 ipsa
1966 2768 2129 2836 voluntate

526 2909 600 2951 reus
620 2904 667 2952 est
688 2889 742 2978 qui
759 2889 879 2954 faceret
895 2886 985 2977 quod
1005 2884 1173 2967 nonlicet,
1190 2885 1247 2950 sed
1264 2885 1340 2951 ideo
1361 2909 1429 2951 non
1448 2886 1539 2967 facit,
1555 2888 1631 2974 quia
1646 2888 1778 2977 impune
1793 2909 1861 2951 non
1882 2902 2005 2976 potest,
2024 2913 2127 2978 quan·

525 3020 596 3072 tum
607 3008 695 3073 enim
708 3009 742 3073 in
753 3009 823 3099 ipso
838 3023 897 3088 est,
906 3006 1016 3073 mallet
1032 3031 1099 3073 non
1116 3029 1183 3072 esse
1191 3006 1359 3093 justitiam.
1377 3005 1476 3089 Quod
1492 3006 1517 3070 si
1533 3005 1643 3072 mallet
1657 3029 1725 3072 non
1737 3029 1804 3072 esse
1813 3007 1980 3092 justitiam,
1996 3009 2126 3095 faceret,

525 3128 552 3193 si
567 3146 691 3218 posset,
711 3145 829 3194 utnon
851 3143 933 3194 esset
948 3129 1082 3214 justitia.
1101 3124 1277 3209 Quomodo
1290 3149 1377 3217 „ergo
1392 3129 1495 3212 justus
1516 3142 1564 3191 est
1585 3126 1656 3191 talis
1668 3128 1797 3212 justitiae
1814 3128 1983 3194 inimicus?
1997 3132 2125 3198 Amicm

479 3251 490 3272 '
525 3264 632 3312 autem
644 3249 773 3334 justitiae
794 3264 893 3330 esset,
916 3248 943 3313 si
959 3269 1069 3312 amore
1086 3245 1216 3333 justitiae
1233 3268 1300 3309 nou
1317 3259 1474 3335 peccaret.
1494 3246 1558 3329 Qui
1578 3247 1760 3335 gehennam
1779 3247 1904 3332 metuit,
1924 3271 1992 3313 non
2013 3254 2126 3317 metuit

522 3387 667 3454 peccare,
685 3368 742 3432 sed
760 3368 885 3433 ardere.
905 3366 963 3432 Ille
976 3382 1083 3431 autem
1094 3388 1228 3456 peccare
1240 3366 1352 3430 metuit
1369 3365 1424 3454 qui
1439 3381 1607 3454 peccatum
1619 3366 1700 3431 sieut
1715 3367 1895 3456 gehennam
1912 3367 2026 3434 odit.»
2042 3371 2124 3437 Audi

521 3486 662 3551 eundem
682 3509 690 3551 t
711 3517 726 3543 a
745 3487 820 3551 Non
835 3487 950 3554 fiustra
967 3485 1054 3577 apud
1069 3502 1254 3576 peccatores
1269 3486 1412 3550 instituta
1428 3501 1502 3551 sunt
1516 3501 1657 3575 potestas
1669 3486 1768 3577 regis,
1787 3487 1839 3572 jus
1863 3486 1974 3577 gladii,
1997 3492 2123 3583 ungula

520 3604 687 3688 carnificis,
705 3629 794 3670 arma
809 3605 929 3670 militis.
943 3607 1022 3670 Haec
1039 3608 1159 3670 etenim
1175 3607 1339 3685 timentur,
1356 3623 1389 3671 et
1403 3605 1540 3695 quietius
1551 3607 1636 3671 inter
1651 3606 1753 3672 malos
1769 3609 1882 3671 vivunt
1895 3607 1992 3691 boni3
2014 3635 2124 3701 qnam-

521 3750 618 3817 quam
633 3726 713 3791 boni
730 3724 858 3790 dicendi
881 3748 947 3789 non
970 3725 1034 3789 sint
1049 3725 1104 3814 qui
1127 3725 1201 3789 talia
1219 3723 1395 3789 metuendo
1417 3749 1484 3790 non
1498 3741 1649 3814 peccant,
1667 3727 1741 3814 quie
1758 3749 1825 3791 non
1842 3743 1890 3792 est
1908 3728 2018 3795 bonus
2039 3734 2122 3821 quis·

518 3871 616 3936 quam
633 3847 749 3912 timore
764 3870 888 3936 poenae,
906 3845 963 3912 sed
979 3867 1088 3911 amore
1101 3844 1242 3931 justitias.
1257 3875 1272 3903 ι
1292 3843 1356 3910 Sed
1372 3859 1454 3910 esto.
1472 3844 1586 3911 Valeat
1605 3847 1721 3912 timore
1734 3848 1920 3930 conversio,
1939 3849 1999 3915 sed
2015 3868 2122 3918 tamen

517 3967 545 4030 si
561 3966 814 4054 bonasequatur
830 3967 1043 4051 conversatio.

537 4085 736 4176 'Videamus
764 4101 888 4166 autem,
915 4109 956 4150 ex
983 4108 1048 4174 quo
1077 4105 1248 4151 conversus
1277 4106 1329 4166 es,
1355 4083 1522 4171 quomodo
1552 4102 1756 4151 conversatus
1781 4090 1838 4153 es.'
1855 4088 1892 4152 In
1922 4095 2122 4158 monasterio

514 4206 673 4296 siquidem
695 4206 783 4271 beati
808 4205 969 4294 Dionysii,
995 4206 1062 4269 ubi·
1082 4227 1149 4269 non
1182 4220 1249 4268 tam
1278 4227 1319 4269 ex
1346 4205 1469 4295 regulae
1499 4207 1667 4272 severitate
1697 4230 1794 4296 quam
1823 4230 1864 4273 ex
1895 4208 2122 4297 sapientissimi

515 4326 639 4392 abbatis
654 4324 883 4407 misericordia,
901 4323 1149 4414 dispensatione,
1167 4347 1227 4413 pro
1243 4322 1393 4389 facultate
1409 4323 1608 4415 singulorum
1623 4327 1731 4392 omnia
1747 4343 1978 4418 temperantur,
1997 4335 2119 4397 morari

512 4467 580 4510 non
601 4446 774 4527 sustinens,
796 4444 962 4510 ecclesiam
977 4468 996 4508 a
1012 4442 1162 4507 fratribus
1177 4442 1237 4507 sub
1252 4443 1384 4509 nomine
1408 4445 1620 4525 obedientie,
1645 4445 1701 4512 ubi
1717 4446 1875 4512 voluntati
1894 4447 2119 4541 voluptatique

510 4578 575 4629 tune
591 4562 779 4647 deservires,
798 4564 964 4654 accepisti,
987 4585 1085 4653 quam
1102 4585 1177 4627 cum
1193 4562 1254 4626 tuis
1271 4561 1541 4652 superlluitattbus
1557 4564 1683 4655 tuisque
1703 4563 1867 4631 desideriis
1882 4565 2031 4635 sufficere
2048 4595 2117 4636 non
