4559 6100
940 523 1171 598 ntttouus.
1784 526 1849 598 69⁴

313 670 355 738 Et
378 667 581 740 notandum
612 668 713 766 quod
744 693 828 741 curn
849 670 985 766 justitia
1010 674 1054 748 eit
1081 686 1251 747 constans
1276 673 1386 745 animi
1420 671 1585 744 voluntas
1613 695 1693 768 quae
1718 672 1856 745 unicui·

259 811 350 883 que,
378 787 477 884 quod
505 812 610 861 suum
635 802 690 860 est
712 804 848 882 servat,
876 792 1051 866 fortitudo
1074 808 1111 865 et
1137 793 1371 892 temperantia
1397 791 1564 891 potentiae
1584 789 1748 888 quaedam
1774 808 1858 868 sunt

261 920 370 1003 atque
394 908 505 980 animi
529 907 641 979 robur
666 933 756 1005 quo,
780 924 950 1011 utsupra
973 913 1224 1005 meminimus,
1249 911 1349 986 bona
1368 911 1510 1008 justitiae
1538 910 1703 984 voluntas
1725 909 1857 983 confir·

261 1041 391 1098 matur.
422 1029 583 1114 Quorum
608 1028 741 1099 etenim
764 1031 943 1102 contraria
975 1031 1194 1130 impotentias
1218 1046 1322 1122 sunt,
1351 1055 1394 1103 ea
1420 1031 1582 1129 profecto
1613 1044 1754 1102 constat
1779 1054 1855 1103 esse

260 1147 452 1242 potentias.
473 1145 646 1219 Debilitas
667 1171 753 1219 vero
774 1149 897 1241 animi,
921 1174 1001 1245 qnae
1021 1150 1219 1223 fortitudini
1236 1151 1414 1224 contraria
1431 1164 1500 1243 est,
1525 1150 1687 1246 quadam
1706 1151 1782 1246 ejus
1799 1152 1854 1221 in-

262 1263 412 1337 firmitas
436 1280 472 1337 et
503 1266 714 1364 impotentia
739 1280 813 1360 est,
842 1293 950 1366 quam
976 1270 1154 1365 ignaviam
1185 1294 1248 1343 seu
1274 1268 1599 1369 pusillanimitatem
1630 1268 1749 1343 dicere
1774 1295 1855 1367 pos·

261 1407 398 1456 sumus.
418 1386 697 1484 intemperantia
713 1410 872 1485 quoque,
892 1389 1132 1487 temperantiae
1146 1388 1308 1476 adversa,
1324 1387 1488 1486 quaedarn
1505 1385 1727 1462 imbecillitas
1742 1390 1853 1462 animi

261 1515 297 1571 et
314 1502 524 1600 impotentia
542 1518 613 1592 est,
639 1504 935 1579 irrationabilium
955 1522 1119 1579 motuum
1138 1507 1214 1604 ejus
1231 1506 1442 1607 impulsibus
1459 1506 1622 1579 resistere
1637 1530 1713 1578 non
1730 1509 1852 1582 valen·

261 1622 325 1713 tis,
351 1646 372 1695 a
398 1622 530 1720 quihus
554 1624 655 1719 quasi
682 1623 899 1721 quibusdam
925 1625 1133 1698 satellitibus
1161 1626 1197 1698 in
1225 1628 1390 1700 miseram
1415 1626 1586 1698 vitiorum
1612 1627 1851 1724 captivitatem

260 1765 363 1813 mens
376 1741 519 1814 infirma
536 1742 687 1815 trahitur
700 1758 903 1841 etquorum
919 1743 1099 1819 dominari
1113 1745 1240 1819 debuit
1253 1746 1381 1819 ancilla
1397 1745 1450 1818 fn.
1472 1746 1569 1818 Sicut
1584 1758 1706 1818 autem
1718 1746 1853 1844 justitia

260 1860 426 1933 voluntas
458 1861 517 1934 illa
540 1886 650 1959 quarn
674 1862 848 1957 diximus,
866 1863 965 1936 hona
986 1880 1059 1957 est,
1079 1867 1127 1938 ita
1150 1866 1321 1963 injustitia
1343 1866 1507 1938 voluntas
1526 1864 1717 1937 contraria.
1737 1870 1782 1936 Et
1793 1868 1852 1962 ju·

257 1981 353 2053 stitia
370 1980 516 2078 quidem
534 1980 673 2053 bonurn
688 1982 888 2074 hominem,
908 1981 1081 2056 fortitudo
1097 2009 1182 2058 vero
1199 2008 1242 2057 ac
1258 1985 1492 2081 temperantia
1507 1982 1662 2083 probum
1677 1981 1849 2073 efficiunt,

257 2101 364 2196 qnia,
397 2101 499 2197 quod
527 2127 569 2173 ex
593 2101 652 2173 illa
669 2103 896 2196 avolum,
916 2133 933 2168 >r
964 2128 1008 2177 es
1035 2103 1092 2175 his
1118 2103 1166 2178 ad
1192 2103 1422 2178 efficiendum
1447 2102 1554 2175 validi
1581 2128 1716 2176 sumus.
1746 2109 1852 2178 Putas

260 2233 379 2290 autem
393 2243 452 2291 me
468 2221 506 2291 in
524 2221 709 2318 presentia
723 2221 862 2320 species
877 2247 940 2295 seu
955 2238 1072 2321 partes
1089 2223 1227 2295 virtutis
1243 2224 1291 2295 ita
1308 2222 1522 2311 distinxisse,
1541 2222 1633 2293 utin
1650 2221 1706 2294 his
1721 2222 1851 2320 gradus

258 2361 386 2410 omnes
407 2339 685 2429 concludantur,
706 2340 837 2438 quihus
853 2341 900 2414 ad
920 2340 1178 2414 beatitudinem
1198 2342 1409 2441 pertingitur
1422 2356 1461 2414 et
1479 2365 1661 2413 summum
1684 2366 1751 2440 pro
1775 2367 1858 2414 me·-

257 2457 333 2528 ritis
355 2456 494 2530 bonum
518 2458 812 2558 apprehenditur.
833 2464 936 2533 Nunc
951 2461 982 2534 si
1000 2461 1114 2533 visum
1136 2461 1183 2532 sit
1201 2460 1399 2558 prudentiae
1415 2474 1501 2548 tuae,
1522 2457 1611 2557 quid
1633 2459 1669 2529 in
1692 2459 1748 2532 his
1764 2485 1850 2558 pro·

256 2575 347 2649 bare
371 2579 427 2649 vel
456 2579 661 2677 improbare
682 2580 901 2674 decreveris,
928 2579 983 2652 vel
1005 2581 1035 2652 si
1064 2579 1151 2677 quid
1179 2580 1326 2656 sortasse
1359 2580 1405 2652 ad
1439 2578 1694 2678 perlectionem
1718 2580 1850 2653 addeu-

257 2694 347 2768 dum
365 2720 442 2769 esse
459 2699 652 2790 censueris,
670 2699 784 2798 parati
801 2724 926 2771 sumus
941 2700 1116 2797 excipere.

306 2817 507 2888 Cnarsrrsn.
532 2818 589 2889 Sic
610 2818 773 2913 prolecto
797 2819 979 2891 convenit.
1005 2817 1076 2890 Sed
1095 2818 1305 2916 priusquam
1321 2817 1367 2890 ad
1388 2816 1456 2890 hos
1478 2817 1607 2888 summi
1632 2814 1734 2906 boni,
1758 2840 1850 2912 quos

257 2938 427 3032 posuisti,
454 2935 585 3032 gradus
611 2937 816 3029 veniamus,
844 2937 889 3010 ed
917 2938 1159 3010 intermissum
1188 2962 1263 3009 non
1288 2936 1476 3009 dimissum
1502 2934 1549 3008 de
1574 2934 1849 3012 summobono

258 3054 314 3126 vel
336 3079 480 3128 summo
502 3056 597 3130 malo
613 3057 824 3130 conflictum
841 3056 1042 3150 redeamus,
1061 3072 1096 3130 et
1112 3056 1200 3154 quid
1216 3057 1423 3155 simpliciter
1439 3080 1620 3129 summum
1636 3053 1776 3127 bonum
1794 3056 1850 3129 vel

258 3197 438 3247 summum
472 3176 607 3247 malum
631 3175 783 3269 dicatur,
814 3191 850 3248 et
876 3200 922 3248 an
950 3175 1049 3248 aliud
1073 3200 1256 3247 summum
1283 3176 1421 3251 bonum
1446 3177 1490 3248 sit
1522 3197 1633 3272 quam
1666 3198 1848 3247 summunt

257 3289 416 3363 hominis
440 3291 598 3383 bonum,
618 3292 674 3366 vel
693 3319 876 3366 summurn
900 3293 1036 3368 malum
1055 3317 1164 3390 quam
1181 3318 1363 3366 summum
1389 3293 1545 3367 hominis
1562 3290 1711 3382 malum,
1730 3291 1848 3365 deter-

256 3411 425 3486 minetur.

545 3513 708 3601 Regressio
724 3511 767 3577 ad
782 3509 992 3579 intermissam
1006 3510 1245 3601 inquisitionem
1259 3510 1300 3576 de
1315 3508 1557 3576 summobono.

308 3657 448 3727 Panos.
471 3657 660 3727 Summum
680 3656 803 3754 utique
823 3654 963 3727 honum
977 3653 1075 3754 apud
1092 3678 1220 3726 omnes
1233 3667 1328 3725 reete
1345 3649 1638 3751 philosophantes
1656 3672 1730 3720 non
1748 3647 1845 3720 aliud

258 3797 366 3869 quam
394 3779 510 3845 Deum
539 3774 612 3846 dici
637 3788 778 3847 constat
802 3789 839 3847 et
862 3774 981 3865 credi,
1008 3776 1110 3873 cnjus
1138 3774 1271 3846 scilicet
1295 3768 1569 3869 incorporabilis
1594 3780 1630 3841 et
1658 3764 1846 3841 ineffabilis

257 3891 441 3966 beatitudo
467 3908 538 3965 tam
557 3894 723 3994 principii
738 3918 848 3991 quarn
865 3892 945 3966 finis
962 3895 1104 3991 ignem,
1126 3917 1201 3965 non
1222 3890 1344 3987 augeri
1364 3902 1481 3988 potest
1503 3911 1570 3960 nec
1590 3884 1715 3957 minui.
1733 3887 1847 3957 Sum-

257 4036 359 4085 mum
374 4038 463 4085 vero
484 4016 621 4087 malum
636 4038 814 4088 summam
829 4015 1073 4112 cujuscunque
1088 4014 1133 4085 sit
1156 4012 1230 4085 sire
1252 4010 1409 4085 hominis
1426 4010 1499 4081 sive
1519 4006 1661 4080 alterius
1677 4019 1846 4078 ereaturae

258 4132 437 4205 miseriam
456 4133 515 4205 vel
540 4158 655 4232 poenae
676 4135 873 4207 cruciatum
899 4149 1067 4225 autumo,
1089 4131 1248 4204 hominis
1273 4144 1393 4202 autem
1418 4148 1600 4199 summum
1626 4123 1767 4199 bonum
1789 4125 1848 4199 rel

256 4274 439 4325 summurn
465 4252 599 4325 malum
622 4253 716 4350 ejus,
743 4255 836 4326 sicut
862 4276 971 4351 supra
988 4252 1063 4349 jam
1093 4249 1245 4322 memini
1269 4271 1311 4321 ac
1338 4244 1588 4337 determinavi,
1617 4241 1742 4314 lutntae
1766 4244 1844 4314 ritae

260 4368 422 4463 requiem
444 4370 500 4441 vel
526 4396 670 4469 poenam
692 4385 903 4471 perpetuam
925 4371 1097 4468 intelligo.
1125 4373 1204 4441 Hoc
1230 4368 1351 4462 itaque
1375 4366 1467 4437 inter
1499 4382 1681 4435 summum
1705 4359 1843 4432 bonum

257 4500 293 4557 et
316 4510 497 4558 summum
519 4487 679 4562 hominis
696 4491 834 4565 bonum
856 4491 986 4564 referre
1002 4490 1169 4579 arbitror,
1188 4485 1306 4583 qnod,
1331 4485 1420 4557 sieut
1443 4507 1486 4555 ex
1505 4479 1694 4580 premissis
1709 4478 1839 4576 liquet,

259 4628 440 4677 summum
463 4604 601 4679 bonum
618 4612 714 4681 Deus
734 4611 810 4709 ipso
826 4626 878 4683 est
894 4610 951 4683 vel
965 4612 1042 4707 ejus
1057 4605 1287 4681 beatitudinis
1308 4625 1448 4679 sumum
1467 4598 1713 4698 tranquillitas,
1734 4622 1843 4696 quam

259 4736 376 4794 tamen
400 4748 476 4795 non
499 4724 597 4797 aliud
611 4750 723 4823 qnam
738 4728 868 4825 ipsum,
891 4729 1119 4817 aestimamus,
1139 4726 1202 4822 qui
1218 4749 1262 4796 ex
1284 4747 1323 4795 se
1342 4723 1433 4820 ipso,
1452 4744 1527 4793 non
1542 4716 1699 4807 aliunde,
1718 4716 1843 4789 beatus

257 4856 331 4932 est3
350 4867 532 4915 mmmum
549 4859 670 4917 autem
684 4844 842 4917 hominis
856 4845 995 4917 bonurn
1012 4844 1071 4917 illa
1095 4858 1150 4917 est
1164 4841 1466 4942 perpetuaquies,
1484 4840 1558 4913 sire
1579 4835 1714 4929 latitia,
1732 4857 1843 4932 quam

238 4994 241 5003 ·
257 4962 408 5058 quisque
424 4986 493 5062 pro
512 4963 647 5036 meritis
665 4963 856 5063 posthanc
873 4964 982 5034 vitam
1002 4962 1145 5059 recipit,
1164 4961 1238 5033 sive
1260 4959 1298 5030 in
1320 4960 1397 5056 ipsa
1412 4958 1548 5031 risione
1563 4956 1618 5029 vel
1637 4953 1843 5053 cognitione

259 5080 342 5174 Dei,
375 5096 415 5153 ut
439 5082 574 5176 dicitis,
603 5085 676 5159 sire
702 5106 850 5180 quoquo
877 5080 987 5154 modo
1015 5079 1116 5154 aliter
1143 5077 1339 5171 contingat.
1372 5080 1562 5149 Summum
1592 5099 1679 5148 vero
1708 5073 1843 5149 malum
