4559 6100
644 94 735 162 Sedit
755 114 863 167 autem
887 102 921 166 in
940 101 1077 168 concilio
1099 104 1193 168 vani·

661 217 854 307 Episcopus,
878 221 913 285 in
936 223 1025 308 cujus
1050 224 1194 288 auctori·

643 334 824 426 crapulam
846 352 991 424 ructans,
1007 340 1194 427 hujusmodi

643 454 781 546 eligionis
806 458 996 549 participes,
1028 463 1194 527 communi

643 599 704 642 erus
728 575 887 642 columbae
914 577 1025 643 oculus
1047 594 1193 670 turgente

645 696 820 785 possessio,
837 695 896 761 ubi
911 695 1008 762 fuerit
1029 696 1106 762 fidei
1131 697 1192 763 de-

643 837 703 901 juar
727 832 760 882 et
784 815 1002 907 Angelorum,
1028 817 1193 882 caritatem

643 936 705 999 tos!
729 958 751 1000 o
768 934 848 1001 sales
870 936 985 1001 Attici!
1009 934 1194 1024 eloquentia
1265 1006 1269 1016 ,

643 1053 708 1121 finis
729 1054 787 1120 tali
802 1056 899 1146 capiti
919 1078 986 1121 non
1003 1055 1191 1145 respondet.

643 1230 646 1239 .
665 1190 750 1240 sunt.
769 1174 878 1241 Placet
898 1191 1014 1255 etnon
1030 1175 1192 1240 immerito

643 1293 683 1361 de
698 1296 814 1385 quibus
830 1296 953 1362 dictum
970 1294 1032 1362 est⁸
1052 1318 1060 1361 ε
1084 1326 1097 1353 α
1108 1296 1193 1360 Con·

644 1432 699 1477 ero
716 1411 883 1502 episcopus
905 1412 1003 1477 etiam
1024 1410 1193 1502 praemissis

663 1545 788 1622 semper
815 1533 977 1624 excogitat
1000 1531 1188 1597 novitatem.

657 1651 690 1716 in
712 1650 810 1717 ebore
833 1674 978 1717 mancus.
1002 1651 1054 1716 Sic
1075 1649 1191 1714 urbem

643 1792 730 1835 casus
751 1770 924 1853 ventilant,
950 1771 994 1837 sic
1017 1768 1192 1834 discutiunt

643 1917 712 1960 sues
735 1917 846 1961 crassae
872 1893 1022 1961 adversus
1044 1893 1189 1959 silentem

643 2133 778 2201 mlardus
806 2134 849 2200 ad
870 2136 1011 2199 Romani
1033 2135 1191 2200 examinis

643 2253 676 2319 lo
693 2276 788 2320 causa
804 2277 877 2320 mea
894 2255 984 2344 quasi
1000 2255 1091 2345 impii
1102 2253 1191 2341 judi·

643 2374 739 2440 uchio
755 2372 875 2440 fidebat
891 2372 1063 2465 praesulum
1080 2373 1192 2439 multi·

643 2492 707 2559 ulis
721 2517 734 2559 «ε
753 2494 910 2560 Caesarem
935 2493 1117 2585 appellasti,
1146 2494 1188 2559 ad

643 2614 896 2679 isllenunciavit
910 2613 997 2679 enim
1012 2635 1084 2701 quae
1100 2627 1189 2703 gesta

644 2733 715 2798 ouis
726 2734 761 2799 in
772 2734 904 2800 Petrum
914 2756 973 2825 per
986 2732 1187 2801 Gallicanam

643 2854 788 2920 tuarium
807 2854 959 2939 rationis,
982 2854 1063 2919 tuba
1089 2853 1184 2935 fidei,

645 2972 772 3039 auditus
794 2989 827 3039 et
841 2974 1063 3040 inconvictus.
1095 2972 1186 3058 Quid

643 3698 755 3778 mendi.

656 3936 776 3986 utnon
794 3920 944 4010 utrinque
960 3938 1063 3981 musae
1079 3917 1179 3983 latera

643 4056 741 4128 egeret
766 4036 958 4104 elimarent?
984 4037 1041 4103 leti
1067 4036 1180 4120 clausis

643 4185 645 4218 ι
662 4179 738 4223 arcu
758 4157 934 4248 iniquitatis
948 4157 1074 4223 intenso
1091 4159 1180 4223 toxi-

643 4464 729 4515 v.lst
745 4461 914 4515 5.-⁴Amb.
932 4458 1093 4524 tanqum
1103 4471 1176 4510 sensu
