4559 6100
449 517 520 591 638
1051 513 1179 585 PE'l'Rl
1204 512 1441 586 ABAEbdRDl

448 666 586 765 aperire
608 678 766 763 possent.
784 662 895 752 Quod
912 662 1059 760 quidem
1073 663 1102 737 si
1117 687 1193 737 non
1207 676 1359 760 possunt
1369 662 1424 735 vel
1439 661 1619 748 nesciunt,
1629 673 1727 732 corte
1742 657 1831 731 illud
1847 658 2041 757 poeticum,

450 788 680 881 inquantum
698 783 866 875 arbitror,
883 783 1073 855 incurrunt
1091 810 1099 853 ε

731 956 798 1022 Nec
822 972 957 1046 prosunt
980 955 1113 1021 domiuo
1138 979 1210 1045 quae
1232 971 1366 1047 prosunt
1388 956 1537 1021 omuibus
1559 972 1653 1019 artes.

496 1136 650 1228 Appetat
666 1127 847 1226 quislibet,
865 1154 941 1202 non
958 1154 1040 1226 ego,
1065 1143 1279 1227 potestatem
1296 1129 1412 1222 illam,
1433 1153 1505 1226 qua
1520 1127 1640 1227 potius
1656 1128 1734 1201 aliis
1749 1150 1861 1224 quam
1876 1126 1947 1198 sibi
1961 1150 2043 1224 pro·

449 1249 555 1321 licere
579 1249 712 1346 possit,
742 1264 913 1346 tanquam
935 1249 973 1319 in
999 1263 1174 1347 potestate
1203 1272 1267 1321 sua
1291 1248 1423 1322 babeat
1445 1246 1580 1321 alienas
1610 1249 1746 1321 arsimus
1771 1246 1908 1321 salvare
1933 1247 2042 1341 magn

451 1392 560 1463 quam
578 1369 778 1466 propriam3
796 1393 881 1439 eum
898 1393 917 1440 e
932 1368 1114 1440 contrario
1131 1366 1299 1465 quislibet
1314 1367 1489 1480 dispretus
1506 1368 1646 1439 sentiat.

1060 1700 1239 1791 CAPUT
1281 1698 1428 1790 XXVI.

698 1920 801 1975 Utrum
824 1919 996 1998 generaliter
1018 1917 1056 1975 ad
1076 1936 1177 1977 omues
1198 1916 1340 1996 pertineat
1358 1916 1490 1996 praelatos
1508 1916 1622 1975 solvere
1644 1929 1673 1975 et
1695 1916 1795 1996 ligare.

500 2110 590 2177 Cum
600 2129 686 2202 ergo
693 2106 947 2204 qtraeriturquae
957 2108 1001 2177 sit
1013 2105 1072 2178 illa
1082 2119 1238 2205 potestas
1247 2105 1302 2177 vel
1316 2104 1432 2178 claves
1442 2105 1541 2201 regni
1549 2103 1737 2195 coelorum,
1755 2127 1847 2200 quaa
1855 2104 2032 2201 apostolis

452 2226 630 2297 Dominus
647 2223 807 2315 tradidit,
829 2249 872 2297 ac
888 2224 1049 2297 similiter
1063 2249 1191 2297 eorum
1211 2225 1364 2316 vicariis,
1382 2223 1516 2296 scilicet
1531 2224 1714 2321 Episcopis
1729 2223 1944 2295 concessisse
1955 2221 2042 2319 legi·

451 2360 528 2435 tur,
550 2369 626 2417 non
640 2368 753 2443 parra
768 2346 917 2442 quaestio
936 2344 1088 2417 videtur.
1107 2350 1199 2416 Cum
1218 2344 1316 2417 enirn
1335 2343 1437 2415 multi
1458 2344 1527 2414 sint
1546 2343 1706 2442 episcopi
1733 2366 1803 2414 nee
1821 2341 2042 2439 religionem,

451 2463 783 2537 necdiscretionem
796 2464 982 2551 habentes,
1005 2466 1170 2561 quamvis
1185 2464 1424 2562 episcopalem
1433 2461 1593 2534 babeant
1607 2476 1841 2560 potestatem
1858 2461 2047 2559 quomodo

451 2585 502 2655 eis
524 2607 627 2680 taque
641 2599 681 2654 ut
697 2584 876 2680 apostolis
892 2585 1085 2656 convenire
1106 2584 1267 2655 dicemus
1290 2610 1298 2652 :
1322 2612 1340 2650 n
1361 2587 1527 2669 Quorum
1548 2580 1753 2653 remiseritis
1767 2595 1915 2680 peecata
1931 2581 2048 2652 remit·

451 2716 572 2773 tantur
586 2703 698 2793 eis,et
714 2726 874 2798 quorum
888 2703 1101 2774 retinueritis
1118 2716 1255 2774 retenta
1273 2701 1433 2773 sunt¹is
1443 2701 1614 2798 Nunquid
1623 2703 1652 2773 si
1662 2700 1851 2775 indiscrete
1867 2700 1923 2773 vel
1940 2725 2046 2799 supra

453 2820 604 2893 modum
620 2819 705 2891 velit
722 2821 918 2919 Episcopus
935 2846 1080 2919 poenam
1094 2823 1231 2919 peccati
1245 2844 1376 2915 augere
1391 2821 1632 2911 vclrelaxare,
1643 2821 1714 2893 boc
1729 2822 1766 2892 in
1782 2822 1860 2919 ejus
1873 2834 2048 2919 estpotes-

453 2957 542 3034 tate;
561 2958 601 3015 ut
618 2942 786 3016 videlicet
801 2944 999 3016 sonandum
1014 2944 1285 3042 ejusarbitrium
1300 2968 1424 3044 prenae
1439 2950 1537 3017 Deus
1552 2945 1735 3045 disponat,
1755 2960 1795 3017 ut
1811 2944 1911 3041 quod
1928 2945 2046 3016 minus

452 3063 677 3161 paeniendum
696 3079 763 3157 est,
781 3065 857 3164 ipse
874 3067 985 3161 magis
1004 3066 1144 3165 puniat,
1163 3091 1184 3137 e
1203 3088 1391 3155 converso,
1417 3091 1501 3138 cum
1517 3067 1719 3163 aequitatem
1741 3066 1791 3137 rei
1808 3065 1923 3160 magis
1937 3087 2045 3161 quam

453 3183 643 3256 bominum
666 3184 886 3257 voluntatem
909 3190 1007 3257 Deus
1022 3184 1215 3259 adtendere
1232 3184 1386 3257 debeat?
1404 3186 1574 3283 Nunquid
1584 3186 1619 3258 si
1640 3186 1837 3284 Episcopus
1851 3209 1916 3282 per
1932 3186 2044 3270 iram,

453 3302 510 3375 vel
536 3303 666 3376 odium
685 3303 789 3401 quod
812 3304 944 3380 babeat
965 3306 1002 3376 in
1027 3304 1198 3402 aliquem,
1225 3304 1448 3378 tantumdem
1474 3331 1557 3376 eum
1582 3306 1757 3404 poenitere
1779 3304 1978 3376 decreverit
2002 3303 2047 3374 de

452 3422 646 3495 levioribus
676 3424 831 3522 peccatis
860 3440 1037 3521 quantum
1073 3424 1119 3496 de
1144 3423 1383 3521 gravioribus3
1414 3425 1468 3496 vel
1494 3449 1638 3523 poenam
1665 3425 1742 3521 ejus
1767 3425 1805 3495 in
1829 3437 2047 3523 perpetuum

453 3543 658 3635 estendere,
685 3543 744 3615 rel
765 3568 953 3640 nunqtmm
975 3545 1010 3616 ei
1033 3545 1191 3616 relaxare
1213 3547 1392 3636 statuerit,
1417 3561 1750 3642 quantumcumque
1773 3544 1832 3617 ille
1854 3544 2044 3643 paeniteat,

452 3661 630 3758 numquid
658 3661 754 3736 banc
777 3663 853 3759 ejus
878 3663 1091 3736 sententiam
1114 3664 1293 3736 Dominus
1318 3662 1567 3735 confirmabit?
1590 3664 1698 3751 Quod
1724 3663 1845 3761 itaque
1872 3664 2048 3735 Dominus

454 3781 630 3876 Apostolis
655 3781 737 3853 ait:
767 3784 967 3868 nanrum
990 3783 1196 3854 remiseritis
1216 3798 1378 3881 peccata,
1404 3784 1717 3872 manutenturos,
1740 3813 1758 3850 n
1787 3798 1873 3872 etc,
1897 3782 1944 3855 ad
1961 3807 2048 3880 per-

455 3921 561 3972 sonas
581 3903 742 3988 eorum',
765 3924 840 3972 nou
863 3899 910 3973 ad
924 3925 1050 3974 omnes
1073 3902 1272 4001 Episcopos
1290 3901 1516 3974 referendum
1536 3903 1689 3994 videtur,
1717 3904 1810 3974 sicut
1829 3917 1866 3974 et
1880 3899 1979 3998 quod
1995 3901 2047 3971 eis

454 4015 631 4089 alibiait⁸z
647 4048 665 4085 α
679 4021 751 4090 Vos
766 4019 849 4091 estis
857 4020 917 4091 lua
937 4022 1063 4093 mundi
1073 4050 1113 4112 3»
1133 4038 1190 4094 et:
1206 4025 1308 4093 «Vos
1319 4023 1408 4094 estis
1423 4022 1475 4095 sol
1493 4037 1605 4114 terrae,
1621 4051 1640 4090 n
1662 4021 1715 4093 vel
1733 4023 1903 4120 pleraque
1918 4017 1985 4092 alin
2001 4019 2047 4091 de

455 4136 620 4233 personis
637 4162 764 4210 eorum
781 4139 981 4236 specialiter
997 4140 1219 4239 accipienda·
1245 4145 1324 4212 Nou
1344 4142 1441 4213 enim
1462 4142 1557 4213 banc
1580 4141 1832 4214 discretionem
1850 4143 1905 4213 vel
1922 4141 2049 4212 saneti·

455 4269 566 4330 tatem
578 4280 688 4352 quam
707 4257 885 4354 Apostolis
900 4260 1077 4329 Dominus
1094 4257 1210 4348 dedit,
1229 4261 1492 4332 successoribus
1508 4285 1635 4333 eorum
1651 4263 1833 4360 aequaliter
1848 4261 2044 4348 conoessit;

455 4399 525 4448 uec
539 4375 708 4449 omnibus
724 4401 824 4475 aque
840 4377 949 4450 duit*
968 4406 977 4450 z
996 4380 1120 4451 «Beati
1136 4378 1301 4475 oculiqui
1316 4379 1440 4452 vident
1455 4405 1534 4477 quae
1550 4381 1766 4470 vosvidetis3
1777 4413 1795 4449 s
1808 4385 2044 4453 etrursurn⁸r

458 4525 476 4561 ιι
491 4497 565 4565 Vos
580 4510 703 4569 autem
718 4496 792 4569 dixi
806 4498 957 4590 amicos,
972 4499 1055 4596 quia
1073 4500 1196 4572 omnia
1213 4523 1447 4597 quaecumque
1462 4500 1582 4571 audivi
1605 4526 1626 4574 a
1644 4505 1747 4572 Patre
1762 4524 1858 4589 meo,
1878 4513 1963 4572 nota
1982 4499 2050 4571 leel

455 4612 578 4707 tubis,
593 4645 611 4682 »
630 4629 666 4687 et
683 4617 832 4690 iteruin‘
857 4647 867 4689 :
898 4620 1020 4690 «Cum
1043 4621 1178 4692 venerit
1201 4618 1259 4690 ille
1293 4618 1445 4718 Spiritus
1460 4621 1637 4711 Veritatis,
1657 4619 1802 4694 docebit
1816 4646 1881 4692 vos
1902 4643 2047 4691 ornnem

456 4735 655 4810 veritatem.
675 4767 693 4804 s

489 5013 589 5079 'toau.,
609 5031 664 5081 esp,
677 5031 721 5080 xx,
734 5024 808 5073 ι.23.
826 5046 857 5060 ·-
871 5025 880 5053 ²
893 5021 968 5072 Error
982 5023 1109 5075 abelardi.
1124 5051 1155 5063 -
1166 5027 1175 5057 ⁸
1188 5023 1283 5086 uasta,
1301 5038 1354 5087 esp.
1370 5040 1396 5088 r,
1413 5042 1435 5076 r.
1451 5029 1488 5088 13,
1503 5027 1540 5077 ll.
1558 5052 1584 5063 ·-
1607 5025 1693 5086 Ἧι,
1705 5040 1758 5088 cap.
1775 5040 1799 5088 x,
1814 5042 1837 5076 ι.
1855 5029 1895 5077 ta.
1906 5051 1936 5063 -·
1948 5024 2048 5082 ιλιιι,

457 5105 511 5154 esp.
527 5107 569 5156 ar,
583 5110 609 5146 r.
626 5097 813 5164 lb-'loan.,
825 5115 880 5164 rap.
892 5115 942 5162 ιιι,
954 5104 1030 5158 κη.
