4559 6100
887 541 1120 621 utttootts
1731 539 1804 614 ata

205 719 330 769 verum
350 697 475 795 utique
489 709 542 768 est
557 709 665 794 atque
681 693 873 792 liquidum.
897 692 969 769 Sed
988 693 1061 767 hoc
1076 694 1129 767 eis
1145 693 1276 768 accidit
1292 692 1519 783 hominibus,
1540 695 1602 792 qui
1620 692 1804 771 rationalis

204 817 332 915 peritia
347 816 583 916 philosophiae
605 831 641 889 et
663 828 958 912 argumentorum
977 829 1101 889 carent
1122 813 1361 905 discretioue3
1380 812 1504 911 quales
1525 839 1564 889 sc
1584 813 1698 891 ludtei
1714 838 1804 912 pro·

205 934 352 1010 fitentur
372 961 461 1028 esse,
482 937 545 1034 qui
561 961 629 1035 pro
646 935 867 1033 argumentis
879 936 984 1031 signa
999 935 1207 1033 requirunt,
1224 935 1487 1034 etquicunque
1507 959 1613 1007 suum
1638 935 1676 1006 in
1699 933 1805 1007 dictis

204 1054 349 1129 alterius
364 1057 568 1156 presidium
589 1070 755 1157 ponunt3
778 1071 950 1154 tanquam
970 1055 1017 1128 de
1036 1056 1250 1129 auctoritate
1264 1055 1322 1131 vel
1343 1054 1478 1153 scripto
1491 1053 1652 1127 absentis
1666 1053 1805 1129 lucillus

201 1175 396 1271 judicetur,
416 1201 527 1275 quam
542 1175 589 1249 de
604 1178 744 1251 ratione
760 1176 817 1249 vel
833 1175 1010 1249 sententia
1026 1176 1222 1273 praesentis,
1239 1188 1275 1247 et
1290 1198 1416 1249 sensus
1434 1174 1528 1249 illius
1544 1172 1673 1249 melius
1693 1192 1806 1270 quam

204 1295 305 1369 istius
328 1296 441 1393 possit
467 1295 615 1393 inquiri·
640 1301 738 1371 Dum
759 1319 861 1391 vero,
888 1309 1065 1392 quantum
1089 1293 1270 1383 valemus,
1299 1293 1348 1366 de
1372 1309 1498 1367 nostra
1521 1292 1665 1369 solliciti
1692 1292 1806 1367 salute

148 1450 151 1455 ·
205 1416 323 1489 Deum
345 1415 581 1514 inquirimus,
609 1417 831 1514 ejusutique
851 1414 999 1514 supplet
1014 1415 1125 1511 gratia
1144 1413 1245 1510 quod
1270 1429 1395 1486 nostra
1421 1436 1496 1489 nou
1517 1410 1648 1487 sufficit
1671 1434 1803 1509 opera,

205 1547 242 1607 et
256 1533 419 1607 volentes
441 1534 587 1633 adjuvat
604 1551 643 1608 ut
662 1536 821 1635 possint,
845 1536 909 1632 qui
930 1534 1003 1607 hoc
1024 1534 1143 1633 ipsum
1164 1534 1273 1607 etiam
1295 1532 1446 1631 inspirat
1471 1548 1510 1606 ut
1525 1531 1649 1605 velint.
1676 1536 1721 1603 Et
1742 1533 1806 1629 qui

206 1678 298 1752 saepe
317 1656 450 1728 invitos
471 1655 597 1748 trahit,
629 1654 790 1729 volentes
817 1680 893 1729 non
916 1655 1049 1753 rejicit,
1072 1670 1109 1729 et
1132 1655 1260 1727 nitenti
1287 1653 1438 1753 porrigit
1465 1652 1672 1744 deuterum,
1702 1652 1806 1748 quus

206 1796 355 1870 arguere
370 1789 583 1874 non‘potest
603 1775 870 1874 negligentiam.
889 1779 944 1848 De
959 1799 1034 1874 quo
1050 1800 1116 1847 vos
1141 1776 1219 1873 ipsa
1239 1798 1352 1871 quam
1373 1772 1490 1847 dicitis
1507 1772 1637 1845 veritas
1660 1795 1806 1849 securos

206 1892 367 1966 Christus
390 1893 565 1988 efficiens,
591 1919 751 1990 oengrua
774 1893 1008 1968 similitudine
1025 1895 1208 1993 premissa
1228 1893 1437 1967 subintulit¹
1455 1918 1464 1963 t
1484 1892 1633 1965 «Petite
1656 1906 1693 1965 et
1708 1893 1806 1965 aoei-

206 2014 321 2110 pietis,
340 2015 487 2112 querite
502 2030 538 2087 et
552 2015 753 2102 invenietis,
769 2014 907 2114 pulsate
922 2029 959 2087 et
969 2015 1148 2114 aperietur
1159 2012 1276 2086 vobis.
1291 2044 1309 2081 s
1326 2013 1452 2087 Omnis
1461 2014 1559 2087 enirn
1569 2012 1633 2107 qtti
1648 2012 1737 2111 petit
1752 2032 1807 2084 ac·

205 2133 303 2231 cipit,
327 2148 362 2206 et
377 2132 479 2232 [qui]
496 2135 622 2232 quaerit
635 2134 783 2226 invenit,
801 2148 837 2207 et
854 2159 892 2232 p.
911 2158 946 2206 a.
971 2138 1060 2222 Quae
1080 2133 1229 2232 quidem
1252 2133 1401 2205 memini
1416 2132 1658 2230 precedentia
1678 2129 1803 2217 verba,
1899 2112 1903 2125 ’

206 2253 420 2348 Augustinus
432 2278 615 2352 exponens
626 2253 785 2351 quodam
794 2278 861 2326 suo
872 2250 1333 2327 tractatudeMisericordia
1341 2253 1480 2349 inquit.-
1495 2282 1513 2318 α
1525 2251 1638 2325 Petite
1647 2251 1803 2340 orando,

206 2372 354 2470 quaerite
371 2372 608 2472 disputando,
631 2373 771 2473 pulsate
792 2373 993 2473 operando.
1015 2404 1034 2444 u
1055 2374 1160 2448 Unde
1176 2388 1212 2447 et
1225 2387 1339 2447 artem
1359 2371 1567 2470 disputandi
1585 2371 1746 2445 secundo
1763 2370 1806 2443 de

208 2490 343 2562 Ordine
356 2490 450 2572 libro
467 2493 593 2565 ceteris
612 2492 802 2592 praeferens
816 2494 1028 2593 disciplinis,
1049 2510 1087 2569 et
1104 2509 1276 2592 tauquam
1291 2493 1369 2590 ipsa
1384 2493 1462 2566 sola
1479 2493 1567 2565 sciat
1580 2490 1638 2565 rel
1655 2492 1807 2565 scientes

206 2609 332 2705 faciat,
357 2636 437 2686 eam
453 2614 714 2686 commendans
729 2613 779 2686 ait
798 2641 808 2685 i
835 2643 853 2683 u
875 2614 1108 2714 Disciplinam
1130 2613 1424 2712 disciplinarum,
1449 2634 1561 2710 quam
1582 2611 1806 2686 dialecticam

207 2747 350 2806 vocant.
382 2737 465 2806 Haec
488 2732 594 2806 docet
618 2722 769 2827 docere,
799 2734 875 2807 haec
898 2734 1007 2807 docet
1028 2733 1179 2807 discere.
1214 2738 1254 2806 In
1277 2733 1348 2805 hac
1369 2756 1409 2805 sc
1438 2732 1517 2831 ipsa
1538 2732 1631 2807 ratio
1654 2731 1806 2805 demon·

206 2865 314 2943 strat3
341 2853 429 2950 quid
451 2854 514 2944 sit,
541 2852 631 2952 quid
652 2853 760 2940 velit,
786 2854 854 2928 scit
877 2853 966 2927 sola.
988 2854 1218 2952 Scientesque
1245 2852 1360 2926 ficere
1382 2876 1459 2925 non
1479 2851 1600 2925 solum
1624 2851 1719 2938 vult,
1743 2853 1806 2927 sed

207 2973 316 3045 etiam
333 2987 463 3072 potest.
482 3001 500 3042 u
520 2973 620 3046 ldem
642 2975 680 3046 in
703 2973 796 3047 libro
817 2974 978 3050 secundo
998 2973 1042 3046 de
1065 2974 1276 3047 Ctrnuaua
1299 2974 1476 3045 Doctrirta
1499 2996 1581 3044 earn
1606 2971 1808 3046 admodum

207 3114 314 3164 sacrae
334 3090 481 3165 lectioni
502 3095 739 3167 necessariam
760 3094 954 3168 ostendens
981 3122 990 3166 ι
1020 3122 1038 3163 u
1061 3097 1229 3187 Restant,
1252 3119 1269 3158 r
1295 3092 1431 3189 inquit,
1459 3115 1531 3166 «ee
1554 3116 1635 3190 quae
1657 3117 1735 3165 non
1759 3093 1808 3167 ad

208 3211 370 3310 corporis
389 3236 513 3286 sensus
530 3212 593 3285 sed
610 3212 657 3285 ad
675 3213 852 3285 rationem
872 3215 1066 3312 pertinent,
1085 3213 1149 3286 ubi
1165 3212 1391 3311 disciplinam
1408 3226 1538 3309 tegunt
1554 3212 1808 3311 disputationis

209 3345 245 3403 et
269 3333 423 3403 numeri.
447 3330 517 3405 Sed
536 3331 787 3431 disputationis
809 3332 996 3432 disciplina
1016 3333 1064 3405 ad
1086 3333 1212 3406 omnia
1234 3356 1366 3428 genera
1388 3332 1645 3429 questionum,
1670 3332 1807 3429 quaein

208 3451 318 3524 sacris
341 3449 451 3523 literis
473 3466 558 3524 sunt
580 3451 823 3551 penetranda,
840 3451 1041 3551 plurimum
1060 3452 1168 3526 valet.
1191 3454 1326 3525 Tamen
1348 3451 1400 3525 ibi
1425 3452 1589 3525 cavenda
1614 3467 1668 3526 est
1692 3450 1807 3534 libido

208 3570 350 3644 rixandi
364 3586 400 3644 et
413 3570 560 3671 puerilis
575 3571 741 3670 quaedam
757 3573 949 3645 ostentatio
966 3572 1170 3672 decipiendi
1185 3571 1443 3646 adversarium.
1461 3575 1555 3644 Sunt
1566 3572 1664 3645 enim
1678 3570 1804 3665 multa,

208 3702 288 3776 quae
309 3678 535 3778 appellantur
557 3678 794 3778 sophismata,
819 3679 914 3758 tatsae
935 3678 1186 3752 conclusiones
1206 3679 1387 3752 rationum
1408 3692 1445 3752 et
1465 3679 1679 3777 plerumque
1702 3702 1805 3751 veras

208 3798 407 3891 imitantes,
434 3812 565 3871 utnon
581 3799 700 3872 solum
718 3799 839 3872 tardos
858 3799 1048 3874 sedetiam
1067 3801 1272 3895 ingeniosos
1295 3800 1414 3872 minus
1430 3813 1589 3898 ,attentos
1612 3797 1805 3898 decipiant.

209 3918 318 4006 Quod
336 3941 448 4015 genus
467 3919 708 4017 captiosarum
725 3919 1000 3993 conclusionum
1010 3921 1202 4021 scriptura,
1221 3934 1398 4017 quantum
1415 3920 1594 4012 existimo,
1613 3917 1810 3992 detestatur

209 4035 272 4111 illo
290 4037 372 4110 loco
389 4035 452 4109 ubi
470 4037 608 4111 dictum
624 4042 696 4111 est’
717 4065 726 4109 :
749 4070 767 4107 α
779 4040 851 4128 Qui
867 4037 1060 4138 sophistice
1076 4039 1252 4137 loquitur,
1274 4037 1418 4112 odibilis
1432 4053 1498 4112 est.
1514 4070 1532 4106 s

258 4159 462 4232 Cramsmsrt.
484 4162 598 4231 Nemo
616 4173 714 4232 certe
728 4173 908 4251 nmm,
927 4160 991 4257 qui
1011 4159 1186 4232 discretus
1206 4173 1272 4251 est,
1298 4157 1500 4233 rationibus
1518 4156 1629 4230 lidem
1644 4159 1810 4255 vestigari

210 4300 253 4350 ac
277 4277 406 4350 discuti
432 4292 546 4368 vetat,
574 4303 642 4351 nec
665 4278 926 4353 rationabiliter
949 4280 1005 4352 his
1028 4305 1107 4378 quae
1133 4279 1247 4352 dubia
1273 4279 1424 4373 luerint,
1456 4279 1708 4377 acquiescitur,
1739 4278 1810 4351 nisi

210 4420 276 4469 cur
292 4396 594 4496 acquiescendum
612 4400 752 4472 ratione
768 4400 961 4499 praemissa.
979 4403 1066 4489 Quae
1089 4399 1268 4491 videlicet,
1289 4424 1374 4488 cum
1397 4400 1450 4473 rei
1468 4398 1589 4472 dubim
1605 4397 1715 4471 fidem
1730 4397 1808 4470 effi·

210 4515 272 4604 cit,
290 4514 453 4613 prolecto
467 4517 505 4588 id
520 4516 657 4614 quoda
671 4517 776 4591 vobis
790 4533 1046 4616 argumentum
1059 4496 1192 4591 dicitur
1207 4519 1285 4617 ipsa
1302 4517 1355 4589 fit.
1375 4519 1415 4590 ln
1433 4518 1535 4590 omni
1551 4519 1686 4618 quippe
1700 4516 1809 4592 disci·

210 4633 309 4734 plina
332 4647 406 4706 tam
422 4634 469 4707 de
485 4637 620 4735 scripto
639 4659 750 4735 quarn
775 4638 821 4710 de
843 4639 1017 4711 sententia
1033 4662 1071 4710 se
1089 4637 1219 4736 ingerit
1239 4636 1499 4726 controversia,
1523 4638 1621 4710 etin
1646 4636 1811 4736 quolibet

211 4752 464 4853 disputationis
480 4755 652 4829 conflictu
669 4755 806 4830 firmior
823 4757 973 4830 rationis
988 4758 1118 4832 veritas
1133 4757 1288 4850 reddita,
1306 4782 1420 4856 quam
1439 4758 1635 4832 auctoritas
1650 4772 1809 4831 ostensa.

212 4877 335 4972 Neque
358 4875 456 4948 enim
475 4874 523 4950 ad
546 4874 657 4949 fidem
679 4875 910 4950 astruendam
933 4876 1061 4971 refert,
1081 4878 1173 4976 quid
1195 4878 1241 4951 sit
1264 4877 1303 4950 in
1325 4879 1378 4950 rei
1395 4877 1556 4970 veritate,
1581 4875 1645 4951 sed
1661 4875 1752 4974 quid
1772 4877 1810 4952 in

250 5147 752 5217 ¹ttuu.,cp.uu‚v.t.-²tmtu.,
766 5161 890 5216 mnu,
904 5155 962 5205 nt.

332 5261 357 5299 n
1653 5244 1692 5302 85
