4559 6100
711 483 757 556 IN
780 479 1029 554 EPlS'l'OLAlll
1052 483 1115 556 sl)
1139 484 1365 560 ROMANOS.
1763 481 1838 558 233

241 631 388 722 nobis,»
406 630 579 728 quoniam
597 627 730 702 scilicet
744 629 811 701 Dei
830 629 1021 703 «Christus
1039 628 1147 704 Filius
1159 657 1228 731 pro
1244 629 1352 705 nobis
1374 645 1537 704 mortuus
1553 644 1606 704 est
1621 654 1706 703 cum
1718 630 1838 705 adhuc

240 763 447 850 peccatores
462 772 630 822 essemus.
648 776 666 817 a
681 746 830 837 Quodsi
843 748 892 822 ita
907 749 1063 849 respexit
1078 775 1164 823 cum
1179 775 1338 825 essemus
1353 764 1573 850 peccatores,
1587 751 1694 821 morti
1707 751 1838 824 scilicet

241 871 391 944 unicum
408 894 515 942 suum
537 894 604 967 pro
630 866 738 941 nobis
759 866 951 963 tradendo,
978 899 996 938 «
1008 870 1125 943 multo
1140 871 1254 969 magis
1267 895 1398 968 ergo,›s
1417 869 1455 942 id
1473 884 1539 964 est,
1562 869 1677 941 multo
1704 868 1841 944 facilius

241 992 315 1064 sive
330 988 501 1063 libentius
517 988 574 1061 vel
591 986 816 1087 probabilius
829 1013 928 1061 nunc
948 989 1113 1088 respiciet
1124 1014 1193 1063 nos
1213 989 1260 1064 ad
1282 989 1516 1063 salvationem
1539 989 1615 1086 jam
1630 987 1840 1086 justificatos

242 1111 279 1182 in
293 1109 467 1207 sanguine
479 1133 561 1200 suo,
571 1106 610 1180 id
621 1122 688 1197 est,
703 1107 777 1205 jam
789 1132 856 1206 per
871 1106 1102 1181 dilectionem
1114 1133 1226 1207 quam
1243 1109 1280 1181 in
1295 1133 1341 1182 eo
1351 1107 1544 1200 habemus,
1560 1133 1603 1181 ex
1616 1107 1686 1181 bac
1699 1112 1840 1182 summa

243 1229 367 1325 gratia,
395 1252 505 1328 quam
528 1225 633 1299 nobis
654 1224 830 1316 exhibuit,
855 1251 923 1324 pro
942 1226 1049 1300 nobis
1065 1226 1201 1301 scilicet
1220 1227 1340 1301 adbuc
1362 1226 1612 1328 peccatoribus
1632 1227 1836 1300 moriendo.

242 1352 286 1420 Et
296 1347 370 1421 hoc
388 1361 454 1440 est,
485 1375 505 1416 u
522 1346 610 1419 salvi
635 1346 769 1419 erimus
781 1343 828 1417 ab
845 1346 942 1439 ira‚»
961 1347 1093 1420 scilicet
1106 1347 1240 1441 lutura,
1260 1346 1298 1419 id
1314 1360 1368 1438 est
1382 1370 1404 1420 a
1419 1361 1650 1446 peccatonrm
1664 1346 1835 1438 vindicta,

245 1497 260 1535 s
278 1490 344 1567 per
355 1467 489 1565 ipsum,
505 1494 524 1533 s
544 1463 711 1538 videlicet
720 1462 902 1538 Christum
911 1489 979 1563 pro
992 1464 1100 1539 nobis
1111 1466 1222 1540 semel
1231 1467 1459 1560 morientem,
1471 1480 1506 1541 et
1518 1467 1646 1565 saepius
1657 1481 1835 1556 orantem,

242 1601 277 1658 et
292 1585 436 1660 assidue
450 1610 519 1658 nos
534 1585 782 1657 instruentem.
1443 1609 1468 1650 s

293 1736 311 1772 α
325 1706 361 1778 si
373 1707 471 1780 enim
480 1730 602 1778 cum.»
615 1704 697 1777 Dixi
705 1705 791 1800 quia
805 1704 988 1801 justificati
1004 1708 1041 1781 in
1053 1707 1227 1805 sangrrine
1239 1687 1371 1781 Christi
1388 1706 1477 1780 salvi
1493 1708 1625 1781 erimus
1640 1705 1687 1780 ab
1702 1708 1756 1780 ira
1770 1709 1837 1780 Dei

151 1813 156 1828 ⁸
243 1849 306 1925 per
321 1827 453 1926 ipsum.
474 1829 518 1896 Et
532 1824 676 1917 merito,
699 1824 784 1923 quia
796 1823 873 1921 jam
886 1826 1108 1902 reconciliati
1123 1852 1249 1901 sumus
1267 1832 1345 1900 Deo
1364 1852 1430 1926 per
1453 1840 1608 1900 mortem
1625 1826 1733 1918 illius,
1753 1845 1858 1900 cum·

243 1947 340 2044 prius
355 1970 426 2018 nos
445 1968 515 2044 pro
530 1944 684 2017 inimicis
698 1942 850 2017 haberet
865 1944 912 2019 ad
927 1945 1168 2047 puniendum.
1193 1949 1281 2021 Etsi
1300 1962 1441 2021 tantum
1459 1972 1558 2042 mors
1573 1948 1650 2046 ejus
1665 1949 1783 2047 potuit
1800 1962 1838 2019 ut

243 2090 310 2138 nos
334 2065 466 2139 scilicet
487 2062 697 2161 justificaret
713 2063 769 2137 vel
792 2067 1059 2159 reconciliaret,
1078 2068 1194 2141 multo
1211 2069 1324 2166 magis
1341 2068 1414 2141 rita
1436 2068 1549 2166 ipsius
1564 2091 1632 2140 nos
1651 2081 1837 2166 protegere

243 2185 375 2282 poterit
394 2199 431 2258 et
452 2183 589 2257 salvare
604 2182 651 2257 ab
667 2183 720 2257 ira
735 2168 812 2259 sua.
833 2190 982 2260 Constat
1004 2188 1138 2287 quippe
1161 2186 1243 2287 plus
1269 2210 1376 2285 posse
1400 2210 1698 2285 unumquemque
1714 2188 1834 2258 vivum

244 2326 354 2401 quam
369 2318 562 2377 mortuum.
582 2332 601 2373 a
612 2309 652 2376 ln
666 2304 740 2376 vita
757 2304 912 2404 ipsius»
930 2304 1051 2401 idest,
1069 2330 1135 2406 per
1151 2307 1268 2405 ipsum
1280 2306 1355 2403 jam
1367 2305 1576 2378 suscitatum
1588 2320 1625 2378 et
1640 2306 1831 2379 viventem.

245 2451 265 2490 s
279 2426 359 2494 Non
377 2422 491 2495 solum
509 2437 643 2515 autem,
659 2454 677 2491 s
698 2423 831 2498 scilicet
847 2425 935 2498 salvi
951 2426 1095 2520 erimus,
1121 2426 1240 2519 idest,
1260 2423 1389 2498 salvari
1408 2448 1473 2523 per
1493 2425 1611 2524 ipsum
1624 2424 1836 2522 impetrabi-

243 2567 334 2616 mus.
356 2546 398 2616 Et
413 2543 486 2616 hoc
501 2557 568 2637 est,
585 2542 834 2639 gloriationem
850 2545 1044 2619 maximam
1059 2544 1182 2644 adepti
1199 2569 1336 2637 sumus,
1354 2558 1390 2616 et
1407 2542 1564 2617 maximo
1578 2541 1712 2616 honori
1729 2543 1835 2617 nobis

242 2664 471 2772 imputamus,
489 2662 589 2760 quod
600 2665 708 2736 talem
724 2663 832 2738 nobis
848 2664 1179 2738 reconciliationem
1194 2665 1372 2737 Dominus
1385 2663 1498 2737 dedit.
1515 2667 1559 2735 Et
1570 2661 1644 2734 boc
1653 2676 1718 2752 est,
1732 2691 1750 2730 «
1761 2664 1837 2761 glo·

242 2784 375 2857 riamur
389 2784 427 2856 in
440 2788 534 2874 Deo,
552 2815 569 2852 s
590 2808 666 2856 non
681 2784 717 2856 in
730 2783 849 2874 nobis,
867 2783 983 2877 idest,
1002 2782 1049 2857 de
1067 2797 1168 2858 tanto
1183 2782 1362 2858 beneficio
1379 2784 1456 2881 ejus
1472 2807 1515 2856 er
1529 2782 1642 2882 gratia
1657 2784 1746 2879 ejus,
1760 2807 1834 2856 non

242 2928 282 2976 ex
298 2890 582 2977 meritisnostris
599 2902 705 2976 nobis
720 2928 786 3003 per
800 2903 982 2977 Christum
1002 2902 1148 2992 collato.
1175 2908 1399 3003 «Propterea
1417 2903 1523 2976 sicut.
1544 2930 1563 2969 n
1595 2902 1726 2975 Littera
1752 2902 1837 2975 ideo

241 3022 315 3097 haec
330 3021 505 3098 defectiva
519 3022 674 3118 ridetur,
691 3024 760 3098 nisi
774 3048 858 3097 cum
870 3023 1117 3124 superioribus
1133 3022 1191 3098 vel
1212 3022 1442 3098 inferioribus
1466 3021 1730 3121 quoquomodo
1747 3045 1836 3094 con-

239 3144 387 3242 jungere
405 3144 574 3247 nitamur.
593 3146 651 3218 Sic
666 3159 786 3219 autem
807 3130 1052 3249 superioribbs
1069 3144 1219 3217 fortasse
1234 3143 1515 3234 continuabitur,
1539 3166 1582 3215 ac
1598 3142 1628 3213 si
1645 3140 1805 3213 dicamus
1823 3171 1830 3213 :

244 3262 594 3351 Reconciliationem,
613 3266 775 3362 inquam,
791 3289 857 3365 per
871 3263 1054 3367 Christum
1073 3265 1290 3364 accepimus,
1313 3277 1521 3363 propterea,
1545 3260 1583 3332 id
1609 3274 1662 3332 est
1686 3275 1835 3359 propter

244 3380 310 3454 hoc
323 3381 425 3479 quod
437 3383 759 3483 supradictum‚est,
778 3384 879 3483 quia.
893 3382 1136 3482 videlicetpro
1148 3381 1255 3456 nobis
1271 3396 1433 3454 mortuus
1441 3395 1508 3473 est,
1519 3380 1640 3452 sicute
1651 3381 1834 3453 contrario

244 3500 511 3576 damnationem
528 3503 724 3603 persidam
740 3503 971 3577 incurrimus.
991 3508 1035 3576 Et
1049 3502 1121 3576 hoc
1138 3517 1191 3576 est
1206 3502 1307 3601 quod
1319 3500 1434 3592 addit,
1454 3527 1473 3569 a
1487 3499 1577 3571 sicut
1591 3513 1628 3571 et
1641 3523 1706 3598 per
1719 3523 1833 3571 unum

245 3620 440 3716 hominem,
459 3653 479 3692 n
499 3622 665 3698 videlicet
677 3623 807 3716 adam,
833 3654 852 3691 s
869 3637 1057 3723 peccatum
1080 3623 1240 3713 intrant,
1255 3652 1273 3689 s
1296 3621 1380 3719 quia
1400 3622 1501 3720 prior
1521 3641 1675 3718 peccam
1694 3618 1833 3693 aditum

240 3757 388 3838 peccato
406 3740 518 3837 dedit,
540 3773 558 3812 s
570 3744 609 3816 in
627 3744 726 3817 bunc
740 3742 932 3833 mundum,
945 3773 963 3809 s
982 3742 1020 3815 id
1036 3757 1089 3815 est
1102 3744 1140 3815 in
1152 3741 1248 3814 banc
1267 3756 1408 3840 partem
1429 3737 1556 3811 mundi
1574 3737 1709 3810 scilicet
1727 3754 1835 3812 terre·

238 3885 339 3952 nam,
365 3863 403 3935 in
423 3886 495 3960 qua
515 3861 682 3936 homines
699 3863 876 3954 habitant,
897 3887 972 3935 non
990 3882 1075 3935 vero
1094 3860 1262 3933 homines
1280 3861 1343 3957 qui
1362 3873 1468 3933 antea
1489 3860 1736 3956 peccaverant
1754 3871 1776 3927 'a
1790 3864 1835 3930 Et

234 4007 304 4079 per
317 3997 507 4082 peccatum
520 4007 630 4077 mors,
644 4014 663 4051 s
678 3983 810 4056 scilicet
825 3984 1000 4082 corporis.
1024 4010 1042 4050 κ
1059 3985 1103 4053 Et
1115 3982 1178 4074 ita,
1198 4012 1215 4047 n
1238 3980 1405 4054 videlicet
1426 3978 1473 4052 ab
1492 3977 1603 4050 Adam
1626 3977 1833 4076 incipiendo

231 4116 313 4175 tam
333 4126 431 4175 mors
446 4125 555 4201 quam
573 4116 760 4200 peccatum
776 4101 902 4175 saltem
926 4101 1113 4199 originale,
1145 4128 1164 4172 s
1182 4099 1386 4199 pertransiit
1405 4100 1441 4170 in
1464 4119 1591 4169 omnes
1607 4094 1788 4170 homines.
1813 4130 1830 4164 s

229 4227 376 4313 Unum,
390 4222 553 4320 inquam,
571 4221 773 4313 bominem,
792 4222 899 4295 idest
915 4219 1042 4315 Adam,
1059 4252 1077 4288 s
1088 4222 1125 4293 in
1142 4246 1216 4320 quo
1227 4218 1746 4315 omnesreliquipeccaverunt,
1759 4246 1776 4285 n
1796 4219 1833 4290 id

225 4357 294 4416 cet
307 4365 452 4442 poenam
462 4341 601 4441 peccati
619 4342 859 4415 incurrerunt.
881 4340 1017 4414 Poterit
1028 4354 1064 4413 et
1078 4340 1366 4414 fortassisversus
1375 4339 1547 4437 incipere,
1561 4367 1578 4403 α
1595 4351 1800 4436 propterea,
1813 4365 1831 4405 n

219 4477 269 4535 et
290 4460 338 4534 ad
356 4460 526 4535 inferiora
550 4461 658 4558 longe
676 4475 801 4559 postea
827 4460 1046 4533 constructio
1062 4459 1180 4558 dirigi,
1202 4458 1288 4532 illuc
1303 4459 1439 4531 scilicet
1453 4459 1517 4550 sic,
1542 4487 1560 4523 a
1581 4470 1617 4529 et
1639 4481 1705 4555 per
1728 4456 1833 4528 unius

208 4581 410 4680 justitiam
422 4581 460 4652 in
471 4604 599 4653 omnes
614 4579 795 4672 homines,
804 4594 873 4653 etc.
884 4610 902 4647 s
915 4583 964 4652 Ac
980 4580 1010 4652 si
1024 4578 1217 4670 diceretur,
1230 4608 1248 4647 u
1260 4591 1408 4677 propter
1424 4598 1479 4670 ea,
1493 4607 1510 4644 s
1525 4576 1610 4674 quia
1622 4575 1756 4649 scilicet
1768 4598 1833 4671 per

210 4700 421 4775 Christum
439 4699 770 4772 reconciliationem
785 4699 1003 4798 accepimus,
1019 4698 1070 4771 sic
1085 4723 1151 4799 per
1164 4698 1270 4771 unius
1282 4697 1472 4794 justitiam,
1489 4693 1644 4769 subaudi
1661 4689 1831 4790 justifica·

209 4823 391 4908 tionem,
406 4819 525 4893 vitain
540 4843 667 4892 omnes
680 4819 859 4909 homines,
873 4819 965 4891 sicut
981 4842 1045 4918 per
1061 4844 1176 4893 uuum
1189 4817 1378 4891 bominem
1391 4817 1428 4888 in
1442 4814 1542 4888 hunc
1554 4812 1732 4886 mundum
1747 4833 1829 4907 pec-

203 4955 361 5016 catum
379 4939 537 5033 intravit,
547 4953 616 5011 etc.
630 4942 764 5012 Caetera
778 4962 863 5012 vero
877 4962 958 5037 quae
966 4924 1247 5052 interponuntur
1263 4935 1507 5035 suspensivam
1524 4932 1676 5005 litteram
1693 4942 1828 5000 tenent.

272 5088 301 5128 κ
325 5061 446 5156 Usque
470 5057 513 5131 ad
542 5058 657 5169 legem
683 5057 793 5131 euim.
813 5086 831 5129 u
860 5060 953 5133 Bene
971 5052 1054 5130 dico
1079 5058 1117 5129 in
1141 5080 1268 5128 omnes
1291 5052 1493 5152 pertransiit
1519 5061 1723 5150 peccatum,
1747 5074 1831 5122 cum

362 5201 384 5239 u
1672 5173 1710 5230 30
