4559 6100
715 565 759 636 ΙΝ
783 563 1028 637 stus'tomtt
1052 565 1114 636 AD
1138 565 1363 640 ROMANOS.
1763 565 1835 638 307

244 712 333 786 tales
353 728 460 787 antea
481 739 611 787 omnes
625 713 738 786 sancti
756 713 901 784 suerunt
924 713 1102 811 Apostoli,
1122 713 1219 787 unde
1236 728 1308 786 tam
1327 714 1428 788 laoile
1442 730 1631 788 vocantem
1651 714 1832 788 Christum

243 834 571 930 sequermtnr,sire
578 847 684 906 antea
693 831 863 904 divinitus
874 832 1052 930 inspirati,
1063 833 1137 905 sive
1147 834 1353 906 testimonio
1363 835 1512 906 loannis
1519 833 1651 910 edocti.
1664 837 1827 920 Quorum

246 953 522 1041 uuusbndreas,
537 952 734 1051 discipulus
754 952 914 1041 loannis,
932 953 1071 1024 Simoni
1092 952 1191 1024 fratri
1213 951 1344 1024 disit¹2
1365 954 1602 1026 «Invenimus
1618 952 1793 1024 Messiam.
1811 984 1827 1018 a

246 1073 290 1142 Et
306 1071 492 1171 Philippus
507 1071 738 1146 Nathanael¹z
755 1102 774 1140 κ
787 1076 905 1159 Quem
924 1072 1064 1170 scripsit
1077 1075 1216 1168 Moyses
1232 1085 1267 1143 et
1284 1069 1469 1169 Prophetae
1485 1072 1522 1142 in
1538 1071 1614 1170 lege
1630 1069 1832 1145 invenimus

245 1193 410 1265 lesum.»
429 1196 481 1263 Ex
497 1191 632 1289 quibos
645 1191 791 1289 quidem
808 1190 926 1264 verbis
946 1192 1145 1265 ostenditur
1159 1215 1222 1263 eos
1237 1192 1372 1305 exlege
1386 1205 1422 1262 et
1440 1190 1626 1290 Prophetis
1642 1191 1833 1262 instructos

246 1308 424 1383 Christum
459 1311 717 1410 expectavisse,
747 1310 813 1384 sed
849 1310 1013 1383 nondum
1041 1310 1257 1411 praefinitum
1290 1325 1430 1409 tempus
1464 1334 1532 1382 uec
1560 1310 1832 1386 determinatam

244 1453 436 1526 personam
461 1455 689 1529 cognoscere.
709 1430 760 1503 ad
786 1429 884 1528 quod
906 1430 1054 1527 quidem
1077 1429 1381 1526 cognoscendum,
1401 1431 1475 1502 sive
1493 1431 1599 1501 etiam
1620 1429 1697 1502 aliis
1716 1431 1831 1502 muni·

246 1545 460 1634 lestandum,
475 1550 598 1623 divina
616 1574 679 1623 eos
692 1551 802 1647 gratia
818 1551 1022 1650 assumpsit,
1038 1564 1075 1622 et
1094 1552 1146 1622 eis
1160 1550 1350 1648 assumptis
1363 1548 1411 1622 de
1422 1573 1537 1622 massa
1554 1548 1831 1648 precedentium

246 1664 421 1759 fidelium,
431 1683 467 1742 et
478 1683 551 1741 tam
564 1669 665 1741 facile
673 1670 721 1742 ad
731 1671 836 1741 unius
846 1669 1015 1766 jussionis
1023 1693 1152 1742 vocem
1162 1669 1343 1741 Christum
1354 1670 1496 1757 montis,
1511 1669 1683 1741 omnibus
1692 1674 1832 1740 sancta'

244 1788 346 1882 quasi
372 1789 542 1862 delibatio
563 1789 658 1864 faeta
682 1803 747 1880 est,
774 1792 811 1861 in
829 1815 901 1888 qua
921 1792 1033 1889 possit
1051 1789 1193 1862 ostendi
1215 1789 1317 1886 cujus
1341 1789 1424 1862 fidei
1446 1813 1563 1863 massa
1590 1788 1646 1863 illa
1665 1789 1827 1862 extiterit.

246 1907 349 1980 Unde
370 1910 438 2008 ipsi
461 1911 562 2007 quasi
585 1909 742 2008 reliquiae
761 1925 844 1982 sunt
863 1912 1035 2009 assumpti
1056 1909 1104 1983 ad
1127 1908 1200 1982 hoc
1215 1909 1316 2008 quod
1333 1908 1405 1982 lide
1428 1919 1631 1998 tenuerant,
1651 1907 1833 1981 visibiliter

246 2027 301 2099 vel
328 2029 445 2127 reipsa
471 2029 728 2102 exhibendum.
751 2030 993 2102 Continuatio.
1023 2033 1064 2101 Et
1090 2028 1292 2127 quomodo,
1318 2029 1434 2126 inquit
1459 2027 1670 2128 Apostolus,
1691 2054 1733 2102 ex
1760 2044 1831 2102 tam

248 2170 401 2245 neqtmm
427 2147 567 2248 populo
591 2164 627 2221 et
655 2164 727 2222 tam
755 2149 877 2221 rebelli
907 2172 1048 2247 semper
1073 2162 1223 2246 possunt
1255 2148 1365 2246 aliqui
1390 2148 1550 2222 assumi?
1563 2153 1690 2238 Bene,
1717 2149 1834 2248 inquit

248 2266 449 2363 Apostolus,
474 2282 510 2339 et
531 2268 732 2341 secundum
756 2291 829 2341 suae
844 2267 991 2366 originis
1014 2281 1178 2339 naturam
1203 2266 1338 2341 facilius
1360 2291 1471 2363 quam
1486 2266 1732 2355 erGentibus,
1749 2270 1832 2366 quia

248 2407 400 2458 massam
433 2401 577 2485 oportet
608 2386 658 2460 ibi
683 2401 843 2460 sanctam
872 2387 998 2479 luisse,
1034 2386 1132 2459 unde
1168 2385 1338 2459 delibatio
1372 2385 1464 2459 facta
1497 2400 1562 2458 est.
1591 2386 1685 2473 Quia
1720 2387 1834 2482 qualis

248 2502 429 2596 delibatio,
450 2506 529 2578 talis
545 2529 659 2578 massa
680 2531 689 2574 ε
708 2520 744 2579 et
763 2530 989 2598 econverso,
1008 2507 1099 2578 sicut
1119 2529 1205 2578 mox
1219 2505 1406 2602 adjungit:
1433 2508 1508 2576 «Et
1526 2505 1556 2576 si
1573 2503 1673 2578 radix
1688 2518 1829 2595 sancta,

248 2637 284 2694 et
321 2625 421 2710 rami.
448 2654 466 2690 a
510 2624 678 2696 Radioem
718 2628 854 2724 quippe
891 2649 1045 2699 massam
1078 2625 1175 2698 illam
1199 2623 1377 2696 'fidebam
1415 2622 1691 2722 praecedentium
1727 2623 1830 2717 dicit,

246 2765 367 2814 ramos
388 2743 501 2817 modo
517 2743 704 2816 credentes
721 2744 810 2817 dicit
830 2769 893 2818 eos
908 2746 973 2842 qui
986 2744 1072 2817 inde
1095 2744 1267 2843 assumpti
1287 2757 1383 2815 sunt.
1407 2743 1550 2831 «Quod
1575 2743 1606 2813 si
1628 2741 1775 2840 quidam
1790 2733 1834 2815 es

246 2861 373 2952 ramis,
390 2891 409 2930 a
437 2862 474 2934 id
501 2876 555 2936 est
580 2862 690 2960 aliqui
716 2864 770 2937 de
796 2888 913 2936 massa
934 2864 993 2937 illa
1021 2862 1201 2955 fidelium,
1228 2860 1331 2960 quod
1360 2877 1465 2934 antea
1489 2876 1585 2934 recte
1612 2860 1836 2934 crediderant
1929 2901 1936 2920 κ

245 2978 367 3054 adhuc
383 2982 543 3055 flaturum
559 2997 799 3082 expectantes,
822 2982 947 3057 «fracti
967 2996 1072 3071 sunt,
1090 3013 1108 3052 s
1128 2983 1167 3056 id
1187 2996 1241 3056 est
1255 2996 1387 3055 statum
1405 2981 1595 3082 pristinum
1612 2980 1709 3074 fidei,
1728 3006 1836 3079 quem

246 3097 449 3192 habebant,
476 3102 684 3192 amiserunt3
706 3132 723 3169 t<
745 3118 783 3175 tu
807 3118 927 3177 autem
941 3132 959 3171 u
978 3104 1127 3176 Gentilis
1150 3102 1305 3194 scilicet,
1326 3127 1440 3175 scum
1464 3101 1615 3176 oleaster
1637 3125 1745 3189 esses,
1763 3132 1780 3169 a
1799 3101 1835 3174 id

246 3233 304 3291 est
318 3219 445 3293 sterilis
459 3220 667 3293 naturaliter
680 3237 716 3294 et
732 3224 919 3315 silvestris,
935 3223 1115 3294 «insertus
1130 3246 1170 3295 es
1185 3221 1320 3311 inillis,
1338 3249 1357 3290 u
1374 3219 1411 3292 id
1428 3235 1482 3294 est
1496 3220 1611 3294 aliena
1628 3221 1837 3318 operatione

243 3336 330 3411 loco
349 3338 493 3412 illorum
518 3339 742 3431 substitutus,
763 3368 783 3409 a
798 3357 835 3414 et
853 3342 970 3413 socius
992 3340 1154 3413 radicis»
1178 3338 1280 3412 olivas
1299 3338 1474 3435 frugiferae
1490 3338 1601 3412 lactus
1616 3362 1680 3438 per
1703 3338 1833 3429 fidem,

243 3472 283 3530 et
302 3459 529 3556 pinguedinis
545 3485 609 3558 per
626 3460 822 3533 caritatem.
842 3459 1028 3557 Pinguedo
1046 3459 1141 3531 enim
1162 3457 1284 3531 calidae
1300 3472 1434 3531 naturae
1450 3471 1516 3549 est,
1534 3471 1571 3530 et
1586 3457 1669 3532 ideo
1685 3458 1837 3531 caritatis

242 3578 369 3672 ignem
395 3577 588 3674 signifieat,
620 3591 655 3649 et
679 3577 769 3650 fides
793 3578 891 3652 radix
919 3592 1029 3651 estet
1054 3577 1328 3651 fundamentum
1355 3578 1522 3650 caritatis.
1554 3606 1572 3643 ιι
1587 3574 1666 3650 Noli
1692 3577 1837 3671 gloriari

240 3695 423 3769 adversus
443 3720 576 3790 ramos,
590 3726 608 3763 a
628 3697 667 3770 id
691 3714 745 3771 est
762 3700 811 3771 eis
836 3698 1006 3770 insultare
1025 3696 1075 3799 ,de
1100 3696 1375 3770 suae‘lraotionis
1399 3696 1628 3784 detrimento,
1651 3694 1749 3768 etde
1770 3720 1836 3767 suo

237 3815 435 3914 superbire
451 3831 559 3909 statu,
576 3816 615 3889 id
631 3818 764 3891 seilicet
781 3819 916 3891 meritis
931 3816 987 3890 vel
1005 3818 1126 3889 virtuti
1144 3831 1214 3889 tuae
1228 3816 1401 3890 tribuens.
1422 3846 1440 3887 a
1454 3815 1560 3905 Quod
1582 3816 1611 3889 si
1628 3817 1800 3913 gloriaris,
1817 3844 1835 3883 a

235 3934 341 4007 scias
367 3934 466 4033 quod
486 3961 588 4008 «non
616 3951 655 4008 tu
680 3938 838 4010 radicem
864 3951 1000 4034 portas,
1016 3964 1035 4006 u
1055 3936 1092 4009 id
1115 3950 1168 4013 est
1190 3961 1212 4009 a
1237 3936 1357 4010 radice
1383 3960 1507 4009 eorum
1534 3936 1706 4034 processit
1731 3933 1776 4007 ad
1804 3948 1838 4005 te

234 4053 351 4151 quod
374 4055 499 4146 habes,
528 4080 604 4128 non
628 4079 650 4129 a
674 4071 709 4129 te
733 4057 778 4130 ad
792 4055 983 4150 radicem,
1012 4057 1098 4157 quia
1121 4057 1278 4157 populus
1300 4056 1503 4130 ludaeorum
1530 4052 1643 4127 fidelis
1665 4055 1763 4128 asina
1786 4069 1839 4130 est
1858 4010 1969 4213 [ΛΑ

233 4187 367 4245 mater
381 4173 482 4271 pulli,
503 4173 541 4247 id
558 4190 611 4247 est
625 4176 767 4275 pariens
784 4177 819 4247 in
837 4174 908 4248 fide
925 4176 1092 4273 gentilem
1107 4178 1297 4276 populum.

297 4321 321 4360 a
334 4293 440 4365 Dices
454 4318 553 4390 ergo.
569 4322 587 4360 s
606 4296 700 4383 Quia
715 4294 881 4371 uidelicet
895 4310 1022 4368 contra
1036 4296 1194 4369 radicem
1212 4321 1287 4369 non
1310 4308 1412 4395 potes
1428 4294 1583 4392 gloriari,
1603 4294 1655 4366 vis
1668 4306 1702 4365 te
1715 4293 1839 4367 saltem
1944 4360 1947 4365 ⁴

228 4411 361 4483 ramis
373 4410 442 4484 illis
455 4413 634 4511 prmferre,
649 4416 688 4485 in
698 4413 771 4486 hoc
783 4414 883 4511 quod
896 4413 1116 4488 abactisunt
1127 4443 1148 4483 >r
1157 4414 1222 4506 illi,
1236 4430 1275 4487 ut
1285 4429 1325 4505 tp
1336 4414 1518 4507 inseraris,
1530 4411 1567 4485 id
1579 4428 1632 4487 est
1644 4412 1744 4486 sraeti
1758 4424 1839 4485 sunt

224 4529 312 4618 illi,
339 4543 377 4601 et
391 4545 464 4604 stas
479 4532 609 4606 iterum
626 4549 669 4605 tu
683 4535 857 4636 insertus*
870 4535 953 4608 loco
971 4559 1112 4608 eorum.
1132 4538 1226 4607 Bene
1242 4533 1389 4630 quidem
1405 4533 1491 4606 dieit
1507 4532 1710 4630 Apostolus,
1727 4530 1767 4605 id
1788 4545 1841 4604 est

223 4672 380 4720 verum
403 4650 581 4747 estquod
607 4650 802 4744 diamasa
826 4677 902 4724 non
927 4653 1009 4726 ideo
1033 4668 1140 4751 potes.
1161 4652 1324 4750 gloriari,
1343 4651 1427 4748 quia
1452 4676 1527 4724 non
1554 4665 1638 4724 sunt
1664 4650 1714 4725 illi
1742 4650 1839 4723 fracti

216 4780 404 4865 propter
429 4767 570 4841 bonum
592 4783 695 4843 tuum
716 4770 817 4867 qrrod
840 4776 924 4846 arlte
941 4772 1104 4864 haberes,
1128 4771 1226 4844 unde
1251 4786 1286 4844 te
1305 4774 1409 4843 Deus.
1427 4770 1572 4867 eligeret
1586 4766 1839 4854 inserendum,

0 4835 3 4912 l

256 5080 266 5108 ¹
283 5074 389 5133 sm,
401 5089 456 5140 cap.
470 5092 494 5141 r,
505 5092 528 5130 r.
541 5080 581 5131 tt.
594 5105 621 5117 -
634 5078 736 5144 urta,
751 5093 775 5129 r.
787 5081 827 5132 ts.
839 5105 869 5119 -·
879 5081 890 5114 ⁸
899 5080 972 5132 amb.
985 5080 1039 5137 ruis
1052 5094 1098 5144 pro
1110 5085 1207 5131 ronna.
1223 5105 1251 5118 -·
1262 5078 1319 5131 ‘Sic
1329 5080 1397 5131 locus
1414 5080 1506 5131 restitut
1523 5090 1595 5143 posse
1608 5078 1712 5128 ridetur.
1724 5076 1798 5128 amb.
1817 5077 1850 5125 at

208 5157 353 5207 tunm
365 5156 531 5208 siluissent.
