4559 6100
695 580 738 650 tn
766 577 1006 650 nrtstotttt
1034 582 1093 652 ΑΙ)
1117 577 1342 652 ROMANOS.
1737 582 1801 653 [lli

225 732 412 806 cessariam
426 745 462 802 et
476 728 759 801 consolationem
774 729 1030 826 scripturarum
1047 729 1224 826 apposnit.
1245 730 1335 799 Cum
1352 744 1471 800 antem
1489 730 1524 800 in
1546 729 1693 802 exordio
1707 732 1814 829 hujus

229 840 391 952 Epistola
401 847 615 947 praedixisset
625 871 769 918 ornnem
780 847 988 945 scripturam
1000 846 1159 918 divinam
1172 859 1233 916 aut
1243 844 1373 918 docere
1383 861 1444 919 aut
1457 871 1601 919 movere
1613 848 1810 938 intendere,

228 968 414 1070 quomodo
429 973 527 1039 nunc
544 965 643 1059 dicit,
665 994 682 1033 n
695 991 920 1064 quaecunque
945 967 1077 1064 scripta
1106 979 1189 1036 sunt
1215 964 1259 1035 ad
1285 979 1443 1037 nostram
1463 966 1664 1038 doctrinam
1686 970 1815 1066 scripta

229 1091 357 1164 ossei»
372 1087 442 1161 Sed
459 1086 621 1185 prolecto
647 1110 688 1157 ea
713 1087 820 1158 etiarn
843 1111 923 1184 qnae
945 1085 1142 1159 admonent
1168 1084 1213 1156 ad
1234 1083 1437 1156 doctrinam
1459 1086 1589 1183 scripta
1612 1101 1708 1179 sunt,
1739 1113 1813 1160 non
1933 1175 1936 1178 Α

230 1210 374 1308 quidem
393 1222 434 1278 ut
459 1205 613 1277 doceant
635 1203 737 1302 quod
759 1204 842 1293 liat,
872 1205 935 1277 sed
966 1218 1004 1276 ut
1026 1204 1191 1276 doctrina
1216 1202 1411 1276 efficaciam
1438 1203 1617 1295 habeant,
1643 1206 1754 1278 idest
1776 1222 1814 1278 ut

230 1328 378 1427 implere
395 1326 545 1398 velimus
570 1323 680 1421 quod
693 1324 813 1396 edocti
843 1343 978 1396 sumus.
1008 1354 1025 1390 «
1040 1328 1136 1396 Deus
1160 1338 1292 1415 antem,
1306 1351 1323 1389 u
1342 1322 1380 1394 id
1396 1338 1449 1396 est
1463 1325 1554 1395 sieut
1569 1323 1728 1398 Christus
1744 1352 1818 1398 non

231 1450 363 1547 placuit
379 1443 710 1537 sihi,scdDeo,nec
724 1438 907 1543 propriam
925 1444 1087 1541 gloriam,
1108 1442 1170 1514 sed
1190 1444 1300 1514 Patris
1315 1443 1498 1540 quaesivit:
1522 1473 1539 1510 a
1551 1433 1599 1516 ita
1617 1445 1691 1543 ipse
1707 1449 1816 1538 Deus,

231 1568 332 1664 cujus
353 1579 458 1638 estet
471 1563 678 1661 patientiam
695 1575 731 1635 et
748 1562 1032 1635 consolationem
1048 1563 1145 1654 dare,
1165 1561 1226 1633 det
1240 1559 1342 1632 vobis
1358 1560 1512 1659 idipsum
1529 1586 1653 1659 sapere
1672 1564 1709 1635 in
1724 1563 1819 1638 alte-

233 1701 385 1773 rutrum,
407 1715 424 1750 u
444 1683 481 1754 id
499 1696 553 1754 est
568 1683 661 1753 inter
680 1706 746 1753 vos
766 1681 838 1753 hoc
855 1707 1026 1780 quaerere,
1048 1696 1089 1753 ut
1104 1681 1193 1753 alter
1209 1680 1310 1753 alteri
1334 1679 1471 1779 placeat
1495 1681 1530 1752 in
1556 1680 1709 1771 bonum,
1732 1714 1750 1749 a
1765 1710 1820 1757 se·

232 1805 391 1880 cundum
409 1808 527 1874 lesum
543 1801 738 1893 Christum,
755 1830 773 1869 u
791 1801 903 1892 idest,
921 1803 1009 1899 ejus,
1029 1817 1069 1875 ut
1080 1802 1216 1874 dictum
1228 1817 1293 1894 est,
1312 1802 1488 1900 exemp10,
1511 1833 1527 1869 ι(
1540 1816 1579 1874 ut
1589 1805 1785 1895 unanimes,
1802 1837 1820 1872 u

233 1924 337 1995 idest
354 1924 593 1996 communiter
618 1935 692 1992 tam
713 1921 846 1993 infirmi
876 1924 913 1994 in
934 1921 1005 1995 lide
1032 1946 1142 2020 quarn
1160 1920 1265 2013 firmi,
1284 1921 1456 1993 concordi
1484 1951 1501 1989 a
1524 1946 1587 1993 ore
1609 1953 1627 1988 r
1655 1923 1819 2018 laudetis,
1920 1965 1925 1972 ,

237 2047 414 2114 «Deum»
439 2044 485 2114 de
510 2040 753 2113 misericordia
774 2041 906 2113 scilicet
921 2041 1178 2139 redemptionis
1198 2054 1326 2111 nostrae
1353 2065 1418 2138 per
1445 2040 1573 2113 Filium
1597 2067 1701 2114 suurn
1716 2042 1821 2116 nohis

234 2161 402 2235 exhibita.
419 2162 523 2233 Unde
539 2175 574 2233 et
586 2185 671 2231 cum
685 2153 832 2233 dixisset
842 2165 973 2252 Deum,
992 2158 1090 2232 addit
1109 2158 1290 2249 eumdem,
1313 2174 1348 2231 et
1367 2148 1533 2232 «Patrem
1549 2163 1696 2233 Domini
1712 2168 1823 2235 nostri

235 2287 315 2353 lesu
332 2281 474 2353 Christi.
493 2309 510 2348 »
526 2281 597 2367 Qui
614 2303 689 2350 non
707 2280 824 2351 solum
833 2278 880 2351 ad
890 2278 1038 2376 gloriam
1048 2303 1163 2371 suam,
1176 2280 1239 2351 sed
1252 2278 1297 2350 ad
1307 2293 1466 2351 nostram
1476 2281 1582 2351 etiam
1592 2280 1823 2354 salvationem

237 2402 368 2474 habere
393 2402 499 2474 talem
521 2400 634 2472 filiurn
659 2400 840 2494 gloriatur,
868 2413 906 2470 ut
926 2419 991 2498 per
1006 2424 1091 2470 eum
1104 2400 1211 2472 etiarn
1228 2413 1350 2471 noster
1366 2399 1411 2469 sit
1426 2413 1540 2496 pater,
1559 2401 1621 2498 qui
1639 2400 1822 2473 descendit

237 2546 392 2617 quaerere
416 2522 550 2592 iratres.
582 2522 762 2617 «Propter
785 2517 899 2617 quod,
915 2547 933 2585 n
952 2533 991 2589 nt
1006 2517 1171 2590 videlicet
1188 2519 1237 2590 ita
1252 2519 1492 2590 communiter
1509 2518 1554 2591 ab
1572 2519 1741 2592 omnihus
1759 2520 1825 2591 ho·

208 2693 211 2700 t
237 2637 443 2712 norilicetur
460 2643 567 2725 Deus,
588 2639 812 2736 «suscipite»
827 2663 895 2708 vos
910 2639 1077 2729 invicem,
1096 2636 1133 2707 id
1152 2652 1291 2708 estnon
1307 2635 1451 2733 abjiciat
1469 2639 1525 2710 vel
1542 2655 1724 2738 exasperet
1740 2638 1827 2712 alter

237 2759 400 2852 alterum,
420 2760 483 2831 sed
504 2761 568 2856 qui
581 2758 719 2829 firmior
735 2773 789 2830 est
810 2760 848 2830 in
873 2757 945 2830 lide
971 2773 1078 2857 atque
1099 2758 1301 2858 perfectior,
1327 2755 1510 2829 infirmum
1533 2758 1672 2831 toleret.
1698 2764 1741 2832 Et
1757 2761 1827 2835 hoc

237 2879 400 2978 exemplo
417 2879 546 2950 Christi
563 2878 684 2970 facite,
704 2879 849 2975 quinos
868 2878 993 2950 videns
1012 2892 1047 2950 et
1065 2877 1164 2949 durae
1177 2878 1322 2949 cervicis
1339 2861 1413 2949 non
1426 2878 1542 2951 solum
1562 2878 1723 2951 infirmos
1743 2880 1825 2974 lide,

238 2999 488 3070 scdmortnos
510 2998 546 3068 in
568 2995 775 3069 infidelitate
800 3021 874 3069 non
896 2996 1046 3097 repulit,
1079 2997 1141 3069 sed
1171 2998 1344 3095 suscepit;
1374 2999 1487 3070 immo
1519 3000 1626 3071 etiarn
1654 3001 1759 3072 traxit
1782 3003 1826 3076 ad

238 3117 509 3212 glorificandum
533 3120 648 3187 Deum
674 3115 806 3187 scilicet
831 3131 867 3187 ct
890 3115 1124 3208 laudandum,
1146 3129 1219 3188 tam
1235 3116 1281 3186 de
1296 3129 1420 3187 nostra
1440 3117 1573 3188 scilicet
1594 3121 1828 3192 conversione

238 3233 407 3331 quamde
423 3235 575 3305 aliorum
587 3259 653 3331 par
670 3258 750 3305 nos.
774 3263 792 3303 r<
805 3236 1004 3305 Ministrum
1020 3234 1128 3305 luisse
1144 3233 1440 3323 circumcisionis,
1454 3234 1522 3304 «id
1540 3250 1593 3305 est
1607 3234 1826 3325 ludaeorum,

238 3351 370 3450 quibus
390 3352 475 3423 solis
496 3376 561 3448 per
583 3353 810 3451 semetipsum
828 3350 1057 3450 praedicando
1084 3349 1232 3421 verbnm
1258 3351 1337 3420 vitae
1363 3351 1584 3443 ministrarit,
1612 3354 1703 3423 sicut
1726 3367 1762 3424 et
1778 3349 1829 3453 ip-

240 3484 352 3541 semet
365 3470 432 3541 ait⁸
446 3497 454 3539 ε
472 3498 490 3537 a
504 3475 584 3542 Non
599 3495 679 3541 sum
691 3471 817 3541 missus
826 3471 893 3541 nisi
910 3469 956 3540 ad
966 3492 1138 3566 ovesquae
1148 3468 1331 3566 perierunt
1340 3468 1472 3540 domus
1486 3468 1604 3540 lsrael.
1618 3498 1635 3536 u
1652 3499 1669 3535 r
1683 3474 1830 3570 Propter

243 3591 424 3660 veritatem
446 3590 525 3680 Dei,
541 3615 559 3654 u
577 3589 615 3659 id
637 3603 689 3659 est
710 3604 749 3658 ut
763 3589 955 3686 promissio
967 3590 1033 3659 Dei
1045 3589 1268 3673 consisteret,
1294 3587 1356 3681 qui
1370 3586 1569 3684 specialiter
1582 3603 1618 3659 et
1630 3587 1832 3689 frequenter

242 3709 295 3780 cis
304 3733 342 3779 sc
355 3708 496 3778 mittere
504 3706 952 3805 salvatorem-promiserat.
962 3711 1006 3777 Et
1023 3706 1094 3777 hoc
1110 3704 1269 3802 estquod
1286 3704 1408 3776 subdit
1429 3736 1447 3772 r
1459 3706 1506 3779 ad
1520 3708 1796 3801 confirmandas,
1812 3744 1828 3780 a

244 3825 342 3898 idest
353 3825 557 3905 ut-lirmreet
568 3826 788 3899 inconcussa
798 3839 1032 3924 parmaneant
1049 3825 1305 3921 promissiones
1318 3824 1385 3896 illae
1397 3828 1550 3924 antiquis
1560 3827 1721 3928 patribus
1736 3830 1833 3904 factae

242 3944 290 4017 de
307 3945 449 4019 Christo
466 3946 519 4018 eis
531 3932 721 4017 nritteindo.
739 3945 863 4016 Voluit
886 3946 983 4016 enirn
1004 3943 1205 4017 debitorem
1229 3969 1266 4016 se
1292 3904 1408 4015 reneil
1427 3947 1685 4043 promittendo,
1713 3965 1752 4023 nt
1776 3976 1833 4027 so·

245 4064 341 4136 lutor
364 4064 466 4137 lieret
487 4065 731 4164 propitiando.
974 4072 976 4075 ’

294 4214 313 4251 α
323 4188 458 4257 Gentes
472 4199 605 4257 amem.
621 4214 638 4251 s
660 4190 707 4256 Ac
723 4185 753 4256 si
772 4183 906 4257 diceret
921 4211 928 4253 :
943 4185 1034 4256 Dico
1047 4185 1229 4258 Christum
1241 4185 1454 4276 ministrum,
1472 4201 1557 4276 etc,
1575 4188 1637 4261 sed
1652 4205 1689 4263 ct
1702 4194 1833 4262 Gentes

243 4302 350 4395 dico,
379 4303 564 4396 subaudis,
595 4334 613 4370 r
635 4326 746 4402 super
767 4303 1046 4377 misericordia»
1073 4302 1140 4375 sibi
1166 4328 1186 4374 a
1212 4308 1289 4375 Deo
1302 4328 1306 4335 ·
1321 4304 1505 4402 impensa,
1530 4309 1709 4405 praecipue
1739 4334 1835 4381 nunc

247 4452 267 4486 «
282 4422 461 4497 honorare
481 4428 612 4495 Deum.
630 4454 648 4490 »
667 4424 738 4510 Qui
765 4423 931 4495 videlicet
948 4437 1084 4517 quanto
1103 4421 1256 4520 amplius
1272 4420 1359 4493 olim
1372 4446 1437 4519 per
1454 4422 1693 4498 idololatriam
1719 4432 1834 4500 aDeo

242 4542 376 4611 remoti
390 4541 546 4630 fuerant,
564 4557 664 4615 tanto
679 4564 777 4615 nunc
793 4541 839 4614 ad
856 4540 993 4614 cultum
1009 4542 1073 4612 Dei
1092 4542 1218 4637 majori
1235 4540 1338 4638 copia
1357 4536 1700 4639 propinquaverunt,
1721 4563 1759 4618 nt
1775 4547 1836 4618 uhi

240 4657 444 4732 abundavit
460 4675 661 4758 peccmum,
680 4660 988 4759 superabundaret
1010 4674 1046 4732 et
1068 4660 1192 4757 gratia.
1214 4662 1258 4731 lit
1278 4674 1364 4732 nota
1386 4660 1486 4757 qnod
1507 4665 1668 4762 superius
1690 4680 1837 4765 propter

238 4779 522 4875 promissionem
536 4780 666 4853 ludaeis
682 4779 812 4853 iactam
830 4804 904 4852 nnn
927 4793 1000 4852 tam
1021 4778 1304 4851 misericordiam
1319 4777 1406 4850 dixit
1422 4804 1530 4877 quam
1548 4781 1712 4856 debitum
1729 4783 1836 4856 intel·

239 4898 345 4969 lesit.
378 4903 417 4970 ln
446 4898 623 4972 Gentibus
649 4923 735 4971 vero
766 4912 867 4970 tanto
898 4899 1028 4971 rectius
1059 4896 1340 4971 misericordiam
1358 4900 1513 4993 vocavit,
1534 4915 1669 4997 quanto
1694 4905 1745 4975 eis
1770 4929 1842 5002 pro

286 5176 292 5204 ¹
304 5173 398 5239 latta,
406 5184 461 5240 etp.
470 5184 513 5238 lt,
524 5190 547 5225 t.
559 5174 600 5229 24'.
