4559 6100
505 519 578 589 sss
633 532 647 561 ··
1106 523 1234 602 rurrr
1260 525 1491 624 summor

505 667 578 739 sive
593 666 839 744 fabulosorum
853 697 931 770 quae
946 675 1185 778 philosophos
1203 708 1277 756 non
1295 684 1436 776 decent,
1455 678 1681 778 superposuit
1695 675 1785 749 illud
1801 674 1901 774 quod
1919 673 2094 749 honestis·

506 788 595 859 sime
626 808 824 866 assumunt.
855 796 911 867 Ait
937 779 1094 894 namque
1123 803 1223 898 quod
1253 833 1272 874 e
1287 801 1433 902 quando
1459 823 1640 872 sacrarum
1672 822 1793 869 rerum
1818 796 1919 867 notio
1942 794 2010 868 sub
2033 799 2094 895 pio

508 905 762 1003 figmentorum
776 912 963 1007 velamine,
980 915 1140 992 honestis
1156 935 1192 991 et
1209 937 1300 995 tecta
1317 920 1436 1010 rebus,
1455 934 1491 991 et
1507 920 1631 989 vestita
1647 915 1855 988 nominibus
1872 917 2090 1004 enuntiatur,

506 1025 577 1098 hoc
604 1043 657 1100 est
685 1033 803 1104 solum
838 1033 998 1130 figmenti
1034 1062 1147 1134 genus
1173 1041 1273 1137 quod
1296 1041 1416 1114 cautio
1444 1038 1490 1110 de
1517 1036 1648 1110 divinis
1674 1035 1780 1109 rebus
1808 1035 2095 1134 philosophantis

506 1144 672 1219 admittit.
688 1178 705 1217 ιι
726 1151 826 1224 Idem
852 1170 934 1251 post
958 1180 1070 1253 pauca
1101 1187 1109 1229 ε
1132 1188 1150 1227 ιι
1166 1160 1358 1234 Sciendum
1381 1176 1446 1252 est,
1467 1159 1595 1255 inquit,
1621 1182 1697 1229 non
1714 1158 1752 1228 in
1769 1178 1915 1227 omnem
1932 1154 2115 1262 disputa·-

507 1264 642 1336 tionem
668 1268 904 1369 philosophos
925 1274 1111 1349 admittere
1130 1278 1305 1372 fabulosa,
1324 1278 1388 1352 sed
1410 1279 1468 1349 his
1489 1279 1541 1348 uti
1557 1275 1686 1365 solent,
1710 1300 1795 1347 cum
1810 1272 1866 1346 vel
1888 1273 1934 1346 de
1950 1274 2091 1361 anima,

391 1457 396 1466 ,
509 1387 564 1458 vel
589 1386 634 1458 de
660 1388 820 1463 aethereis
846 1395 1078 1490 potestatibus
1100 1398 1311 1495 loquuntur.
1331 1402 1508 1470 Caeterum
1532 1422 1616 1468 cum
1639 1394 1687 1468 ad
1712 1418 1892 1466 summurn
1919 1397 2037 1465 Βειιιιι
2058 1408 2095 1466 et

507 1505 707 1603 principem
734 1511 912 1604 omnium,
940 1515 1001 1610 qui
1026 1516 1124 1614 apud
1146 1521 1288 1592 Graecos
1310 1522 1484 1615 Tagaton,
1504 1517 1618 1613 quiet
1638 1512 2092 1609 Protbopanton¹nuncu·

399 1645 406 1659 ‘
505 1638 624 1723 patur,
648 1640 817 1700 tractatus
834 1654 871 1702 se
888 1632 996 1704 audet
1013 1635 1188 1730 attollere,
1212 1652 1248 1709 et
1268 1636 1315 1709 ad
1336 1651 1494 1708 mentem
1517 1658 1626 1730 quam
1641 1632 1754 1704 Graeoi
1772 1636 1873 1727 Noyn
1893 1630 2090 1730 appellant,

506 1744 694 1839 originales
718 1772 839 1821 rerum
866 1754 1015 1849 species,
1044 1778 1123 1852 quae
1148 1755 1236 1828 idcae
1259 1772 1357 1849 sunt,
1384 1755 1648 1846 continentem,
1675 1778 1717 1825 er
1743 1775 1886 1824 summo
1912 1765 2033 1824 natam
2057 1767 2093 1825 ct

505 1862 701 1960 prolectam
725 1871 816 1960 Deo,
840 1871 922 1941 cum
946 1870 992 1944 de
1019 1873 1092 1964 bis,
1115 1876 1277 1974 inquam,
1300 1878 1497 1973 loquuntur
1518 1896 1663 1945 summo
1686 1876 1764 1944 Deo
1785 1885 1821 1943 et
1843 1885 1978 1964 mente,
2005 1871 2093 1943 nibil

506 1982 709 2057 fabulosum
731 1991 871 2085 penitus
893 1989 1092 2092 attingunt3
1119 1996 1181 2069 sed
1205 1998 1235 2069 si
1255 1997 1342 2094 quid
1365 1996 1411 2068 de
1428 1994 1483 2066 his
1500 1994 1678 2088 assignare
1695 2005 1885 2083 conantur,
1913 2014 1993 2088 quae
2018 2017 2092 2065 non

505 2126 709 2178 sermonem
726 2112 990 2203 tantummod0‚
1010 2114 1073 2186 sed
1090 2117 1343 2213 cogitationem
1360 2138 1505 2213 quoque
1519 2128 1689 2211 superant
1704 2111 1914 2207 humanam,
1933 2111 1978 2185 ad
1995 2111 2090 2184 simi-

506 2221 674 2297 litudines
690 2241 726 2298 et
741 2229 903 2329 exempla
918 2234 1141 2332 confugiunt.
1162 2266 1179 2303 n

553 2344 785 2419 Cassiodorus
802 2349 838 2419 in
856 2353 994 2448 psalmo
1010 2382 1031 2427 r.
1049 2385 1066 2422 ιι
1085 2354 1203 2427 Redde
1223 2357 1314 2428 mr‘lu'
1334 2359 1504 2445 letitiam,
1525 2372 1627 2429 etc.»
1651 2359 1708 2426 «Α
1731 2351 1915 2426 nonnullis
1930 2351 2091 2451 patribus

503 2464 747 2562 corporalium
761 2481 796 2539 et
814 2468 918 2543 simul
935 2475 1159 2548 existentium
1173 2502 1294 2550 rerum
1311 2479 1390 2552 talis
1410 2476 1605 2551 similitudo
1629 2475 1845 2574 proponitur
1864 2474 2090 2545 :invenimus

503 2580 540 2652 in
566 2582 641 2655 sole
664 2598 735 2657 tres
759 2591 1023 2687 proprietates:
1052 2595 1169 2695 prima
1192 2611 1246 2669 est
1272 2600 1349 2696 ipsa
1369 2597 1566 2671 substantia
1595 2592 1814 2694 corporalis,
1844 2592 1907 2690 qui
1934 2592 1988 2664 sol
2014 2607 2089 2681 est,

503 2698 634 2771 deinde
653 2703 824 2801 splendor
839 2708 916 2802 ejus
941 2713 1061 2808 quiin
1082 2715 1162 2812 ipso
1184 2733 1382 2813 permanet,
1399 2718 1502 2790 tertia
1522 2717 1633 2808 calor,
1656 2714 1718 2811 qui
1741 2712 1787 2786 ab
1808 2711 1997 2812 splendore
2014 2714 2092 2808 ejus

505 2842 617 2914 usque
642 2820 690 2891 ad
714 2845 780 2893 nos
804 2830 980 2923 pervenit,
1007 2857 1086 2929 quae
1109 2832 1181 2905 hoc
1208 2836 1333 2927 modo,
1363 2837 1392 2907 si
1417 2851 1537 2910 tamen
1563 2848 1669 2907 tantae
1685 2833 1735 2905 rei
1760 2847 1878 2932 potest
1892 2831 2089 2905 similitudo

503 2934 620 3033 aliqua
640 2941 800 3037 reperiri,
827 2944 981 3019 arbitror
1002 2951 1225 3046 estimanda,
1252 2969 1292 3026 ut
1316 2955 1416 3054 quod
1437 2968 1491 3028 est
1511 2957 1549 3027 in
1570 2955 1645 3027 sole
1661 2952 1857 3026 substantia
1879 2949 2087 3052 corporalis,

501 3055 718 3154 intelligatur
745 3062 782 3132 iu
807 3065 976 3140 Trinitate
1002 3071 1275 3166 quodammodo
1301 3100 1455 3174 persona
1481 3075 1613 3168 Patris,
1644 3087 1679 3145 et
1703 3071 1803 3171 quod
1828 3085 1881 3143 est
1904 3068 2088 3169 splendor,

393 3250 401 3277 x
501 3166 573 3249 hoc
586 3201 740 3276 persona
757 3183 846 3275 Filii,
865 3187 957 3259 sicut
979 3191 1169 3289 Apostolus
1183 3191 1283 3265 dioit²
1305 3223 1314 3266 t
1336 3194 1544 3295 «Splendor
1560 3195 1678 3293 gloriae
1692 3192 1788 3289 ejus,
1808 3219 1826 3260 u
1848 3191 1946 3289 quod
1970 3205 2090 3264 autem

501 3294 610 3386 calor,
634 3297 705 3371 hoc
728 3325 882 3399 persona
904 3308 1053 3405 Spiritus
1073 3312 1199 3401 sancti,
1223 3314 1314 3384 sicut
1338 3314 1502 3411 legitur⁸:
1524 3314 1643 3401 «Quis
1667 3336 1706 3384 se
1728 3309 1918 3384 abscondit
1934 3334 1956 3382 a
1970 3311 2089 3383 calore

399 3414 402 3421 ’
501 3414 635 3510 ejusla
664 3423 777 3492 Datur
802 3438 839 3495 et
864 3423 961 3499 aliud
990 3430 1194 3528 exemplum
1221 3422 1501 3532 incorporalium
1522 3457 1658 3505 rerum.
1677 3431 1805 3504 Anima
1824 3443 1876 3502 est
1892 3428 2089 3503 substantia

501 3535 727 3637 incorporea,
753 3543 789 3612 in
813 3569 885 3640 qua
906 3562 960 3621 est
982 3550 1184 3624 intellectus
1207 3565 1243 3622 et
1264 3554 1348 3625 vita.
1368 3553 1477 3641 Quod
1494 3577 1579 3651 ergo
1603 3566 1657 3624 est
1678 3553 1715 3623 iu
1733 3551 1853 3623 anima
1869 3549 2084 3640 substantia,

500 3656 572 3728 hoc
597 3656 817 3756 intelligitur,
834 3664 864 3734 si
878 3664 949 3738 dici
967 3668 1018 3741 las
1029 3685 1096 3761 est,
1117 3672 1155 3742 in
1167 3670 1337 3745 Trinitate
1349 3697 1504 3770 persona
1522 3673 1634 3744 Patris
1651 3702 1659 3742 :
1676 3670 1777 3769 quod
1794 3670 1958 3743 antemio
1969 3672 2090 3743 anima

501 3774 610 3845 virtus
630 3793 682 3847 est
699 3793 735 3849 et
751 3781 912 3876 scientia,
931 3786 1002 3857 hoc
1026 3788 1231 3885 intelligitur
1251 3791 1376 3879 Filius,
1403 3793 1465 3890 qui
1482 3806 1535 3864 est
1550 3792 1616 3864 Dei
1632 3792 1744 3864 virtus
1760 3805 1796 3863 et
1812 3791 1878 3862 Dei
1894 3792 2084 3890 sapientia;

501 3905 536 3963 et
562 3893 662 3989 quod
686 3899 800 3970 estin
823 3903 943 3975 anima
965 3903 1404 4007 vivificandi'proprietas,
1432 3910 1502 3982 hoo
1526 3910 1733 4007 intelligitur
1756 3910 1906 4009 Spiritus
1929 3926 2083 3996 sanctus,

467 4059 471 4080 .
501 4033 564 4106 per
592 4034 702 4106 quem
729 4016 932 4092 vivificandi
960 4046 1052 4122 opus
1086 4026 1207 4098 multis
1232 4027 1320 4099 locis
1345 4028 1558 4129 praedicatur
1585 4028 1745 4129 impleri,
1772 4030 1863 4101 sicut
1886 4029 1935 4101 ait
1964 4033 2088 4102 Petrus

435 4208 440 4217 .
499 4131 683 4226 apostolus
709 4134 747 4205 in
775 4138 1254 4235 epist01a⁸:«n0rtifieatus
1280 4172 1401 4238 carne,
1429 4148 1627 4222 vivificatus
1650 4163 1768 4221 autem
1797 4148 1936 4248 spiritu.
1956 4177 1974 4217 ιι
1999 4153 2087 4221 ltem

500 4250 715 4346 Apostolus⁸
733 4279 742 4324 :
763 4284 781 4325 ιι
796 4258 925 4333 Littera
950 4262 1099 4355 occidit,
1122 4265 1266 4362 spiritus
1290 4281 1410 4341 autem
1434 4267 1600 4342 vivificat.
1617 4297 1635 4337 u
1660 4273 1705 4340 Et
1726 4270 1763 4340 in
1791 4267 1981 4364 Evangelio
2006 4271 2088 4339 Do·

500 4368 618 4441 minus
630 4371 698 4443 ait⁸
718 4403 726 4446 z
750 4377 931 4474 «Spiritus
947 4395 1000 4453 est
1016 4384 1078 4479 qui
1094 4384 1263 4479 vivificat,
1281 4413 1366 4462 caro
1383 4404 1501 4462 autern
1519 4414 1593 4460 non
1611 4387 1757 4488 prodest
1773 4386 1982 4486 quidquam.
1999 4417 2016 4452 a
2029 4388 2086 4460 Sic

318 4486 320 4490 ”
412 4510 413 4514 ’
490 4487 599 4559 -Plato
616 4515 699 4562 cum
717 4492 934 4594 deTagaton
958 4516 1049 4574 esset
1064 4502 1164 4601 loqui
1181 4507 1376 4600 animatus,
1398 4508 1515 4580 dicere
1533 4508 1621 4606 quid
1641 4509 1684 4580 sit
1708 4531 1782 4580 non
1801 4522 1852 4580 est
1877 4530 1996 4598 ausus,
2014 4506 2087 4579 hoc

499 4608 615 4679 solum
638 4610 684 4683 de
700 4637 744 4684 eo
760 4617 887 4710 sciens,
907 4620 1007 4717 quod
1023 4622 1105 4694 sciri
1121 4623 1236 4720 qualis
1253 4626 1298 4698 sit
1318 4625 1364 4698 ab
1387 4625 1597 4700 hominibus
1617 4652 1692 4699 nou
1713 4627 1837 4726 possit.
1857 4627 1982 4699 Solum
1999 4649 2087 4699 vero

497 4727 532 4797 ei
549 4727 767 4804 simillimum
785 4735 897 4809 solem
913 4736 960 4811 de
978 4740 1176 4816 visibilibus
1194 4745 1337 4844 reperit,
1366 4758 1401 4817 et
1419 4771 1484 4845 per
1507 4746 1584 4844 ejus
1603 4746 1873 4820 similitudinem
1890 4750 1985 4820 viam
2010 4771 2085 4819 ser·

532 5039 537 5067 ¹
549 5038 581 5087 Ιιι
594 5053 676 5091 somn.
697 5044 767 5111 Srip.
777 5045 802 5110 t,
817 5061 850 5100 u:
864 5067 878 5094 c
890 5050 935 5113 Qut
947 5054 1013 5116 apud
1025 5053 1121 5107 Groeoos
1131 5059 1253 5122 τ’ᾰγαθόν,
1265 5061 1308 5122 qut
1319 5067 1416 5125 πρῶτον
1430 5060 1508 5113 eteros
1521 5068 1682 5125 nuncupatur.
1699 5088 1725 5098 -
1737 5063 1746 5092 ²
1760 5016 1919 5123 itehalem.
1934 5032 1954 5120 i.
1973 5073 1995 5110 ι.
2013 5065 2038 5112 3.
2053 5088 2083 5098 -

497 5115 608 5171 ³l’sotm.
620 5132 689 5185 xnu,
702 5137 724 5174 ι.
738 5128 761 5177 t.
771 5153 795 5164 -
814 5128 895 5181 ⁴Petr.
909 5130 929 5189 l,
946 5145 999 5197 cap.
1013 5147 1050 5197 nr,
1069 5148 1092 5188 r.
1110 5137 1150 5188 tt.
1165 5141 1213 5174 ,s
1226 5139 1340 5193 corinth.
1354 5138 1378 5207 l,
1392 5154 1446 5206 cap.
1460 5154 1497 5206 nr,
1507 5154 1534 5194 r.
1545 5143 1569 5194 6.
1584 5169 1613 5180 -
1624 5142 1635 5175 ¹
1643 5141 1724 5205 loru..
1738 5155 1793 5205 cap.
1804 5155 1838 5205 n,
1850 5153 1873 5193 r.
1884 5143 1926 5194 63.
