4559 6100
653 633 945 708 lNTRODUGTlO
972 633 1032 745 AD
1057 628 1361 705 rflsotootatt.
1733 622 1803 692 tos

258 786 329 859 Sed
347 800 383 857 et
401 787 430 858 si
446 787 527 883 quis
548 784 645 858 illam
665 782 953 885 philosophicam
977 782 1166 856 Platonicae
1189 779 1338 852 rationis
1354 774 1678 849 considerationem
1696 774 1802 847 altius
1894 770 1901 789 ‘

209 904 394 1004 inspiciat,
414 929 494 1002 quae
509 902 673 977 videlicet
693 903 739 976 de
759 906 835 976 Deo
855 900 985 1003 opifice
1001 901 1049 974 ad
1064 897 1335 973 similitudinem
1351 891 1546 993 quamdam
1566 894 1705 965 solertis
1723 895 1801 992 opi·

208 1020 284 1095 ficis
296 1021 351 1094 vel
369 1020 513 1094 artificis
529 1023 620 1118 agit,
639 1021 918 1121 praemeditantis
933 1020 1068 1093 scilicet
1090 1033 1126 1092 et
1141 1016 1372 1091 deliberantis
1387 1037 1429 1086 ea
1450 1038 1530 1111 qnae
1547 1012 1703 1083 facturus
1723 1027 1798 1102 est,

208 1165 253 1213 ne
275 1139 365 1238 quid
387 1144 684 1215 inconvenienter
705 1155 916 1241 componat,
935 1155 972 1213 et
987 1141 1088 1239 prius
1103 1136 1257 1234 singula
1280 1135 1434 1221 ratione,
1461 1155 1571 1229 quam
1596 1155 1707 1230 opere
1731 1131 1810 1203 for-f

208 1261 364 1333 mantis:
391 1260 564 1334 adhunc
593 1263 728 1362 quippe
762 1262 914 1335 modum
940 1261 1074 1333 formas
1097 1261 1199 1332 Plato
1225 1253 1445 1355 exemplares
1473 1253 1511 1324 in
1537 1264 1656 1324 mente
1679 1251 1800 1324 divina

206 1377 421 1468 considerat,
436 1405 526 1477 quas
541 1380 639 1453 ideas
655 1380 824 1481 appellat,
842 1395 878 1454 et
892 1405 982 1479 quas
994 1378 1227 1480 postmodum
1242 1375 1345 1476 quasi
1357 1373 1404 1447 ad
1416 1371 1598 1470 exemplar
1613 1371 1798 1469 quoddam

203 1499 334 1569 summi
359 1498 505 1572 artificis
522 1500 755 1598 providentia
771 1515 919 1599 operata
934 1514 1000 1592 est,
1019 1498 1154 1573 videbit
1170 1498 1341 1598 Spiritum
1357 1508 1520 1568 sanctum
1536 1516 1580 1565 ex
1599 1492 1687 1564 Filio
1705 1503 1806 1589 quo-'

203 1641 273 1713 que
300 1618 373 1689 sive
396 1643 461 1716 per
488 1618 617 1692 Filium
642 1634 738 1692 recte
760 1619 975 1719 procedere,
996 1644 1081 1692 curn
1102 1644 1146 1692 ex
1173 1618 1311 1691 ratione
1334 1612 1707 1714 sapientiacuniversa
1734 1615 1797 1686 Dei

203 1760 311 1833 opera
327 1736 638 1831 administrentur,
653 1754 690 1811 et
706 1738 755 1811 ita
770 1737 1044 1835 quodammodo
1061 1750 1260 1837 conceptus
1275 1734 1406 1807 divinae
1425 1732 1554 1804 mentis
1571 1731 1608 1803 in
1626 1730 1794 1804 ellectum

201 1878 265 1951 per
281 1857 529 1953 operationem
543 1857 706 1957 prodeat.
726 1856 880 1939 Effectus
896 1873 1016 1931 autem
1034 1858 1082 1931 ad
1095 1858 1267 1955 Spiritum
1285 1855 1479 1955 pertinent,
1497 1852 1558 1948 qui
1574 1875 1617 1923 ex
1632 1850 1796 1925 bonitate

201 1973 400 2048 conditoris
412 1978 602 2070 eveniunt,
627 1977 712 2075 quia
730 1978 881 2078 Spiritus
899 1979 976 2078 ipse
991 1976 1134 2051 bonitas
1159 1990 1225 2049 est.
1244 1975 1414 2047 Dicamus
1427 1972 1550 2070 itaque
1564 1969 1735 2069 Spiritum
1752 1996 1796 2043 ex

202 2092 285 2166 Filio
301 2119 450 2192 quoque
470 2097 685 2195 procedere,
706 2123 788 2169 cum
807 2097 899 2170 ratio
916 2097 1045 2170 diviuae
1056 2096 1288 2197 providentiae
1310 2093 1357 2167 ad
1380 2091 1548 2165 ellectum
1565 2090 1794 2189 benignitatis

200 2213 420 2310 perducitur,
441 2231 476 2288 et
494 2217 593 2314 quod
610 2217 656 2289 ab
678 2232 812 2290 aeterno
834 2216 1036 2290 faciendum
1056 2217 1260 2316 praeviderit
1282 2211 1528 2313 temporaliter
1553 2210 1701 2310 quando
1719 2211 1795 2282 vult

202 2331 298 2405 lacit.
315 2338 414 2408 llanc
435 2348 556 2408 autern
576 2338 851 2437 conceptionem
870 2361 942 2434 qua
959 2336 1093 2411 scilicet
1108 2350 1305 2434 conceptus
1322 2333 1450 2406 mentis
1468 2333 1504 2403 in
1520 2329 1688 2423 ellectum
1705 2359 1791 2432 ope·

203 2452 319 2524 raudo
344 2454 480 2553 prodit,
509 2455 710 2529 Priscianus
737 2457 919 2555 inprime
948 2460 1260 2529 Constructionem
1290 2453 1477 2550 diligenter
1504 2451 1643 2550 aperit,
1669 2451 1793 2525 dicens

197 2574 380 2665 generales
396 2590 431 2647 et
446 2575 617 2675 speciales
635 2577 767 2650 formas
788 2600 910 2649 rerum
934 2575 1200 2674 intelligibiliter
1216 2576 1253 2646 in
1279 2586 1399 2646 mente
1422 2567 1544 2643 diuina
1566 2572 1788 2661 constitisse,

194 2704 387 2787 antequam
411 2695 449 2766 in
474 2719 628 2794 corpora
649 2696 855 2796 prodirent,
875 2695 947 2768 hoc
966 2695 1072 2768 estin
1091 2694 1217 2768 effecta
1238 2719 1303 2794 per
1318 2690 1587 2792 operationem,
1613 2691 1715 2788 quod
1738 2708 1792 2765 est

192 2807 326 2903 dicere,
343 2827 427 2885 ante
442 2814 601 2914 providit
616 2818 714 2889 Deus
729 2814 819 2912 quid
837 2806 872 2887 et
887 2814 1041 2913 qualiter
1055 2830 1190 2912 ageret,
1209 2836 1321 2912 quam
1339 2810 1430 2885 illud
1449 2833 1558 2908 opere
1576 2811 1785 2908 compleret.

190 2930 243 2998 Ac
258 2929 288 2999 si
302 2928 458 3005 diceret:
476 2934 532 3006 Nil
550 2933 845 3035 impraemeditate
863 2933 937 3006 sive
955 2931 1148 3007 indiscrete
1163 2934 1246 3030 egit.

241 3052 445 3127 llacsosrus
471 3080 618 3155 quoque
646 3056 760 3157 ipsam
789 3055 948 3134 animam
978 3054 1126 3149 muudi,
1156 3055 1263 3130 etiam
1290 3079 1401 3154 qnam
1423 3068 1592 3155 putamus
1617 3054 1788 3153 Spiritum

184 3184 354 3243 sanctum
372 3174 543 3273 intelligi,
570 3200 613 3249 ex
630 3189 713 3269 Not,
730 3176 801 3249 hoc
822 3191 876 3249 est
884 3176 973 3250 Filio
991 3178 1171 3277 praecipue
1188 3201 1265 3252 esse
1279 3175 1450 3269 declarat,
1470 3200 1553 3247 cunr
1569 3187 1692 3274 aperte
1708 3197 1788 3246 eam

184 3312 214 3361 a
226 3295 327 3386 Νο]1
348 3308 505 3367 creatam
527 3297 603 3368 sive
624 3310 759 3388 natam,
785 3297 876 3369 sicut
897 3310 932 3370 et
947 3297 1062 3396 ipsam
1085 3302 1205 3393 Noym
1219 3320 1241 3369 a
1257 3300 1334 3368 Deo
1361 3301 1463 3369 Patre
1487 3319 1563 3369 esse
1581 3293 1782 3393 profitetur,

180 3410 236 3483 ita
257 3413 470 3508 generaliter
497 3415 703 3514 deorigine
722 3419 850 3491 animae
875 3421 1074 3490 exorsus':
1106 3445 1124 3485 u
1139 3420 1237 3489 Deus
1263 3417 1327 3512 qui
1352 3415 1467 3515 prima
1488 3439 1595 3487 causa
1618 3430 1654 3486 et
1674 3431 1727 3488 est
1751 3433 1785 3489 et

175 3545 361 3626 vocatur3
382 3558 475 3606 unus
498 3537 662 3609 omnium
684 3562 763 3635 quac
783 3550 867 3608 sunt
882 3561 1033 3635 quaeque
1055 3535 1225 3609 videntur
1241 3559 1330 3626 esse,
1350 3535 1519 3633 princeps
1535 3548 1572 3606 et
1595 3534 1698 3630 origo
1716 3551 1800 3614 est„

169 3651 250 3723 Hic
260 3653 589 3751 superabundantis
603 3657 797 3754 majestatis
812 3656 1041 3730 ioecunditate
1051 3655 1097 3728 de
1110 3681 1149 3729 se
1162 3669 1318 3729 mentem
1333 3655 1478 3727 creavit.
1495 3658 1577 3726 Haec
1590 3677 1692 3727 mens
1703 3679 1783 3753 quae

167 3784 258 3855 noo<
284 3788 447 3869 vocatur,
468 3800 541 3873 qna
558 3780 698 3849 Patrem
715 3777 877 3877 inspicit,
900 3775 1045 3875 plenam
1070 3774 1339 3849 similitudinem
1365 3788 1484 3847 servat
1508 3773 1675 3847 auctoris.
1704 3776 1785 3847 Ani·

162 3916 283 3965 mam
298 3918 388 3967 vero
405 3895 452 3967 de
468 3919 505 3966 se
519 3913 629 3986 creat,
645 3897 844 3996 posteriora
857 3897 1063 3997 respiciens.
1074 3899 1228 3969 Rursum
1238 3897 1358 3970 anima
1368 3918 1442 3992 qua
1452 3908 1591 3994 patrem
1607 3895 1780 3985 intuetur,

157 4011 361 4104 induitur,
379 4039 420 4087 ac
431 4015 603 4115 paulatim
619 4016 803 4114 redigente
820 4033 981 4117 respectu
1000 4018 1038 4090 in
1054 4015 1225 4090 fabricam
1239 4039 1449 4115 corporum,
1467 4015 1504 4087 in
1519 4038 1693 4114 corporea
1707 4015 1784 4116 ipsa

155 4130 424 4229 degenerat.»
448 4137 570 4208 Creari
589 4150 710 4210 autem
726 4140 801 4212 sive
819 4139 918 4211 nasci
939 4137 1110 4210 hocloco
1124 4134 1328 4211 Macrobius
1345 4134 1493 4209 abusive
1512 4133 1674 4232 protulit,
1692 4138 1782 4209 sicut

151 4253 247 4324 etin
264 4253 395 4351 primo
408 4253 1104 4350 librodeterminavimus,cumvidelioet
1118 4268 1193 4329 tam
1203 4270 1363 4327 mentem
1374 4255 1490 4354 ipsam
1502 4279 1612 4353 quam
1622 4256 1783 4330 animam

148 4373 297 4472 ipsam
315 4389 476 4447 creatam
493 4374 595 4449 dixit.
607 4380 764 4450 Mentem
780 4377 929 4475 quidem
947 4403 990 4450 ex
1002 4381 1094 4468 Deo,
1104 4376 1177 4449 hoc
1193 4389 1246 4448 est
1255 4375 1384 4449 Filium
1393 4399 1436 4447 ex
1447 4379 1607 4464 Patre,et
1622 4378 1780 4450 animam

146 4518 196 4564 ex
218 4507 382 4582 mente,
401 4493 473 4565 boc
493 4509 548 4566 est
563 4497 735 4595 Spiritum
749 4521 792 4570 ex
814 4497 915 4590 Filio,
934 4497 995 4570 ubi
1012 4511 1049 4571 et
1063 4511 1252 4593 utramque
1269 4510 1390 4568 natam
1408 4519 1484 4568 esse
1505 4494 1678 4589 insinuat,
1696 4519 1781 4569 cum

143 4615 326 4712 utrique
338 4627 481 4712 patrem
496 4616 663 4711 assignat,
684 4620 799 4689 Deum
817 4616 965 4715 quidem
981 4617 1107 4708 menti,
1124 4632 1160 4690 et
1176 4640 1319 4689 rursum
1333 4629 1491 4690 mentem
1507 4617 1622 4716 ipsam
1638 4616 1778 4690 animae.

137 4734 293 4808 Coeari
324 4733 448 4830 itaque
473 4734 547 4807 sive
569 4737 668 4809 nasci
690 4761 766 4810 esse
798 4761 841 4834 ex
865 4736 988 4835 aliquo
1007 4735 1193 4835 intelligit,
1212 4750 1253 4812 ut
1270 4736 1339 4811 tale
1364 4736 1411 4809 sit
1431 4736 1531 4835 quod
1556 4737 1621 4829 ait,
1649 4737 1721 4811 hoe
1738 4761 1797 4808 ex·

131 4854 206 4928 iilo
236 4853 365 4928 nasci
386 4854 461 4926 sive
477 4856 602 4948 creari,
615 4860 727 4953 quasi
749 4857 956 4957 simpliciter
979 4856 1114 4930 diceret
1134 4855 1209 4930 hoc
1229 4881 1273 4930 ex
1296 4856 1358 4930 illo
1382 4881 1471 4930 esse.
1500 4855 1638 4931 Sufficit
1657 4869 1778 4929 antem

130 4970 405 5084 Philosopbo
421 4974 469 5047 ad
486 4975 747 5050 ostendendam
763 4977 923 5051 animam
938 4977 1053 5077 ipsam
1070 4990 1145 5049 tam
1161 5001 1205 5050 ex
1224 4981 1325 5050 Patre
1343 5002 1453 5076 quam
1465 5002 1508 5051 ex
1519 4975 1619 5068 Filio,
1638 4998 1778 5047 memo·

157 5243 241 5296 ’δίο
262 5239 352 5294 cod.
372 5239 434 5292 ilict.
457 5241 514 5306 tiro
530 5241 604 5293 Amb.
621 5245 671 5283 —²
686 5243 713 5294 tn
725 5244 811 5297 Soron.
824 5243 962 5309 Scipionis,
974 5244 1017 5295 nn.
1032 5242 1051 5303 l,
1064 5255 1118 5306 rap.
1131 5256 1183 5295 aar.
