4559 6100
677 595 720 666 lN
746 592 991 665 EPtstotttt
1020 594 1080 668 tn
1106 593 1331 665 nonullos
1716 597 1811 683 ,279

210 744 306 846 parit
322 743 499 816 tristitiam
512 741 642 832 habet,
659 755 728 814 etc.
742 769 761 808 n
783 769 801 808 a
814 741 1150 840 Primitiasspiritus
1165 740 1353 830 hahentes,
1373 772 1390 808 a
1413 742 1449 814 id
1467 756 1525 813 est
1544 744 1680 839 majora
1695 747 1808 816 sancti

211 864 362 962 Spiritus
379 863 497 952 dona,
518 862 610 933 sicut
628 860 878 959 praedicatores
896 861 1024 952 sancti,
1041 861 1104 958 qui
1120 884 1243 932 seeum
1267 874 1303 931 et
1324 861 1413 933 alios
1435 865 1521 932 Deo·
1530 862 1734 959 acquirunt.
1755 865 1807 935 td

210 983 311 1082 quod
322 983 469 1080 quidem
483 980 745 1079 praedicationis
757 979 915 1051 officium
929 993 1101 1077 tanquam
1115 979 1161 1052 ad
1173 971 1369 1051 maximnm
1381 981 1533 1078 Spiritus
1543 982 1655 1052 sancti
1668 981 1807 1052 donum

212 1102 287 1200 ipse
304 1126 372 1174 nos
387 1099 582 1199 Apostolus
594 1100 632 1171 in
654 1105 681 1170 ll
703 1099 859 1197 Epistola
880 1098 931 1169 ad
952 1099 1154 1171 Corinthios
1176 1098 1391 1171 adhortatur
1416 1099 1562 1172 dicens¹
1583 1127 1591 1170 ε
1616 1099 1808 1172 «ΑὲηιιιΙιι-

212 1220 302 1291 mini
315 1220 413 1291 enim
429 1217 641 1290 charismata
660 1217 821 1305 meliora,
833 1231 868 1289 et
885 1218 1005 1290 adhuc
1021 1217 1308 1290 excellentiorem
1325 1218 1420 1289 riam
1438 1218 1541 1291 vohis
1555 1218 1806 1290 demonstro.»

212 1342 254 1409 ttt
270 1354 352 1436 post
368 1341 501 1435 pauca*
520 1365 528 1407 :
544 1365 563 1406 a
577 1336 769 1409 sectamini
793 1337 991 1426 caritatem,
1013 1338 1229 1409 aemulamini
1254 1337 1472 1436 spiritualia,
1491 1339 1603 1432 magis
1626 1351 1747 1409 autem
1766 1352 1805 1407 nt

213 1455 447 1555 prophetetis,
462 1484 480 1521 n
499 1456 538 1527 id
555 1470 609 1527 est
624 1466 662 1528 ut
679 1454 840 1528 ollicinm
856 1457 1115 1554 Prophetarum
1135 1455 1366 1554 praedicando
1384 1458 1584 1528 assumatis.

264 1606 282 1641 e
308 1580 354 1646 Et
381 1576 448 1673 ipsi
476 1576 673 1671 gemimus,
703 1606 721 1641 υ
757 1575 892 1671 gravati
926 1576 1060 1647 scilicet
1088 1575 1318 1674 passibilitate
1352 1591 1385 1647 et
1415 1577 1647 1675 corruptione
1674 1577 1807 1662 carnis,

212 1695 306 1767 sicut
331 1695 468 1782 caeteri,
497 1695 631 1766 scilicet
657 1719 703 1766 ex
729 1719 794 1792 spe
817 1695 1102 1768 consolationem
1123 1693 1315 1779 habentes,
1343 1717 1422 1792 quae
1446 1694 1578 1766 scilicet
1601 1719 1684 1792 spes
1708 1695 1810 1791 qnasi

213 1813 373 1886 anchora
396 1828 449 1885 est
473 1814 573 1885 navis
591 1828 720 1886 nostrae
736 1815 830 1886 inter
846 1814 955 1911 hujus
970 1815 1080 1886 seculi
1096 1815 1248 1903 fluctus,
1272 1814 1357 1911 qnia
1382 1815 1501 1886 statim
1523 1814 1808 1885 consolationem

213 1932 354 2028 adjecit,
369 1931 494 2002 dicens
513 1958 521 2000 ι
542 1959 559 1997 α
581 1935 851 2030 Exspectantes,
876 1964 893 1999 r>
913 1932 949 2004 id
966 1947 1020 2005 est
1042 1958 1126 2004 cum
1153 1931 1285 2004 liducia
1311 1947 1514 2031 sperantes,
1536 1963 1553 1998 a
1577 1932 1811 2030 adoptionem

214 2050 370 2123 filiorum
391 2051 457 2122 Dei
473 2080 490 2116 r
509 2050 555 2122 de
575 2052 659 2149 ipsis
675 2051 863 2143 Gentibus,
894 2052 930 2123 id
953 2067 1008 2124 est
1031 2053 1130 2152 ipsos
1154 2050 1320 2150 adoptari
1343 2076 1364 2123 a
1387 2056 1464 2124 Deo
1488 2067 1524 2123 et
1547 2052 1715 2123 constitui
1744 2050 1810 2122 he-

215 2169 317 2244 redes
333 2170 372 2244 in
394 2193 506 2265 regno
522 2168 655 2242 celesti.
676 2170 917 2267 Adoptionem
939 2171 1034 2244 hanc
1050 2171 1135 2244 dico
1157 2200 1175 2237 r
1196 2172 1489 2270 redemptionem.
1500 2172 1618 2243 carnis
1634 2184 1775 2263 nostrae,
1790 2199 1808 2238 n

216 2289 253 2361 id
280 2304 333 2362 est
357 2289 533 2380 ttoetestae,
560 2289 662 2385 cujus
690 2288 852 2362 membra
877 2315 1014 2363 sumus.
1044 2292 1139 2363 Nihil
1165 2292 1300 2389 quippe
1324 2306 1378 2362 est
1404 2283 1500 2362 alind
1525 2315 1593 2361 nos
1618 2294 1733 2362 aDeo
1760 2290 1812 2361 sic

215 2406 393 2507 adoptari,
418 2431 526 2503 quam
550 2432 614 2506 per
632 2410 862 2505 Unigenitum
881 2434 987 2480 sunm
1004 2435 1026 2483 a
1042 2408 1178 2481 diaboli
1194 2424 1368 2507 potestate
1393 2434 1455 2481 seu
1473 2409 1563 2505 jugo
1585 2409 1724 2505 peccati
1743 2431 1812 2478 nos

215 2526 343 2599 redimi
360 2553 368 2597 :
391 2542 430 2597 ut
446 2526 523 2599 haec
540 2542 615 2600 tota
630 2526 780 2626 adoptio
799 2528 928 2599 divinae
948 2530 1080 2623 gratiae,
1100 2552 1175 2599 non
1193 2529 1329 2600 meritis
1346 2530 1478 2599 nostris
1494 2525 1682 2598 tribuatur.
1706 2555 1724 2591 a
1740 2529 1810 2622 Spe

217 2645 326 2717 enim.
345 2676 362 2711 n
382 2646 476 2717 Dixit
497 2646 662 2744 superius
685 2646 770 2743 quia
799 2647 1054 2720 revelationem
1076 2646 1236 2720 filiorum
1259 2648 1326 2719 Dei
1343 2662 1590 2745 exspectamus
1614 2644 1808 2743 sperando,

216 2777 252 2834 et
271 2763 371 2861 quod
394 2766 577 2864 praesentis
593 2766 673 2838 vitae
688 2767 835 2838 vanitati
853 2768 889 2838 in
912 2765 981 2839 hac
1004 2792 1067 2865 spe
1084 2766 1234 2862 subjecti
1259 2791 1397 2856 sumus,
1425 2791 1471 2837 ne
1496 2781 1645 2865 propter
1671 2764 1812 2836 labores

218 2882 434 2956 diffidamus.
451 2888 495 2955 Et
510 2908 556 2954 ne
573 2885 654 2979 quis
670 2884 843 2982 objiceret
855 2910 955 2984 spem
971 2887 1076 2958 istam
1093 2912 1168 2958 non
1185 2911 1263 2959 esse
1279 2885 1545 2976 certitudinem,
1564 2899 1600 2956 et
1616 2885 1699 2956 ideo
1718 2885 1752 2954 in
1771 2909 1813 2956 ea

218 3028 290 3075 nnn
317 3028 393 3076 esse
419 3001 692 3093 confidendum,
712 3002 795 3076 ideo
818 3004 919 3095 dicit,
940 3006 1041 3103 quod
1057 3031 1183 3080 omnes
1208 3019 1389 3103 quotquot
1407 3004 1601 3094 salvamur,
1630 3028 1695 3103 per
1712 3028 1812 3102 spem

218 3121 409 3195 salvamur.
439 3127 480 3194 Et
503 3124 621 3196 statim
645 3123 744 3218 quod
769 3149 851 3222 spes
875 3124 922 3196 de
940 3149 1014 3196 non
1037 3124 1297 3222 apparentibus
1320 3139 1460 3197 tantum
1485 3124 1625 3195 dicatur
1642 3124 1810 3211 annectit,

218 3239 365 3313 dicens:
389 3267 501 3339 «spes
523 3255 657 3331 autem,
673 3269 691 3308 u
710 3240 747 3313 id
771 3259 823 3314 est
847 3243 1006 3338 cognitio
1024 3267 1105 3338 qnae
1130 3243 1178 3316 de
1199 3244 1455 3342 apparentibus
1482 3258 1555 3331 est,
1585 3266 1812 3337 nequaqnam

219 3385 298 3460 spes
314 3361 468 3433 dicenda
491 3375 556 3435 est.
579 3392 595 3427 a
611 3366 701 3433 Nam
718 3361 818 3460 quod
837 3362 945 3434 videt.
965 3390 982 3429 n
1001 3367 1080 3434 Hoc
1096 3377 1162 3453 est,
1181 3363 1263 3459 quis
1278 3376 1397 3460 sperat
1422 3360 1556 3457 aliquid
1572 3360 1672 3457 qnod
1691 3359 1813 3430 videt?

218 3484 264 3552 dc
287 3482 317 3551 si
332 3481 479 3572 diceret,
495 3480 585 3553 nihil
602 3495 656 3553 est
679 3482 779 3578 quod
799 3481 879 3578 quis
895 3480 1054 3553 videndo
1070 3494 1189 3579 speret
1213 3482 1346 3578 ipsum,
1370 3495 1407 3553 ut
1423 3480 1454 3551 si
1475 3481 1558 3577 quis
1572 3479 1691 3549 videat
1709 3503 1747 3549 se
1762 3477 1815 3548 di-

218 3600 329 3670 vitem
347 3599 478 3671 lactum
492 3624 581 3689 esse,
603 3614 640 3672 et
657 3600 804 3673 sortasse
820 3615 926 3675 antea
941 3614 1158 3696 speraverat,
1172 3601 1247 3696 jam
1265 3600 1403 3672 nonde
1422 3599 1493 3670 hoc
1508 3621 1608 3697 spem
1624 3597 1680 3668 vel
1697 3597 1813 3667 existi·

220 3718 437 3809 mationem,
457 3718 521 3791 sed
543 3719 795 3795 certitudinem
813 3718 936 3791 hahet.
961 3747 977 3784 n
993 3719 1030 3788 Si
1048 3732 1169 3793 autem
1187 3717 1299 3815 quod.
1317 3749 1338 3786 s
1357 3718 1523 3791 Ostendit
1546 3715 1736 3815 quomodo
1753 3738 1816 3813 spe

218 3836 305 3909 salvi
330 3837 471 3928 fiamus,
500 3841 584 3935 qnia
608 3838 772 3917 videlicet
792 3839 851 3911 illa
870 3864 963 3937 spes,
989 3863 1069 3935 quae
1085 3838 1180 3913 (licta
1202 3853 1256 3911 est
1278 3838 1618 3930 vitae.itrnrrse„nos
1641 3837 1816 3934 patientes

219 3955 351 4048 reddit,
369 3982 414 4029 ne
433 3958 469 4029 in
489 3958 719 4031 tribulatione
730 3960 809 4031 vitae
828 3958 1008 4056 praesentis
1023 3957 1244 4035 deficiamus.
1261 3962 1305 4031 Et
1318 3959 1389 4031 ho‘c
1406 3975 1463 4035 est
1480 3985 1489 4027 ι
1506 3988 1524 4023 n
1539 3959 1575 4029 Si
1590 3957 1702 4045 enim,
1715 3969 1782 4027 etc.
1797 3986 1813 4019 a

219 4076 313 4162 Quia
329 4076 466 4149 scilicet
486 4077 585 4174 quod
611 4102 684 4150 non
707 4077 870 4150 ridemus
891 4101 1090 4175 speramus,
1112 4079 1289 4175 patienter
1303 4078 1666 4176 illbderspectamus,
1687 4076 1816 4145 nonin

220 4215 335 4288 agone
351 4197 534 4294 praesentis
556 4198 761 4271 certaminis
783 4196 1002 4269 deficientes
1023 4228 1040 4262 a
1062 4196 1232 4277 Similiter
1246 4212 1381 4273 antem.
1406 4226 1424 4265 n
1444 4198 1541 4268 Sicut
1557 4194 1723 4267 videlicet
1736 4216 1818 4291 spes

222 4336 288 4384 nos
303 4314 450 4410 adjuvat
467 4316 675 4414 patientiam
696 4317 912 4414 prestando,
935 4319 983 4389 ita
1001 4331 1038 4390 et
1053 4318 1207 4415 Spiritus
1220 4332 1366 4391 sancurs
1381 4319 1417 4388 in
1436 4317 1509 4387 hon
1526 4339 1642 4413 agone
1657 4328 1818 4389 nostram

221 4431 366 4528 adjuvat
381 4434 638 4527 infirmitatem,
657 4437 872 4509 necessarias
890 4436 996 4509 nobis
1009 4438 1192 4509 orationes
1205 4435 1445 4534 suggerendo.
1466 4440 1511 4506 tn
1525 4434 1598 4506 hoc
1611 4448 1684 4506 est:
1699 4437 1817 4504 «Nam
1891 4484 1895 4493 .

222 4550 310 4646 quid
335 4552 385 4626 ita
405 4583 422 4618 a
447 4554 580 4626 scilicet
606 4585 624 4622 a
641 4570 679 4625 ut
696 4570 858 4654 oportet,
877 4586 894 4621 n
911 4570 948 4628 ct
967 4555 1072 4627 nobis
1095 4557 1337 4629 necessarium
1354 4571 1420 4643 est,
1442 4584 1459 4627 ιι
1481 4578 1638 4645 oremus,
1660 4581 1678 4620 u
1696 4555 1733 4624 in
1756 4553 1817 4622 tri·

223 4668 467 4745 halationibus
485 4672 648 4747 videlicet
664 4675 785 4772 positi,
807 4676 1010 4772 frequenter
1026 4676 1246 4772 ignoramus,
1267 4677 1306 4747 in
1322 4674 1443 4746 multis
1463 4672 1594 4745 scilicet
1613 4671 1818 4743 dubitantes

222 4789 310 4885 quid
322 4815 449 4864 eorum
467 4792 632 4865 videlicet
645 4792 753 4865 nobis
767 4794 852 4867 utile
873 4795 930 4883 sit,
945 4795 1039 4867 sicut
1053 4796 1176 4893 etipse
1189 4793 1381 4893 Apostolus
1393 4792 1541 4890 qnando
1553 4807 1609 4865 ter
1621 4792 1816 4863 Dominum

224 4911 360 5006 rogavit
383 4914 567 4987 stimulum
588 4928 720 4985 satanae
744 4913 811 4985 sibi
838 4914 983 4987 anlerri.
1010 4914 1117 4988 «Sed
1140 4916 1217 5013 ipse
1237 4914 1388 5013 Spiritus
1406 4913 1562 5011 pomulat
1575 4908 1783 5010 pnnnohis,
1796 4937 1819 4981 a

258 5180 280 5229 ¹l
293 5183 421 5246 Corinth,
432 5199 487 5249 cap.
500 5202 544 5248 ru,
556 5202 579 5239 r.
592 5190 631 5239 at.
641 5213 670 5226 -·
680 5191 690 5218 ²
702 5187 781 5277 ibid,
792 5201 847 5253 erp.
865 5201 915 5251 atr,
928 5203 951 5243 r,
967 5197 987 5239 t.
