4559 6100
795 525 1053 599 THEOLOGIA
1078 526 1353 599 CHRISTlANA.
1808 530 1872 599 stt

281 682 455 782 Spiritum
479 677 592 750 Patris
617 689 653 748 et
675 674 765 748 Filii.
796 675 915 747 ttultis
939 690 1060 749 tamen
1084 675 1162 747 aliis
1188 674 1295 767 locis,
1327 689 1401 747 tam
1426 675 1503 773 ipse
1529 676 1743 773 Augustinus
1770 704 1880 776 quam

282 826 410 876 omnes
426 799 498 873 lere
523 797 622 869 latini
639 794 801 892 theologi
818 796 991 893 Spiritum
1016 808 1180 867 sanctum
1200 819 1243 866 ex
1260 794 1348 866 Filio
1364 818 1512 892 quoque
1528 797 1724 893 procedere
1741 812 1776 869 et
1793 823 1880 896 pro·

284 922 430 995 fitentur
447 933 483 992 et
505 914 758 1014 comprobant.
776 944 794 981 n
813 915 920 988 Unde
936 929 973 985 et
991 915 1068 1014 ipse
1090 915 1128 985 in
1145 919 1209 984 XV
1225 912 1269 984 de
1289 917 1481 1003 Trinitate,
1502 939 1535 986 c.
1556 938 1655 1008 mr,
1674 916 1720 988 de
1737 942 1881 1014 proces·

284 1042 387 1113 sione
403 1040 555 1137 Spiritus
577 1035 755 1108 disserens
778 1036 825 1107 ait
854 1063 862 1106 ε
886 1034 1098 1132 «Scriptura
1120 1046 1243 1105 sancta
1266 1033 1438 1131 Spiritum
1459 1057 1541 1104 eum
1568 1035 1654 1106 dicit
1671 1034 1880 1125 amborum,

285 1160 332 1233 de
349 1183 423 1256 quo
441 1156 530 1230 dicit
549 1153 755 1253 Apostolus¹
775 1181 784 1224 z
805 1183 823 1221 u
837 1154 930 1225 illisit
945 1157 1044 1225 Deus
1059 1154 1233 1251 Spiritum
1249 1153 1324 1224 Filii
1342 1154 1398 1224 sui
1414 1154 1451 1259 in
1468 1153 1578 1225 corda
1595 1168 1717 1226 nostra
1728 1182 1737 1244 3
1750 1184 1766 1222 u
1786 1170 1819 1227 et
1840 1157 1886 1228 de

286 1303 361 1378 quo
379 1278 466 1351 dicit
490 1275 586 1349 idem
610 1274 749 1365 Filius¹,
769 1304 787 1342 a
808 1274 961 1372 Spiritus
977 1274 1090 1346 Patris
1113 1274 1221 1344 vestri
1239 1274 1301 1370 qui
1324 1272 1485 1371 loquitur
1500 1275 1537 1344 in
1560 1273 1681 1365 vobis,
1698 1304 1716 1335 a
1745 1276 1790 1346 de
1813 1302 1888 1372 quo

285 1399 373 1470 item
389 1396 520 1469 dicit⁸z
543 1398 688 1483 «Quem
710 1417 777 1490 ego
799 1394 940 1465 mittam
955 1391 1061 1464 vobis
1083 1397 1268 1493 aPatre.»
1289 1396 1333 1462 Et
1356 1393 1428 1463 alio
1449 1392 1551 1463 loco*
1571 1419 1580 1462 ε
1602 1423 1619 1458 «
1632 1398 1749 1481 Quem
1774 1397 1889 1468 mittet

288 1521 393 1589 Pater
414 1517 452 1587 in
476 1515 626 1587 nomine
648 1536 743 1585 meo.
762 1540 780 1581 u
799 1517 844 1584 Et
863 1538 948 1585 cum
967 1514 1254 1585 resurrexisseta
1276 1511 1450 1603 mortuis,
1473 1513 1657 1611 discipulis
1681 1514 1754 1586 suis
1776 1516 1887 1587 insus-

287 1636 387 1709 flavit
410 1651 447 1708 et
471 1635 568 1707 ait⁸:
596 1632 782 1729 «Accipite
808 1632 980 1730 Spiritum
1005 1646 1223 1724 sanctum,»
1243 1646 1282 1702 ut
1309 1655 1392 1702 eum
1418 1632 1525 1703 etiam
1553 1631 1599 1702 de
1626 1656 1663 1704 se
1690 1634 1889 1732 procedere

289 1753 507 1827 ostenderet.
527 1780 545 1821 u
565 1752 709 1850 Quippe
729 1749 917 1849 quomodo
937 1752 1095 1850 apertius
1115 1775 1226 1848 quam
1242 1748 1462 1821 insufflando
1480 1749 1611 1822 docere
1631 1754 1789 1850 potuerit
1806 1757 1887 1852 Spi-

286 1876 396 1949 ritum
423 1886 587 1946 sanctum
613 1897 656 1944 ex
684 1897 723 1943 se
743 1896 890 1968 quoque
918 1870 1138 1969 procedere?
1165 1870 1362 1941 Praesertim
1388 1894 1471 1941 cum
1493 1872 1667 1969 Spiritum
1694 1873 1795 1969 quasi
1817 1877 1889 1972 spi-

287 2019 411 2068 ramen
434 1991 647 2093 aspirando
668 1990 807 2063 dictum
834 2016 911 2064 esse
932 2005 1087 2080 constet,
1106 2004 1142 2062 et
1154 1992 1254 2088 juxta
1274 1992 1460 2089 propriam
1479 1991 1791 2085 significationem,
1810 1996 1890 2093 Spi-

286 2114 376 2185 ritus
399 2127 544 2185 sanctus
564 2111 757 2202 hocloco,
778 2125 819 2181 ut
842 2110 979 2182 dietum
1003 2123 1073 2194 est,
1100 2123 1204 2182 sonet
1228 2109 1443 2208 procedens.
1462 2111 1567 2182 Unde
1591 2137 1735 2185 necesse
1753 2129 1824 2201 est,
1852 2131 1893 2187 ut

286 2233 546 2330 cujuscumque
567 2229 721 2330 Spiritus
744 2253 820 2301 esse
836 2228 990 2320 dicatur,
1009 2228 1066 2300 vel
1088 2227 1134 2299 ab
1153 2253 1198 2301 eo
1221 2229 1325 2321 mitti,
1346 2228 1401 2301 vel
1418 2228 1466 2304 ab
1485 2232 1565 2330 ipso
1582 2232 1780 2330 procedere
1796 2258 1890 2305 con-

288 2351 450 2425 cedatur.
470 2352 618 2448 Proprie
629 2364 750 2422 tamen
766 2372 829 2421 seu
842 2347 1086 2447 principaliter
1096 2347 1144 2420 ab
1157 2349 1238 2447 ipso
1254 2353 1357 2421 Patre
1369 2349 1567 2447 procedere
1581 2353 1733 2450 Spiritus
1745 2354 1888 2427 dicitur.

289 2470 394 2544 Unde
416 2471 657 2567 Hieronymus
682 2467 930 2541 definitionem
955 2466 1039 2540 fidei
1068 2467 1254 2540 catholicae
1280 2469 1412 2540 Nicaeni
1438 2470 1600 2567 Symboli
1626 2486 1782 2545 tractans
1801 2474 1852 2546 ait
1881 2503 1889 2546 ι

292 2620 310 2656 α
334 2590 524 2662 Credimus
548 2604 585 2662 et
609 2590 646 2660 in
673 2589 847 2687 Spiritum
870 2601 1036 2659 sanctum
1062 2588 1124 2683 qui
1151 2586 1197 2658 de
1224 2593 1327 2659 Patre
1354 2589 1518 2686 procedit
1549 2593 1744 2690 proprie.»
1776 2597 1891 2681 ltem,

289 2709 462 2808 Spiritum
490 2723 654 2781 sanctum
678 2731 806 2779 verum
832 2710 950 2777 Deum
977 2707 1182 2778 invenimus
1206 2706 1243 2776 in
1271 2706 1455 2805 Scriptura
1480 2722 1516 2780 et
1542 2708 1588 2780 de
1620 2713 1722 2782 Patre
1747 2713 1894 2810 proprie

289 2852 378 2901 esse.
404 2833 449 2900 Et
464 2829 614 2917 iterum,
636 2856 654 2895 a
667 2831 723 2899 De
745 2831 847 2898 Patre
863 2826 989 2916 Filius,
1008 2840 1044 2897 et
1064 2826 1216 2926 Spiritus
1237 2827 1383 2925 proprie
1401 2841 1436 2898 et
1452 2852 1536 2900 vere
1561 2828 1606 2900 de
1625 2834 1728 2901 Patre
1745 2830 1894 2928 quidem

290 2947 466 3046 procedit.
497 2949 658 3019 Primum
685 2945 794 3041 igitur
826 2945 957 3043 accipe·
970 2945 1070 3041 quod
1096 2944 1143 3018 dc
1167 2947 1269 3019 Patre
1298 2960 1352 3018 est
1378 2948 1524 3046 proprie
1550 2950 1701 3048 Spiritus
1726 2966 1891 3042 sanctus,

290 3066 432 3141 dicente
445 3067 646 3165 Scriptura⁰
662 3093 671 3137 t
694 3097 712 3134 u
728 3064 846 3137 Verbo
860 3065 1009 3136 Domini
1026 3065 1106 3136 coeli
1120 3065 1252 3136 firmati
1268 3081 1373 3157 sunt,
1392 3081 1429 3138 et
1445 3068 1580 3165 Spiritu
1599 3070 1671 3141 oris
1685 3070 1761 3165 ejus
1776 3071 1894 3142 omnis

288 3187 403 3260 virtus
425 3209 600 3258 eorum.»
620 3188 664 3255 Et
685 3183 849 3256 Salvator
869 3185 936 3255 ait'
955 3209 963 3253 ε
983 3184 1171 3281 «Spiritus
1191 3185 1348 3256 veritatis
1367 3187 1464 3281 quia
1489 3192 1592 3258 Patre
1608 3187 1785 3285 procedit.
1806 3219 1824 3256 n
1850 3195 1894 3262 Et

289 3304 416 3378 heatus
429 3308 646 3402 Augustinus
661 3305 700 3376 in
716 3307 778 3376 XV
799 3303 844 3374 de
865 3306 1054 3392 Trinitate,
1073 3327 1154 3402 cap.
1172 3307 1288 3396 1v1n⁸,
1309 3308 1416 3375 «Non
1431 3305 1560 3378 frustra
1580 3308 1617 3377 in
1638 3308 1708 3379 hac
1725 3309 1894 3381 Trinitate

290 3449 367 3500 non
385 3424 516 3497 dicitur
530 3424 691 3496 Verbum
712 3424 779 3495 Dei
803 3422 871 3493 nisi
887 3423 1010 3514 Filius,
1034 3446 1102 3494 nec
1120 3426 1267 3493 Donum
1290 3424 1356 3494 Dei
1379 3423 1447 3495 nisi
1468 3426 1620 3521 Spiritus
1638 3441 1799 3516 sanctus,
1826 3451 1894 3500 nec

291 3544 339 3617 de
354 3569 429 3641 quo
453 3545 615 3639 genitum
632 3558 686 3616 est
698 3543 873 3631 Verbum,
893 3554 929 3611 et
951 3540 999 3612 de
1017 3565 1091 3636 quo
1109 3541 1274 3640 procedit
1297 3542 1540 3641 principaliter
1556 3546 1709 3643 Spiritus
1726 3561 1892 3636 sanctus,

291 3666 360 3738 nisi
375 3668 469 3735 Deus
485 3668 598 3737 Pater.
615 3663 701 3736 ldeo
715 3678 836 3738 autem
856 3659 981 3733 addidi
994 3661 1254 3760 principaliter,
1272 3663 1357 3759 quia
1374 3677 1410 3732 et
1422 3661 1467 3734 de
1481 3662 1569 3734 Filio
1584 3666 1736 3763 Spiritus
1751 3682 1895 3739 sanctus

291 3783 489 3882 procedere
507 3784 694 3883 repetitur.
710 3783 780 3856 Sed
796 3780 867 3852 hoc
883 3804 1030 3879 quoque
1048 3780 1098 3851 illi
1117 3786 1222 3852 Pater
1238 3780 1351 3874 dedit,
1370 3806 1445 3853 non
1458 3783 1534 3879 jam
1551 3785 1730 3877 existenti,
1750 3801 1785 3857 et
1803 3811 1897 3859 non-

292 3902 381 3976 dum
398 3901 548 3976 habenti
568 3929 576 3973 ε
596 3903 661 3974 sed
677 3899 851 3999 quicquid
869 3899 1053 3996 unigenito
1074 3899 1196 3972 Verbo
1224 3899 1344 3994 dedit,
1373 3901 1555 3997 gignendo
1583 3902 1704 3975 dedit.
1728 3905 1785 3975 Sic
1810 3930 1896 4004 ergo

293 4046 379 4098 eum
390 4023 526 4119 genuit,
546 4036 587 4093 ut
603 4024 711 4095 etiam
729 4022 775 4094 de
791 4020 853 4092 illo
868 4018 1028 4091 bonum'
1044 4044 1240 4091 commune
1256 4021 1482 4119 procederet,
1499 4052 1517 4089 n
1531 4047 1574 4094 ac
1590 4025 1618 4094 si
1636 4040 1761 4122 aperte
1778 4031 1898 4121 Augu·

290 4143 406 4214 stinus
426 4141 484 4212 his
505 4140 624 4214 verbis
648 4140 864 4213 determinet
883 4163 948 4238 per
972 4138 1045 4211 hoe
1071 4139 1245 4237 Spiritum
1268 4153 1432 4212 sanctum
1455 4142 1700 4240 principaliter
1725 4169 1766 4216 ex
1796 4149 1897 4218 Patre

292 4259 508 4359 procedere,
536 4275 572 4333 et
589 4283 662 4332 non
681 4257 926 4358 principaliter
944 4282 988 4329 ex
1004 4258 1106 4348 Filio,
1125 4259 1212 4356 quia
1228 4259 1279 4330 sic
1296 4283 1338 4331 ex
1357 4263 1460 4332 Patre
1476 4261 1641 4360 procedit
1659 4265 1761 4360 quasi
1777 4267 1897 4362 primo

292 4380 390 4468 loco,
414 4405 498 4452 cum
525 4385 629 4453 Pater
655 4379 702 4454 ab
727 4379 799 4452 alio
824 4402 900 4451 non
924 4376 1073 4468 habeat,
1092 4377 1156 4450 sed
1182 4402 1204 4451 a
1229 4381 1361 4478 seipso,
1380 4382 1473 4453 sicut
1497 4396 1532 4454 et
1549 4406 1571 4455 a
1589 4384 1708 4480 seipso
1733 4399 1797 4472 est,
1826 4385 1898 4458 hoc

293 4514 347 4572 est
371 4524 447 4571 non
468 4499 515 4573 ab
533 4501 617 4571 alio.
638 4497 746 4570 Filius
762 4523 849 4570 uero
873 4522 959 4578 curn
982 4522 1057 4570 ase
1075 4522 1150 4569 non
1168 4499 1233 4587 sit,
1252 4499 1313 4571 sed
1333 4523 1354 4572 a
1373 4503 1491 4592 Patre,
1513 4515 1548 4572 et
1568 4500 1667 4574 hunc
1685 4504 1802 4602 ipsum
1820 4505 1893 4600 Spi-

293 4621 403 4691 ritum
425 4642 444 4689 a
472 4622 575 4690 Patre
594 4617 718 4709 habet,
737 4641 760 4689 a
780 4641 855 4715 quo
880 4641 944 4716 per
966 4618 1235 4713 generationem
1262 4642 1338 4689 esse
1363 4617 1489 4690 habet.
1517 4620 1588 4693 Sed
1612 4622 1701 4718 quid
1724 4638 1776 4694 est
1799 4615 1898 4719 quod

293 4736 515 4827 dictumest,
539 4737 684 4836 proprie
699 4736 872 4836 Spiritum
888 4759 931 4806 ex
954 4740 1057 4807 Patre
1074 4735 1300 4834 procedere?
1325 4738 1508 4834 Numquid
1525 4741 1670 4838 proprie
1687 4739 1737 4811 ibi
1762 4740 1897 4812 dictum

337 4964 434 5017 'Galat
444 5003 452 5029 ,
464 4978 521 5029 cap.
534 4978 571 5030 tr,
584 4979 607 5014 v.
620 4968 644 5018 6.
658 4992 687 5002 -
699 4967 709 4995 ²
719 4963 817 5025 tisun,
830 4976 886 5025 cap.
902 4976 928 5021 x,
945 4977 968 5011 r.
990 4965 1069 5015 20.-
1121 4960 1338 5026 ’loanmapxn
1350 4966 1425 5015 nac.
1434 4990 1462 5000 -
1473 4967 1482 4996 ⁸
1495 4962 1568 5024 ten,
1580 4978 1634 5027 cap.
1648 4977 1712 5026 xvn,
1724 4963 1788 5029 opp.
1802 4972 1820 5014 t.
1835 4962 1898 5015 vnt.

314 5046 466 5111 loan.,cap,
494 5061 537 5109 xv,
553 5061 577 5098 r.
599 5050 639 5098 26.
661 5072 689 5083 -
712 5043 823 5103 ⁴leam..
846 5057 900 5106 cap.
919 5056 968 5103 nv,
987 5053 1009 5090 v.
1027 5047 1068 5095 m.
1125 5044 1425 5107 -’Ap.Aug.Donum
1436 5056 1573 5095 commune.

287 5152 328 5164 -
344 5127 448 5190 ttae..
466 5142 522 5190 cap.
540 5141 590 5192 xx,
607 5141 630 5177 r.
651 5129 674 5178 2.
692 5152 718 5164 -
736 5124 856 5176 ‘Ptolem
876 5137 956 5185 mu,
967 5138 991 5173 r.
1003 5125 1028 5174 6.
1041 5147 1072 5160 -
