4559 6100
844 50 847 57 .
1567 17 1588 55 Ι

516 86 582 151 bris
599 85 720 175 eloquii
738 109 804 150 101
821 83 971 165 involvit,
990 99 1026 147 ut
1042 80 1236 163 bernardus,
1255 83 1310 171 qui
1326 83 1373 147 rei
1389 82 1579 148 venerabilis
1594 85 1792 170 majestatem
1809 84 1968 175 exquisito
1985 82 2145 173 quodam

516 212 656 278 obnubit
671 213 846 277 verborum
862 208 1032 276 adulterio.
1049 208 1108 274 Vir
1125 209 1262 299 sapiens,
1280 209 1385 297 inquit
1401 206 1570 273 Horatius¹
1587 231 1595 274 :

840 398 1032 487 Noniumum
1051 448 1089 488 ex
1108 427 1233 508 fulgore,
1245 427 1296 488 sed
1312 449 1349 488 ex
1366 430 1446 488 lumo
1462 428 1533 488 dare
1546 429 1645 489 lucem

839 522 951 603 Cogitat
954 566 1095 586 .....

519 737 617 821 Quod
638 737 818 805 Bernardus
834 700 919 804 male
937 740 1090 823 attendit,
1108 740 1163 829 qui
1179 739 1268 829 quod
1287 740 1376 804 Jesus
1400 738 1489 804 nudo
1507 740 1682 830 patuloque
1703 759 1776 818 ore,
1796 735 1884 800 nube
1904 735 2073 800 sermonis
2097 735 2140 799 ab

516 858 733 949 intelligentiae
754 860 806 925 via
831 859 977 924 secludit.
1003 862 1129 925 Horum
1152 877 1185 925 et
1213 861 1262 924 his
1287 860 1437 924 similium
1461 859 1661 925 ludicrorum
1684 880 1865 923 mensuram
1891 855 2081 918 confertam
2107 871 2138 919 et

518 981 727 1071 coagitatam,
748 981 782 1043 in
803 979 988 1044 libellorum
1012 996 1155 1063 tuorum,
1181 981 1360 1063 Bernarde,
1379 981 1486 1044 sinum
1507 979 1635 1045 dedisti.
1656 978 1753 1062 Quod
1775 975 2015 1067 reprehendere
2039 974 2137 1040 facile

517 1099 646 1189 poterit,
665 1122 761 1187 quem
776 1099 942 1163 oculatum
956 1099 1094 1167 eruditio
1110 1099 1264 1164 reddidit.
1276 1102 1356 1181 Quae
1371 1101 1396 1164 si
1414 1123 1522 1190 ungue
1538 1116 1632 1165 tenus
1647 1097 1795 1189 persequi
1810 1095 1939 1178 vellem,
1957 1094 2135 1185 longitudo

518 1234 603 1282 certe
621 1217 801 1282 dictaminis
816 1218 972 1283 lectorem
989 1219 1086 1284 etiam
1102 1218 1271 1307 repelleret
1285 1219 1483 1311 diligentem.

563 1343 644 1404 Cum
660 1343 767 1430 itaque
784 1360 888 1407 tantas
899 1343 1006 1407 trabes
1022 1342 1178 1431 loquaris,
1194 1366 1251 1406 cur
1267 1342 1431 1408 Abaelardi
1448 1343 1583 1407 festucas
1594 1343 1628 1406 iu
1645 1343 1750 1406 trabes
1766 1354 1967 1404 commutare
1986 1336 2134 1402 moliris?

517 1461 594 1527 Non
610 1478 657 1526 est
673 1452 837 1553 negotium
854 1463 1068 1528 misericordis
1084 1462 1212 1552 culpam
1229 1487 1362 1553 augere,
1381 1462 1438 1527 sed
1454 1464 1611 1527 minuere.
1629 1460 1725 1525 Unde
1741 1459 1906 1524 Psalmista
1927 1482 2006 1522 cum
2024 1456 2133 1523 dictu·

455 1652 457 1661 ,
517 1605 572 1646 rus
589 1580 709 1648 esset²:
734 1615 747 1639 «
760 1583 1014 1649 Misericordiam
1032 1599 1064 1648 et
1075 1583 1232 1669 judicium
1242 1584 1380 1648 cantabo
1397 1583 1467 1666 tibi,
1490 1584 1640 1664 Domine,
1655 1613 1668 1639 v
1689 1578 1860 1646 commode
1875 1578 2134 1644 misericordiam

433 1700 435 1705 ’
518 1704 692 1793 praeposuit
704 1703 839 1788 judicio,
858 1705 946 1792 quasi
964 1700 1108 1768 diceret:
1129 1705 1288 1769 immense
1303 1705 1400 1785 Deus,
1417 1705 1482 1768 scio
1500 1704 1574 1792 quia
1592 1703 1769 1767 misericors
1785 1725 1818 1765 es
1835 1715 1868 1765 et
1882 1703 2007 1785 justus3
2026 1699 2087 1763 sed
2102 1701 2134 1763 in

519 1822 619 1888 altero
636 1846 708 1887 mea
726 1822 875 1904 salvatio,
895 1824 929 1887 in
945 1823 1045 1889 altero
1065 1847 1137 1888 mea
1160 1823 1325 1888 damnatio
1341 1845 1350 1906 ;
1367 1826 1537 1914 primoque
1554 1821 1778 1888 misericordiae
1798 1821 1961 1884 canticum
1977 1818 2134 1884 libentius

517 1942 606 2007 volo.
627 1944 787 2033 Scriptum
805 1944 901 2007 estin
920 1942 1024 2008 lsaia¹
1047 1967 1055 2009 ε
1079 1946 1145 2008 «Et
1164 1959 1352 2009 convertent
1367 1944 1490 2034 gladios
1503 1968 1577 2021 suos
1592 1945 1627 2007 in
1643 1966 1833 2008 vomeres.»
1856 1939 1963 2005 Gladii
1986 1941 2078 2004 enim
2101 1941 2133 2002 in

518 2083 664 2127 vomeres
676 2061 886 2128 convertendi
902 2079 988 2146 suut,
1006 2088 1073 2128 non
1088 2087 1236 2129 vomeres
1247 2067 1280 2128 in
1296 2065 1419 2156 gladios
1437 2088 1444 2129 :
1462 2065 1538 2154 quia
1555 2080 1589 2129 et
1604 2061 1681 2128 mali
1697 2062 1738 2127 111
1753 2059 1987 2149 tranquillitatis
2005 2059 2133 2123 bonum

506 2170 668 2245 'trahendi
683 2198 758 2244 sunt
778 2180 906 2246 levitate
924 2185 1143 2267 correctionis,
1163 2200 1196 2249 et
1213 2186 1293 2249 boni
1309 2184 1351 2250 ad
1369 2183 1563 2251 discordiam
1583 2180 1812 2275 commonendi
1830 2204 1898 2245 non
1913 2195 1986 2243 sunt
2004 2180 2132 2269 asperi-

519 2314 584 2363 tate
599 2300 800 2365 invectionis.

564 2419 622 2482 His
636 2435 669 2483 et
684 2418 753 2483 aliis
771 2396 922 2484 delinitus
940 2421 1111 2511 exemplis,
1130 2421 1279 2504 Petrum,
1297 2423 1323 2486 si
1340 2445 1447 2487 errore
1468 2423 1624 2487 sauciatus
1642 2402 1740 2503 esset,
1753 2422 1902 2506 jumento
1918 2433 1976 2480 tuo
1993 2413 2134 2479 deberes

518 2539 698 2628 imponere,
725 2541 822 2605 etsie
848 2540 890 2605 ad
912 2542 1071 2606 stabulum
1094 2543 1279 2608 universalis
1297 2542 1373 2609 fidei
1394 2566 1556 2609 revocare.
1584 2541 1695 2607 Plures
1713 2539 1862 2606 catholici
1883 2535 2035 2626 quaedam
2061 2534 2133 2598 cul·

518 2658 627 2748 panda
645 2657 810 2735 dixerunt,
829 2683 891 2725 nec
905 2678 1014 2727 tamen
1028 2663 1071 2727 ob
1088 2662 1123 2727 id
1138 2664 1363 2759 haereticorum
1380 2662 1516 2753 collegio
1533 2679 1608 2728 sunt
1620 2661 1782 2751 adscripti.
1798 2660 1871 2723 Duo
1882 2656 1963 2720 dixit
1976 2654 2131 2735 Hilarius,

519 2780 634 2843 erroris
659 2795 872 2869 expugnator,
896 2762 1124 2872 propugnator!
1142 2781 1308 2865 Ecclesiae,
1327 2783 1361 2846 in
1381 2783 1588 2871 quibuscum
1605 2805 1671 2846 uon
1693 2778 1783 2844 audit
1794 2778 1949 2842 sobrietas
1965 2774 2131 2839 Ecclesiae.

519 2897 676 2979 Primum,
694 2899 785 2987 quod
799 2899 960 2964 Christum
977 2900 1021 2964 nil
1037 2886 1071 2964 in
1088 2902 1238 2992 passione
1250 2901 1371 2966 doloris
1386 2903 1517 2967 sensisse
1534 2902 1678 2968 asseruit.
1693 2902 1813 2964 Contra
1828 2920 1926 2986 quam
1938 2894 2133 2959 seutentiam

519 3015 726 3100 Claudianus,
743 3018 909 3109 'presbiter
924 3020 1161 3112 Lugdunensis,
1180 3023 1229 3086 vir
1243 3021 1535 3105 Christianissimus,
1552 3038 1584 3088 et
1601 3038 1669 3087 tam
1684 3018 1807 3086 subtilis
1824 3016 1866 3082 ad
1882 3013 2131 3106 disputandum,

520 3161 616 3225 quam
631 3139 746 3204 artilex
764 3138 806 3203 ad
824 3133 1037 3228 loquendum,
1050 3144 1095 3207 sic
1110 3160 1262 3234 personat
1275 3166 1304 3208 z«
1320 3143 1352 3208 Si
1371 3145 1511 3208 Christus
1527 3142 1572 3207 nil
1589 3145 1622 3207 in
1639 3144 1786 3233 passione
1802 3139 1899 3204 sensit
1913 3135 2048 3215 doloris,
2065 3159 2132 3199 uon

519 3281 594 3323 vere
604 3282 712 3348 passus
723 3275 770 3323 est
784 3283 792 3324 t
804 3277 836 3325 et
852 3262 878 3325 si
891 3283 965 3326 vere
977 3286 1044 3326 non
1061 3287 1171 3353 passus
1185 3261 1310 3328 est....‘
1326 3294 1338 3321 ν
1358 3264 1554 3348 Secundum,
1569 3263 1658 3352 quod
1668 3262 1793 3327 nullum
1808 3263 2039 3349 incorporeum
2052 3255 2132 3320 dixit

520 3398 588 3442 esse
604 3394 759 3443 creatum.
778 3379 847 3444 Nec
863 3381 970 3470 igitur,
989 3383 1093 3471 inquit
1104 3383 1311 3465 Claudianus,
1332 3385 1451 3466 anima,
1469 3408 1543 3449 cum
1559 3386 1600 3449 sit
1616 3385 1819 3474 incorporea,
1836 3395 1885 3445 est
1901 3392 2022 3443 creata.
2034 3373 2133 3457 Quod

520 3499 546 3564 si
563 3517 670 3564 111111
686 3505 829 3585 nonest,
849 3526 908 3569 nec
921 3523 1066 3571 11111111
1082 3508 1142 3573 Dei
1159 3524 1218 3573 est.
1238 3508 1302 3573 Sed
1318 3532 1385 3573 non
1402 3508 1446 3573 ob
1461 3509 1537 3592 hoc,
1555 3524 1591 3575 ut
1609 3510 1653 3571 ait
1669 3506 1757 3572 idem
1772 3502 1982 3583 Claudianus,
1999 3500 2132 3565 scientia

520 3620 669 3684 Doctoris
694 3620 801 3710 perdit
825 3623 976 3687 meritum
998 3625 1213 3705 Confessoris,
1237 3628 1312 3715 quia
1338 3625 1478 3692 Ecclesia
1496 3625 1594 3693 bono
1619 3626 1685 3692 lilio
1714 3625 1847 3690 indulsit
1876 3620 1965 3710 quod
1989 3621 2132 3683 humana

522 3731 633 3832 opinio
649 3732 755 3796 minus
771 3748 864 3798 caute
881 3731 1065 3824 disputavit.
1085 3737 1203 3801 Procul
1215 3736 1315 3803 dubio
1332 3739 1358 3802 si
1373 3740 1443 3804 haec
1459 3739 1571 3805 Petrus
1589 3738 1731 3821 dixisset,
1750 3758 1826 3802 eum
1838 3757 1905 3799 esse
1920 3730 2131 3822 lapidandum

521 3855 635 3944 rigoris
652 3857 699 3919 tui
714 3858 863 3922 severitas
878 3859 1042 3924 sanxisset.
1502 3945 1506 3950 ἡ

566 3974 682 4038 Beatus
698 3978 795 4041 etiam
812 3979 1028 4068 Hieronymus
1048 3980 1083 4043 in
1105 3979 1190 4044 libro
1207 3996 1319 4046 contra
1339 3981 1546 4047 Jovinianum
1561 3981 1604 4048 de
1621 3982 1742 4073 nuptiis
1762 3977 1911 4070 quedam
1933 3974 2072 4041 disserit.
2091 3974 2132 4039 Et

521 4094 682 4184 praecipue
705 4094 760 4160 illo
778 4096 868 4180 loco,
887 4099 944 4162 ubi
969 4100 1161 4164 sententiam
1180 4101 1328 4190 Apostoli
1345 4100 1486 4185 inducit,
1506 4123 1578 4191 quae
1599 4088 1634 4167 11
1657 4103 1745 4167 launo
1770 4098 1906 4165 modum
1929 4119 1962 4161 se
1984 4094 2129 4161 habet‘:

526 4241 539 4267 a
553 4214 681 4277 Βο1111
698 4231 745 4279 est
767 4214 934 4280 mulierem
951 4240 1018 4282 non
1030 4211 1178 4318 tangere.
1194 4251 1208 4278 ι
1229 4221 1289 4285 Cui
1306 4223 1523 4312 Hieronymus
1544 4222 1708 4314 subjungit
1728 4245 1736 4288 :
1760 4219 1819 4284 «Si
1835 4220 1959 4283 bonum
1986 4231 2036 4280 est
2054 4238 2130 4279 mu-

543 4461 905 4594 13011111111111011,
925 4480 949 4519 v.
969 4469 1025 4521 tta.
1040 4468 1199 4522 -¹Ptolat.
1212 4483 1257 4535 rx,
1269 4485 1293 4523 v.
1308 4471 1471 4539 t.-³taat.,
1484 4486 1539 4537 111.
1553 4485 1581 4535 1,
1599 4484 1626 4523 1.
1639 4473 1664 4523 t.
1678 4495 1708 4509 ·-
1721 4471 1731 4503 ⁴
1742 4467 1794 4533 Ele]
1805 4468 1898 4531 atqua
1916 4466 1994 4517 deut
2006 4462 2133 4514 -⁸00r·

522 4553 567 4592 rttt
596 4577 617 4608 .,
652 4549 863 4608 ,cap.vtr‚v.l.
