4559 6100
730 561 773 634 ΙΝ
800 558 1045 634 epistolant
1069 559 1129 632 Al)
1153 560 1378 635 ROMANOS.
1777 564 1843 639 sat

260 710 410 807 geritur.
430 709 576 783 Homini
593 710 726 808 itaque,
746 734 821 784 non
837 716 916 786 Deo
931 709 1157 813 prohibitum
1172 724 1228 785 est
1242 710 1420 786 occidere.
1439 712 1500 785 Sic
1513 725 1550 784 et
1565 712 1715 786 fortasse
1729 727 1851 788 nostra

263 841 410 929 repente
429 826 679 928 prohibemus,
705 831 790 929 quia
813 815 981 906 videlicet
1005 844 1128 905 nostra
1152 844 1253 922 sunt,
1271 830 1363 904 sicut
1384 844 1420 905 et
1444 829 1591 928 diligere
1607 853 1671 905 eos
1694 833 1759 930 qui
1782 856 1851 907 nos

262 946 430 1045 ditant,
451 946 559 1021 idest
576 948 663 1046 qnia
677 973 747 1023 nos
761 949 927 1048 diligunt.
945 954 1033 1038 Quae
1049 952 1147 1024 enim
1163 964 1313 1050 propter
1326 973 1395 1025 nos
1408 948 1544 1024 habere
1561 973 1638 1023 non
1657 949 1850 1044 debemus,

263 1082 304 1139 nt
318 1066 424 1164 hujus
447 1065 582 1142 scilicet
597 1070 829 1166 possessionis
844 1071 882 1143 in
897 1070 1005 1143 nobis
1022 1069 1133 1144 linem
1149 1070 1423 1163 constituamus,
1440 1068 1557 1143 multo
1572 1069 1692 1144 minus
1707 1084 1854 1171 propter

264 1186 504 1285 nosmetipsos
526 1202 687 1287 repetere
712 1189 830 1263 ablata
851 1188 1026 1290 dommus
1044 1216 1054 1262 r
1072 1188 1174 1289 quod
1200 1186 1365 1262 uidelicet
1390 1189 1538 1263 fortasse
1562 1192 1660 1262 Deus
1684 1214 1750 1289 per
1767 1189 1855 1264 alios

266 1304 392 1378 melius
404 1328 515 1403 quam
526 1331 592 1405 per
607 1331 675 1381 nos
689 1306 882 1407 disponere
898 1308 989 1401 vult,
1005 1309 1062 1382 vel
1075 1308 1175 1407 quod
1187 1307 1296 1381 nobis
1307 1307 1471 1381 nocitura
1486 1307 1716 1407 praevidebat.
1733 1313 1855 1408 ltaque

266 1439 427 1524 repetere
443 1425 526 1498 lieet
547 1451 616 1499 nos
640 1452 721 1526 quae
743 1428 809 1500 Dei
827 1442 911 1501 suut
925 1430 1047 1529 potius
1070 1451 1181 1528 quam
1206 1451 1285 1526 quae
1302 1441 1425 1499 usura
1450 1441 1546 1521 sunt,
1571 1426 1609 1500 id
1633 1441 1688 1501 est
1709 1441 1855 1530 propter

266 1547 384 1617 Deum
397 1544 529 1643 potins,
542 1557 582 1617 ut
593 1545 794 1620 secundum
806 1546 1026 1622 voluntatem
1038 1571 1082 1621 ea
1093 1547 1340 1646 disponamus,
1353 1570 1463 1645 quam
1473 1561 1623 1647 propter
1634 1570 1714 1638 nos,
1725 1560 1762 1620 et
1770 1561 1855 1620 tunc

267 1663 388 1761 potius
402 1666 500 1737 Deus
516 1664 555 1737 in
577 1664 684 1740 nobis
701 1689 768 1740 sua
789 1666 931 1765 repetit,
954 1690 1066 1764 qnam
1085 1691 1154 1739 nos
1174 1680 1311 1761 noema,
1333 1665 1423 1740 dum
1445 1665 1517 1740 boo
1539 1664 1704 1739 videlicet
1719 1667 1856 1762 agimus

268 1795 309 1854 ut
324 1782 445 1880 potius
460 1784 527 1856 Dei
543 1783 714 1859 faciamus
729 1809 805 1859 esse
820 1810 932 1884 quam
951 1800 1086 1860 nostra.

318 1899 422 1974 «Sed
440 1902 518 1974 si.»
544 1904 655 1976 Diui:
678 1907 759 1977 Non
784 1905 974 1978 vindicetis
997 1929 1076 1996 vos,
1103 1904 1168 1978 sed
1191 1905 1312 2005 potins
1333 1906 1446 1996 Deus,
1471 1916 1512 1975 ut
1538 1901 1676 1976 dictum
1700 1916 1766 1992 est,
1795 1903 1858 1976 sed

264 2046 289 2093 e
308 2024 489 2096 contrario
517 2022 716 2100 benefacite
742 2026 834 2098 male
863 2025 1085 2100 iacientibus.
1117 2031 1161 2100 Et
1188 2024 1262 2100 hoc
1288 2039 1355 2119 est,
1387 2054 1406 2092 a
1424 2024 1488 2097 sed
1519 2025 1564 2114 si,
1598 2037 1667 2096 etc.
1692 2051 1711 2089 s
1745 2053 1763 2090 α
1781 2026 1859 2096 Hoc

265 2141 378 2214 euim.
401 2171 419 2208 n
452 2141 581 2218 Reddit
605 2167 750 2219 eausam
775 2169 887 2243 quare
914 2146 965 2219 sic
991 2145 1196 2219 faciendum
1220 2147 1265 2217 sit
1295 2144 1462 2236 inimicis,
1489 2145 1575 2240 quia
1606 2155 1755 2242 propter
1787 2141 1859 2214 hoc

269 2259 369 2334 facile
397 2263 595 2360 poterimus
618 2262 666 2336 ad
693 2262 843 2337 salutem
866 2264 1021 2339 trahere.
1048 2270 1165 2363 Caput
1191 2263 1339 2362 quidem
1367 2262 1573 2362 principalis
1602 2285 1685 2359 pars
1714 2262 1751 2332 iu
1779 2284 1860 2332 cor·

269 2403 373 2478 pore,
406 2395 580 2479 tanquam
603 2382 642 2454 in
675 2382 846 2457 omnibus
878 2383 1043 2458 sensibus
1072 2383 1236 2483 corporis
1271 2396 1452 2475 umatum,
1487 2394 1646 2454 mentem
1680 2380 1755 2452 sire
1781 2379 1862 2450 aui·

270 2522 366 2572 ruam
399 2515 558 2574 nostram
585 2500 774 2600 significat.
805 2502 988 2576 Carbones
1014 2503 1106 2599 ignis
1131 2501 1300 2576 incendia
1326 2515 1411 2573 sunt
1436 2500 1604 2592 caritatis,
1624 2499 1681 2571 rel
1707 2498 1862 2570 lamenta

270 2618 486 2716 poeniteutiae
508 2619 642 2718 quibus
662 2622 782 2696 anima
805 2623 949 2723 penitus
972 2623 1207 2711 excruciatur,
1233 2635 1269 2694 et
1291 2633 1418 2694 contra
1442 2620 1670 2717 semetipsam
1693 2615 1864 2714 indigna·

271 2735 376 2808 tionis
394 2737 548 2812 flammis
566 2738 788 2816 accenditur.
818 2746 893 2815 Hos
915 2742 1037 2841 itaque
1065 2740 1241 2814 carbones
1263 2764 1371 2840 super
1395 2752 1554 2812 mentem
1585 2736 1722 2810 inimici
1750 2736 1863 2808 nostri

271 2879 519 2952 congeramus,
551 2860 584 2932 ei
610 2858 891 2954 benefaciend03
919 2861 1010 2934 dum
1038 2886 1104 2962 per
1129 2859 1204 2934 hoo
1228 2883 1313 2934 eum
1340 2857 1388 2932 ad
1411 2881 1574 2931 amorem
1604 2880 1686 2954 erga
1711 2878 1779 2926 nos
1809 2854 1864 2926 rel

272 2973 320 3048 ad
344 2978 591 3073 poenitentiam
616 2979 809 3074 malorum,
835 3004 915 3079 quae
942 2980 1048 3056 nobis
1071 2981 1206 3075 intulit,
1235 2977 1479 3054 accendimus.
1505 3005 1523 3047 κ
1546 2976 1628 3047 Noli
1651 2974 1760 3067 vinci,
1781 3002 1802 3042 n
1827 2971 1864 3045 id

270 3107 327 3167 est
347 3097 548 3192 superaris
564 3099 652 3168 vitio
668 3115 747 3189 tuo,
768 3102 799 3170 si
821 3099 989 3173 videlicet
1009 3101 1063 3174 ira
1080 3100 1148 3171 tibi
1164 3099 1257 3172 adeo
1273 3097 1496 3186 dominatur,
1520 3109 1561 3166 ut
1579 3092 1710 3166 reddas
1732 3092 1866 3165 malum

274 3234 343 3309 pro
358 3211 454 3284 malo
473 3237 484 3282 z
504 3211 568 3285 sed
583 3213 687 3287 vince
707 3229 744 3289 et
763 3216 916 3316 reprime
930 3219 1052 3317 'ipsam
1074 3216 1165 3289 irarn
1180 3230 1282 3288 tuam
1302 3238 1370 3312 per
1386 3212 1526 3286 bouum
1541 3212 1637 3302 malo
1653 3234 1867 3308 recompen-

274 3343 405 3404 satum.
431 3335 513 3403 Non
529 3332 628 3405 enim
652 3332 789 3408 malum
810 3349 865 3410 est
887 3334 1021 3408 servire
1035 3332 1192 3426 bomini,
1217 3333 1281 3406 sed
1295 3332 1399 3406 vitio.
1417 3328 1522 3403 Unde
1543 3330 1662 3401 statim
1680 3328 1864 3427 adjungit:

276 3478 297 3518 «
319 3449 447 3523 Omnis
471 3450 604 3544 anima,
628 3479 647 3521 >r
671 3451 711 3526 id
733 3466 788 3527 est
812 3453 980 3551 quaelibet
1004 3452 1189 3526 rationalis
1216 3464 1391 3543 creatura,
1417 3448 1602 3522 «subdita
1625 3449 1684 3538 sit,
1711 3476 1729 3513 s
1754 3446 1792 3520 id
1815 3461 1869 3521 est

274 3565 431 3641 libenter
445 3568 604 3643 obediat.
622 3570 732 3660 Quod
748 3571 897 3671 quidem
912 3571 1084 3657 adversus
1098 3570 1343 3669 quorumdam
1358 3568 1518 3643 fidelium
1535 3567 1745 3667 opinionem
1763 3564 1866 3655 dicit,

276 3686 410 3785 quibus
434 3688 585 3761 omnino
608 3690 781 3788 injustum
802 3706 839 3766 et
860 3692 1118 3765 inconveniens
1132 3689 1322 3764 uidebatur
1344 3704 1385 3762 nt
1400 3687 1570 3788 quislibet
1586 3687 1663 3784 jam
1687 3686 1735 3759 ad
1761 3684 1870 3758 fidem

279 3802 410 3877 Christi
439 3830 636 3883 conversus
666 3824 816 3885 terrente
847 3811 1014 3911 potestati
1039 3809 1193 3909 amplius
1219 3808 1415 3882 deserviret
1442 3831 1507 3880 seu
1537 3804 1739 3881 obediret:
1769 3806 1869 3903 quasi

278 3923 368 3997 tales
390 3926 542 4001 omnino
568 3941 763 4028 potestates
782 3933 898 4004 aDeo
924 3931 1125 4002 constitutae
1149 3952 1225 4003 non
1249 3941 1380 4002 essent.
1402 3925 1506 3999 Unde
1532 3938 1569 3998 et
1594 3924 1772 3997 Dominus
1797 3923 1872 4021 ipse

277 4067 348 4143 pro
371 4045 489 4144 seipso
511 4061 548 4119 et
571 4052 681 4122 Petro
704 4073 853 4123 censum
876 4049 1004 4122 Caesari
1026 4047 1231 4149 persolvere
1253 4047 1447 4143 dignatus,
1464 4046 1615 4145 proprio
1637 4043 1684 4116 ad
1708 4042 1782 4116 hoc
1806 4067 1873 4116 uos

275 4160 445 4239 hortatus
460 4179 515 4239 est
528 4166 707 4268 exemplo,
728 4167 1083 4261 «sublimioribus»
1102 4167 1142 4240 id
1157 4181 1211 4241 est
1234 4166 1303 4239 sihi
1317 4165 1469 4264 prelatis
1484 4189 1508 4237 a
1522 4168 1613 4256 Deo,
1635 4163 1768 4235 scilicet
1783 4162 1874 4235 sicut

276 4283 398 4355 statim
414 4286 571 4359 annectit
590 4285 735 4360 dicens:
759 4314 778 4358 u
797 4291 878 4360 Non
895 4301 950 4360 est
971 4288 1069 4361 enim
1091 4300 1261 4386 potestas,
1277 4314 1297 4357 n
1315 4286 1391 4359 sive
1413 4285 1513 4358 bona
1537 4282 1671 4356 scilicet
1689 4281 1764 4353 sive
1782 4278 1874 4353 mala

279 4398 457 4495 rideatur,
484 4433 502 4470 α
517 4405 585 4477 nisi
606 4428 630 4478 a
651 4410 777 4500 De0,»
795 4405 835 4480 id
855 4420 910 4481 est
932 4431 997 4507 per
1021 4406 1098 4503 ejus
1114 4405 1417 4506 dispensationem
1438 4402 1645 4476 constituta.
1665 4403 1758 4472 Cum
1778 4398 1873 4471 enim

274 4518 462 4621 principes
482 4520 573 4595 boni
597 4537 695 4619 sunt,
721 4524 836 4599 divini
857 4528 1018 4599 muneris
1042 4541 1117 4616 est3
1145 4550 1231 4598 cum
1256 4536 1378 4596 autem
1399 4522 1498 4613 mali,
1525 4519 1584 4594 vel
1608 4518 1656 4592 ad
1681 4516 1873 4591 vindictam

272 4658 535 4739 perversorum
549 4641 756 4736 hominum,
778 4643 835 4717 rel
852 4643 899 4717 ad
920 4646 1173 4744 purgationem
1194 4667 1256 4717 seu
1280 4639 1533 4741 probationem
1552 4638 1735 4711 bonorum
1755 4659 1777 4707 a
1796 4638 1874 4707 Deo

269 4770 367 4830 sunt
390 4758 557 4852 instituti,
573 4762 638 4859 qui
655 4761 852 4860 quamlibet
874 4763 1096 4861 impietatem
1117 4763 1224 4836 etiam
1242 4761 1337 4833 bene
1358 4758 1532 4856 disponit.
1548 4755 1653 4829 Unde
1668 4767 1705 4827 et
1720 4765 1876 4852 potestas

275 4870 421 4950 diaboli
441 4877 497 4951 rel
515 4879 706 4977 cujmlibet
725 4881 828 4980 impii
849 4872 948 4954 bona
966 4880 1190 4981 perhibetur,
1210 4879 1295 4953 licet
1315 4876 1480 4950 voluntas
1501 4898 1631 4949 eorum
1648 4874 1694 4946 sit
1708 4869 1873 4972 pessima,

322 5144 432 5209 matth,
446 5160 501 5211 cap.
514 5162 574 5213 xxo,
586 5163 609 5199 r.
628 5153 654 5202 tr
667 5160 693 5201 et
703 5164 740 5213 rr.

406 5256 430 5294 11
1721 5238 1757 5297 ll
