4559 6100
856 566 860 575 ’
900 534 1136 613 DthOGUS·
1701 570 1703 573 ·
1745 536 1819 611 ott

220 731 365 806 quoqne
382 721 500 780 vester
518 705 618 805 prius
634 718 670 778 et
684 720 808 805 postea
825 719 949 779 noster
963 704 1183 804 Augustinus
1204 719 1360 778 mortem
1381 703 1514 778 malam
1532 706 1669 778 astruit.
1692 707 1821 781 «Siout

218 827 294 921 lex,
310 860 327 895 s
347 828 483 925 inquit,
504 850 611 899 «non
637 841 690 899 est
708 826 863 914 malum,
890 826 1063 923 quoniam
1085 837 1194 921 auget
1214 825 1440 923 peccantium
1462 826 1817 926 concupiscentiam,

219 948 269 1019 ita
290 971 358 1019 nec
380 970 482 1020 mors
497 947 637 1020 bonum
656 961 708 1019 est
729 947 903 1045 quoniam
920 959 1027 1042 auget
1041 942 1255 1044 patientium
1277 942 1427 1040 gloriam
1441 958 1479 1016 et
1499 943 1610 1017 efficit
1629 959 1817 1042 martyres.

220 1071 290 1138 Lex
314 1066 460 1164 quidem
483 1066 581 1139 bona
597 1082 670 1158 est,
691 1068 776 1163 quia
799 1063 995 1166 prohibitio
1012 1078 1066 1138 est
1086 1063 1237 1163 peccati.
1256 1065 1355 1136 Mors
1375 1078 1496 1136 autem
1512 1063 1631 1154 mala,
1653 1064 1738 1161 quia
1761 1064 1819 1137 sti·

219 1184 393 1283 pendium
420 1187 572 1285 poocnti.
597 1186 668 1259 Sed
695 1184 1007 1285 quemadmodum
1033 1183 1157 1281 injusti
1184 1181 1277 1281 male
1304 1184 1413 1256 etiarn
1442 1198 1592 1257 utuntur
1614 1183 1741 1277 bonis,
1771 1184 1821 1258 ita

218 1304 326 1377 etiam
349 1305 436 1402 justi
451 1305 546 1379 bene
563 1320 712 1379 utuntur
729 1307 844 1380 malis.
868 1307 962 1380 Hinc
985 1303 1025 1376 fit
1041 1316 1081 1375 ut
1098 1318 1134 1376 et
1158 1302 1243 1378 mali
1260 1302 1354 1377 male
1371 1302 1450 1401 lege
1467 1318 1636 1397 utantur,
1655 1305 1820 1402 quamvis

218 1423 262 1494 sit
279 1422 334 1496 les
351 1424 507 1510 bonum,
526 1440 561 1498 et
577 1424 667 1499 boni
685 1425 780 1499 bene
795 1426 1009 1519 moriantur,
1028 1423 1255 1522 quamvissit
1271 1447 1368 1496 mors
1386 1424 1534 1496 malum.
1549 1454 1567 1489 υ

269 1548 411 1617 Panos.
431 1549 613 1647 Quorsum
629 1544 782 1618 obsecro
798 1542 893 1618 ista?

267 1667 471 1739 cnnsms.
497 1669 544 1737 Ut
560 1691 641 1739 eam
658 1668 808 1764 inquam
830 1663 1017 1740 meliorem
1038 1688 1115 1737 esse
1131 1665 1244 1738 vitam
1264 1663 1463 1762 intelligas,
1483 1688 1593 1763 quam
1616 1680 1652 1738 et
1674 1663 1721 1736 ab
1746 1666 1820 1738 istis

218 1783 321 1856 malis
346 1786 497 1858 omnino
515 1798 657 1860 constat
672 1810 748 1860 esse
767 1786 982 1875 immunem,
1003 1798 1040 1856 et
1055 1786 1234 1856 intantum
1251 1807 1273 1856 a
1288 1798 1439 1882 peceato
1456 1808 1606 1882 prorsus
1622 1798 1814 1875 remotam,

219 1915 259 1974 ut
283 1927 359 1975 non
385 1903 503 1977 solum
520 1903 569 1977 ibi
590 1920 665 1977 uo'n
691 1919 872 2004 peccetur,
894 1903 959 1977 sed
985 1927 1053 1976 nec
1074 1904 1216 2002 peccari
1240 1904 1364 2001 possit.
1387 1907 1475 1991 Quae
1499 1904 1570 1976 nisi
1594 1903 1723 1977 melior
1746 1905 1821 1977 vita

218 2037 390 2122 praesente
415 2026 461 2097 sit
486 2039 547 2098 aut
574 2026 687 2121 magis
704 2027 862 2124 placeat,
890 2023 1018 2096 frustra
1043 2037 1097 2096 est
1118 2024 1157 2095 in
1183 2022 1419 2096 retributione
1443 2023 1573 2122 posita.
1603 2024 1666 2096 Sin
1696 2039 1820 2097 autem

219 2144 331 2239 magis
347 2143 464 2240 placet
483 2168 551 2216 nec
567 2145 695 2216 melior
718 2158 792 2236 est,
811 2142 1101 2216 irrationabiliter
1121 2142 1206 2217 huic
1225 2140 1424 2242 praelertur,
1445 2158 1481 2221 nt
1496 2144 1560 2242 qui
1580 2166 1660 2215 eam
1677 2142 1819 2216 deside·

219 2275 301 2334 rant
316 2260 508 2335 indiscrete
524 2277 648 2360 agunt.

266 2385 406 2455 Panos.
436 2384 560 2474 Certe,
582 2395 620 2455 ut
636 2380 914 2472 verum'latear,
937 2405 1037 2454 nunc
1064 2395 1099 2455 te
1124 2382 1283 2481 primurn
1306 2381 1568 2481 philosophum
1591 2382 1818 2481 comperior,

216 2523 285 2572 nec
306 2515 383 2574 tam
399 2501 593 2574 manifesta
609 2502 741 2576 rationi
756 2500 986 2602 impudenter
1006 2503 1177 2575 convenit
1193 2502 1386 2575 adversari.
1405 2501 1477 2574 Sed
1498 2501 1549 2574 ibi
1568 2503 1819 2602 potiusquam

216 2618 295 2709 bic,
318 2619 420 2717 juxta
441 2623 665 2720 propositam
691 2623 868 2695 rationem
889 2636 1010 2713 tuam,
1039 2646 1222 2694 summum
1250 2635 1302 2694 est
1326 2621 1485 2695 hominis
1504 2621 1643 2697 bonurn
1671 2646 1818 2723 exspec-

216 2738 383 2814 tandum.
409 2744 454 2814 Et
479 2741 637 2815 fortassis
658 2743 730 2815 hoc
756 2741 822 2815 luit
848 2743 992 2841 Epicuri
1018 2742 1195 2814 sententia
1220 2765 1403 2814 summum
1428 2740 1569 2814 bonum
1598 2741 1819 2842 voluptatem

216 2858 387 2954 dicentis,
412 2862 587 2959 quoniam
612 2861 778 2935 videlicet
804 2875 903 2936 tanta
923 2876 979 2936 est
1000 2860 1128 2949 animae
1149 2859 1386 2959 tranquillitas
1412 2874 1453 2933 ut
1473 2885 1540 2933 neo
1564 2862 1718 2934 exterius
1738 2885 1819 2935 eam

215 2979 413 3081 corporalis
438 2980 608 3076 afflicti0,
631 3005 699 3055 nec
721 2980 869 3056 interius
888 2995 1047 3057 mentem
1072 2980 1192 3080 aliqua
1216 2981 1352 3079 peccati
1378 2980 1599 3056 conscientia
1622 2982 1816 3081 inquietet,

217 3098 274 3172 vel
292 3102 418 3173 vitium
435 3101 566 3192 obstet,
582 3117 624 3174 ut
639 3104 778 3203 optima
794 3103 871 3200 ejus
884 3102 1051 3175 voluntas
1067 3103 1220 3173 omnino
1236 3101 1482 3200 compleatur?
1497 3102 1682 3190 Quamdiu
1697 3117 1820 3176 autem

216 3220 391 3292 voluntati
404 3234 535 3293 nostrae
552 3220 687 3319 aliquid
702 3220 856 3315 obsistit,
875 3222 931 3294 vel
948 3220 1061 3309 deest,
1077 3242 1161 3292 vera
1176 3219 1364 3293 beatitudo
1380 3244 1612 3318 nequaquam
1628 3235 1693 3293 est.
1711 3222 1821 3310 Quod

217 3339 342 3436 utique
354 3363 496 3438 semper
510 3342 642 3434 evenit,
661 3340 750 3413 dum
760 3339 822 3413 bic
835 3340 979 3431 vivitur,
997 3354 1035 3412 et
1049 3340 1170 3413 anima
1187 3340 1319 3412 terreni
1335 3341 1498 3439 corporis
1514 3342 1612 3414 mole
1623 3356 1766 3438 gravata
1783 3357 1819 3416 et

109 3466 114 3474 ’
217 3459 321 3555 qnasi
335 3482 477 3533 carcere
491 3459 653 3556 quodam
668 3460 853 3554 conclusa,
871 3484 954 3532 vera
971 3483 1048 3531 non
1065 3458 1194 3531 fruitur
1210 3456 1387 3531 libertate.
1407 3459 1496 3546 Quis
1511 3459 1610 3531 enim
1624 3459 1819 3559 aliquando

215 3601 292 3650 non
302 3577 481 3652 desideret
490 3581 648 3653 calorem
657 3580 747 3653 dum
756 3580 910 3653 nimium
920 3579 1036 3678 friget,
1047 3578 1105 3654 vel
1116 3604 1136 3650 e
1146 3602 1337 3670 converso,
1349 3591 1412 3650 aut
1421 3601 1589 3651 serenum
1598 3578 1687 3653 dum
1696 3580 1821 3678 pluvia

217 3711 397 3795 gravatur,
413 3714 474 3771 aut
487 3699 535 3772 ad
546 3724 648 3773 esum
657 3700 714 3773 vel
723 3699 978 3773 indumentum
986 3722 1081 3798 saepe
1091 3696 1246 3798 amplius
1257 3721 1369 3795 quam
1378 3696 1530 3771 habeat?
1538 3699 1820 3774 Innumerabilia

215 3830 301 3888 sunt
317 3830 352 3889 et
369 3816 440 3891 alia
453 3843 546 3915 quae,
564 3821 594 3891 si
610 3817 806 3894 manifestae
821 3819 961 3894 veritati
975 3843 1052 3890 non
1070 3818 1288 3910 resistamus,
1307 3815 1413 3890 nohis
1428 3815 1637 3891 nolentibus
1652 3819 1820 3917 ingenuae
1844 3859 1846 3864 v

216 3950 288 4023 tur,
298 3936 356 4010 vel
365 3937 571 4011 volentibus
579 3938 815 4037 denegantur.
827 3941 865 4012 Si
873 3954 1008 4032 autem,
1021 3953 1106 4012 utse
1118 3938 1213 4012 ratio
1220 3935 1343 4032 habet,
1357 3937 1447 4011 illud
1457 3938 1536 4011 ritae
1546 3937 1672 4011 litturae
1679 3937 1835 4014 bonum'

217 4054 323 4128 nobis
341 4081 525 4130 summum
541 4059 793 4134 estimandum
808 4074 880 4153 est,
898 4074 988 4160 puto
1006 4059 1101 4132 viam
1121 4082 1195 4156 qua
1211 4058 1297 4131 illuc
1314 4058 1535 4157 pervenitur,
1555 4058 1705 4156 virtutes
1723 4085 1815 4152 esse,

214 4173 345 4272 quibus
353 4175 414 4249 bic
422 4177 658 4252 adornamur.
671 4183 725 4254 De
731 4179 865 4278 quibus
876 4178 1112 4279 postmodum
1121 4177 1327 4276 diligentius
1341 4176 1447 4251 nobis
1457 4176 1719 4252 conierendum
1735 4182 1815 4254 erit.

264 4297 470 4370 Cumanas.
493 4302 586 4371 Eece
600 4298 646 4372 ad
667 4296 740 4374 hoc
753 4300 950 4400 disputatio
966 4314 1089 4374 nostra
1111 4297 1286 4398 perducta
1303 4311 1379 4387 est,
1402 4311 1442 4370 ut
1463 4321 1646 4370 summum
1660 4298 1818 4373 bominis

212 4412 373 4506 bonurn,
394 4416 468 4490 sive
486 4418 629 4515 ipsum,
651 4434 691 4492 ut
706 4419 844 4493 dictum
859 4436 931 4515 est,
957 4419 1076 4494 linem·
1090 4418 1201 4510 boni,
1220 4418 1346 4491 futurae
1362 4417 1442 4489 vitae
1458 4415 1743 4512 beatitudinem,
1766 4436 1815 4510 et,

213 4555 286 4629 qua
307 4533 392 4605 illuc
414 4537 636 4634 pervenitur,
657 4539 752 4610 viam
771 4541 921 4615 virtutes
941 4563 1134 4640 ponamus.
1162 4537 1234 4612 Sed
1258 4537 1358 4636 prius
1379 4535 1427 4611 de
1453 4536 1526 4610 boc
1549 4561 1694 4611 summo
1715 4538 1816 4613 hono

212 4664 387 4744 nostram
415 4653 452 4726 id
478 4670 532 4727 est
554 4655 806 4752 christianam,
832 4683 917 4732 cum
939 4659 1067 4732 vestris
1092 4655 1259 4731 conferre
1286 4654 1373 4730 volo
1398 4656 1644 4756 disciplinam,
1668 4673 1708 4734 ut
1732 4685 1812 4757 quae

213 4770 322 4869 hujus
337 4771 427 4845 boni
446 4773 651 4850 doctrinam
666 4778 722 4849 vel
741 4778 1028 4852 exhortationem
1046 4777 1161 4850 habet
1181 4776 1400 4870 uberiorem,
1424 4790 1608 4876 tamquam
1625 4778 1816 4877 perfectius

213 4888 390 4965 habeatur
411 4908 447 4967 et
474 4894 507 4966 ei
533 4896 687 4995 amplius
715 4895 1010 4996 obtemperetur3
1039 4896 1221 4970 devetari
1248 4910 1370 4971 autem
1402 4894 1578 4994 legeque
1603 4896 1814 4998 Judoeiglo·

214 5012 366 5105 riantur,
387 5028 423 5086 te
440 4997 577 5114 optime
595 5016 777 5093 arbitraris
793 5033 1023 5113 monstrasse,
1040 5016 1180 5090 nullum
1197 5016 1247 5089 ibi
1264 5017 1451 5117 praemium
1464 5016 1572 5114 hujus
1584 5016 1815 5092 beatitudinis

214 5138 431 5234 promissum
448 5138 568 5233 luisse,
586 5165 654 5216 nec
671 5142 757 5216 inde
770 5143 928 5241 aliquam
944 5141 997 5217 ibi
1012 5141 1302 5216 exhortationem
1313 5138 1513 5215 adhibitam
1525 5165 1616 5216 esse.
1635 5145 1815 5218 Dominus
