4559 6100
881 527 1111 601 otttocus.
1720 532 1784 604 ost

212 701 286 748 non
315 679 387 775 agit
410 702 612 779 perperam,
635 693 704 750 etc.
726 707 744 745 a
769 681 910 776 Deque
927 679 1033 750 etiam
1050 704 1133 751 cum
1153 680 1245 751 inter
1257 692 1375 753 cetera
1388 679 1541 761 dicatur,
1560 678 1658 775 quod
1673 681 1794 752 omnia

209 796 331 869 suffert
346 797 402 870 vel
421 799 543 869 omnia
558 799 719 889 sustinet,
741 798 862 895 utique
876 813 913 869 et
929 812 1100 886 mortem;
1120 813 1161 869 ut
1178 813 1299 870 autem
1314 797 1474 870 Christus
1489 798 1652 870 meminit
1663 804 1685 888 ¹,
1696 827 1713 867 a
1723 823 1796 875 ma·

206 915 321 1008 jorem
344 916 412 988 hac
435 916 663 989 dilectionem
686 941 795 990 nemo
818 916 942 1006 habet,
969 931 1008 988 ut
1033 917 1188 988 animam
1213 942 1314 989 snam
1339 918 1419 1013 quis
1443 929 1555 1014 ponat
1579 942 1646 1016 pro
1672 919 1795 989 amicis

210 1036 282 1107 suis
294 1064 334 1126 3»
354 1062 428 1108 nou
447 1060 532 1132 ergo
549 1037 639 1108 alius
660 1037 728 1108 alio
749 1039 861 1134 magis
877 1039 913 1108 in
929 1037 1074 1108 caritate
1089 1034 1270 1128 abundat,
1289 1062 1373 1107 curo
1389 1036 1465 1107 haec
1481 1035 1602 1108 omnia
1618 1037 1744 1108 caritas
1759 1039 1795 1108 in

210 1178 248 1227 se
258 1157 442 1227 contineat
458 1169 494 1226 et
509 1180 629 1227 secum
647 1155 782 1228 allerat.
798 1156 906 1244 Quod
922 1157 951 1228 si
965 1157 1001 1226 in
1015 1155 1161 1228 caritate
1176 1179 1284 1225 nemo
1298 1154 1407 1225 alium
1424 1154 1653 1240 transcendit,
1674 1158 1798 1254 utique

211 1296 278 1344 nec
299 1275 335 1345 in
361 1272 550 1349 virtutibus
571 1288 634 1348 aut
650 1275 802 1363 meritis,
831 1299 915 1346 cum
933 1296 1092 1365 omnem,
1113 1287 1155 1345 ut
1176 1273 1282 1365 dicis,
1302 1273 1429 1344 caritas
1453 1271 1712 1371 complectatur
1729 1276 1800 1348 vir„

212 1404 335 1464 tutem.
1778 1396 1783 1407 '

259 1517 461 1586 Cnarsrrarr.
484 1519 629 1602 Revera,
648 1516 676 1586 si
700 1515 844 1612 proprie
863 1515 975 1586 virtus
991 1514 1219 1609 intelligatur,
1239 1538 1318 1611 quae
1333 1512 1498 1585 videlicet
1516 1512 1681 1585 meritum
1698 1515 1797 1613 apud

211 1636 330 1704 Deum
352 1632 507 1726 obtinet,
533 1634 609 1705 sula
630 1635 758 1705 caritas
782 1635 894 1706 virtus
921 1632 1135 1732 appellanda
1157 1647 1222 1704 est.
1251 1637 1340 1720 Quae
1362 1630 1507 1729 quidem
1533 1656 1600 1729 pro
1625 1657 1670 1704 eo
1700 1633 1801 1729 quod

209 1756 346 1848 justum
371 1751 478 1824 efficit
505 1752 560 1825 vel
588 1751 715 1824 sortem
735 1777 796 1824 seu
817 1767 1095 1852 temperantem,
1116 1753 1253 1848 justitia
1276 1766 1371 1824 recte
1393 1751 1525 1822 dicitur
1548 1750 1604 1823 vel
1628 1751 1800 1824 fortitudo

212 1871 286 1941 sive
310 1872 557 1968 temperantia.
595 1871 666 1943 Sed
697 1872 789 1942 sicut
815 1895 941 1943 omnes
969 1872 1032 1968 qui
1055 1870 1190 1943 habent
1214 1871 1420 1957 caritatem,
1449 1894 1522 1941 non
1550 1871 1732 1966 aequaliter
1759 1897 1802 1946 ea

213 1989 372 2061 succensi
393 2004 489 2077 sunt,
516 2014 585 2061 nec
610 2013 736 2061 omnes
750 1989 945 2087 prudentes
964 1991 1148 2086 aqualiter
1167 1988 1388 2085 intelligunt,
1411 1988 1459 2058 lta
1480 2011 1547 2059 nec
1568 2012 1694 2060 omnes
1714 1986 1801 2086 justi

214 2106 394 2202 aequaliter
415 2108 500 2203 justi
528 2122 629 2193 suut,
648 2121 709 2179 aut
734 2132 861 2180 omnes
885 2108 1066 2204 aequaliter
1091 2108 1200 2180 fortes
1227 2105 1281 2179 vel
1306 2120 1556 2203 temperantes.
1580 2111 1624 2178 Et
1639 2111 1803 2205 quamvis

214 2225 412 2298 secundum
431 2226 588 2323 priorem
607 2225 887 2317 distinctionem,
906 2250 1034 2298 omnes
1061 2228 1209 2299 virtutes
1232 2223 1409 2322 aliquibus
1433 2225 1546 2296 inesse
1563 2227 1806 2299 concedamus

214 2362 298 2415 cum
314 2342 477 2416 videlicet
492 2346 736 2441 unusquisque
749 2343 893 2416 illorum
904 2344 950 2415 sit
971 2345 1086 2440 justus
1107 2357 1142 2415 et
1160 2342 1259 2415 torris
1275 2358 1311 2415 et
1326 2357 1543 2441 temperans,
1559 2366 1633 2415 non
1652 2346 1801 2418 omniuo

216 2477 334 2533 tamen
353 2463 388 2532 iu
407 2461 593 2534 virtutibus
610 2477 672 2534 aut
689 2463 823 2533 meritis
839 2487 901 2535 ecs
918 2486 995 2534 esse
1012 2487 1116 2560 pares
1132 2463 1344 2552 annuimus,
1363 2486 1447 2533 cum
1464 2461 1572 2533 alium
1590 2459 1661 2534 alio
1673 2462 1805 2558 justio-

215 2604 292 2651 rem
309 2580 365 2653 vel
388 2580 572 2652 fortiorem
593 2605 655 2652 seu
679 2578 933 2653 modestiorem
957 2605 1033 2652 esse
1049 2581 1246 2678 contingat.
1265 2580 1437 2673 Quamvis
1454 2580 1552 2651 enim
1569 2581 1606 2651 in
1628 2580 1806 2678 praedictis

216 2697 400 2797 speciebus
423 2698 615 2789 virtutum,
640 2697 797 2794 singulos
824 2700 1018 2771 convenire
1042 2723 1241 2796 ponamus,
1270 2722 1397 2793 magna
1424 2712 1545 2770 tamen
1571 2715 1624 2769 est
1649 2701 1684 2769 in
1710 2701 1807 2772 indi-

217 2817 332 2888 viduis
350 2818 547 2914 specierum
563 2815 775 2908 differentia,
795 2841 878 2888 cum
894 2816 1003 2913 hujus
1018 2816 1133 2912 major
1156 2840 1264 2914 quam
1282 2816 1373 2888 illius
1398 2818 1443 2888 sit
1464 2817 1597 2913 justitia
1619 2817 1677 2890 vel
1703 2817 1805 2891 sorti·

217 2935 305 3008 tudo
323 2960 385 3007 seu
403 2937 656 3035 temperantia3
685 2934 749 3007 sed
771 2960 854 3006 curn
869 2936 996 3007 caritas
1013 2937 1137 3007 omnia
1153 2960 1232 3033 quae
1248 2935 1379 3026 dixisti,
1397 2935 1571 3023 conferat,
1592 2960 1666 3007 non
1685 2951 1804 3011 tamen

218 3053 366 3151 singulis
397 3054 527 3152 quibus
551 3055 663 3142 inest,
692 3054 813 3127 omnia
838 3055 997 3149 largitur.
1040 3057 1138 3125 Sicut
1166 3057 1263 3125 enim
1290 3079 1312 3125 a
1340 3068 1467 3125 natura
1497 3055 1619 3126 omnia
1644 3059 1808 3153 corporis

178 3149 188 3160 ’
218 3172 411 3245 commoda
427 3169 645 3263 tribuuntur,
664 3170 727 3243 sed
744 3196 818 3242 non
837 3173 959 3244 omnia
977 3172 1160 3263 omnibus,
1179 3173 1230 3243 sic
1247 3187 1282 3243 et
1301 3171 1337 3242 in
1354 3170 1463 3243 bonis
1476 3173 1608 3243 animae
1619 3197 1684 3244 seu
1702 3176 1812 3246 vinu,

217 3290 313 3363 tibus
335 3290 528 3386 contingit,
548 3304 587 3361 ut
607 3313 682 3361 non
707 3314 832 3361 omues
852 3289 1021 3361 omnibus
1038 3288 1224 3387 aqualiter
1247 3289 1417 3360 ditentur.
1447 3289 1553 3361 Unde
1576 3290 1661 3362 volo
1685 3306 1724 3362 nt
1747 3292 1809 3364 ad·

219 3408 359 3498 tendas,
379 3433 488 3506 quam
509 3409 555 3480 sit
571 3407 631 3480 illa
649 3408 739 3479 ratio
757 3406 918 3500 infirma,
937 3409 1049 3479 immo
1072 3407 1280 3480 vilissimum
1296 3405 1496 3505 sophisma,
1522 3408 1621 3504 quod
1639 3409 1809 3496 videlicet

218 3553 260 3601 ex
285 3528 437 3600 aliorum
466 3527 637 3625 opinione
663 3527 699 3597 in
727 3525 909 3623 paradoxa
934 3524 1122 3624 praedictus
1145 3526 1283 3598 inducit
1307 3524 1565 3624 philosophus,
1594 3541 1633 3598 ut
1659 3529 1808 3601 virtutes

219 3649 310 3720 sicut
331 3662 366 3719 et
389 3647 473 3721 vitia
495 3670 597 3745 pares
614 3647 651 3717 in
669 3644 837 3717 omnibus
854 3670 929 3718 esse
952 3646 1161 3730 convincat,
1182 3670 1265 3716 cum
1281 3643 1446 3717 videlicet
1462 3644 1590 3717 dixerit
1605 3645 1705 3718 bono
1724 3652 1804 3720 vim

219 3765 404 3839 meliorem
426 3789 499 3836 nou
522 3788 618 3852 esse,
637 3787 704 3835 nec
726 3777 945 3862 temperante
963 3764 1298 3862 temperantiorem,
1319 3788 1386 3836 nec
1409 3764 1491 3836 lorti
1513 3763 1711 3855 fortiorem,
1737 3787 1806 3839 nec

219 3885 370 3983 sapienti
390 3882 654 3982 sapientiorem.
678 3883 752 3954 Etsi
766 3882 862 3955 enim
878 3882 978 3954 bono
993 3883 1070 3954 viro
1089 3906 1164 3954 noo
1182 3882 1228 3954 sit
1244 3881 1370 3977 aliquis
1387 3880 1529 3972 melior,
1550 3896 1667 3955 tamen
1686 3883 1808 3982 aliquo

220 4002 320 4076 bono
347 4004 424 4075 viro
446 4001 573 4073 melior
601 4014 666 4074 est.
691 3999 788 4088 Quid
812 4015 865 4073 est
887 4002 982 4073 enim
1009 3999 1107 4074 aliud
1132 4000 1250 4072 dicere
1272 4000 1318 4071 de
1340 4001 1461 4097 aliquo
1486 4001 1587 4098 quod
1610 4003 1655 4074 sit
1678 4003 1807 4075 melior

221 4122 334 4215 bonu,
352 4123 421 4194 nisi
439 4119 539 4219 quod
556 4122 600 4192 sit
624 4120 750 4192 melior
766 4144 875 4217 quam
891 4119 1010 4192 borma
1023 4121 1091 4211 vir,
1111 4120 1317 4217 quicunque
1336 4118 1394 4190 ille
1419 4120 1486 4191 sit?
1511 4124 1590 4192 Non
1608 4123 1806 4194 enimcum

220 4246 337 4313 Deum
358 4241 507 4313 homine
531 4240 681 4312 dicimus
709 4240 911 4328 meliorem,
941 4238 1042 4313 aliter
1062 4236 1309 4333 intelligimus,
1334 4238 1401 4309 nisi
1424 4239 1525 4334 quod
1547 4263 1672 4312 omnes
1690 4257 1808 4313 trans-

221 4353 350 4428 cendat
373 4353 549 4425 homiues.
577 4354 634 4425 Sic
660 4353 767 4425 etiam
792 4377 874 4426 cum
900 4367 1019 4426 tamen
1047 4353 1204 4448 aliquem
1227 4351 1365 4425 bonnm
1389 4351 1541 4423 dicimus
1565 4352 1681 4424 virum
1706 4351 1807 4425 bono

222 4473 299 4544 viro
317 4471 515 4561 meliorem,
540 4471 665 4562 idest,
688 4495 797 4569 quam
815 4472 932 4544 bonus
947 4473 1002 4544 vir
1020 4472 1080 4558 sit,
1101 4470 1159 4543 vel
1176 4470 1345 4567 quamsit
1366 4469 1490 4565 aliquis
1508 4459 1709 4561 virbonus,
1728 4495 1804 4543 non

222 4590 323 4663 aliter
335 4588 583 4687 accipiendum
601 4587 754 4676 videtur,
773 4589 840 4659 nisi
854 4588 1063 4684 generaliter
1079 4586 1249 4661 omnihus
1263 4586 1370 4660 bonis
1386 4587 1471 4660 viris
1487 4586 1547 4660 ille
1562 4603 1801 4687 preponatur.

221 4707 330 4795 Quod
347 4707 496 4777 omnino
513 4705 638 4777 salsum
656 4718 722 4794 est,
741 4729 823 4776 cum
843 4706 919 4802 ipse
940 4707 1046 4778 etiam
1063 4707 1107 4780 sit
1123 4705 1250 4802 aliquis
1266 4704 1448 4778 bonorum
1464 4706 1637 4778 virorum.
1653 4709 1690 4776 Si
1707 4706 1803 4778 enim

223 4824 351 4899 melior
372 4825 415 4895 sit
432 4848 542 4920 quam
563 4822 694 4916 bonus,
714 4822 769 4894 vel
786 4846 894 4921 quarn
917 4824 961 4896 sit
984 4824 1110 4921 aliquis
1126 4823 1245 4918 bonus
1264 4824 1332 4916 vir,
1352 4847 1575 4921 consequens
1591 4822 1744 4914 videtur,
1765 4838 1804 4914 ut

279 5093 362 5158 toan,
372 5109 427 5159 cap.
439 5110 484 5160 rr,
497 5110 519 5146 r.
536 5100 571 5149 tt.

342 5205 366 5244 11
1647 5187 1687 5245 86
