4559 6100
688 537 924 612 EXPOSITIO
950 539 1089 613 SUPER
1113 540 1399 615 PsAttnttttttt.
1769 547 1842 621 723

243 669 384 786 quippe
410 701 463 760 est
479 687 728 787 ‘opprobrium
745 697 820 763 non
839 693 1000 792 accipere
1021 692 1191 766 adversus
1209 695 1415 792 proximum
1426 697 1450 786 ¹,
1469 709 1505 767 et
1521 720 1601 794 quae
1617 694 1728 770 dubia
1743 714 1840 792 sunt,

243 805 288 878 in
305 803 492 879 meliorem
515 823 653 905 partem
668 810 906 911 interpretari,
925 825 961 884 et
979 811 1079 884 illam
1098 836 1241 912 semper
1258 813 1454 885 Dominicae
1473 815 1612 912 pietatis
1628 818 1841 889 sententiam

241 925 448 999 attendere¹
473 954 481 998 ε
505 929 653 1001 «Nolite
663 930 839 1027 judicare,
865 946 902 1004 et
923 956 999 1004 non
1012 929 1286 1029 judicabimini:
1304 930 1416 1003 nolite
1431 933 1688 1027 condemnare,
1710 949 1746 1008 et
1761 960 1836 1008 non

243 1045 594 1121 condemnabimini.
617 1078 634 1118 v

582 1717 882 1811 Expostulo
920 1718 1099 1809 SUPER
1137 1718 1510 1811 Psittnnltttt.

291 2053 379 2117 Petri
393 2051 558 2119 Abaelardi
571 2053 813 2143 depositionem
829 2076 926 2141 super
941 2052 1111 2141 Epistolas
1128 2053 1226 2117 Pauli
1247 2067 1279 2118 et
1292 2076 1389 2141 super
1400 2051 1599 2117 Psalterium
1617 2053 1659 2118 ab
1675 2052 1842 2136 Oudin0⁸,

243 2147 414 2214 Fabricio*
435 2166 467 2214 et
487 2149 555 2214 aliis
570 2167 801 2232 memoratam,
819 2150 966 2216 nondum
982 2166 1089 2214 autem
1109 2151 1194 2240 typis
1209 2149 1396 2215 mandatam
1415 2148 1613 2215 Bibliotheca
1632 2151 1732 2241 Regia
1752 2152 1841 2216 Pari·

243 2246 357 2311 aiensis
378 2263 515 2312 asservat
536 2248 570 2312 in
594 2247 714 2314 Codice
729 2252 830 2330 2543,
847 2247 1111 2330 membranaceo,
1129 2249 1285 2314 sexcentis
1301 2248 1427 2313 circiter
1446 2247 1538 2311 annis
1557 2262 1701 2313 exarato.
1717 2248 1845 2313 Notulee

244 2358 356 2408 autem
370 2358 444 2408 sunt
454 2343 568 2410 breves
577 2360 610 2410 et
620 2368 692 2434 quae
700 2346 839 2411 litteram
854 2361 978 2411 tantum
988 2360 1144 2435 spectant,
1165 2369 1231 2410 non
1242 2346 1491 2411 commentarius
1505 2367 1581 2410 vere
1592 2343 1843 2435 philosophicus,

243 2439 304 2504 ubi
330 2439 451 2528 aliquid
473 2465 600 2531 sperare
616 2443 718 2533 possis
739 2458 793 2508 aut
810 2441 873 2509 alte
896 2441 1084 2534 indagatum
1108 2457 1164 2508 aut
1181 2443 1314 2508 solerter
1332 2458 1366 2508 et
1383 2459 1474 2508 acute
1497 2443 1691 2531 expositum.
1712 2444 1846 2508 Constat

243 2551 355 2602 autem
372 2537 471 2603 libros
486 2541 626 2629 quinque
644 2541 951 2606 Commentariorum
971 2548 1005 2604 in
1027 2540 1213 2628 Epistolom
1237 2541 1281 2606 D.
1306 2539 1408 2604 Pauli
1434 2540 1481 2603 ad
1500 2540 1663 2603 Romanos
1676 2541 1735 2627 ‘qui
1751 2562 1845 2630 supra

242 2631 407 2723 leguntur,
419 2659 547 2724 prorsus
563 2636 641 2703 alios
657 2661 724 2704 esse
740 2661 778 2703 ac
791 2633 934 2723 jejunam
950 2653 982 2702 et
996 2639 1112 2702 siccam
1128 2638 1362 2727 expositionem
1377 2635 1443 2701 illic
1459 2652 1632 2727 repertam.
1644 2636 1734 2726 Opus
1749 2636 1846 2726 igitur

243 2753 454 2821 comparum
476 2734 549 2801 luce
573 2734 707 2825 dignum
720 2733 902 2818 videretur,
925 2756 1028 2825 pauca
1048 2749 1175 2800 tantum
1197 2733 1378 2823 speciminis
1398 2733 1472 2799 loco
1500 2732 1621 2823 publici
1641 2735 1721 2819 juris
1740 2732 1845 2799 facere

244 2827 454 2895 decrevimus.

297 3095 495 3160 Pnonocos.
515 3090 643 3160 Omnis
658 3088 779 3162 divina
797 3091 980 3188 Scriptura
994 3091 1049 3162 vei
1068 3091 1221 3189 pertinet
1237 3089 1284 3163 ad
1299 3089 1503 3182 historiam,
1523 3090 1580 3162 vel
1598 3087 1644 3163 ad
1660 3088 1844 3161 moralita-

245 3223 332 3297 tem,
353 3207 407 3279 vel
423 3207 470 3279 ad
486 3207 665 3279 misticum
681 3208 913 3280 intellectum.
943 3213 1002 3280 Est
1029 3223 1151 3281 autem
1177 3207 1450 3305 intelligendum
1477 3208 1579 3306 qnod
1595 3207 1752 3306 quadam
1768 3231 1846 3306 per·

244 3328 412 3400 mistione
423 3328 571 3418 alterna,
586 3352 743 3427 persaepe
758 3344 794 3401 et
805 3328 954 3401 historia
965 3330 1003 3398 in
1015 3328 1230 3421 moralitate,
1243 3341 1279 3400 et
1294 3327 1475 3400 moralitas
1489 3329 1526 3398 in
1538 3327 1700 3418 historia,
1708 3339 1749 3399 'et
1759 3328 1846 3399 mis·

245 3449 335 3519 ticos
352 3445 549 3518 intellectus
565 3447 759 3521 invenitur.
778 3447 834 3519 Ad
851 3447 1033 3519 misticum
1049 3470 1136 3519 vero
1153 3446 1372 3520 intellectum
1388 3446 1543 3546 pertinet
1558 3445 1762 3546 prophetia.
1784 3449 1845 3518 Est

244 3580 364 3640 autem
384 3565 574 3665 prophetia
592 3567 776 3666 inspiratio
798 3567 921 3639 divina
936 3591 1017 3664 quae
1035 3589 1100 3666 per
1116 3566 1285 3658 visiones,
1305 3567 1361 3638 vel
1378 3590 1442 3667 per
1466 3566 1570 3657 sacta,
1589 3564 1646 3637 vel
1664 3588 1728 3663 per
1746 3564 1845 3637 'dicta

244 3686 486 3784 quorumdam
503 3686 792 3760 incommutabili
807 3687 955 3763 veritate
972 3699 1123 3759 eventus
1139 3709 1262 3759 rerum
1278 3685 1447 3757 ostendit.
1468 3688 1536 3757 Per
1552 3685 1708 3757 visiones
1724 3698 1766 3755 ut
1780 3708 1845 3783 per
1944 3732 1947 3735 ι

245 3805 426 3896 Ezechiel,
446 3819 483 3877 et
497 3806 638 3899 Daniel,
656 3794 692 3879 et
713 3807 946 3903 Evangelistae
967 3805 1141 3879 lohannis
1158 3806 1348 3878 visionem.
1368 3810 1435 3877 Per
1451 3805 1555 3898 sacta,
1575 3820 1615 3876 ut
1630 3827 1696 3903 per
1711 3804 1844 3875 immo·

243 3925 416 3998 lationem
437 3924 599 4018 Abrahae,
618 3928 655 3999 iu
672 3951 745 4025 qua
767 3926 936 3999 divinitas
954 3940 991 3998 et
1008 3925 1213 3997 humanitas
1228 3924 1369 3995 domiui
1384 3905 1497 3996 nostri
1514 3928 1598 3995 lesu
1612 3921 1841 4019 intelligitur3

244 4068 309 4145 per
335 4046 482 4118 arietem
508 4047 606 4118 enim
634 4047 881 4137 immolatum,
911 4046 1116 4120 humanitas
1144 4043 1295 4135 Christi,
1325 4043 1443 4116 idest
1469 4067 1554 4115 caro
1583 4041 1713 4114 Christi
1739 4065 1844 4141 passa

243 4163 479 4260 significatum
511 4190 576 4264 per
606 4170 702 4239 Isaac
727 4190 815 4239 vero
843 4180 1063 4239 reservatum
1090 4180 1126 4236 et
1157 4163 1311 4253 illesum,
1344 4164 1421 4262 ipsa
1450 4162 1582 4234 Christi
1611 4159 1780 4233 divinitas
1805 4162 1841 4233 in

245 4284 411 4379 passione
433 4285 551 4357 carnis
569 4283 676 4357 fuisse
695 4285 794 4358 illesa
815 4285 1057 4382 cognoscitur.
1083 4287 1151 4355 Per
1173 4281 1271 4356 dicta
1286 4297 1437 4355 eventus
1457 4305 1578 4354 rerum
1601 4281 1843 4352 incommuta·

244 4398 309 4472 bili
326 4403 472 4474 veritate
490 4403 665 4495 ostendit,
686 4419 726 4476 ut
741 4405 804 4476 ista
822 4403 1027 4504 prophetia.
1046 4408 1109 4476 Est
1124 4417 1246 4475 autem
1262 4400 1453 4499 prophetia
1472 4396 1668 4495 aliquando
1687 4396 1733 4469 de
1751 4421 1844 4495 prm·

245 4520 364 4610 terito,
379 4520 572 4617 aliqnando
587 4520 633 4593 de
649 4524 834 4620 prasenti,
850 4522 1045 4620 aliquando
1062 4521 1260 4594 defuturo.
1287 4522 1341 4590 De
1359 4516 1550 4616 praeterito,
1568 4529 1610 4587 ut
1624 4515 1767 4605 Moises,
1786 4514 1842 4588 di·

245 4639 330 4731 yina
342 4639 575 4739 inspiratione
592 4638 755 4730 relectus,
770 4640 899 4712 mundi
913 4639 1186 4739 dispositionem
1199 4634 1493 4736 philosophando
1510 4634 1681 4728 ostendit,
1693 4634 1839 4707 dicens:

248 4763 323 4830 uin
342 4759 521 4858 principio
537 4759 670 4831 creavit
690 4761 787 4830 Deus
807 4758 939 4832 coelum
960 4773 996 4830 et
1018 4773 1163 4832 terram.
1186 4788 1204 4825 n
1223 4758 1277 4829 De
1294 4754 1473 4855 praesenti,
1492 4769 1533 4827 ut
1551 4781 1560 4825 ε
1583 4784 1601 4820 α
1622 4759 1713 4826 Ecce
1728 4776 1842 4849 agnus

276 5067 394 5119 ‘Protin
406 5081 458 5132 nv,
473 5084 495 5119 v.
510 5072 533 5122 3.
545 5097 575 5108 -
585 5073 594 5102 ²
604 5070 700 5132 hauh„
720 5086 776 5138 cap.
787 5084 836 5137 vu,
850 5087 874 5123 v.
887 5075 909 5125 1.
930 5100 957 5111 -
972 5073 1129 5125 ’comment
1144 5070 1309 5134 descriptor.
1322 5065 1429 5130 docter„
1442 5073 1461 5117 t.
1475 5064 1507 5127 11,
1515 5077 1541 5130 p.
1556 5065 1627 5118 117⁰.
1646 5091 1675 5104 -
1696 5062 1839 5115 walion.

247 5145 311 5198 ma.
324 5153 349 5198 et
358 5148 408 5213 ins.
419 5150 538 5214 tottam,
551 5157 570 5200 t.
583 5148 624 5214 lv,
636 5164 662 5215 p.
671 5151 726 5204 tat.
1380 5162 1384 5171 ’
