4559 6100
178 116 239 182 Cui
260 114 400 181 breviter
422 112 603 205 respondeo
621 137 629 179 ε
648 115 776 180 Deus.»
797 114 906 178 Homo
923 138 1087 196 romanus,
1104 136 1230 204 grossus
1245 111 1401 195 camelus,
1419 113 1577 205 gallicano
1593 133 1784 207 argumento

178 235 344 328 gibbosus,
362 251 450 300 trans
468 237 563 325 Alpes
578 233 683 316 saltat,
702 232 831 323 utquid
849 235 889 299 sit
905 231 1104 325 diligendum
1121 233 1273 320 inquirat,
1308 234 1398 322 quasi
1410 236 1501 320 juxta
1515 259 1548 301 se
1564 259 1630 301 nou
1645 238 1778 321 habeat,

179 356 236 444 qui
250 355 298 420 rei
313 356 409 453 hujus
430 355 491 419 sibi
508 356 676 419 notionem
692 354 855 419 infundat.
873 356 933 419 Cui
955 370 1063 418 noster
1083 352 1293 442 philosophus
1309 352 1442 461 maqdat
1461 379 1527 420 non
1547 357 1697 422 virtutem
1713 381 1805 437 esse,

180 474 401 565 diligendam,
419 491 455 539 ut
471 475 679 564 Chrysippus,
712 498 773 539 nec
793 474 1010 564 voluptatem,
1034 489 1072 538 ut
1092 472 1269 563 Aristipu53
1294 472 1351 537 sed
1375 475 1495 558 Deum,
1522 492 1558 540 ut
1577 478 1779 545 christianus.

178 595 353 661 Acutulum
373 618 450 661 sane
468 578 674 685 responsum,
693 610 726 660 et
743 595 839 660 docto
855 595 987 659 homine
1009 592 1161 683 dignum!
1182 592 1246 658 Sed
1265 616 1414 681 quaenam
1431 593 1554 679 abjecta
1576 597 1785 681 muliercula,

178 716 327 805 quisnam
345 716 410 779 hoc
425 715 552 805 ignoret
572 731 734 780 extremus
751 713 873 779 idiota?
889 714 940 777 Sic
954 712 1223 803 philosophantur
1245 714 1278 777 in
1299 714 1445 778 textrinis
1463 713 1609 779 aniculae.
1627 715 1679 780 Sic
1698 740 1779 806 pro·

176 835 353 927 positiones
376 835 500 925 Dagani
521 859 594 900 cum
613 836 689 920 joco
713 835 823 899 mirari
843 832 993 898 solemus.
1019 834 1066 898 De
1091 834 1180 918 cujus
1205 834 1477 922 propositionibus
1500 833 1620 924 aliquas
1645 835 1784 926 exempli

177 956 280 1048 gratia
296 956 494 1020 interseram.
518 954 660 1036 ·Fitius‚
678 956 798 1044 inquit,
817 978 887 1019 sum
905 954 1015 1018 matris
1031 977 1124 1019 meae.
1144 953 1294 1019 Placenta
1311 970 1359 1020 est
1372 956 1476 1045 panis.
1495 957 1598 1046 Caput
1613 980 1722 1021 meum
1738 973 1790 1022 est

176 1077 316 1168 grossius
331 1099 441 1166 pugno
458 1098 544 1139 meo.
563 1077 645 1139 Cum
663 1074 812 1140 meridies
828 1092 887 1155 est,
902 1073 969 1139 dies
986 1091 1045 1140 est.
1063 1105 1077 1130 n
1099 1073 1179 1155 Quis
1196 1090 1255 1153 est,
1273 1076 1324 1139 cui
1343 1074 1453 1139 audita
1470 1092 1536 1140 tam
1552 1076 1688 1142 ridicula
1701 1077 1785 1142 veri-

174 1212 260 1278 tate,
284 1196 371 1261 labia
392 1197 457 1260 risu
476 1219 543 1259 non
564 1196 768 1284 quatiantur?
785 1196 937 1275 Similiter
958 1211 991 1260 et
1013 1218 1088 1260 cum
1107 1194 1289 1259 Bernardus
1306 1194 1404 1278 dixit,
1424 1198 1529 1262 Deum
1552 1220 1619 1261 esse
1643 1196 1783 1288 diligen-

174 1315 268 1393 dum,
289 1315 488 1382 verissimum
509 1315 640 1403 quidem
661 1316 758 1399 dixit,
781 1332 817 1395 et
830 1315 1013 1380 venerabile
1034 1339 1166 1397 verum,
1189 1315 1245 1380 sed
1268 1315 1309 1380 ad
1330 1318 1394 1380 hoc
1411 1316 1585 1381 dicendum
1605 1341 1664 1407 pro
1680 1317 1784 1382 nihilo

174 1445 299 1534 aperuit
320 1468 356 1508 os
379 1468 484 1511 suum.
507 1444 612 1509 Nemo
636 1445 721 1509 enim
744 1443 872 1509 dehoc
898 1443 1036 1509 dubitat.
1061 1444 1218 1534 Sperabat
1242 1445 1330 1509 enim
1351 1467 1504 1510 romanus
1529 1444 1649 1535 aliquid
1669 1446 1782 1512 secreti

175 1564 299 1646 audire,
318 1580 351 1630 et
366 1565 626 1629 Archimandrita
643 1580 751 1629 noster
768 1563 832 1629 tale
853 1563 932 1653 quid
947 1564 1086 1645 intonat,
1105 1564 1194 1655 quod
1210 1564 1344 1652 quilibet
1358 1566 1493 1630 rusticus
1509 1563 1628 1629 valeret
1644 1590 1781 1657 respon·

146 1674 150 1681 ¹
174 1683 263 1751 dere.
283 1686 324 1749 Et
341 1702 450 1751 tamen
468 1686 544 1750 dum
563 1688 666 1750 Deum
690 1684 890 1778 diligendum
907 1709 973 1750 esse
990 1686 1197 1776 pronunciat,
1218 1683 1355 1750 latenter
1371 1685 1443 1749 ferit
1466 1709 1653 1768 romanum,
1675 1689 1782 1775 quiin

173 1807 262 1871 curia
278 1806 374 1896 Papoe
391 1830 458 1870 non
474 1807 579 1870 Deum
596 1804 753 1871 didicerat
770 1830 895 1884 amare,
914 1807 974 1875 sed
989 1830 1116 1871 aurum.
1135 1806 1284 1895 Sequitur
1299 1822 1410 1895 postea
1427 1805 1468 1871 de
1483 1807 1585 1871 modo
1601 1805 1779 1898 diligendi:

178 1954 192 1983 α
209 1925 345 2003 Modus,
374 1927 494 2014 inquit,
518 1928 653 1991 estsine
674 1924 774 1989 modo
801 1923 976 2016 diligere.»
1004 1925 1221 2005 Aimericum,
1246 1924 1290 1988 sic
1313 1925 1399 1988 enim
1423 1925 1525 1989 dictus
1548 1941 1596 1990 est
1618 1924 1661 1990 ad
1685 1950 1782 2015 quem

171 2046 299 2126 scribis,
324 2047 415 2136 quasi
436 2046 541 2112 lacteo
565 2070 660 2112 succo
684 2047 815 2136 pavisti,
843 2046 922 2111 dum
948 2049 1053 2111 Deum
1076 2045 1277 2136 diligendum
1301 2062 1409 2134 aperte
1434 2047 1664 2135 pronunciasti.
1687 2047 1783 2113 Nunc

171 2189 247 2231 eum
263 2167 370 2231 subito
387 2166 429 2232 ad
447 2167 560 2232 altiora
576 2168 761 2257 suberigens
779 2166 875 2244 dicis,
901 2167 989 2256 quod
1011 2167 1127 2232 modus
1144 2164 1299 2256 diligendi
1316 2166 1421 2229 Deum
1443 2166 1483 2228 sit
1503 2167 1570 2230 sine
1583 2141 1691 2232 ἱιῒιοόο
1706 2168 1780 2232 dili

171 2309 259 2375 gere.
278 2288 343 2370 Qui
359 2289 546 2376 quaesiverat
562 2287 640 2375 quid
656 2304 737 2352 esset
754 2286 974 2377 diligendum,
1001 2286 1042 2352 de
1059 2310 1123 2375 quo
1139 2310 1202 2357 nec
1220 2283 1429 2376 pauperculus
1445 2284 1632 2350 christianus
1648 2286 1781 2376 quidem

169 2405 349 2489 haesitaret,
373 2407 539 2497 quomodo
560 2408 678 2497 poterit
697 2409 782 2471 hauc
804 2406 1016 2472 subtilitatem
1035 2405 1227 2497 intelligere,
1251 2403 1340 2494 quod
1358 2404 1475 2469 modus
1496 2404 1650 2495 diligendi
1675 2409 1781 2473 Deum

171 2525 213 2588 sit
228 2527 296 2590 sine
313 2527 413 2591 modo
431 2526 584 2617 diligere?
600 2528 638 2590 ln
655 2550 719 2615 quo
737 2526 933 2616 impossibile
951 2525 1105 2614 quiddam
1121 2524 1282 2615 spondere
1297 2508 1426 2588 videris.
1451 2526 1533 2588 Cum
1553 2527 1639 2590 enim
1661 2527 1775 2592 stabile

171 2643 335 2732 fixumque
350 2647 391 2709 sit
414 2647 518 2711 Deum
536 2669 573 2711 ea
595 2644 814 2715 munificentia
832 2668 899 2710 esse
915 2644 1098 2735 praeditum,
1112 2660 1149 2707 ut
1165 2628 1367 2732 nequaquam
1380 2659 1487 2706 nostra
1498 2644 1531 2708 in
1545 2643 1635 2711 illum
1648 2644 1777 2712 dilectio

171 2766 239 2849 ejus
246 2764 394 2856 dignitati
407 2765 649 2856 aequipollenter
660 2765 856 2855 respondere
866 2764 1002 2830 sufficiat
1014 2787 1022 2828 ι
1034 2762 1202 2854 quomodo
1214 2763 1282 2826 sine
1292 2762 1391 2826 modo
1403 2762 1582 2853 diligemus,
1594 2787 1690 2854 quem
1701 2789 1775 2832 cum

170 2884 273 2949 modo
293 2885 424 2977 diligere
445 2910 511 2950 non
529 2885 692 2951 valemus?
709 2885 899 2969 Quomod0,
917 2887 1068 2974 inquam,
1087 2884 1268 2975 porrigetur
1288 2880 1417 2947 dilectio
1433 2882 1517 2948 ultra
1529 2884 1683 2967 modum,
1701 2909 1776 2952 cum

170 3027 296 3097 semper
311 3022 477 3073 remaneat
496 3007 574 3071 citra
595 3005 751 3072 modum?
765 3009 830 3072 Aut
851 3008 876 3072 si
894 3007 938 3071 sic
954 3005 1137 3072 intellexisti
1154 3005 1221 3069 sine
1238 3003 1337 3069 modo
1362 3002 1505 3095 diligere,
1524 3003 1558 3069 id
1579 3021 1626 3071 est
1643 3005 1776 3098 diligere

170 3127 260 3214 quod
276 3152 341 3192 non
365 3128 568 3219 perveniatur
584 3127 626 3193 ad
642 3152 821 3219 congruum
839 3126 994 3218 diligendi
1008 3126 1156 3207 modum,
1173 3124 1341 3194 ridiculam
1356 3126 1598 3216 intelligentiam
1612 3128 1777 3217 portendit

169 3247 333 3312 somnium
356 3263 461 3312 tuum.
481 3247 566 3311 Dum
584 3249 691 3338 itaque
715 3248 903 3313 rhetoricari
925 3246 1068 3327 voluisti,
1096 3261 1129 3310 et
1151 3245 1379 3310 obscuritatem
1404 3245 1538 3328 dedisti,
1565 3263 1598 3311 et
1619 3247 1777 3335 quiddam
1840 3325 1845 3330 ,

168 3364 340 3457 inopinum
357 3384 452 3456 atque
468 3367 664 3457 impossibile
680 3368 863 3451 confecisti,
881 3368 958 3432 dum
973 3368 1078 3432 Deum
1094 3366 1162 3432 sine
1179 3363 1280 3430 modo
1297 3363 1498 3456 diligendum
1513 3363 1661 3434 docuisti.

492 3598 609 3670 Quanto
622 3596 728 3655 rectius
746 3594 795 3673 hic
807 3594 859 3674 qui
871 3593 912 3653 nil
926 3593 1044 3653 molitur
1055 3593 1154 3673 inepte
1164 3594 1197 3652 ¹?

168 3830 415 3900 lesus-Christus
431 3838 561 3919 scilicet,
575 3839 630 3927 qui
643 3862 701 3928 per
716 3835 926 3927 Evangelium
939 3859 1032 3902 suum
1048 3834 1203 3925 diligendi
1219 3833 1355 3899 modum
1372 3833 1569 3925 exprimens²
1592 3857 1600 3901 :
1619 3835 1770 3925 «Diliges,
1788 3881 1793 3890 -

168 3951 289 4042 inquit,
314 3955 491 4019 Dominum
507 3957 611 4020 Deum
627 3973 719 4022 tuum
742 3976 786 4022 ex
803 3972 873 4021 toto
890 3955 988 4021 corde
1004 3971 1079 4036 tuo,
1100 3970 1188 4019 etex
1205 3969 1273 4018 tota
1290 3970 1397 4020 mente
1420 3970 1491 4036 tua,
1515 3970 1605 4019 etex
1622 3956 1772 4021 omnihus

157 4056 290 4140 'viribus
305 4076 379 4140 tuis.
396 4107 410 4132 »
431 4075 493 4139 Hic
510 4074 615 4141 nullus
631 4076 824 4164 eloquentiae
839 4075 941 4151 fucus,
962 4074 1019 4139 sed
1036 4097 1125 4140 mera
1142 4089 1268 4137 tantum
1282 4074 1409 4153 veritas,
1428 4073 1561 4164 simplici
1576 4090 1608 4141 et
1625 4075 1772 4142 absoluto

170 4211 219 4261 est
235 4219 383 4287 expressa
399 4195 540 4285 cloquio.
559 4195 621 4260 Hic
636 4219 788 4260 romanus
805 4217 916 4260 aurem
932 4193 1167 4260 accommodet.
1194 4194 1255 4257 Hic
1278 4193 1435 4285 superbiae
1458 4210 1611 4259 strumam
1628 4193 1770 4284 deponat

169 4318 322 4402 camelus,
340 4318 415 4408 quia
430 4318 447 4382 J
449 4341 518 4383 esus
533 4316 587 4382 hic
602 4315 648 4381 nil
664 4315 862 4407 impossibile
876 4316 1079 4407 pronunciat.
1096 4315 1198 4396 Jesus,
1215 4314 1360 4405 inquam,
1377 4314 1544 4380 sententiae
1559 4313 1664 4381 lucem
1679 4332 1768 4388 tene·

203 4566 345 4626 'flauum
361 4569 391 4621 da
400 4571 454 4620 Art.
465 4569 551 4634 Post,
573 4583 598 4621 r.
610 4570 664 4621 tto.
678 4594 707 4605 -
719 4541 833 4630 matu,
844 4580 900 4630 cap.
911 4578 972 4626 nn,
983 4579 1008 4618 r.
1021 4569 1062 4618 tt.
