4559 6100
690 587 735 658 lN
760 586 1002 661 sttstotttt
1026 589 1087 663 AD
1118 585 1342 664 ROMANOS.
1737 586 1809 662 339

223 732 448 822 intermittat,
466 733 533 806 nisi
554 732 600 807 ad
619 734 756 831 majora
775 736 1038 830 conscenderit,
1062 762 1142 835 quae
1158 736 1248 810 illud
1271 751 1391 810 tenere
1410 735 1620 836 impediant.
1642 735 1694 809 Ad
1709 738 1810 835 quod

227 851 375 950 quidem
410 851 713 952 respondendum,
739 852 912 945 arbitror,
943 855 1044 952 quod
1067 857 1096 927 si
1117 855 1190 928 boc
1223 879 1299 927 non
1331 870 1404 927 tam
1423 880 1491 955 pro
1520 857 1710 928 antistante
1734 857 1812 955 lege

225 970 391 1044 observet
406 973 434 1063 ¹,
455 995 563 1067 quam
579 995 647 1071 pro
663 973 738 1045 voti
754 974 808 1045 sui
826 973 1073 1073 dispositione,
1101 998 1329 1073 nequaquam
1354 972 1554 1071 culpandus
1580 987 1645 1060 est,
1673 997 1741 1046 nec
1764 975 1810 1047 ab

223 1090 294 1164 hoc
311 1089 554 1164 absolvendus
576 1104 629 1164 est
643 1106 744 1183 voto,
768 1092 835 1164 nisi
853 1090 943 1165 sorte
963 1107 1111 1193 propter
1133 1095 1337 1191 aliquorum
1361 1090 1570 1165 scandalum
1589 1115 1673 1163 eum
1691 1092 1811 1168 adbuc

225 1211 260 1281 in
299 1209 371 1283 hoc
403 1208 589 1283 Judaiaare
612 1209 869 1302 credentium,
893 1212 994 1309 quasi
1029 1236 1127 1284 nunc
1163 1236 1309 1309 quoque
1342 1226 1474 1284 statum
1518 1235 1625 1282 suum
1654 1209 1811 1307 legitime

226 1329 377 1402 retinere
408 1328 586 1419 crederet,
620 1344 656 1403 et
689 1327 738 1401 ob
770 1328 841 1402 hoc
872 1329 1081 1404 abstineret.
1116 1329 1268 1403 Videtur
1301 1329 1468 1402 nectale
1501 1329 1811 1426 votumslegitime

227 1446 283 1521 vel
309 1446 568 1529 rationabiliter
590 1462 678 1524 tune
698 1472 774 1520 esse
801 1446 948 1541 iactum,
978 1449 1041 1522 sed
1070 1475 1135 1549 per
1157 1474 1318 1522 errorem
1346 1447 1394 1520 ab
1418 1473 1463 1520 eo
1489 1448 1527 1519 in
1551 1446 1812 1545 professionem

225 1565 314 1642 illud
331 1567 551 1665 promissum
568 1591 658 1658 esse,
676 1590 760 1639 cum
780 1567 896 1665 legem
909 1567 1042 1641 scilicet
1061 1568 1098 1640 in
1116 1569 1268 1667 pristino
1285 1568 1408 1664 vigore
1424 1592 1490 1640 suo
1507 1580 1811 1665 perseveraturam

223 1684 420 1764 crederet..

276 1836 293 1871 a
308 1805 502 1878 Debemus.
520 1836 538 1872 a
556 1805 638 1878 Dixi
648 1807 815 1905 superius
830 1805 881 1878 nil
892 1831 968 1879 esse
980 1830 1190 1899 commune,
1208 1809 1319 1881 immo
1337 1807 1459 1880 omnin
1476 1805 1611 1879 munda
1628 1804 1807 1901 fidelibus,

223 1923 286 2002 sed
298 1937 416 1998 tamen
427 1922 601 1997 debemus
616 1927 812 2022 eorumqui
829 1925 930 2000 aliter
942 1926 1138 2000 creduntet
1145 1925 1360 1999 infirmiores
1369 1940 1453 1999 suut
1461 1925 1498 1997 in
1509 1922 1581 1997 fide
1590 1923 1811 1998 debilitatem

224 2043 388 2129 tolerare,
414 2056 451 2115 et
475 2068 581 2116 ‹non
604 2043 709 2117 nobis
724 2045 878 2145 placere,
891 2077 909 2112 »
932 2045 970 2118 id
987 2061 1044 2119 est
1063 2071 1139 2119 non
1165 2061 1324 2120 nostram
1350 2045 1397 2118 de
1421 2044 1472 2130 eis
1494 2043 1717 2116 voluntatem
1743 2045 1812 2117 im-

224 2162 334 2259 plere,
359 2163 458 2261 ipsos
483 2162 618 2237 scilicet
632 2163 854 2264 repellendo,
880 2164 1089 2239 sedentum
1113 2191 1272 2265 quaerere
1295 2164 1465 2253 salutem,
1484 2187 1547 2235 eos
1571 2162 1705 2236 scilicet
1725 2162 1812 2238 tole-

224 2279 353 2354 rando.
372 2283 555 2373 «Placeat,
570 2312 589 2351 a
607 2281 711 2356 idest
723 2281 863 2382 placere
880 2282 1020 2357 studeat
1036 2285 1075 2356 iu
1093 2309 1138 2357 eo
1153 2283 1255 2383 quod
1278 2281 1458 2382 culpabile
1483 2305 1558 2353 uon
1580 2294 1645 2374 est,
1665 2296 1812 2381 propter

226 2398 524 2474 «aedificationem
540 2431 559 2468 a
580 2401 713 2474 scilicet
734 2403 858 2503 ipsius.
885 2401 993 2476 Aliter
1012 2404 1108 2476 enim
1130 2427 1155 2475 a
1178 2402 1283 2476 uobis
1298 2399 1463 2475 edificari
1491 2423 1566 2471 non
1590 2401 1722 2497 poterit
1745 2401 1812 2472 nisi

225 2533 385 2593 nostram
400 2521 604 2594 doctrinam
620 2522 826 2620 susceperit,
837 2536 872 2595 et
886 2520 959 2595 hoc
971 2522 1136 2621 exemplo
1151 2520 1282 2594 Christi
1298 2521 1479 2594 iaciamus.
1497 2523 1540 2589 Et
1553 2515 1625 2590 hoc
1641 2532 1707 2607 est,
1728 2522 1812 2592 «Et-

224 2640 334 2718 enim.
346 2668 364 2707 a
380 2639 489 2713 idest
509 2641 621 2713 homo
640 2639 700 2715 itte
715 2655 918 2741 assumptus
940 2667 962 2716 a
976 2641 1110 2736 Verbo,
1128 2642 1192 2740 qui
1205 2639 1404 2714 meandum
1418 2639 1494 2735 ejus
1510 2637 1716 2710 unctionem
1729 2662 1813 2736 spe·

88 2809 94 2819 -
223 2757 359 2830 cialiter
384 2757 548 2834 Christus
571 2759 716 2853 dicitur,
742 2784 817 2832 non
847 2774 921 2834 tam
944 2760 1111 2834 humanae
1138 2783 1247 2859 quarn
1272 2757 1400 2831 divinae
1424 2756 1617 2829 voluntatis
1645 2754 1815 2854 placitum

222 2874 374 2975 implere
389 2877 537 2951 studtdt.
557 2878 661 2952 Unde
673 2893 709 2952 ct
725 2879 875 2978 ipsemet
896 2880 985 2952 ait¹:
1005 2886 1111 2952 «Non
1126 2880 1208 2953 veni
1225 2879 1340 2951 facere
1357 2876 1579 2948 voluntatem
1596 2897 1732 2961 meam,
1752 2875 1815 2948 sed

220 2994 377 3095 ejusqui
394 2996 488 3071 misit
501 3022 572 3070 me.
584 3025 602 3067 n
619 2999 794 3073 Voluntas
807 3001 942 3099 quippe
957 2998 1115 3074 hominis
1132 3022 1174 3075 ea
1190 2999 1335 3099 proprie
1349 2996 1493 3084 dicitur,¹
1510 3018 1590 3093 quae
1607 3018 1649 3067 ex
1666 2991 1815 3068 infirmi·

219 3128 296 3188 tate
317 3116 373 3188 vel
396 3115 627 3214 passibilitate
649 3119 766 3191 carnis
778 3118 888 3211 illata,
913 3142 994 3192 eam
1018 3117 1228 3193 naturaliter
1248 3117 1409 3213 quietare
1434 3115 1585 3214 appetit,
1612 3139 1691 3212 quae
1711 3113 1817 3187 nullis

217 3232 402 3328 affligatur
430 3233 613 3327 molestiis,
646 3235 710 3309 sed
735 3235 782 3310 ab
810 3237 912 3314 omni
939 3238 1082 3335 penitus
1106 3260 1214 3335 poena
1237 3235 1281 3306 sit
1304 3233 1487 3320 immunis,
1514 3233 1606 3304 sicut
1630 3246 1665 3302 ct
1693 3232 1817 3328 primis

218 3350 432 3450 patemibus
449 3366 533 3427 ante
551 3369 968 3451 peccatum-concessum
981 3370 1047 3445 est,
1072 3368 1107 3426 et
1125 3353 1301 3426 in‘lutura
1318 3353 1390 3424 vita
1407 3351 1548 3449 plenius
1568 3348 1673 3422 nobis
1686 3371 1816 3420 conce·

218 3468 387 3555 dendum
403 3483 468 3544 est.
490 3471 588 3545 Sicut
601 3473 698 3545 enim
717 3474 866 3545 miserim
879 3497 1037 3570 poenam,
1057 3474 1108 3545 sic
1124 3472 1284 3570 quietem
1300 3483 1441 3542 constat
1453 3492 1542 3558 esse,
1563 3481 1598 3538 et
1611 3466 1703 3537 sicut
1717 3465 1817 3561 quod

217 3589 455 3663 beanmdinis
476 3591 534 3664 vel
550 3592 681 3688 quietis
705 3606 758 3665 est
784 3593 1110 3691 quisqueappetit,
1135 3592 1185 3663 sic
1207 3589 1308 3686 quod
1336 3587 1485 3658 miseriae
1510 3583 1566 3656 vel
1591 3583 1724 3657 laboris
1748 3597 1814 3675 est,

219 3708 365 3805 refugit.
385 3710 477 3782 Talis
501 3711 620 3808 itaque
638 3710 817 3809 appetitus
835 3710 995 3783 humana
1018 3711 1055 3783 in
1081 3709 1188 3783 nobis
1206 3708 1373 3781 voluntas
1397 3705 1541 3797 dicitur,
1562 3727 1672 3804 quam
1688 3701 1819 3774 volun-

219 3842 337 3912 tatem
363 3827 746 3926 quisqueobediendo
772 3830 947 3929 seqnitur.
984 3834 1028 3901 At
1052 3830 1215 3927 inquies,
1239 3824 1435 3915 Quomodo
1461 3822 1622 3897 Christus
1648 3847 1722 3896 non
1752 3820 1821 3894 sibi

219 3947 372 4046 pinculi,
391 3948 422 4020 Si
437 3946 570 4046 placuit
592 3950 671 4019 Deo
694 3948 811 4046 patri?
828 3948 1012 4048 Numquid
1034 3946 1136 4021 alteri
1158 3946 1301 4046 placere
1314 3958 1442 4044 ‘potest
1463 3942 1565 4041 quod
1581 3941 1682 4015 alteri
1696 3938 1821 4039 displi*
1938 3943 1942 3949 ’

219 4067 332 4143 ceat?
351 4066 535 4164 Numquid
553 4066 941 4165 ornnesjusti·Cbristo
964 4066 1225 4166 placent'sicut
1245 4079 1283 4138 et
1299 4063 1420 4137 Patri?
1444 4065 1494 4133 rin
1520 4062 1687 4137 voluntas
1708 4061 1821 4134 Patris

217 4200 280 4259 est
305 4186 374 4259 alia
390 4211 501 4285 quam
525 4188 691 4261 voluutas
711 4187 867 4260 Christi?
882 4187 980 4276 Quid
1000 4190 1120 4285 itaque
1137 4200 1207 4280 est,
1227 4183 1389 4257 Christus
1406 4207 1480 4256 nou
1504 4180 1571 4255 sibi
1594 4180 1741 4280 placuit,
1765 4177 1822 4251 vel

217 4329 302 4376 non
328 4305 425 4377 venit
450 4305 566 4379 lacere
588 4306 811 4384 voluntatem
832 4330 948 4400 suam,
975 4307 1044 4379 nisi
1067 4304 1169 4404 quod
1190 4294 1378 4402 nunquam
1399 4302 1513 4374 bomo
1535 4301 1595 4374 ille
1619 4309 1823 4396 assumptus

216 4422 367 4520 aliquid
381 4423 498 4498 lacere
518 4426 705 4526 appetivit,
725 4424 828 4524 quod
852 4424 912 4498 hic
935 4425 1003 4498 sibi
1025 4449 1134 4499 suave
1157 4447 1234 4505 ‚esse
1250 4422 1434 4521 speravit,
1459 4419 1520 4493 sed
1544 4420 1628 4516 quia
1650 4416 1722 4488 hoc
1743 4416 1822 4486 Deo

218 4540 370 4639 placere
394 4540 574 4631 credidit?
597 4548 732 4617 Omnes
756 4568 843 4616 vero
865 4543 925 4617 alii
947 4538 1283 4642 quantumcumque
1310 4542 1381 4611 sint
1407 4538 1533 4627 sancti,
1562 4535 1647 4633 quia
1671 4532 1823 4606 omnino

216 4673 391 4758 expertes
421 4663 559 4759 peccati
591 4687 684 4734 nont
710 4674 817 4754 sunt,
846 4661 1022 4735 nonnulla
1045 4686 1089 4734 ex
1120 4657 1327 4733 infirmitate
1359 4654 1417 4729 vel
1447 4652 1676 4754 passibilitate
1707 4650 1824 4723 carnis

216 4793 417 4876 appetunt,
447 4803 521 4853 non
547 4780 618 4854 alia
636 4780 683 4854 de
701 4804 824 4871 causa,
841 4780 910 4853 nisi
923 4794 963 4853 ut
986 4780 1054 4880 ipsi
1076 4776 1277 4851 infirmitati
1300 4773 1532 4865 satisfaciant,
1558 4787 1592 4845 et
1614 4781 1824 4872 prmsentem

154 4900 169 4921 ‘
215 4898 436 4996 passionem
460 4902 515 4974 vel
546 4900 777 4974 afflictionem
809 4900 956 4973 evitent.
979 4900 1089 4988 Quod
1110 4896 1259 4996 quidem
1286 4909 1340 4968 est
1362 4892 1429 4966 sibi
1457 4890 1609 4992 placere,
1636 4904 1698 4963 aut
1722 4908 1824 4959 suam

266 5167 360 5221 'nnn
373 5170 516 5229 satiem
528 5169 592 5235 lepis
602 5184 652 5222 noa
664 5170 788 5234 onmes,
803 5170 866 5223 nate
877 5178 904 5221 ιιι
916 5171 1012 5235 optnon
1021 5196 1051 5209 —
1061 5172 1069 5201 ²
1078 5168 1150 5221 toan.
1164 5167 1185 5235 i,
1196 5179 1254 5237 cap·
1263 5179 1296 5226 vr,
1310 5180 1333 5219 ι.
1344 5168 1384 5225 8⁸,
