4559 6100
642 607 934 683 inunuuucuo
960 611 1020 684 ΑΙ)
1043 608 1349 681 mantuana.
1750 611 1796 680 85

206 756 409 865 vinculum,
428 795 534 872 posse
554 770 824 845 matrimonium
843 762 1069 856 contrahere,
1090 760 1166 847 ubi,
1186 759 1268 832 licet
1283 760 1329 830 sit
1344 758 1419 830 voti
1435 760 1681 855 transgressio,
1698 762 1796 835 nulla

201 913 321 970 tamen
347 892 409 966 liet
435 892 531 965 initae
567 892 705 990 copulae
736 887 939 989 separatio:
959 884 1021 957 sed
1044 883 1082 956 in
1107 884 1186 980 ipso
1205 891 1456 979 permanentes
1482 880 1726 972 matrimonio,
1752 878 1797 957 de

202 1014 481 1113 transgressione
497 1012 744 1112 paenitentiam
762 1022 884 1107 agunt.

248 1134 386 1207 Tertius
409 1156 495 1205 vero
511 1130 778 1231 praedictorum,
798 1152 875 1201 non
897 1126 1016 1199 solum
1034 1120 1288 1223 predictarum
1303 1144 1540 1220 personarum
1564 1125 1798 1222 proprietates
1894 1186 1897 1191 „

203 1277 257 1325 res
273 1249 431 1325 diversas
447 1275 468 1324 a
482 1255 559 1323 Deo
583 1251 780 1343 constituit,
799 1270 927 1321 verum
950 1244 1058 1321 etiam
1074 1241 1276 1342 potentiam
1292 1240 1373 1333 Dei,
1388 1240 1575 1337 justitiam,
1597 1243 1798 1317 misericor·

203 1372 318 1461 diam,
339 1372 647 1465 immerentem
669 1366 878 1468 hujusmodi
909 1386 990 1462 quae
1010 1364 1112 1460 juxta
1127 1361 1277 1434 humani
1298 1361 1476 1434 sermonis
1497 1363 1798 1473 consuetudinem

203 1492 238 1563 in
268 1494 347 1564 Deo
368 1489 626 1589 significantur,
653 1513 710 1563 res
735 1485 909 1585 quasdam
937 1496 976 1557 et
1002 1482 1190 1581 qualitates
1210 1480 1256 1553 ab
1281 1481 1361 1581 ipso
1388 1480 1568 1576 diversas,
1588 1484 1680 1557 sicut
1701 1500 1739 1559 et
1760 1489 1796 1560 in

203 1610 308 1685 nobis
319 1609 500 1703 coneedit,
525 1624 565 1683 ut
578 1625 669 1709 quot
685 1610 757 1683 sere
773 1606 950 1681 vocabula
966 1603 1013 1676 de
1035 1607 1114 1676 Deo
1130 1601 1314 1694 dicuntur,
1334 1615 1388 1676 tot
1408 1603 1446 1675 in
1461 1605 1539 1675 Deo
1560 1628 1616 1677 res
1642 1603 1798 1680 diversas

205 1732 405 1807 constituat·

251 1858 409 1942 Quartus
429 1867 550 1926 autem
569 1854 607 1925 iu
633 1867 769 1927 tantam
794 1852 961 1953 prorupit
982 1850 1176 1943 insaniam,
1196 1861 1238 1921 ut
1257 1836 1342 1946 quia
1358 1868 1415 1919 res
1430 1844 1533 1920 aliter
1554 1851 1697 1924 evenire
1717 1877 1798 1950 pos·

204 1991 285 2049 sunt
301 2001 411 2076 qnam
423 1980 521 2049 Deus
531 1976 751 2076 providerat,
770 1981 889 2051 Deum
901 1999 1006 2075 posse
1024 1973 1096 2048 falli
1114 1971 1303 2047 concedat.
1324 1972 1404 2044 Hoc
1416 1970 1468 2043 illi
1476 1972 1664 2046 attendant
1676 1978 1739 2074 qui
1752 1978 1798 2052 de

205 2094 274 2169 tide
293 2096 450 2196 amplius
466 2096 616 2170 minime
638 2094 871 2170 scribendum
893 2108 1094 2184 autumant,
1113 2117 1198 2166 cum
1215 2090 1334 2183 mille,
1352 2092 1524 2186 malunt,
1543 2093 1615 2167 hoc
1634 2110 1798 2196 tempore

205 2213 354 2290 haereses
369 2214 569 2314 pullulent,
589 2216 691 2313 quasi
706 2216 775 2316 ipsi
791 2215 956 2288 omnium
969 2213 1206 2288 conscientias
1219 2228 1256 2286 et
1269 2211 1378 2286 fidem
1395 2215 1642 2310 cognoverint.

254 2339 357 2408 Nunc
375 2333 419 2408 ad
437 2335 663 2434 propositum
686 2334 887 2429 redeamus,
916 2333 1069 2433 qualiter
1090 2331 1256 2406 videlieet
1281 2333 1318 2403 in
1335 2345 1433 2405 tauta
1450 2331 1579 2406 divinae
1595 2335 1800 2411 substantiae

211 2455 357 2544 unitate,
375 2469 444 2526 tres
458 2479 619 2555 personae
634 2454 782 2553 intelligi
798 2479 842 2528 ac
852 2454 978 2526 disseri
1002 2465 1148 2551 queant,
1168 2465 1208 2523 ut
1229 2476 1309 2550 quae
1322 2453 1558 2550 pronuntiant
1574 2454 1697 2548 rerba,
1722 2483 1798 2535 nou

208 2571 399 2646 abhorreat
414 2572 655 2672 intelligentia.
676 2577 826 2647 Tantam
846 2573 982 2673 quippe
1007 2571 1137 2644 divinae
1154 2571 1327 2644 unitatem
1340 2568 1546 2643 substantiae
1563 2596 1605 2644 ac
1622 2575 1800 2675 simplici-

206 2705 314 2765 tatem
325 2716 388 2767 seu
404 2692 627 2767 identitatem
640 2692 866 2793 profitemur,
884 2707 924 2766 ut
937 2693 1029 2765 sicut
1056 2715 1077 2764 a
1093 2689 1255 2791 partibus
1270 2691 1319 2763 ita
1334 2688 1381 2763 ab
1396 2688 1641 2765 accidentibus
1661 2694 1799 2770 immu-

206 2812 260 2884 nis
273 2814 424 2886 omnino
440 2827 656 2913 perseveret,
670 2836 739 2886 nee
754 2814 792 2885 in
808 2811 909 2885 nullo
925 2813 1070 2912 penitus
1086 2811 1217 2885 variari
1232 2823 1353 2909 queat,
1369 2809 1489 2883 necin
1506 2811 1584 2910 ipsa
1600 2814 1798 2915 quidquam

206 2956 282 3007 esse
298 2935 423 3031 possit,
442 2934 544 3033 quod
566 2934 644 3033 ipsa
659 2934 811 3007 nonsit.
832 2931 966 3005 Eadem
982 2933 1104 3031 itaque
1119 2930 1319 3004 substantia
1340 2929 1490 3029 simplex
1515 2933 1667 3007 omnino
1692 2950 1799 3037 atque

205 3053 390 3127 individua
406 3080 486 3153 quae
500 3059 603 3129 Pater
620 3069 673 3127 est
693 3068 768 3126 tam
783 3052 891 3126 Filius
906 3076 1016 3152 quam
1031 3052 1184 3151 Spiritus
1200 3067 1365 3144 sanctus;
1386 3050 1514 3124 eadem
1530 3053 1639 3127 etiam
1654 3069 1730 3131 tota
1746 3077 1801 3134 est

204 3173 369 3264 Trinitas,
390 3173 495 3247 idest
512 3189 584 3248 tres
595 3173 706 3248 simul
721 3173 778 3245 lrae
788 3197 962 3272 personae,
976 3196 1052 3245 non
1067 3187 1109 3245 ut
1127 3173 1247 3244 minus
1266 3173 1344 3270 ipsa
1361 3173 1512 3245 Trinitas
1529 3199 1638 3271 quam
1655 3178 1803 3276 singulae

204 3317 365 3390 persouae
381 3293 569 3367 individua
586 3294 631 3366 sit
646 3291 889 3395 praedicanda,
908 3317 975 3366 nec
989 3293 1034 3364 sit
1051 3292 1167 3389 major
1187 3293 1296 3364 totius
1311 3292 1491 3366 Trinitatis
1506 3298 1671 3388 essentia,
1696 3297 1733 3371 id
1748 3317 1799 3372 est

204 3413 316 3486 trium
332 3413 439 3487 simul
458 3437 694 3512 personarum
712 3435 822 3512 quam
837 3411 1074 3510 singularum,
1093 3411 1166 3484 hoc
1181 3425 1235 3484 est
1250 3411 1416 3483 omnium
1434 3412 1539 3484 simul
1556 3440 1666 3512 quam
1686 3412 1802 3515 cujus-

199 3530 294 3606 libet
315 3535 422 3606 unius
450 3555 574 3606 earum
602 3558 668 3634 per
691 3558 742 3606 se.
770 3532 875 3605 Unde
896 3532 1112 3628 Augustinus
1133 3528 1179 3602 de
1208 3532 1395 3620 Trinitate,
1423 3528 1487 3603 lib.
1505 3536 1589 3627 Vll,
1616 3559 1696 3635 cap.
1715 3544 1796 3610 vri:

198 3683 223 3720 a
248 3655 327 3725 Non
344 3654 517 3752 quoniam
528 3658 625 3727 Deus
641 3667 696 3728 est
709 3652 872 3744 Trinitas,
890 3651 973 3725 ideo
987 3651 1115 3752 triplex
1130 3648 1313 3749 putandus
1325 3663 1392 3746 est,
1407 3653 1568 3749 alioquin
1578 3655 1700 3728 minor
1712 3675 1804 3732 esset

195 3775 241 3846 in
259 3773 423 3871 singulis,
443 3798 552 3873 quam
569 3776 607 3847 in
623 3773 738 3846 tribus
752 3774 896 3872 pariter.
918 3801 936 3840 a
953 3776 1043 3845 Item
1061 3799 1070 3842 ε
1088 3800 1106 3840 u
1126 3773 1218 3843 Cum
1237 3770 1391 3845 dicimus
1407 3788 1478 3845 tres
1494 3799 1678 3872 personas,
1696 3803 1804 3851 unam

193 3893 412 3987 essentiam,
431 3919 550 3994 neque
562 3908 603 3968 ut
619 3893 789 3993 genusde
805 3892 1002 3993 speciebus,
1015 3907 1184 3990 nequent
1200 3892 1336 3991 species
1349 3892 1396 3966 de
1409 3892 1618 3990 individuis,
1633 3898 1803 3995 pradica-

194 4039 303 4087 mus.
316 4015 467 4088 Videtur
485 4039 591 4115 posse
609 4013 692 4103 dici,
710 4028 751 4086 ut
763 4029 836 4087 tres
851 4013 1017 4086 homines
1034 4036 1105 4085 una
1121 4026 1264 4107 natura,
1280 4013 1344 4086 sed
1359 4013 1440 4113 plus
1453 4031 1536 4087 sunt
1552 4030 1622 4090 tres
1638 4018 1805 4093 homines

187 4159 317 4233 quam
327 4159 433 4228 unus,
448 4135 510 4208 sed
528 4149 670 4208 nonest
685 4134 800 4233 major
811 4135 964 4207 essentia
979 4137 1083 4206 Pater
1094 4146 1130 4205 et
1137 4131 1259 4225 Filius,
1274 4158 1385 4232 quam
1401 4135 1499 4209 solus
1513 4141 1617 4209 Pater
1629 4152 1692 4211 aut
1707 4139 1805 4213 solus

186 4255 328 4327 Filius.
343 4256 480 4327 sltem:
496 4260 602 4327 «Non
610 4268 750 4327 tantum
758 4278 854 4326 unus
865 4229 1179 4350 hom0‚quantlrm
1188 4266 1259 4325 tres
1267 4252 1435 4327 homines
1443 4255 1563 4344 simul,
1578 4270 1614 4329 et
1621 4256 1703 4358 plus
1710 4260 1807 4333 aliud
1864 4345 1870 4356 ,

180 4390 289 4449 sunt
308 4374 385 4448 duo
401 4375 568 4448 homines
582 4399 692 4472 quam
710 4372 939 4466 unmhnmn,
959 4397 1001 4445 ac
1017 4374 1054 4444 in
1072 4376 1151 4446 Deo
1167 4398 1243 4446 non
1262 4387 1316 4446 est
1326 4374 1375 4446 ita
1393 4399 1401 4444 ε
1421 4399 1497 4447 non
1516 4375 1613 4448 enim
1631 4379 1747 4477 major
1755 4397 1809 4454 est

178 4494 360 4569 essentia
372 4498 476 4566 Pater
489 4508 524 4567 et
537 4492 657 4586 Filius,
674 4516 783 4591 qnam
799 4491 897 4563 solus
915 4495 1018 4563 Pater
1030 4505 1092 4564 aut
1108 4491 1207 4564 solus
1224 4492 1345 4586 Filius,
1364 4493 1428 4567 sed
1441 4509 1513 4568 tres
1526 4496 1631 4569 simul
1648 4523 1809 4597 persona

172 4613 361 4713 aequales
372 4628 456 4685 sunt
465 4612 649 4710 singulis.»
662 4610 840 4710 Epr'stola'
855 4625 1062 4684 sauctorum
1071 4614 1257 4709 Augustini
1268 4628 1304 4686 et
1316 4612 1431 4715 Alypii
1437 4615 1484 4687 ad
1492 4617 1686 4690 Maximum
1697 4620 1810 4693 medi·

172 4759 289 4808 cum
302 4733 568 4805 Ceminatum¹:
583 4763 600 4804 a
616 4732 769 4804 Trinitas
781 4731 888 4804 unius
903 4729 1136 4830 ejusdemque
1147 4715 1282 4807 naturae
1293 4747 1401 4833 atque
1417 4733 1621 4810 substantiae
1634 4765 1643 4809 ε
1657 4763 1732 4812 nou
1746 4741 1810 4811 mi·

168 4880 266 4930 nor
278 4851 483 4951 insiugulis
490 4876 599 4951 qraam
609 4854 646 4925 in
655 4850 824 4925 omnibus
837 4850 917 4942 ;sed
926 4851 963 4923 in
975 4851 1054 4925 solo
1064 4857 1181 4948 Patre,
1194 4854 1250 4927 vel
1258 4855 1294 4927 in
1304 4854 1383 4929 solo
1392 4854 1481 4928 Filio
1494 4869 1591 4930 tanta
1601 4873 1665 4951 est,
1676 4873 1809 4956 quanta

199 5182 209 5211 ¹
225 5173 332 5246 Les„
345 5172 390 5224 uu.
403 5169 450 5234 11,
469 5184 522 5235 cap.
541 5184 576 5234 rr,
589 5170 665 5236 opp„
684 5179 701 5222 t
723 5169 795 5232 Vlss,
815 5172 862 5222 eol.
881 5172 936 5225 ttt.
957 5197 983 5209 -
998 5169 1076 5222 ’liuta
1087 5171 1147 5232 legit
1158 5169 1229 5220 Aut.
1243 5168 1377 5235 Brenplu.
1392 5196 1419 5207 -
1432 5170 1533 5236 'Epist
1546 5181 1626 5232 cur,
1640 5167 1724 5234 opp,
1738 5174 1758 5217 t.
1772 5166 1809 5226 11,

153 5258 220 5308 ool.
235 5255 322 5308 6⁰0·
1227 5271 1232 5278 ·
