4559 6100
512 652 515 659 .
616 583 989 701 monestrolo
1014 586 1310 660 Tfluotootuu.
1730 597 1752 662 7

164 734 255 809 Nihil
269 734 379 832 igitur
391 728 587 805 amandum
603 746 669 826 est,
685 732 775 807 nihil
792 735 943 807 omnino
958 734 1162 809 laciendum
1178 736 1246 809 nisi
1262 752 1410 836 propter
1425 742 1560 831 Deum,
1571 753 1610 810 ut
1623 740 1660 813 in
1678 745 1755 814 Deo

163 854 271 929 linem
286 853 451 926 omnium
466 851 736 925 constituamus.
752 854 856 927 Unde
872 867 907 927 et
929 855 1006 954 ipse
1028 884 1049 926 α
1070 869 1106 928 et
1129 885 1154 925 o
1172 855 1315 945 dicitur,
1335 855 1406 928 hoc
1422 871 1474 928 est
1489 857 1704 955 principium
1721 875 1757 932 et

165 972 255 1045 linis.
273 972 493 1071 Principium
509 970 656 1070 quidem
670 997 880 1071 supremum
896 995 1007 1071 aquo
1023 975 1164 1066 omnia;
1185 972 1279 1063 linis,
1293 973 1331 1045 id
1346 987 1400 1047 est
1412 973 1527 1048 finalis
1540 991 1577 1049 et
1589 1002 1757 1076 suprema

167 1112 290 1185 causa,
312 1105 464 1192 propter
478 1113 587 1189 quem
607 1092 742 1166 omnia.
768 1098 890 1192 Neque
906 1094 1003 1166 enim
1019 1091 1228 1183 comedere,
1244 1116 1312 1165 nec
1336 1092 1512 1186 dormire,
1527 1120 1595 1168 nec
1607 1118 1758 1171 uxorem
1807 1136 1810 1146 ·

168 1210 309 1303 ducere,
324 1234 393 1284 neo
406 1211 557 1285 omnino
573 1210 670 1284 aliud
684 1210 800 1286 facere
811 1213 878 1284 nisi
893 1224 1039 1312 propter
1052 1213 1169 1310 ipsum
1186 1210 1371 1285 debemus.
1385 1213 1548 1312 Alioquin
1566 1213 1759 1290 bestialiter

168 1331 381 1424 viveremus,
400 1331 531 1403 nostris
548 1345 688 1405 tantum
708 1329 952 1430 voluptatibus
972 1329 1097 1403 dediti.
1119 1329 1317 1404 Comedere
1338 1346 1459 1405 autem
1476 1348 1625 1431 propter
1640 1336 1757 1435 ipsum

167 1447 352 1541 debemus,
364 1450 439 1523 hoc
452 1473 527 1522 uno
540 1449 665 1522 saltem
676 1464 716 1522 ut
727 1451 873 1549 corpori
890 1447 990 1546 quod
1006 1474 1111 1522 suum
1125 1463 1179 1522 est
1192 1475 1234 1523 ac
1246 1450 1353 1522 nobis
1371 1451 1618 1543 commissum,
1637 1478 1757 1526 neces-

168 1568 255 1639 saria
267 1567 521 1667 impendamus
532 1606 548 1662 ,ν
559 1566 690 1666 quibus
709 1568 748 1641 in
766 1568 842 1665 ejus
858 1568 1033 1667 obsequio
1049 1583 1278 1641 sustentetur.
1299 1569 1467 1642 Similiter
1488 1584 1524 1642 et
1542 1569 1757 1645 dormiendo

55 1709 60 1717 ’
169 1684 283 1781 ipsum
297 1685 443 1759 reficere
453 1685 638 1775 debemus,
657 1701 698 1759 ut
712 1685 857 1783 vigilare
867 1711 952 1760 eum
964 1701 1109 1786 oportet
1121 1688 1159 1761 in
1168 1688 1245 1784 ejus
1258 1686 1434 1786 obsequio
1450 1689 1643 1761 valeamus.
1661 1695 1760 1764 Uror

169 1826 313 1902 quoque
324 1804 371 1878 ab
387 1806 564 1903 eoquiest
574 1806 802 1878 incontinens
815 1805 980 1880 ducenda
993 1820 1058 1898 est,
1075 1831 1149 1878 non
1164 1807 1280 1879 solum
1295 1821 1443 1905 propter
1458 1806 1551 1879 filios
1568 1808 1635 1908 ipsi
1654 1833 1760 1905 gene·

169 1922 319 2014 randos,
338 1947 466 1996 verum
490 1926 599 1998 etiarn
616 1950 663 1998 ne
680 1948 763 1998 eom
783 1949 827 1998 ex
842 1922 1077 1999 lomicatione
1103 1925 1337 1998 offendamus.
1359 1926 1449 2013 Qui¹
1466 1926 1574 1999 etiam
1590 1951 1675 2001 cum
1691 1951 1759 2025 pro

171 2040 272 2113 nobis
288 2043 357 2141 ipsi
370 2067 527 2134 oramus,
545 2058 607 2117 aut
623 2043 758 2142 aliquid
775 2044 875 2143 quod
894 2043 1000 2117 nobis
1025 2043 1123 2143 apud
1144 2068 1227 2116 eum
1251 2045 1364 2144 prosit
1379 2043 1576 2135 efficimus,
1595 2044 1672 2143 ipsa
1686 2046 1762 2142 ejus

172 2159 274 2233 etiarn
298 2163 428 2235 caritas
447 2163 493 2237 ad
519 2162 592 2236 boc
614 2188 682 2236 nos
701 2163 906 2262 compellit,
925 2189 991 2263 per
1008 2189 1087 2261 quae
1105 2163 1152 2237 ad
1169 2188 1252 2236 eum
1275 2187 1385 2262 quem
1407 2188 1514 2263 super
1536 2164 1660 2236 omnia
1681 2163 1761 2237 dili·

171 2277 297 2373 gimus,
318 2282 503 2379 pervenire
511 2283 689 2381 cupimus.
703 2282 761 2354 Sic
771 2296 806 2354 et
818 2296 936 2357 cetera
950 2282 1073 2355 omnia
1084 2297 1234 2382 propter
1250 2283 1369 2384 ipsum
1387 2281 1549 2355 iacienda
1564 2296 1660 2375 sunt,
1676 2282 1761 2355 alio·

172 2397 255 2492 quin
268 2397 403 2498 abipso
415 2400 543 2474 frustra
556 2403 884 2476 remunerationem
893 2414 1179 2500 expectaremus,
1199 2401 1229 2472 si
1244 2424 1379 2497 eaquae
1395 2401 1532 2498 agimus
1544 2414 1691 2498 propter
1707 2405 1760 2497 ip·

172 2538 333 2591 sumnon
341 2543 538 2618 ageremus.
551 2520 659 2608 Quod
670 2520 857 2619 diligenter
868 2520 1056 2619 Apostolus
1064 2518 1251 2592 attendens
1260 2520 1297 2590 in
1307 2523 1322 2590 1
1332 2517 1383 2590 ad
1390 2519 1591 2591 Corinthios
1602 2519 1761 2617 Epistola

172 2632 288 2709 dicite
304 2639 411 2712 «Sive
421 2664 508 2738 ergo
520 2640 760 2733 manducatis,
772 2640 846 2711 sive
862 2638 960 2712 aliud
975 2637 1063 2737 quid
1076 2637 1201 2731 facitis,
1214 2639 1337 2711 omnia
1349 2639 1387 2711 in
1402 2637 1515 2734 gloria
1527 2638 1593 2710 Dei
1610 2637 1758 2710 facite.»

217 2756 489 2832 Sacramentum
503 2784 591 2833 vero
607 2774 661 2833 est
677 2756 813 2831 visibile
826 2759 970 2855 signum
990 2757 1176 2830 invisibilis
1191 2758 1310 2855 gratiae
1325 2757 1413 2838 Dei,
1440 2755 1550 2827 veluti
1572 2780 1657 2828 cum
1681 2756 1762 2855 quis

171 2871 390 2971 baptizatur,
409 2879 486 2977 ipsa
501 2870 656 2951 exterior
670 2879 807 2953 ablutio
824 2878 1002 2977 corporis,
1029 2902 1139 2974 quam
1157 2876 1336 2968 videmus,
1355 2876 1497 2972 signum
1515 2889 1567 2946 est
1583 2875 1762 2948 interioris

172 2990 365 3069 ablutionis
386 2998 538 3089 animae3
556 3022 639 3072 cum
655 2998 705 3072 ita
726 2998 876 3072 interior
890 2997 1003 3070 homo
1021 2996 1214 3095 apeccatis
1234 2992 1441 3086 mundatur,
1456 2994 1547 3066 sicut
1570 2994 1723 3067 exterior
1741 3017 1763 3068 a

173 3114 418 3211 corporalibus
432 3117 612 3190 sordibus.
633 3123 736 3190 Nunc
752 3133 874 3191 autem
888 3116 1004 3189 tribus
1020 3138 1128 3214 supra
1146 3114 1271 3214 positis
1285 3114 1437 3187 breviter
1453 3115 1638 3210 assignauis
1655 3128 1763 3212 atque

174 3228 381 3332 descriptis,
409 3235 543 3309 scilicet
567 3237 674 3330 Fide,
702 3237 874 3325 Caritate,
899 3249 936 3307 et
961 3236 1211 3322 Sacramento,
1239 3230 1285 3304 de
1309 3230 1457 3328 singulis
1485 3232 1689 3329 diligentius
1710 3247 1764 3305 est

173 3350 374 3448 agendum,
401 3370 575 3453 quantum
599 3356 754 3454 pertinet
770 3354 817 3427 ad
832 3353 1057 3453 propositam
1082 3350 1248 3421 humanae
1272 3349 1476 3420 salvationis
1502 3373 1700 3440 summam,
1728 3364 1763 3421 et

173 3466 218 3540 de
232 3469 292 3543 bis
307 3496 386 3569 quae
402 3475 579 3572 praecipue
602 3473 798 3571 majoribus
820 3471 991 3571 implicita
1007 3466 1264 3566 questionibus
1281 3464 1460 3538 videntur.
1481 3469 1529 3537 Ac
1545 3466 1702 3564 primum
1717 3466 1763 3538 de

174 3587 245 3664 lide
260 3619 341 3692 quae
363 3595 571 3668 naturaliter
596 3597 722 3670 ceteris
747 3597 848 3696 prior
872 3607 947 3686 est,
969 3606 1141 3689 tanquam
1163 3587 1346 3662 bonorum
1367 3588 1531 3660 omniurn
1555 3587 1765 3662 fundamen-

173 3723 263 3783 tum.
284 3714 379 3801 Quid
398 3715 495 3788 enim
511 3715 663 3815 sperari,
686 3714 744 3787 vel
761 3726 943 3812 speratum
961 3710 1073 3783 amari
1088 3721 1226 3807 potest,
1254 3707 1323 3779 nisi
1339 3707 1437 3806 prius
1453 3706 1642 3780 credatur?
1660 3709 1764 3781 Credi
1801 3745 1809 3760 ·

172 3843 293 3903 autem
308 3847 441 3931 potest,
460 3836 491 3907 si
503 3858 579 3906 non
593 3847 757 3933 speretur
780 3831 838 3904 vel
870 3828 1036 3905 ametur?
1064 3832 1115 3899 Ex
1137 3827 1209 3900 lide
1233 3828 1355 3924 itaque
1376 3851 1457 3925 spes
1479 3828 1656 3919 nascitur,
1682 3853 1764 3900 curn

173 3950 274 4044 quod
290 3952 470 4026 credimus
484 3952 624 4026 bonum
648 3978 717 4025 nos
742 3951 933 4050 adepturos
956 3972 1032 4023 esse
1060 3973 1125 4046 per
1143 3947 1211 4052 Dei
1231 3944 1513 4019 miscricordiam
1535 3945 1763 4020 confidimus.

176 4068 279 4142 Unde
294 4070 528 4170 spostolus·:
550 4071 712 4165 «Fides,
733 4099 750 4138 r
769 4070 911 4169 inquit,
933 4097 950 4136 v
970 4081 1024 4139 est
1035 4064 1295 4164 sperandarum
1322 4088 1442 4137 rerum
1463 4063 1681 4154 substantia,
1707 4089 1766 4138 ar·

171 4204 387 4283 gumentum
402 4215 477 4263 non
495 4191 758 4291 apparentium.
783 4219 801 4255 1>
819 4186 1024 4259 Substantia
1047 4184 1308 4285 sperandarum
1324 4207 1463 4277 rerum,
1483 4183 1555 4255 hoc
1573 4197 1627 4255 est
1639 4183 1766 4257 lunda-

172 4322 340 4381 mentum
356 4323 392 4382 et
409 4309 531 4407 origo,
545 4309 644 4382 unde
657 4309 702 4382 ad
717 4305 895 4409 speranda
905 4304 1025 4401 aliqua
1039 4302 1285 4404 perducimur,
1303 4300 1485 4374 credendo
1495 4301 1658 4374 videlicet
1669 4304 1768 4401 prius

172 4449 215 4499 ea
228 4452 325 4507 esse,
345 4442 384 4500 ut
398 4427 632 4528 postmodum
647 4451 844 4527 speremus.
867 4427 1124 4521 Argumentum
1139 4445 1214 4493 non
1232 4420 1502 4518 apparentium,
1524 4419 1595 4492 hoc
1611 4435 1665 4492 est
1681 4445 1768 4517 pro·

171 4542 274 4618 betio
289 4546 390 4646 quod
404 4548 475 4619 sint
489 4548 609 4646 aliqua
622 4571 697 4619 non
714 4543 935 4645 apparentia.
949 4541 1041 4629 Quia
1053 4541 1152 4613 euim
1161 4563 1270 4612 neruo
1281 4537 1390 4609 iidem
1396 4559 1472 4610 esse
1485 4536 1639 4629 dubitat,
1658 4563 1765 4638 opor·

118 4685 122 4690 ·
173 4676 226 4735 tet
243 4689 286 4736 ex
305 4664 377 4738 hoc
394 4679 433 4737 ut
449 4664 569 4764 aliqua
585 4690 660 4737 non
679 4663 978 4764 apparentiaesse
996 4658 1198 4733 concedat:
1218 4682 1303 4730 cum
1327 4654 1437 4751 fides,
1466 4670 1507 4729 ut
1537 4656 1763 4748 dictumest,

171 4783 325 4883 proprie
339 4808 415 4858 non
432 4784 573 4859 dicatur
587 4784 657 4857 nisi
673 4782 719 4856 de
733 4781 791 4855 bis
807 4807 887 4880 quae
903 4779 1071 4852 nondum
1087 4789 1274 4877 apparent.
1294 4773 1400 4848 Unde
1412 4775 1514 4873 juxta
1526 4775 1764 4874 Apostolum,

204 5080 274 5132 ‘Sic
283 5079 435 5131 Amboedus.
447 5077 537 5130 Forsan
550 5093 558 5129 r
571 5077 635 5143 quir
647 5078 735 5131 etiem.
748 5104 775 5114 -
788 5079 798 5108 ²
811 5074 929 5129 corinda
940 5073 969 5138 l,
984 5086 1038 5138 cap.
1060 5087 1086 5135 x,
1105 5085 1119 5120 r
1151 5075 1190 5124 at.
1206 5098 1235 5109 -
1249 5068 1336 5131 ’Helu
1357 5081 1413 5133 cap.
1434 5081 1470 5133 u,
1489 5081 1513 5120 v.
1532 5067 1555 5118 1.
1565 5067 1613 5106 -⁴
1624 5065 1740 5118 catur.
1752 5066 1771 5128 l,

170 5174 230 5224 cap.
245 5173 303 5221 xus,
320 5174 344 5213 v.
359 5163 382 5211 Β.
