4559 6100
466 604 489 674 2
829 624 836 637 ·
1060 606 1182 678 PETRI
1206 548 1437 677 attestant

465 753 635 821 concilium
660 754 881 821 suessionense
902 777 988 821 anno
1015 755 1140 822 circiter
1170 761 1268 819 1121.
1300 751 1398 819 Nullo
1427 751 1528 818 modo
1555 754 1651 844 igitur
1672 755 1885 820 consentimus
1913 756 2051 822 Henticc

465 849 633 916 Goldhorn
653 853 708 941 qui
726 875 828 943 nuper
848 867 959 918 contra
975 874 1180 918 communem
1194 850 1378 941 opinionem
1394 849 1560 916 contendit
1578 849 1853 917 Introductionem
1868 851 2052 943 Theologioe

465 946 625 1013 inlunem
648 949 768 1015 editam
793 947 888 1014 finisse
911 964 984 1040 post
998 948 1209 1040 Theologiam
1232 948 1444 1013 Christianam
1466 950 1554 1033 cujus
1574 947 1628 1012 illa
1648 963 1731 1014 esset
1749 947 1847 1014 veluti
1867 971 1991 1017 summa
2016 971 2053 1014 ac

465 1043 722 1132 compendium¹.
748 1044 943 1113 &namnam
958 1069 1048 1113 suam
1061 1045 1206 1135 pluribus
1223 1043 1411 1111 confirmare
1434 1044 1610 1110 rationibus
1625 1061 1760 1110 conattu
1775 1044 1957 1128 Goldhorn,
1974 1067 2054 1135 quas

466 1136 554 1203 ducit
573 1162 615 1205 ex
628 1141 702 1230 ipsis
717 1143 967 1231 opinionibusin
983 1159 1120 1232 utroque
1133 1140 1288 1233 opusculo
1306 1141 1468 1232 expositis,
1485 1154 1518 1207 et
1535 1164 1554 1207 e
1577 1140 1737 1208 scribendi
1752 1164 1882 1235 genere,
1899 1157 1933 1208 et
1952 1164 1994 1207 ex
2015 1142 2054 1207 iis

465 1256 538 1324 qaae
559 1235 702 1327 pluribus
725 1238 803 1305 locis
824 1238 929 1306 obiter
949 1237 1138 1306 Aboelardus
1160 1239 1294 1304 innuere
1319 1236 1457 1304 videon.
1472 1239 1520 1303 Ea
1540 1250 1648 1304 autem
1672 1254 1859 1330 argtunenca
1885 1236 2052 1305 referenda

465 1354 533 1398 esse
550 1356 616 1399 non
637 1357 763 1401 necesse
787 1346 952 1425 putamus3
970 1358 1046 1402 nam
1065 1338 1209 1426 qtramvis
1231 1335 1295 1400 sint
1320 1333 1447 1401 subn'lia
1470 1356 1547 1402 sane
1571 1350 1604 1402 et
1626 1336 1812 1426 ingeniosa,
1829 1358 1896 1402 non
1920 1348 2053 1426 possunt

466 1428 515 1493 bis
531 1431 700 1518 repetitum
717 1432 759 1495 ab
774 1432 946 1499 Aboelardo
963 1434 1182 1501 testimonium
1198 1431 1333 1498 elevare.

510 1526 784 1594 Introduction'em
803 1531 987 1622 Theologioe
1008 1530 1252 1620 recognovimus
1275 1527 1318 1594 ad
1332 1527 1477 1595 codicem
1492 1528 1692 1594 Victorinum
1710 1531 1791 1610 146,
1808 1551 1905 1618 quem
1920 1549 2053 1618 expres·

466 1624 541 1688 sisse
554 1622 680 1715 videtin
695 1626 885 1692 Amboesius
898 1628 932 1693 in
949 1627 1054 1718 operis
1070 1626 1212 1693 editione
1226 1625 1381 1716 principe.
1396 1625 1508 1692 Codex
1522 1623 1576 1690 ille
1591 1624 1647 1713 qui
1662 1623 1754 1690 foetus
1768 1641 1816 1691 est
1831 1624 1938 1691 seculi
1951 1624 2053 1712 quinti

466 1718 582 1785 decimi
602 1738 634 1786 et
651 1745 881 1812 nonuunquam
896 1739 1078 1815 corruptus,
1101 1746 1169 1788 non
1184 1721 1267 1787 ultra
1284 1723 1367 1787 tertii
1386 1720 1460 1786 libri
1481 1721 1622 1787 mediam
1636 1737 1760 1811 partem
1775 1720 1937 1810 procedit,
1954 1722 1999 1785 ita
2019 1735 2055 1786 ut

464 1817 636 1905 gravissimi
652 1819 913 1909 celeberrimique
922 1844 1055 1910 operum
1070 1818 1324 1910 theologicorum
1341 1842 1413 1907 quoe
1427 1817 1615 1887 Aboelardus
1628 1818 1853 1908 composuerit,
1869 1816 1941 1882 finis
1955 1838 2055 1906 usque

465 1912 608 1979 adhunc
627 1915 714 1981 diem
728 1917 802 1981 viris
818 1919 920 1982 docus
940 1917 1035 1984 fuerit
1051 1915 1263 1998 desideratus,
1281 1932 1316 1982 et
1330 1914 1477 1981 nonnulli
1495 1916 1593 1981 etiam
1613 1914 1828 1981 dubitaverint
1843 1936 1885 1979 an
1906 1936 1987 2005 opus
2005 1914 2055 1977 in·

464 2027 603 2100 coeptum
613 2030 724 2078 auctor
733 2012 914 2080 absolverit.
927 2015 1089 2098 Quorsum
1100 2029 1207 2079 autem
1218 2014 1277 2078 ista
1288 2012 1446 2078 dubitatio
1457 2011 1613 2077 mittenda
1624 2012 1676 2093 sit,
1688 2012 1762 2077 satis
1773 2011 1970 2077 demonstrat
1979 2031 2055 2098 sup-

463 2108 676 2198 plementum,
693 2109 847 2176 hactenus
861 2112 1036 2193 ineditum,
1059 2109 1148 2199 quod
1161 2108 1261 2175 latere
1274 2110 1407 2175 Oxoniae
1423 2110 1457 2174 in
1477 2106 1604 2174 duobus
1619 2107 1794 2191 codicibus,
1816 2106 1917 2173 altero
1935 2105 2053 2183 eBod·
2078 2172 2082 2187 ,

463 2202 566 2270 leiana
578 2207 775 2273 Bibliotheca
788 2211 885 2291 8615,
899 2209 1000 2274 altero
1010 2232 1030 2274 e
1039 2207 1182 2298 Collegio
1194 2206 1373 2272 Balliolensi
1382 2209 1460 2288 458,
1470 2203 1639 2294 Catalogus
1647 2205 1816 2270 Librorum
1823 2203 2054 2293 Manuscripto-

463 2324 536 2368 nrm
549 2304 672 2394 Angliae
692 2321 725 2370 et
740 2305 903 2371 Hiberniae
920 2308 988 2391 jam
1005 2305 1129 2371 dudum
1148 2303 1246 2370 fidem
1263 2300 1434 2384 iaciebat²,
1453 2324 1573 2390 nosque
1589 2317 1662 2392 post
1676 2317 1798 2368 textum
1822 2301 1863 2366 ab
1879 2297 2053 2366 Amboesio

463 2397 590 2482 datum,
613 2399 783 2467 edidimus.
800 2402 932 2467 Utinam
949 2400 1208 2492 supplementum
1223 2397 1309 2465 istud
1326 2397 1480 2489 prolixius
1495 2414 1528 2463 et
1543 2399 1678 2489 amplius
1694 2399 1897 2479 occurrisset,
1914 2412 2055 2488 partem·

463 2514 525 2583 que
551 2497 655 2586 operis
680 2497 891 2564 desideratam
914 2498 1006 2563 nobis
1028 2498 1227 2563 rmtituisset!
1251 2496 1363 2561 Paucis
1384 2518 1462 2561 vero
1483 2509 1607 2559 constat
1629 2496 1752 2586 paginis
1777 2518 1848 2583 quae
1871 2516 1989 2560 novam
2010 2492 2055 2557 lu·

462 2614 532 2657 cem
547 2594 601 2658 vix
617 2594 755 2663 afferunt
775 2593 818 2660 ad
832 2580 1009 2662 noscendas
1024 2592 1307 2684 intelligentiasque
1322 2589 1485 2659 Abaelardi
1499 2591 1663 2658 haereticas
1679 2592 1847 2682 opiniones
1865 2592 1900 2655 in
1917 2588 2053 2657 concilio

463 2687 679 2757 Suessionensi
693 2690 933 2760 condemnatas.

1025 3297 1496 3420 PROLOGUS.

510 3685 733 3758 Scholarium
749 3701 956 3757 nostrorum
966 3688 1148 3783 petitioni,
1163 3700 1271 3782 prout
1279 3709 1482 3783 possumus,
1495 3683 1760 3774 satisfacientes,
1774 3683 1929 3781 aliquam
1946 3705 2054 3754 sacrae

378 3876 386 3886 ,
463 3804 673 3878 eruditionis
696 3806 902 3896 Summam,
932 3803 1034 3900 quasi
1062 3802 1191 3876 divinae
1216 3802 1405 3901 Scriptura
1431 3801 1736 3875 introductionem
1761 3801 2052 3899 conscripsimus.

463 3927 555 3995 Cum
582 3922 679 3995 enim
702 3946 723 3994 a
743 3905 849 3994 nobis
879 3920 1033 4021 plurima
1057 3920 1104 3994 de
1124 3919 1383 4021 philosophicis
1403 3905 1529 3995 studiis
1552 3935 1589 3994 et
1614 3920 1835 3995 saecularium
1858 3920 2056 3991 litteratum
2176 3941 2179 3945 ·

464 4042 603 4138 scriptis
618 4038 775 4114 studiose
799 4040 981 4137 legissent,
1008 4054 1045 4113 et
1071 4041 1122 4112 eis
1146 4038 1344 4114 admodum
1368 4040 1460 4114 lecta
1487 4041 1724 4141 placuissent;
1750 4041 1867 4112 visum
1891 4037 1958 4110 illis
1984 4051 2054 4126 est,

385 4233 390 4242 ,
465 4175 505 4232 ut
522 4158 636 4232 multo
652 4158 787 4232 facilius
802 4159 932 4232 divinae
947 4160 1085 4258 paginae
1098 4159 1388 4257 intelligentiam,
1407 4161 1481 4236 sire
1496 4184 1603 4234 sacrae
1619 4158 1704 4232 fidei
1720 4153 1877 4231 rationes
1894 4169 2057 4228 cosmum

466 4291 667 4377 penetraret
691 4278 893 4375 ingenium,
912 4300 1022 4374 quam
1046 4275 1305 4375 philosophicae
1330 4277 1447 4375 abyssi
1465 4293 1608 4378 puteos,
1632 4291 1672 4349 ut
1691 4277 1809 4368 aiunt,
1823 4274 2054 4347 exhausisset.

469 4395 656 4470 addebant
671 4397 779 4469 etiam
797 4419 863 4468 nec
890 4420 948 4468 me
977 4393 1078 4467 aliter
1099 4393 1336 4494 philosophiae
1354 4420 1500 4470 cursum
1522 4419 1796 4485 consummare,
1822 4419 1890 4466 nec
1913 4391 1961 4467 ad
1983 4393 2060 4488 ejus

468 4515 653 4613 pervenire
669 4530 814 4607 metam,
833 4527 894 4586 aut
911 4512 1067 4611 aliquem
1082 4539 1126 4586 er
1148 4538 1190 4587 ea
1212 4538 1269 4587 me
1285 4514 1440 4589 fructum
1456 4515 1641 4613 colligere,
1661 4514 1728 4587 nisi
1743 4512 1820 4611 ejus
1835 4511 1993 4586 studium
2010 4510 2055 4582 ad

468 4637 603 4722 Deum,
624 4632 670 4706 ad
694 4656 803 4729 quem
826 4632 948 4706 omnia
963 4630 1086 4705 referri
1101 4633 1287 4723 convenit,
1313 4634 1554 4709 terminarem.
1577 4634 1632 4707 Ad
1647 4634 1718 4706 hoc
1741 4634 1875 4731 quippe
1892 4627 2058 4702 fidelibus·
2079 4649 2085 4664 ·

470 4751 690 4825 secularium
711 4752 841 4824 artium
865 4752 996 4850 scripta
1010 4766 1047 4824 et
1061 4750 1173 4826 libros
1191 4751 1377 4850 gentilium
1388 4754 1504 4864 legere
1523 4754 1736 4854 permissum
1755 4766 1826 4845 est,
1849 4765 1889 4822 nt
1912 4772 1977 4847 per
2000 4770 2059 4819 eas

471 4870 694 4943 locutionum
712 4883 748 4942 et
768 4868 980 4968 eloquentiae
1001 4869 1190 4966 generibus
1204 4885 1311 4970 atque
1326 4874 1674 4973 argumentationum
1692 4871 1822 4966 modis,
1843 4884 1904 4942 aut
1925 4866 2060 4940 naturis
2193 4877 2197 4886 '

485 5079 989 5229 ⁸twcopuusutotioohirterico-tpppioaipa
1003 5099 1033 5150 de
1047 5101 1155 5151 mnemia
1164 5102 1305 5166 principiis
1323 5101 1709 5166 abominaremur.
1727 5099 1799 5151 ttenr.
1821 5098 1947 5150 Goldttorn
1974 5095 2061 5161 Ltpste

472 5181 480 5226 Ι
535 5180 697 5240 ,n-t·‚p.t
726 5183 853 5239 etsta-
900 5185 979 5229 ert..
