<?xml version="1.0" encoding="UTF-8"?>
<!DOCTYPE html PUBLIC "-//W3C//DTD XHTML 1.0 Transitional//EN"
    "http://www.w3.org/TR/xhtml1/DTD/xhtml1-transitional.dtd">
<html xmlns="http://www.w3.org/1999/xhtml" xml:lang="en" lang="en">
 <head>
  <title>
</title>
<meta http-equiv="Content-Type" content="text/html;charset=utf-8" />
  <meta name='ocr-system' content='tesseract 3.04.00' />
  <meta name='ocr-capabilities' content='ocr_page ocr_carea ocr_par ocr_line ocrx_word'/>
</head>
<body>
  <div class='ocr_page' id='page_1' title='image "./petriablardiope00despgoog_0381.png"; bbox 0 0 4559 6100; ppageno 0'>
   <div class='ocr_carea' id='block_1_1' title="bbox 705 575 1820 652">
    <p class='ocr_par' dir='ltr' id='par_1_1' title="bbox 705 575 1820 652">
     <span class='ocr_line' id='line_1_1' title="bbox 705 575 1820 652; baseline 0.004 -4"><span class='ocrx_word' id='word_1_1' title='bbox 705 578 748 650; x_wconf 88' lang='grc' dir='ltr'><strong>ΙΝ</strong></span> <span class='ocrx_word' id='word_1_2' title='bbox 773 575 1017 648; x_wconf 79' lang='lat' dir='ltr'><strong>EPlSTOLAM</strong></span> <span class='ocrx_word' id='word_1_3' title='bbox 1043 580 1103 650; x_wconf 79' lang='lat' dir='ltr'><strong>tu</strong></span> <span class='ocrx_word' id='word_1_4' title='bbox 1127 577 1351 651; x_wconf 81' lang='lat' dir='ltr'><strong>ROMANOS.</strong></span> <span class='ocrx_word' id='word_1_5' title='bbox 1749 579 1820 652; x_wconf 71' lang='grc'><strong>349</strong></span> 
     </span>
    </p>
   </div>
   <div class='ocr_carea' id='block_1_2' title="bbox 209 721 1835 4999">
    <p class='ocr_par' dir='ltr' id='par_1_2' title="bbox 238 721 1829 2023">
     <span class='ocr_line' id='line_1_2' title="bbox 239 721 1823 826; baseline -0.003 -23"><span class='ocrx_word' id='word_1_6' title='bbox 239 734 307 806; x_wconf 91' lang='lat' dir='ltr'><strong>lam</strong></span> <span class='ocrx_word' id='word_1_7' title='bbox 322 729 426 826; x_wconf 90' lang='lat' dir='ltr'><strong>cujus</strong></span> <span class='ocrx_word' id='word_1_8' title='bbox 437 729 492 800; x_wconf 85' lang='lat' dir='ltr'><strong>vir</strong></span> <span class='ocrx_word' id='word_1_9' title='bbox 507 725 632 824; x_wconf 86' lang='lat' dir='ltr'><strong>Aquila</strong></span> <span class='ocrx_word' id='word_1_10' title='bbox 644 722 853 796; x_wconf 86' lang='lat' dir='ltr'><strong>vocabatur.</strong></span> <span class='ocrx_word' id='word_1_11' title='bbox 871 751 888 791; x_wconf 80' lang='lat' dir='ltr'><strong>o</strong></span> <span class='ocrx_word' id='word_1_12' title='bbox 905 721 1004 796; x_wconf 90' lang='lat' dir='ltr'><strong>ldem</strong></span> <span class='ocrx_word' id='word_1_13' title='bbox 1022 725 1058 796; x_wconf 90' lang='lat' dir='ltr'><strong>in</strong></span> <span class='ocrx_word' id='word_1_14' title='bbox 1076 726 1235 824; x_wconf 78' lang='lat' dir='ltr'><strong>Epistola</strong></span> <span class='ocrx_word' id='word_1_15' title='bbox 1249 724 1300 795; x_wconf 81' lang='lat' dir='ltr'><strong>ad</strong></span> <span class='ocrx_word' id='word_1_16' title='bbox 1314 724 1547 798; x_wconf 75' lang='lat' dir='ltr'><strong>Timotheum¹</strong></span> <span class='ocrx_word' id='word_1_17' title='bbox 1558 753 1568 797; x_wconf 76' lang='lat' dir='ltr'><strong><em>z</em></strong></span> <span class='ocrx_word' id='word_1_18' title='bbox 1581 753 1600 796; x_wconf 90' lang='lat'><strong><em>«</em></strong></span> <span class='ocrx_word' id='word_1_19' title='bbox 1611 726 1823 800; x_wconf 89' lang='lat' dir='ltr'><strong>Adolescen-</strong></span> 
     </span>
     <span class='ocr_line' id='line_1_3' title="bbox 239 842 1826 945; baseline -0.002 -24"><span class='ocrx_word' id='word_1_20' title='bbox 239 851 346 922; x_wconf 86' lang='lat' dir='ltr'><strong>tiores</strong></span> <span class='ocrx_word' id='word_1_21' title='bbox 368 862 486 921; x_wconf 89' lang='lat' dir='ltr'><strong>autem</strong></span> <span class='ocrx_word' id='word_1_22' title='bbox 505 844 632 917; x_wconf 82' lang='lat' dir='ltr'><strong>viduas</strong></span> <span class='ocrx_word' id='word_1_23' title='bbox 656 842 773 915; x_wconf 82' lang='lat' dir='ltr'><strong>devita</strong></span> <span class='ocrx_word' id='word_1_24' title='bbox 793 843 829 913; x_wconf 88' lang='lat' dir='ltr'><strong>iu</strong></span> <span class='ocrx_word' id='word_1_25' title='bbox 856 843 1052 916; x_wconf 88' lang='lat' dir='ltr'><strong>ministerio</strong></span> <span class='ocrx_word' id='word_1_26' title='bbox 1075 843 1285 917; x_wconf 89' lang='lat' dir='ltr'><strong>diaconatus</strong></span> <span class='ocrx_word' id='word_1_27' title='bbox 1304 868 1524 942; x_wconf 73' lang='lat' dir='ltr'><strong>preponere.</strong></span> <span class='ocrx_word' id='word_1_28' title='bbox 1543 873 1561 913; x_wconf 82' lang='lat' dir='ltr'><strong>n</strong></span> <span class='ocrx_word' id='word_1_29' title='bbox 1575 849 1725 919; x_wconf 87' lang='lat' dir='ltr'><strong>Sanctus</strong></span> <span class='ocrx_word' id='word_1_30' title='bbox 1743 848 1826 945; x_wconf 77' lang='lat' dir='ltr'><strong>api-</strong></span> 
     </span>
     <span class='ocr_line' id='line_1_4' title="bbox 238 962 1824 1067; baseline 0 -29"><span class='ocrx_word' id='word_1_31' title='bbox 238 968 391 1067; x_wconf 91' lang='lat' dir='ltr'><strong>phanius</strong></span> <span class='ocrx_word' id='word_1_32' title='bbox 405 966 535 1039; x_wconf 90' lang='lat' dir='ltr'><strong>Joanni</strong></span> <span class='ocrx_word' id='word_1_33' title='bbox 554 962 837 1036; x_wconf 85' lang='lat' dir='ltr'><strong>ierosolimitano</strong></span> <span class='ocrx_word' id='word_1_34' title='bbox 854 989 863 1033; x_wconf 75' lang='lat' dir='ltr'><strong><em>z</em></strong></span> <span class='ocrx_word' id='word_1_35' title='bbox 884 993 901 1028; x_wconf 73' lang='grc' dir='ltr'><strong>(ι</strong></span> <span class='ocrx_word' id='word_1_36' title='bbox 918 966 1109 1060; x_wconf 84' lang='lat' dir='ltr'><strong>Nunquam</strong></span> <span class='ocrx_word' id='word_1_37' title='bbox 1125 989 1193 1060; x_wconf 84' lang='lat' dir='ltr'><strong>ego</strong></span> <span class='ocrx_word' id='word_1_38' title='bbox 1211 962 1376 1034; x_wconf 77' lang='lat' dir='ltr'>ordinavi</span> <span class='ocrx_word' id='word_1_39' title='bbox 1393 965 1615 1036; x_wconf 89' lang='lat' dir='ltr'><strong>Diaconissas</strong></span> <span class='ocrx_word' id='word_1_40' title='bbox 1629 965 1728 1038; x_wconf 85' lang='lat' dir='ltr'><strong>etad</strong></span> <span class='ocrx_word' id='word_1_41' title='bbox 1739 966 1824 1038; x_wconf 88' lang='lat' dir='ltr'><strong>alias</strong></span> 
     </span>
     <span class='ocr_line' id='line_1_5' title="bbox 240 1080 1824 1186; baseline -0.001 -28"><span class='ocrx_word' id='word_1_42' title='bbox 240 1086 317 1161; x_wconf 87' lang='lat' dir='ltr'><strong>misi</strong></span> <span class='ocrx_word' id='word_1_43' title='bbox 343 1085 557 1186; x_wconf 89' lang='lat' dir='ltr'><strong>provincias,</strong></span> <span class='ocrx_word' id='word_1_44' title='bbox 590 1106 708 1180; x_wconf 88' lang='lat' dir='ltr'><strong>neque</strong></span> <span class='ocrx_word' id='word_1_45' title='bbox 734 1081 801 1154; x_wconf 90' lang='lat' dir='ltr'><strong>feci</strong></span> <span class='ocrx_word' id='word_1_46' title='bbox 829 1081 1040 1179; x_wconf 80' lang='lat' dir='ltr'><strong>quidquam,</strong></span> <span class='ocrx_word' id='word_1_47' title='bbox 1068 1096 1108 1153; x_wconf 95' lang='lat' dir='ltr'><strong>ut</strong></span> <span class='ocrx_word' id='word_1_48' title='bbox 1129 1082 1320 1154; x_wconf 77' lang='lat' dir='ltr'><strong>Ecclesiam</strong></span> <span class='ocrx_word' id='word_1_49' title='bbox 1349 1080 1560 1154; x_wconf 86' lang='lat' dir='ltr'><strong>scinderem.</strong></span> <span class='ocrx_word' id='word_1_50' title='bbox 1584 1086 1682 1170; x_wconf 90' lang='lat' dir='ltr'><strong>Quas</strong></span> <span class='ocrx_word' id='word_1_51' title='bbox 1704 1085 1824 1182; x_wconf 91' lang='lat' dir='ltr'><strong>itaque</strong></span> 
     </span>
     <span class='ocr_line' id='line_1_6' title="bbox 240 1199 1821 1303; baseline -0.007 -25"><span class='ocrx_word' id='word_1_52' title='bbox 240 1206 433 1303; x_wconf 92' lang='lat' dir='ltr'><strong>antiquitus</strong></span> <span class='ocrx_word' id='word_1_53' title='bbox 442 1203 680 1294; x_wconf 80' lang='lat' dir='ltr'><strong>Diaconissas,</strong></span> <span class='ocrx_word' id='word_1_54' title='bbox 696 1200 734 1273; x_wconf 92' lang='lat' dir='ltr'><strong>id</strong></span> <span class='ocrx_word' id='word_1_55' title='bbox 744 1214 796 1272; x_wconf 88' lang='lat' dir='ltr'><strong>est</strong></span> <span class='ocrx_word' id='word_1_56' title='bbox 809 1200 1002 1294; x_wconf 92' lang='lat' dir='ltr'><strong>ministras,</strong></span> <span class='ocrx_word' id='word_1_57' title='bbox 1013 1226 1109 1272; x_wconf 91' lang='lat' dir='ltr'><strong>nuuc</strong></span> <span class='ocrx_word' id='word_1_58' title='bbox 1124 1199 1337 1292; x_wconf 88' lang='lat' dir='ltr'><strong>Abbatissas,</strong></span> <span class='ocrx_word' id='word_1_59' title='bbox 1355 1200 1453 1273; x_wconf 89' lang='lat' dir='ltr'><strong>idest</strong></span> <span class='ocrx_word' id='word_1_60' title='bbox 1467 1217 1788 1275; x_wconf 87' lang='lat' dir='ltr'><strong>matresvocamus.</strong></span> <span class='ocrx_word' id='word_1_61' title='bbox 1804 1232 1821 1268; x_wconf 78' lang='lat' dir='ltr'><strong>n</strong></span> 
     </span>
     <span class='ocr_line' id='line_1_7' title="bbox 239 1317 1825 1421; baseline -0.001 -25"><span class='ocrx_word' id='word_1_62' title='bbox 239 1324 472 1398; x_wconf 78' lang='lat' dir='ltr'><strong>Cassiodorus</strong></span> <span class='ocrx_word' id='word_1_63' title='bbox 486 1348 595 1421; x_wconf 86' lang='lat' dir='ltr'><strong>super</strong></span> <span class='ocrx_word' id='word_1_64' title='bbox 610 1321 710 1393; x_wconf 91' lang='lat' dir='ltr'><strong>hunc</strong></span> <span class='ocrx_word' id='word_1_65' title='bbox 725 1317 893 1392; x_wconf 89' lang='lat' dir='ltr'><strong>eumdem</strong></span> <span class='ocrx_word' id='word_1_66' title='bbox 909 1319 1031 1391; x_wconf 90' lang='lat' dir='ltr'><strong>locum</strong></span> <span class='ocrx_word' id='word_1_67' title='bbox 1050 1346 1059 1392; x_wconf 76' lang='lat' dir='ltr'><strong>t</strong></span> <span class='ocrx_word' id='word_1_68' title='bbox 1074 1356 1092 1387; x_wconf 65' lang='lat' dir='ltr'><strong>a</strong></span> <span class='ocrx_word' id='word_1_69' title='bbox 1108 1319 1252 1393; x_wconf 87' lang='lat' dir='ltr'><strong>Pheben</strong></span> <span class='ocrx_word' id='word_1_70' title='bbox 1267 1320 1442 1417; x_wconf 86' lang='lat' dir='ltr'><strong>significat</strong></span> <span class='ocrx_word' id='word_1_71' title='bbox 1457 1322 1702 1394; x_wconf 86' lang='lat' dir='ltr'><strong>Diaconissam</strong></span> <span class='ocrx_word' id='word_1_72' title='bbox 1720 1321 1825 1395; x_wconf 89' lang='lat' dir='ltr'><strong>fuisse</strong></span> 
     </span>
     <span class='ocr_line' id='line_1_8' title="bbox 240 1436 1820 1539; baseline -0.001 -24"><span class='ocrx_word' id='word_1_73' title='bbox 240 1444 362 1516; x_wconf 89' lang='lat' dir='ltr'><strong>matris</strong></span> <span class='ocrx_word' id='word_1_74' title='bbox 376 1443 551 1533; x_wconf 76' lang='lat' dir='ltr'><strong>Ecclesiae,</strong></span> <span class='ocrx_word' id='word_1_75' title='bbox 567 1440 667 1538; x_wconf 93' lang='lat' dir='ltr'><strong>quod</strong></span> <span class='ocrx_word' id='word_1_76' title='bbox 685 1440 720 1510; x_wconf 88' lang='lat' dir='ltr'><strong>in</strong></span> <span class='ocrx_word' id='word_1_77' title='bbox 732 1436 894 1538; x_wconf 91' lang='lat' dir='ltr'><strong>partibus</strong></span> <span class='ocrx_word' id='word_1_78' title='bbox 905 1442 1112 1511; x_wconf 85' lang='lat' dir='ltr'><strong>Graecorum</strong></span> <span class='ocrx_word' id='word_1_79' title='bbox 1125 1439 1236 1512; x_wconf 92' lang='lat' dir='ltr'><strong>bodie</strong></span> <span class='ocrx_word' id='word_1_80' title='bbox 1250 1440 1352 1536; x_wconf 83' lang='lat' dir='ltr'><strong>quasi</strong></span> <span class='ocrx_word' id='word_1_81' title='bbox 1367 1440 1497 1512; x_wconf 81' lang='lat' dir='ltr'><strong>militiae</strong></span> <span class='ocrx_word' id='word_1_82' title='bbox 1510 1464 1617 1513; x_wconf 80' lang='lat' dir='ltr'><strong>causa</strong></span> <span class='ocrx_word' id='word_1_83' title='bbox 1629 1442 1820 1539; x_wconf 82' lang='lat' dir='ltr'><strong>peragitur,</strong></span> 
     </span>
     <span class='ocr_line' id='line_1_9' title="bbox 239 1560 1825 1666; baseline -0.001 -26"><span class='ocrx_word' id='word_1_84' title='bbox 239 1566 371 1665; x_wconf 90' lang='lat' dir='ltr'><strong>quibus</strong></span> <span class='ocrx_word' id='word_1_85' title='bbox 390 1581 426 1639; x_wconf 92' lang='lat' dir='ltr'><strong>et</strong></span> <span class='ocrx_word' id='word_1_86' title='bbox 441 1564 646 1665; x_wconf 90' lang='lat' dir='ltr'><strong>baptizandi</strong></span> <span class='ocrx_word' id='word_1_87' title='bbox 670 1587 755 1634; x_wconf 86' lang='lat' dir='ltr'><strong>usus</strong></span> <span class='ocrx_word' id='word_1_88' title='bbox 777 1562 813 1633; x_wconf 91' lang='lat' dir='ltr'><strong>in</strong></span> <span class='ocrx_word' id='word_1_89' title='bbox 832 1560 981 1635; x_wconf 85' lang='lat' dir='ltr'><strong>ecclesia</strong></span> <span class='ocrx_word' id='word_1_90' title='bbox 996 1589 1070 1636; x_wconf 90' lang='lat' dir='ltr'><strong>non</strong></span> <span class='ocrx_word' id='word_1_91' title='bbox 1093 1579 1293 1661; x_wconf 83' lang='lat' dir='ltr'><strong>negatur.»</strong></span> <span class='ocrx_word' id='word_1_92' title='bbox 1313 1563 1483 1636; x_wconf 89' lang='lat' dir='ltr'><strong>Claudius</strong></span> <span class='ocrx_word' id='word_1_93' title='bbox 1498 1589 1645 1663; x_wconf 91' lang='lat' dir='ltr'><strong>quoque</strong></span> <span class='ocrx_word' id='word_1_94' title='bbox 1662 1566 1698 1637; x_wconf 92' lang='lat' dir='ltr'><strong>in</strong></span> <span class='ocrx_word' id='word_1_95' title='bbox 1715 1591 1825 1666; x_wconf 84' lang='lat' dir='ltr'><strong>expo·</strong></span> 
     </span>
     <span class='ocr_line' id='line_1_10' title="bbox 240 1680 1829 1783; baseline 0.003 -27"><span class='ocrx_word' id='word_1_96' title='bbox 240 1687 368 1758; x_wconf 89' lang='lat' dir='ltr'><strong>sitione</strong></span> <span class='ocrx_word' id='word_1_97' title='bbox 381 1687 488 1783; x_wconf 86' lang='lat' dir='ltr'><strong>hujus</strong></span> <span class='ocrx_word' id='word_1_98' title='bbox 504 1682 667 1783; x_wconf 87' lang='lat' dir='ltr'><strong>Epistolae</strong></span> <span class='ocrx_word' id='word_1_99' title='bbox 686 1708 694 1752; x_wconf 73' lang='grc' dir='ltr'><strong><em>ε</em></strong></span> <span class='ocrx_word' id='word_1_100' title='bbox 711 1683 806 1753; x_wconf 75' lang='lat' dir='ltr'><strong>«Hic</strong></span> <span class='ocrx_word' id='word_1_101' title='bbox 830 1680 931 1753; x_wconf 87' lang='lat' dir='ltr'><strong>locus</strong></span> <span class='ocrx_word' id='word_1_102' title='bbox 953 1681 1060 1755; x_wconf 91' lang='lat' dir='ltr'><strong>docet</strong></span> <span class='ocrx_word' id='word_1_103' title='bbox 1084 1685 1193 1756; x_wconf 88' lang='lat' dir='ltr'><strong>etiam</strong></span> <span class='ocrx_word' id='word_1_104' title='bbox 1215 1683 1365 1757; x_wconf 88' lang='lat' dir='ltr'><strong>feminas</strong></span> <span class='ocrx_word' id='word_1_105' title='bbox 1387 1683 1424 1755; x_wconf 92' lang='lat' dir='ltr'><strong>in</strong></span> <span class='ocrx_word' id='word_1_106' title='bbox 1449 1685 1645 1757; x_wconf 89' lang='lat' dir='ltr'><strong>ministerio</strong></span> <span class='ocrx_word' id='word_1_107' title='bbox 1666 1685 1829 1761; x_wconf 77' lang='lat' dir='ltr'><strong>Ecclesia</strong></span> 
     </span>
     <span class='ocr_line' id='line_1_11' title="bbox 239 1799 1822 1901; baseline 0.003 -26"><span class='ocrx_word' id='word_1_108' title='bbox 239 1806 419 1898; x_wconf 91' lang='lat' dir='ltr'><strong>constitui,</strong></span> <span class='ocrx_word' id='word_1_109' title='bbox 447 1805 484 1876; x_wconf 89' lang='lat' dir='ltr'><strong>in</strong></span> <span class='ocrx_word' id='word_1_110' title='bbox 509 1829 582 1901; x_wconf 92' lang='lat' dir='ltr'><strong>quo</strong></span> <span class='ocrx_word' id='word_1_111' title='bbox 606 1799 727 1876; x_wconf 86' lang='lat' dir='ltr'><strong>officio</strong></span> <span class='ocrx_word' id='word_1_112' title='bbox 753 1800 906 1901; x_wconf 87' lang='lat' dir='ltr'><strong>positam</strong></span> <span class='ocrx_word' id='word_1_113' title='bbox 925 1801 1068 1874; x_wconf 91' lang='lat' dir='ltr'><strong>Pheben</strong></span> <span class='ocrx_word' id='word_1_114' title='bbox 1094 1802 1192 1901; x_wconf 91' lang='lat' dir='ltr'><strong>apud</strong></span> <span class='ocrx_word' id='word_1_115' title='bbox 1216 1802 1422 1893; x_wconf 84' lang='lat' dir='ltr'><strong>Ecclesiam,</strong></span> <span class='ocrx_word' id='word_1_116' title='bbox 1452 1827 1531 1900; x_wconf 88' lang='lat' dir='ltr'><strong>quae</strong></span> <span class='ocrx_word' id='word_1_117' title='bbox 1556 1819 1609 1876; x_wconf 89' lang='lat' dir='ltr'><strong>est</strong></span> <span class='ocrx_word' id='word_1_118' title='bbox 1633 1805 1822 1900; x_wconf 90' lang='lat' dir='ltr'><strong>Ceucbris,</strong></span> 
     </span>
     <span class='ocr_line' id='line_1_12' title="bbox 240 1919 1477 2023; baseline -0.006 -26"><span class='ocrx_word' id='word_1_119' title='bbox 240 1925 430 2023; x_wconf 77' lang='lat' dir='ltr'><strong>Apostolus</strong></span> <span class='ocrx_word' id='word_1_120' title='bbox 445 1948 528 1997; x_wconf 91' lang='lat' dir='ltr'><strong>curn</strong></span> <span class='ocrx_word' id='word_1_121' title='bbox 545 1945 673 2019; x_wconf 83' lang='lat' dir='ltr'><strong>magna</strong></span> <span class='ocrx_word' id='word_1_122' title='bbox 690 1919 797 1992; x_wconf 90' lang='lat' dir='ltr'><strong>laude</strong></span> <span class='ocrx_word' id='word_1_123' title='bbox 812 1935 847 1991; x_wconf 93' lang='lat' dir='ltr'><strong>et</strong></span> <span class='ocrx_word' id='word_1_124' title='bbox 864 1920 1180 1994; x_wconf 78' lang='lat' dir='ltr'><strong>commendatione</strong></span> <span class='ocrx_word' id='word_1_125' title='bbox 1197 1921 1438 2021; x_wconf 85' lang='lat' dir='ltr'><strong>prosequitur.</strong></span> <span class='ocrx_word' id='word_1_126' title='bbox 1458 1948 1477 1989; x_wconf 85' lang='lat' dir='ltr'><strong>u</strong></span> 
     </span>
    </p>

    <p class='ocr_par' dir='ltr' id='par_1_3' title="bbox 209 2039 1835 4999">
     <span class='ocr_line' id='line_1_13' title="bbox 290 2039 1826 2146; baseline 0.006 -38"><span class='ocrx_word' id='word_1_127' title='bbox 290 2074 307 2108; x_wconf 69' lang='lat' dir='ltr'><strong>a</strong></span> <span class='ocrx_word' id='word_1_128' title='bbox 329 2044 485 2116; x_wconf 87' lang='lat' dir='ltr'><strong>Salutate</strong></span> <span class='ocrx_word' id='word_1_129' title='bbox 517 2043 670 2146; x_wconf 83' lang='lat' dir='ltr'><strong>Priscam</strong></span> <span class='ocrx_word' id='word_1_130' title='bbox 696 2053 733 2111; x_wconf 89' lang='lat' dir='ltr'><strong>et</strong></span> <span class='ocrx_word' id='word_1_131' title='bbox 754 2039 918 2136; x_wconf 77' lang='lat' dir='ltr'><strong>Aquilam</strong></span> <span class='ocrx_word' id='word_1_132' title='bbox 942 2040 1124 2136; x_wconf 88' lang='lat' dir='ltr'><strong>adjutores</strong></span> <span class='ocrx_word' id='word_1_133' title='bbox 1143 2065 1256 2112; x_wconf 87' lang='lat' dir='ltr'><strong>meos.</strong></span> <span class='ocrx_word' id='word_1_134' title='bbox 1273 2069 1292 2108; x_wconf 83' lang='lat' dir='ltr'><strong>u</strong></span> <span class='ocrx_word' id='word_1_135' title='bbox 1311 2045 1352 2111; x_wconf 93' lang='lat' dir='ltr'><strong>ln</strong></span> <span class='ocrx_word' id='word_1_136' title='bbox 1378 2039 1450 2113; x_wconf 86' lang='lat' dir='ltr'><strong>fine</strong></span> <span class='ocrx_word' id='word_1_137' title='bbox 1471 2041 1628 2139; x_wconf 84' lang='lat' dir='ltr'><strong>epistolae</strong></span> <span class='ocrx_word' id='word_1_138' title='bbox 1648 2043 1826 2140; x_wconf 87' lang='lat' dir='ltr'><strong>quosdam</strong></span> 
     </span>
     <span class='ocr_line' id='line_1_14' title="bbox 240 2157 1827 2260; baseline 0.002 -28"><span class='ocrx_word' id='word_1_139' title='bbox 240 2163 453 2234; x_wconf 90' lang='lat' dir='ltr'><strong>nominatim</strong></span> <span class='ocrx_word' id='word_1_140' title='bbox 474 2159 663 2234; x_wconf 87' lang='lat' dir='ltr'><strong>salutando</strong></span> <span class='ocrx_word' id='word_1_141' title='bbox 690 2157 886 2257; x_wconf 88' lang='lat' dir='ltr'><strong>plurimum</strong></span> <span class='ocrx_word' id='word_1_142' title='bbox 912 2159 1161 2252; x_wconf 86' lang='lat' dir='ltr'><strong>commendat,</strong></span> <span class='ocrx_word' id='word_1_143' title='bbox 1194 2174 1233 2231; x_wconf 90' lang='lat' dir='ltr'><strong>ut</strong></span> <span class='ocrx_word' id='word_1_144' title='bbox 1260 2185 1386 2232; x_wconf 91' lang='lat' dir='ltr'><strong>eorum</strong></span> <span class='ocrx_word' id='word_1_145' title='bbox 1413 2161 1591 2260; x_wconf 72' lang='lat' dir='ltr'><strong>precipue</strong></span> <span class='ocrx_word' id='word_1_146' title='bbox 1617 2163 1766 2235; x_wconf 88' lang='lat' dir='ltr'><strong>consilio</strong></span> <span class='ocrx_word' id='word_1_147' title='bbox 1792 2186 1827 2236; x_wconf 88' lang='lat' dir='ltr'><strong>et</strong></span> 
     </span>
     <span class='ocr_line' id='line_1_15' title="bbox 240 2277 1828 2378; baseline 0.001 -29"><span class='ocrx_word' id='word_1_148' title='bbox 240 2281 440 2352; x_wconf 89' lang='lat' dir='ltr'><strong>auctoritati</strong></span> <span class='ocrx_word' id='word_1_149' title='bbox 474 2281 537 2377; x_wconf 93' lang='lat' dir='ltr'><strong>qui</strong></span> <span class='ocrx_word' id='word_1_150' title='bbox 567 2277 795 2377; x_wconf 80' lang='lat' dir='ltr'><strong>perfectiores</strong></span> <span class='ocrx_word' id='word_1_151' title='bbox 832 2293 934 2350; x_wconf 90' lang='lat' dir='ltr'><strong>erant</strong></span> <span class='ocrx_word' id='word_1_152' title='bbox 971 2280 1087 2350; x_wconf 75' lang='lat' dir='ltr'><strong>caeteri</strong></span> <span class='ocrx_word' id='word_1_153' title='bbox 1118 2279 1358 2376; x_wconf 86' lang='lat' dir='ltr'><strong>acquiescant.</strong></span> <span class='ocrx_word' id='word_1_154' title='bbox 1396 2280 1548 2350; x_wconf 86' lang='lat' dir='ltr'><strong>Priscam</strong></span> <span class='ocrx_word' id='word_1_155' title='bbox 1584 2278 1643 2351; x_wconf 91' lang='lat' dir='ltr'><strong>bic</strong></span> <span class='ocrx_word' id='word_1_156' title='bbox 1674 2281 1828 2378; x_wconf 86' lang='lat' dir='ltr'><strong>appellat</strong></span> 
     </span>
     <span class='ocr_line' id='line_1_16' title="bbox 241 2395 1826 2497; baseline 0.003 -28"><span class='ocrx_word' id='word_1_157' title='bbox 241 2400 442 2497; x_wconf 76' lang='lat' dir='ltr'><strong>Apostolus,</strong></span> <span class='ocrx_word' id='word_1_158' title='bbox 472 2423 551 2496; x_wconf 78' lang='lat' dir='ltr'><strong>quae</strong></span> <span class='ocrx_word' id='word_1_159' title='bbox 575 2398 611 2470; x_wconf 91' lang='lat' dir='ltr'><strong>in</strong></span> <span class='ocrx_word' id='word_1_160' title='bbox 636 2395 781 2469; x_wconf 80' lang='lat' dir='ltr'><strong>Actibus</strong></span> <span class='ocrx_word' id='word_1_161' title='bbox 807 2397 1059 2494; x_wconf 82' lang='lat' dir='ltr'><strong>Apostolorum</strong></span> <span class='ocrx_word' id='word_1_162' title='bbox 1082 2396 1237 2469; x_wconf 89' lang='lat' dir='ltr'><strong>Priscilla</strong></span> <span class='ocrx_word' id='word_1_163' title='bbox 1260 2396 1479 2488; x_wconf 88' lang='lat' dir='ltr'><strong>nominatur,</strong></span> <span class='ocrx_word' id='word_1_164' title='bbox 1498 2396 1648 2495; x_wconf 88' lang='lat' dir='ltr'><strong>pulchra</strong></span> <span class='ocrx_word' id='word_1_165' title='bbox 1671 2401 1826 2496; x_wconf 89' lang='lat' dir='ltr'><strong>quadam</strong></span> 
     </span>
     <span class='ocr_line' id='line_1_17' title="bbox 240 2513 1827 2607; baseline 0.003 -21"><span class='ocrx_word' id='word_1_166' title='bbox 240 2517 396 2591; x_wconf 81' lang='lat' dir='ltr'><strong>fortassis</strong></span> <span class='ocrx_word' id='word_1_167' title='bbox 422 2518 579 2591; x_wconf 89' lang='lat' dir='ltr'><strong>nominis</strong></span> <span class='ocrx_word' id='word_1_168' title='bbox 605 2516 796 2607; x_wconf 90' lang='lat' dir='ltr'><strong>allusione,</strong></span> <span class='ocrx_word' id='word_1_169' title='bbox 832 2529 872 2587; x_wconf 92' lang='lat' dir='ltr'><strong>ut</strong></span> <span class='ocrx_word' id='word_1_170' title='bbox 896 2539 977 2588; x_wconf 89' lang='lat' dir='ltr'><strong>eam</strong></span> <span class='ocrx_word' id='word_1_171' title='bbox 1001 2513 1135 2588; x_wconf 88' lang='lat' dir='ltr'><strong>scilicet</strong></span> <span class='ocrx_word' id='word_1_172' title='bbox 1172 2539 1277 2588; x_wconf 89' lang='lat' dir='ltr'><strong>sensu</strong></span> <span class='ocrx_word' id='word_1_173' title='bbox 1306 2531 1342 2587; x_wconf 92' lang='lat' dir='ltr'><strong>et</strong></span> <span class='ocrx_word' id='word_1_174' title='bbox 1372 2516 1531 2587; x_wconf 87' lang='lat' dir='ltr'><strong>moribus</strong></span> <span class='ocrx_word' id='word_1_175' title='bbox 1557 2532 1709 2590; x_wconf 89' lang='lat' dir='ltr'><strong>matrem</strong></span> <span class='ocrx_word' id='word_1_176' title='bbox 1741 2519 1827 2590; x_wconf 88' lang='lat' dir='ltr'><strong>iusi·</strong></span> 
     </span>
     <span class='ocr_line' id='line_1_18' title="bbox 240 2632 1829 2732; baseline 0.003 -26"><span class='ocrx_word' id='word_1_177' title='bbox 240 2651 339 2708; x_wconf 88' lang='lat' dir='ltr'><strong>nuet.</strong></span> <span class='ocrx_word' id='word_1_178' title='bbox 368 2640 453 2709; x_wconf 86' lang='lat' dir='ltr'><strong>Erat</strong></span> <span class='ocrx_word' id='word_1_179' title='bbox 482 2650 602 2708; x_wconf 90' lang='lat' dir='ltr'><strong>autem</strong></span> <span class='ocrx_word' id='word_1_180' title='bbox 634 2634 789 2706; x_wconf 84' lang='lat' dir='ltr'><strong>Priscilla</strong></span> <span class='ocrx_word' id='word_1_181' title='bbox 818 2659 911 2706; x_wconf 84' lang='lat' dir='ltr'><strong>uxor</strong></span> <span class='ocrx_word' id='word_1_182' title='bbox 935 2633 1087 2732; x_wconf 81' lang='lat' dir='ltr'><strong>Aquilae,</strong></span> <span class='ocrx_word' id='word_1_183' title='bbox 1110 2647 1144 2709; x_wconf 87' lang='lat' dir='ltr'><strong>el</strong></span> <span class='ocrx_word' id='word_1_184' title='bbox 1174 2632 1282 2705; x_wconf 92' lang='lat' dir='ltr'><strong>ambo</strong></span> <span class='ocrx_word' id='word_1_185' title='bbox 1312 2632 1359 2706; x_wconf 94' lang='lat' dir='ltr'><strong>de</strong></span> <span class='ocrx_word' id='word_1_186' title='bbox 1377 2633 1562 2707; x_wconf 82' lang='lat' dir='ltr'><strong>ludaismo</strong></span> <span class='ocrx_word' id='word_1_187' title='bbox 1592 2638 1757 2708; x_wconf 80' lang='lat' dir='ltr'><strong>conversi</strong></span> <span class='ocrx_word' id='word_1_188' title='bbox 1782 2639 1829 2710; x_wconf 93' lang='lat' dir='ltr'><strong>ad</strong></span> 
     </span>
     <span class='ocr_line' id='line_1_19' title="bbox 240 2753 1826 2852; baseline 0.001 -25"><span class='ocrx_word' id='word_1_189' title='bbox 240 2753 435 2827; x_wconf 88' lang='lat' dir='ltr'><strong>Christum.</strong></span> <span class='ocrx_word' id='word_1_190' title='bbox 455 2783 473 2822; x_wconf 76' lang='lat' dir='ltr'><strong>a</strong></span> <span class='ocrx_word' id='word_1_191' title='bbox 487 2758 528 2826; x_wconf 93' lang='lat' dir='ltr'><strong>ln</strong></span> <span class='ocrx_word' id='word_1_192' title='bbox 546 2754 686 2825; x_wconf 89' lang='lat' dir='ltr'><strong>Christo</strong></span> <span class='ocrx_word' id='word_1_193' title='bbox 698 2757 779 2825; x_wconf 86' lang='lat' dir='ltr'><strong>lesu</strong></span> <span class='ocrx_word' id='word_1_194' title='bbox 795 2755 871 2851; x_wconf 91' lang='lat' dir='ltr'><strong>qui,</strong></span> <span class='ocrx_word' id='word_1_195' title='bbox 889 2784 906 2819; x_wconf 88' lang='grc'>»</span> <span class='ocrx_word' id='word_1_196' title='bbox 924 2753 962 2826; x_wconf 88' lang='lat' dir='ltr'><strong>id</strong></span> <span class='ocrx_word' id='word_1_197' title='bbox 976 2769 1027 2826; x_wconf 88' lang='lat' dir='ltr'><strong>est</strong></span> <span class='ocrx_word' id='word_1_198' title='bbox 1041 2779 1109 2852; x_wconf 91' lang='lat' dir='ltr'><strong>pro</strong></span> <span class='ocrx_word' id='word_1_199' title='bbox 1123 2753 1265 2825; x_wconf 89' lang='lat' dir='ltr'><strong>Christo</strong></span> <span class='ocrx_word' id='word_1_200' title='bbox 1283 2753 1463 2850; x_wconf 88' lang='lat' dir='ltr'><strong>adjutores</strong></span> <span class='ocrx_word' id='word_1_201' title='bbox 1479 2755 1515 2825; x_wconf 93' lang='lat' dir='ltr'><strong>in</strong></span> <span class='ocrx_word' id='word_1_202' title='bbox 1533 2755 1653 2827; x_wconf 85' lang='lat' dir='ltr'><strong>multis</strong></span> <span class='ocrx_word' id='word_1_203' title='bbox 1669 2755 1826 2846; x_wconf 85' lang='lat' dir='ltr'><strong>fuerunt,</strong></span> 
     </span>
     <span class='ocr_line' id='line_1_20' title="bbox 240 2873 1830 2974; baseline 0.003 -30"><span class='ocrx_word' id='word_1_204' title='bbox 240 2897 328 2971; x_wconf 90' lang='lat' dir='ltr'><strong>quas</strong></span> <span class='ocrx_word' id='word_1_205' title='bbox 355 2874 442 2946; x_wconf 91' lang='lat' dir='ltr'><strong>olim</strong></span> <span class='ocrx_word' id='word_1_206' title='bbox 468 2898 551 2945; x_wconf 89' lang='lat' dir='ltr'><strong>cum</strong></span> <span class='ocrx_word' id='word_1_207' title='bbox 579 2874 713 2945; x_wconf 86' lang='lat' dir='ltr'><strong>caeteris</strong></span> <span class='ocrx_word' id='word_1_208' title='bbox 737 2873 866 2945; x_wconf 81' lang='lat' dir='ltr'><strong>ludaeis</strong></span> <span class='ocrx_word' id='word_1_209' title='bbox 887 2898 951 2972; x_wconf 87' lang='lat' dir='ltr'><strong>per</strong></span> <span class='ocrx_word' id='word_1_210' title='bbox 966 2873 1155 2947; x_wconf 90' lang='lat' dir='ltr'><strong>Claudium</strong></span> <span class='ocrx_word' id='word_1_211' title='bbox 1185 2876 1296 2946; x_wconf 83' lang='lat' dir='ltr'><strong>Roma</strong></span> <span class='ocrx_word' id='word_1_212' title='bbox 1318 2874 1481 2974; x_wconf 85' lang='lat' dir='ltr'><strong>expulsas</strong></span> <span class='ocrx_word' id='word_1_213' title='bbox 1502 2873 1690 2972; x_wconf 82' lang='lat' dir='ltr'><strong>Apostolus</strong></span> <span class='ocrx_word' id='word_1_214' title='bbox 1704 2877 1830 2949; x_wconf 82' lang='lat' dir='ltr'><strong>Coriu-</strong></span> 
     </span>
     <span class='ocr_line' id='line_1_21' title="bbox 240 2992 1827 3093; baseline 0.006 -31"><span class='ocrx_word' id='word_1_215' title='bbox 240 2992 343 3065; x_wconf 90' lang='lat' dir='ltr'><strong>tbum</strong></span> <span class='ocrx_word' id='word_1_216' title='bbox 363 2996 510 3067; x_wconf 86' lang='lat' dir='ltr'><strong>veniens</strong></span> <span class='ocrx_word' id='word_1_217' title='bbox 523 2992 572 3065; x_wconf 90' lang='lat' dir='ltr'><strong>ibi</strong></span> <span class='ocrx_word' id='word_1_218' title='bbox 587 2992 736 3084; x_wconf 88' lang='lat' dir='ltr'><strong>invenit,</strong></span> <span class='ocrx_word' id='word_1_219' title='bbox 755 3008 791 3066; x_wconf 93' lang='lat' dir='ltr'><strong>et</strong></span> <span class='ocrx_word' id='word_1_220' title='bbox 805 2993 889 3093; x_wconf 86' lang='lat' dir='ltr'><strong>quia</strong></span> <span class='ocrx_word' id='word_1_221' title='bbox 902 2992 1062 3091; x_wconf 86' lang='lat' dir='ltr'><strong>ejusdem</strong></span> <span class='ocrx_word' id='word_1_222' title='bbox 1078 2994 1164 3066; x_wconf 88' lang='lat' dir='ltr'><strong>artis</strong></span> <span class='ocrx_word' id='word_1_223' title='bbox 1179 3008 1254 3067; x_wconf 87' lang='lat' dir='ltr'><strong>erat</strong></span> <span class='ocrx_word' id='word_1_224' title='bbox 1268 2995 1415 3092; x_wconf 86' lang='lat' dir='ltr'><strong>peritus,</strong></span> <span class='ocrx_word' id='word_1_225' title='bbox 1434 2993 1471 3066; x_wconf 94' lang='lat' dir='ltr'><strong>id</strong></span> <span class='ocrx_word' id='word_1_226' title='bbox 1486 3007 1539 3066; x_wconf 88' lang='lat' dir='ltr'><strong>est</strong></span> <span class='ocrx_word' id='word_1_227' title='bbox 1554 2994 1827 3092; x_wconf 76' lang='lat' dir='ltr'><strong>scenefactoriae,</strong></span> 
     </span>
     <span class='ocr_line' id='line_1_22' title="bbox 235 3112 1832 3212; baseline 0.004 -29"><span class='ocrx_word' id='word_1_228' title='bbox 235 3113 353 3208; x_wconf 82' lang='lat' dir='ltr'><strong>junxit</strong></span> <span class='ocrx_word' id='word_1_229' title='bbox 377 3136 414 3184; x_wconf 93' lang='lat' dir='ltr'><strong>se</strong></span> <span class='ocrx_word' id='word_1_230' title='bbox 434 3112 516 3205; x_wconf 91' lang='lat' dir='ltr'><strong>illis,</strong></span> <span class='ocrx_word' id='word_1_231' title='bbox 537 3126 577 3184; x_wconf 95' lang='lat' dir='ltr'><strong>ut</strong></span> <span class='ocrx_word' id='word_1_232' title='bbox 588 3113 693 3184; x_wconf 90' lang='lat' dir='ltr'><strong>simul</strong></span> <span class='ocrx_word' id='word_1_233' title='bbox 714 3128 961 3212; x_wconf 85' lang='lat' dir='ltr'><strong>operarentur.</strong></span> <span class='ocrx_word' id='word_1_234' title='bbox 984 3112 1088 3186; x_wconf 91' lang='lat' dir='ltr'><strong>Unde</strong></span> <span class='ocrx_word' id='word_1_235' title='bbox 1109 3114 1202 3186; x_wconf 89' lang='lat' dir='ltr'><strong>Beda</strong></span> <span class='ocrx_word' id='word_1_236' title='bbox 1222 3118 1259 3184; x_wconf 81' lang='lat' dir='ltr'><strong>in</strong></span> <span class='ocrx_word' id='word_1_237' title='bbox 1274 3119 1384 3185; x_wconf 79' lang='lat' dir='ltr'><strong>Actus</strong></span> <span class='ocrx_word' id='word_1_238' title='bbox 1397 3114 1671 3210; x_wconf 81' lang='lat' dir='ltr'><strong>Apostolorum:</strong></span> <span class='ocrx_word' id='word_1_239' title='bbox 1686 3147 1703 3181; x_wconf 86' lang='lat'>«</span> <span class='ocrx_word' id='word_1_240' title='bbox 1722 3121 1832 3189; x_wconf 84' lang='lat' dir='ltr'><strong>Erant</strong></span> 
     </span>
     <span class='ocr_line' id='line_1_23' title="bbox 241 3231 1831 3331; baseline 0.003 -27"><span class='ocrx_word' id='word_1_241' title='bbox 241 3232 338 3304; x_wconf 88' lang='lat' dir='ltr'><strong>enim</strong></span> <span class='ocrx_word' id='word_1_242' title='bbox 362 3231 626 3304; x_wconf 68' lang='lat' dir='ltr'><strong>scenofactoria</strong></span> <span class='ocrx_word' id='word_1_243' title='bbox 649 3232 745 3322; x_wconf 88' lang='lat' dir='ltr'><strong>artis,</strong></span> <span class='ocrx_word' id='word_1_244' title='bbox 775 3233 877 3329; x_wconf 89' lang='lat' dir='ltr'><strong>quasi</strong></span> <span class='ocrx_word' id='word_1_245' title='bbox 902 3232 1024 3305; x_wconf 79' lang='lat' dir='ltr'><strong>exules</strong></span> <span class='ocrx_word' id='word_1_246' title='bbox 1047 3246 1083 3304; x_wconf 88' lang='lat' dir='ltr'><strong>et</strong></span> <span class='ocrx_word' id='word_1_247' title='bbox 1104 3233 1282 3329; x_wconf 84' lang='lat' dir='ltr'><strong>peregrini</strong></span> <span class='ocrx_word' id='word_1_248' title='bbox 1308 3234 1462 3305; x_wconf 89' lang='lat' dir='ltr'><strong>tentoria</strong></span> <span class='ocrx_word' id='word_1_249' title='bbox 1482 3232 1549 3304; x_wconf 92' lang='lat' dir='ltr'><strong>sibi</strong></span> <span class='ocrx_word' id='word_1_250' title='bbox 1567 3234 1698 3331; x_wconf 89' lang='lat' dir='ltr'><strong>quibus</strong></span> <span class='ocrx_word' id='word_1_251' title='bbox 1720 3237 1756 3306; x_wconf 91' lang='lat' dir='ltr'><strong>in</strong></span> <span class='ocrx_word' id='word_1_252' title='bbox 1775 3236 1831 3309; x_wconf 82' lang='lat' dir='ltr'><strong>via</strong></span> 
     </span>
     <span class='ocr_line' id='line_1_24' title="bbox 240 3348 1831 3449; baseline 0.003 -28"><span class='ocrx_word' id='word_1_253' title='bbox 240 3364 386 3422; x_wconf 87' lang='lat' dir='ltr'><strong>utantur</strong></span> <span class='ocrx_word' id='word_1_254' title='bbox 411 3349 600 3423; x_wconf 81' lang='lat' dir='ltr'><strong>aedificant.</strong></span> <span class='ocrx_word' id='word_1_255' title='bbox 627 3353 749 3423; x_wconf 67' lang='lat' dir='ltr'><strong>&amp;ente</strong></span> <span class='ocrx_word' id='word_1_256' title='bbox 775 3352 871 3423; x_wconf 84' lang='lat' dir='ltr'><strong>enim</strong></span> <span class='ocrx_word' id='word_1_257' title='bbox 898 3353 1019 3421; x_wconf 73' lang='lat' dir='ltr'><strong>Graece</strong></span> <span class='ocrx_word' id='word_1_258' title='bbox 1045 3348 1275 3422; x_wconf 87' lang='lat' dir='ltr'><strong>tabernacula</strong></span> <span class='ocrx_word' id='word_1_259' title='bbox 1296 3349 1478 3443; x_wconf 90' lang='lat' dir='ltr'><strong>dicuntur,</strong></span> <span class='ocrx_word' id='word_1_260' title='bbox 1506 3353 1760 3449; x_wconf 83' lang='lat' dir='ltr'><strong>etymologiam</strong></span> <span class='ocrx_word' id='word_1_261' title='bbox 1785 3354 1831 3426; x_wconf 91' lang='lat' dir='ltr'><strong>ab</strong></span> 
     </span>
     <span class='ocr_line' id='line_1_25' title="bbox 240 3466 1831 3567; baseline 0.003 -28"><span class='ocrx_word' id='word_1_262' title='bbox 240 3467 493 3540; x_wconf 90' lang='lat' dir='ltr'><strong>obumbrando</strong></span> <span class='ocrx_word' id='word_1_263' title='bbox 509 3468 688 3559; x_wconf 87' lang='lat' dir='ltr'><strong>ducentia,</strong></span> <span class='ocrx_word' id='word_1_264' title='bbox 708 3469 806 3567; x_wconf 89' lang='lat' dir='ltr'><strong>apud</strong></span> <span class='ocrx_word' id='word_1_265' title='bbox 821 3492 914 3567; x_wconf 91' lang='lat' dir='ltr'><strong>quos</strong></span> <span class='ocrx_word' id='word_1_266' title='bbox 933 3466 1063 3540; x_wconf 89' lang='lat' dir='ltr'><strong>umbra</strong></span> <span class='ocrx_word' id='word_1_267' title='bbox 1081 3492 1189 3539; x_wconf 88' lang='lat' dir='ltr'><strong>scena</strong></span> <span class='ocrx_word' id='word_1_268' title='bbox 1211 3467 1353 3540; x_wconf 87' lang='lat' dir='ltr'><strong>dicitur.</strong></span> <span class='ocrx_word' id='word_1_269' title='bbox 1375 3471 1496 3540; x_wconf 81' lang='lat' dir='ltr'><strong>Sceuae</strong></span> <span class='ocrx_word' id='word_1_270' title='bbox 1510 3470 1606 3541; x_wconf 88' lang='lat' dir='ltr'><strong>euim</strong></span> <span class='ocrx_word' id='word_1_271' title='bbox 1631 3469 1687 3541; x_wconf 79' lang='lat' dir='ltr'><strong>vel</strong></span> <span class='ocrx_word' id='word_1_272' title='bbox 1705 3495 1831 3543; x_wconf 90' lang='lat' dir='ltr'><strong>sceno·</strong></span> 
     </span>
     <span class='ocr_line' id='line_1_26' title="bbox 241 3586 1831 3686; baseline 0.004 -29"><span class='ocrx_word' id='word_1_273' title='bbox 241 3601 335 3659; x_wconf 92' lang='lat' dir='ltr'><strong>mata</strong></span> <span class='ocrx_word' id='word_1_274' title='bbox 349 3591 448 3686; x_wconf 87' lang='lat' dir='ltr'><strong>quasi</strong></span> <span class='ocrx_word' id='word_1_275' title='bbox 464 3587 671 3660; x_wconf 90' lang='lat' dir='ltr'><strong>umbracula</strong></span> <span class='ocrx_word' id='word_1_276' title='bbox 689 3603 832 3680; x_wconf 88' lang='lat' dir='ltr'><strong>sonant,</strong></span> <span class='ocrx_word' id='word_1_277' title='bbox 851 3612 929 3685; x_wconf 84' lang='lat' dir='ltr'><strong>quae</strong></span> <span class='ocrx_word' id='word_1_278' title='bbox 943 3611 987 3658; x_wconf 88' lang='lat' dir='ltr'><strong>ex</strong></span> <span class='ocrx_word' id='word_1_279' title='bbox 999 3586 1102 3659; x_wconf 90' lang='lat' dir='ltr'><strong>lineis</strong></span> <span class='ocrx_word' id='word_1_280' title='bbox 1115 3601 1178 3659; x_wconf 89' lang='lat' dir='ltr'><strong>aut</strong></span> <span class='ocrx_word' id='word_1_281' title='bbox 1195 3587 1306 3660; x_wconf 84' lang='lat' dir='ltr'><strong>laneis</strong></span> <span class='ocrx_word' id='word_1_282' title='bbox 1318 3601 1379 3660; x_wconf 93' lang='lat' dir='ltr'><strong>aut</strong></span> <span class='ocrx_word' id='word_1_283' title='bbox 1392 3587 1553 3679; x_wconf 88' lang='lat' dir='ltr'><strong>cilicinis,</strong></span> <span class='ocrx_word' id='word_1_284' title='bbox 1571 3589 1644 3659; x_wconf 85' lang='lat' dir='ltr'><strong>sive</strong></span> <span class='ocrx_word' id='word_1_285' title='bbox 1661 3613 1704 3661; x_wconf 87' lang='lat' dir='ltr'><strong>ex</strong></span> <span class='ocrx_word' id='word_1_286' title='bbox 1720 3590 1831 3665; x_wconf 90' lang='lat' dir='ltr'><strong>arbo·</strong></span> 
     </span>
     <span class='ocr_line' id='line_1_27' title="bbox 231 3706 1832 3805; baseline 0.004 -28"><span class='ocrx_word' id='word_1_287' title='bbox 231 3706 322 3778; x_wconf 88' lang='lat' dir='ltr'><strong>&#39;rum</strong></span> <span class='ocrx_word' id='word_1_288' title='bbox 339 3707 539 3801; x_wconf 77' lang='lat' dir='ltr'><strong>frondibus,</strong></span> <span class='ocrx_word' id='word_1_289' title='bbox 567 3722 629 3781; x_wconf 93' lang='lat' dir='ltr'><strong>aut</strong></span> <span class='ocrx_word' id='word_1_290' title='bbox 652 3706 812 3805; x_wconf 79' lang='lat' dir='ltr'><strong>virgultis</strong></span> <span class='ocrx_word' id='word_1_291' title='bbox 835 3719 974 3778; x_wconf 82' lang='lat' dir='ltr'><strong>veteres</strong></span> <span class='ocrx_word' id='word_1_292' title='bbox 989 3730 1066 3778; x_wconf 89' lang='lat' dir='ltr'><strong>esse</strong></span> <span class='ocrx_word' id='word_1_293' title='bbox 1093 3706 1289 3804; x_wconf 89' lang='lat' dir='ltr'><strong>ponebant.</strong></span> <span class='ocrx_word' id='word_1_294' title='bbox 1307 3708 1453 3804; x_wconf 86' lang='lat' dir='ltr'><strong>Mystice</strong></span> <span class='ocrx_word' id='word_1_295' title='bbox 1469 3722 1589 3780; x_wconf 91' lang='lat' dir='ltr'><strong>autem</strong></span> <span class='ocrx_word' id='word_1_296' title='bbox 1604 3709 1694 3780; x_wconf 91' lang='lat' dir='ltr'><strong>sicut</strong></span> <span class='ocrx_word' id='word_1_297' title='bbox 1708 3713 1832 3783; x_wconf 88' lang='lat' dir='ltr'><strong>Petrus</strong></span> 
     </span>
     <span class='ocr_line' id='line_1_28' title="bbox 241 3825 1833 3926; baseline 0.003 -29"><span class='ocrx_word' id='word_1_298' title='bbox 241 3825 414 3924; x_wconf 86' lang='lat' dir='ltr'><strong>piscando</strong></span> <span class='ocrx_word' id='word_1_299' title='bbox 437 3852 504 3899; x_wconf 90' lang='lat' dir='ltr'><strong>nos</strong></span> <span class='ocrx_word' id='word_1_300' title='bbox 525 3850 547 3898; x_wconf 89' lang='lat' dir='ltr'><strong>a</strong></span> <span class='ocrx_word' id='word_1_301' title='bbox 571 3826 739 3899; x_wconf 80' lang='lat' dir='ltr'><strong>fluctibus</strong></span> <span class='ocrx_word' id='word_1_302' title='bbox 754 3826 865 3898; x_wconf 87' lang='lat' dir='ltr'><strong>seculi</strong></span> <span class='ocrx_word' id='word_1_303' title='bbox 889 3826 1054 3916; x_wconf 81' lang='lat' dir='ltr'><strong>extraxit,</strong></span> <span class='ocrx_word' id='word_1_304' title='bbox 1074 3825 1122 3897; x_wconf 91' lang='lat' dir='ltr'><strong>ita</strong></span> <span class='ocrx_word' id='word_1_305' title='bbox 1144 3826 1273 3898; x_wconf 88' lang='lat' dir='ltr'><strong>Paulus</strong></span> <span class='ocrx_word' id='word_1_306' title='bbox 1292 3826 1501 3899; x_wconf 88' lang='lat' dir='ltr'><strong>umbracula</strong></span> <span class='ocrx_word' id='word_1_307' title='bbox 1513 3829 1746 3926; x_wconf 89' lang='lat' dir='ltr'><strong>protectionis</strong></span> <span class='ocrx_word' id='word_1_308' title='bbox 1767 3832 1833 3901; x_wconf 91' lang='lat' dir='ltr'><strong>eri·</strong></span> 
     </span>
     <span class='ocr_line' id='line_1_29' title="bbox 242 3943 1832 4042; baseline 0.003 -27"><span class='ocrx_word' id='word_1_309' title='bbox 242 3945 360 4042; x_wconf 86' lang='lat' dir='ltr'><strong>gendo</strong></span> <span class='ocrx_word' id='word_1_310' title='bbox 383 3946 431 4018; x_wconf 86' lang='lat' dir='ltr'><strong>ab</strong></span> <span class='ocrx_word' id='word_1_311' title='bbox 453 3946 567 4019; x_wconf 89' lang='lat' dir='ltr'><strong>imbre</strong></span> <span class='ocrx_word' id='word_1_312' title='bbox 583 3970 650 4019; x_wconf 91' lang='lat' dir='ltr'><strong>nos</strong></span> <span class='ocrx_word' id='word_1_313' title='bbox 670 3946 876 4037; x_wconf 89' lang='lat' dir='ltr'><strong>criminum,</strong></span> <span class='ocrx_word' id='word_1_314' title='bbox 901 3943 948 4019; x_wconf 85' lang='lat' dir='ltr'><strong>ab</strong></span> <span class='ocrx_word' id='word_1_315' title='bbox 967 3943 1096 4017; x_wconf 82' lang='lat' dir='ltr'><strong>arbtue</strong></span> <span class='ocrx_word' id='word_1_316' title='bbox 1119 3946 1378 4022; x_wconf 81' lang='lat' dir='ltr'><strong>tentationum.</strong></span> <span class='ocrx_word' id='word_1_317' title='bbox 1401 3959 1438 4017; x_wconf 92' lang='lat' dir='ltr'><strong>et</strong></span> <span class='ocrx_word' id='word_1_318' title='bbox 1455 3947 1604 4019; x_wconf 87' lang='lat' dir='ltr'><strong>aventis</strong></span> <span class='ocrx_word' id='word_1_319' title='bbox 1622 3946 1832 4020; x_wconf 87' lang='lat' dir='ltr'><strong>insidiarum</strong></span> 
     </span>
     <span class='ocr_line' id='line_1_30' title="bbox 242 4063 1834 4163; baseline 0.005 -31"><span class='ocrx_word' id='word_1_320' title='bbox 242 4063 352 4136; x_wconf 84' lang='lat' dir='ltr'><strong>verbo</strong></span> <span class='ocrx_word' id='word_1_321' title='bbox 370 4064 541 4162; x_wconf 89' lang='lat' dir='ltr'><strong>factisque</strong></span> <span class='ocrx_word' id='word_1_322' title='bbox 557 4065 729 4140; x_wconf 78' lang='lat' dir='ltr'><strong>defendit.</strong></span> <span class='ocrx_word' id='word_1_323' title='bbox 745 4095 763 4134; x_wconf 88' lang='lat'><strong><em>»</em></strong></span> <span class='ocrx_word' id='word_1_324' title='bbox 779 4064 1056 4163; x_wconf 89' lang='lat' dir='ltr'><strong>Chrysostomus</strong></span> <span class='ocrx_word' id='word_1_325' title='bbox 1073 4065 1111 4136; x_wconf 92' lang='lat' dir='ltr'><strong>iu</strong></span> <span class='ocrx_word' id='word_1_326' title='bbox 1128 4063 1278 4163; x_wconf 88' lang='lat' dir='ltr'><strong>epistola</strong></span> <span class='ocrx_word' id='word_1_327' title='bbox 1297 4063 1348 4135; x_wconf 85' lang='lat' dir='ltr'><strong>ad</strong></span> <span class='ocrx_word' id='word_1_328' title='bbox 1358 4064 1535 4158; x_wconf 74' lang='lat' dir='ltr'><strong>Hebrmos,</strong></span> <span class='ocrx_word' id='word_1_329' title='bbox 1551 4090 1657 4138; x_wconf 89' lang='lat' dir='ltr'><strong>serm.</strong></span> <span class='ocrx_word' id='word_1_330' title='bbox 1676 4072 1690 4138; x_wconf 88' lang='lat'>1</span> <span class='ocrx_word' id='word_1_331' title='bbox 1706 4094 1715 4138; x_wconf 78' lang='lat' dir='ltr'>t</span> <span class='ocrx_word' id='word_1_332' title='bbox 1735 4071 1834 4156; x_wconf 78' lang='lat' dir='ltr'><strong>«Qui</strong></span> 
     </span>
     <span class='ocr_line' id='line_1_31' title="bbox 242 4183 1834 4284; baseline 0.002 -30"><span class='ocrx_word' id='word_1_333' title='bbox 242 4198 294 4254; x_wconf 92' lang='lat' dir='ltr'><strong>est</strong></span> <span class='ocrx_word' id='word_1_334' title='bbox 303 4184 474 4282; x_wconf 87' lang='lat' dir='ltr'><strong>splendor</strong></span> <span class='ocrx_word' id='word_1_335' title='bbox 485 4184 605 4282; x_wconf 82' lang='lat' dir='ltr'><strong>gloriae</strong></span> <span class='ocrx_word' id='word_1_336' title='bbox 617 4200 654 4257; x_wconf 92' lang='lat' dir='ltr'><strong>et</strong></span> <span class='ocrx_word' id='word_1_337' title='bbox 661 4185 846 4258; x_wconf 88' lang='lat' dir='ltr'><strong>character</strong></span> <span class='ocrx_word' id='word_1_338' title='bbox 855 4183 1060 4256; x_wconf 80' lang='lat' dir='ltr'><strong>substantiae</strong></span> <span class='ocrx_word' id='word_1_339' title='bbox 1072 4184 1162 4281; x_wconf 89' lang='lat' dir='ltr'><strong>ejus,</strong></span> <span class='ocrx_word' id='word_1_340' title='bbox 1178 4183 1373 4283; x_wconf 90' lang='lat' dir='ltr'><strong>apostolica</strong></span> <span class='ocrx_word' id='word_1_341' title='bbox 1386 4187 1575 4271; x_wconf 88' lang='lat' dir='ltr'><strong>sententia,</strong></span> <span class='ocrx_word' id='word_1_342' title='bbox 1589 4187 1699 4284; x_wconf 84' lang='lat' dir='ltr'><strong>magis</strong></span> <span class='ocrx_word' id='word_1_343' title='bbox 1714 4201 1834 4259; x_wconf 89' lang='lat' dir='ltr'><strong>autem</strong></span> 
     </span>
     <span class='ocr_line' id='line_1_32' title="bbox 242 4304 1835 4404; baseline 0.002 -28"><span class='ocrx_word' id='word_1_344' title='bbox 242 4304 392 4401; x_wconf 88' lang='lat' dir='ltr'><strong>Spiritus</strong></span> <span class='ocrx_word' id='word_1_345' title='bbox 417 4307 531 4378; x_wconf 89' lang='lat' dir='ltr'><strong>sancti</strong></span> <span class='ocrx_word' id='word_1_346' title='bbox 556 4304 719 4377; x_wconf 89' lang='lat' dir='ltr'><strong>miranda</strong></span> <span class='ocrx_word' id='word_1_347' title='bbox 749 4307 871 4403; x_wconf 86' lang='lat' dir='ltr'><strong>gratia.</strong></span> <span class='ocrx_word' id='word_1_348' title='bbox 905 4308 985 4376; x_wconf 89' lang='lat' dir='ltr'><strong>Non</strong></span> <span class='ocrx_word' id='word_1_349' title='bbox 1013 4305 1109 4376; x_wconf 89' lang='lat' dir='ltr'><strong>enim</strong></span> <span class='ocrx_word' id='word_1_350' title='bbox 1134 4331 1180 4377; x_wconf 79' lang='lat' dir='ltr'><strong>ex</strong></span> <span class='ocrx_word' id='word_1_351' title='bbox 1211 4304 1392 4378; x_wconf 88' lang='lat' dir='ltr'><strong>intellectu</strong></span> <span class='ocrx_word' id='word_1_352' title='bbox 1420 4306 1569 4403; x_wconf 89' lang='lat' dir='ltr'><strong>proprio</strong></span> <span class='ocrx_word' id='word_1_353' title='bbox 1598 4305 1674 4378; x_wconf 82' lang='lat' dir='ltr'><strong>haec</strong></span> <span class='ocrx_word' id='word_1_354' title='bbox 1703 4306 1835 4404; x_wconf 88' lang='lat' dir='ltr'><strong>loque-</strong></span> 
     </span>
     <span class='ocr_line' id='line_1_33' title="bbox 242 4421 1835 4526; baseline 0.003 -33"><span class='ocrx_word' id='word_1_355' title='bbox 242 4421 386 4496; x_wconf 84' lang='lat' dir='ltr'><strong>bantur.</strong></span> <span class='ocrx_word' id='word_1_356' title='bbox 415 4423 520 4496; x_wconf 88' lang='lat' dir='ltr'><strong>Unde</strong></span> <span class='ocrx_word' id='word_1_357' title='bbox 536 4426 637 4497; x_wconf 89' lang='lat' dir='ltr'><strong>euim</strong></span> <span class='ocrx_word' id='word_1_358' title='bbox 653 4422 712 4497; x_wconf 90' lang='lat' dir='ltr'><strong>ille</strong></span> <span class='ocrx_word' id='word_1_359' title='bbox 732 4425 829 4499; x_wconf 75' lang='lat' dir='ltr'><strong>boc?</strong></span> <span class='ocrx_word' id='word_1_360' title='bbox 847 4428 940 4497; x_wconf 89' lang='lat' dir='ltr'><strong>Num</strong></span> <span class='ocrx_word' id='word_1_361' title='bbox 961 4438 997 4496; x_wconf 90' lang='lat' dir='ltr'><strong>et</strong></span> <span class='ocrx_word' id='word_1_362' title='bbox 1019 4449 1063 4496; x_wconf 81' lang='lat' dir='ltr'><strong>ex</strong></span> <span class='ocrx_word' id='word_1_363' title='bbox 1084 4425 1278 4524; x_wconf 87' lang='lat' dir='ltr'><strong>scalpellis,</strong></span> <span class='ocrx_word' id='word_1_364' title='bbox 1294 4440 1359 4499; x_wconf 87' lang='lat' dir='ltr'><strong>aut</strong></span> <span class='ocrx_word' id='word_1_365' title='bbox 1375 4423 1543 4524; x_wconf 87' lang='lat' dir='ltr'><strong>pellibus,</strong></span> <span class='ocrx_word' id='word_1_366' title='bbox 1572 4425 1647 4499; x_wconf 80' lang='lat' dir='ltr'><strong>haec</strong></span> <span class='ocrx_word' id='word_1_367' title='bbox 1673 4429 1835 4526; x_wconf 90' lang='lat' dir='ltr'><strong>operatio</strong></span> 
     </span>
     <span class='ocr_line' id='line_1_34' title="bbox 209 4543 1835 4644; baseline 0.005 -32"><span class='ocrx_word' id='word_1_368' title='bbox 209 4590 215 4605; x_wconf 66' lang='grc'><strong><em>,</em></strong></span> <span class='ocrx_word' id='word_1_369' title='bbox 245 4543 458 4638; x_wconf 78' lang='lat' dir='ltr'><strong>majestatis?</strong></span> <span class='ocrx_word' id='word_1_370' title='bbox 493 4548 576 4616; x_wconf 87' lang='lat' dir='ltr'><strong>Non</strong></span> <span class='ocrx_word' id='word_1_371' title='bbox 608 4544 705 4616; x_wconf 91' lang='lat' dir='ltr'><strong>enim</strong></span> <span class='ocrx_word' id='word_1_372' title='bbox 729 4543 794 4616; x_wconf 89' lang='lat' dir='ltr'><strong>has</strong></span> <span class='ocrx_word' id='word_1_373' title='bbox 822 4543 1073 4640; x_wconf 85' lang='lat' dir='ltr'><strong>intelligentias</strong></span> <span class='ocrx_word' id='word_1_374' title='bbox 1102 4569 1166 4616; x_wconf 91' lang='lat' dir='ltr'><strong>sua</strong></span> <span class='ocrx_word' id='word_1_375' title='bbox 1195 4558 1316 4617; x_wconf 90' lang='lat' dir='ltr'><strong>mente</strong></span> <span class='ocrx_word' id='word_1_376' title='bbox 1344 4544 1609 4642; x_wconf 85' lang='lat' dir='ltr'><strong>procurabant,</strong></span> <span class='ocrx_word' id='word_1_377' title='bbox 1644 4571 1725 4644; x_wconf 85' lang='lat' dir='ltr'><strong>quae</strong></span> <span class='ocrx_word' id='word_1_378' title='bbox 1748 4561 1835 4621; x_wconf 85' lang='lat' dir='ltr'><strong>tunc</strong></span> 
     </span>
     <span class='ocr_line' id='line_1_35' title="bbox 244 4661 1832 4766; baseline 0.003 -34"><span class='ocrx_word' id='word_1_379' title='bbox 244 4676 317 4733; x_wconf 86' lang='lat' dir='ltr'><strong>erat</strong></span> <span class='ocrx_word' id='word_1_380' title='bbox 343 4676 416 4733; x_wconf 90' lang='lat' dir='ltr'><strong>tam</strong></span> <span class='ocrx_word' id='word_1_381' title='bbox 454 4661 582 4736; x_wconf 86' lang='lat' dir='ltr'><strong>debilis</strong></span> <span class='ocrx_word' id='word_1_382' title='bbox 609 4678 645 4736; x_wconf 90' lang='lat' dir='ltr'><strong>et</strong></span> <span class='ocrx_word' id='word_1_383' title='bbox 667 4679 844 4750; x_wconf 83' lang='lat' dir='ltr'><strong>extrema,</strong></span> <span class='ocrx_word' id='word_1_384' title='bbox 878 4678 920 4735; x_wconf 91' lang='lat' dir='ltr'><strong>ut</strong></span> <span class='ocrx_word' id='word_1_385' title='bbox 945 4664 995 4735; x_wconf 92' lang='lat' dir='ltr'><strong>nil</strong></span> <span class='ocrx_word' id='word_1_386' title='bbox 1028 4663 1184 4762; x_wconf 90' lang='lat' dir='ltr'><strong>amplius</strong></span> <span class='ocrx_word' id='word_1_387' title='bbox 1214 4662 1369 4736; x_wconf 90' lang='lat' dir='ltr'><strong>baberet</strong></span> <span class='ocrx_word' id='word_1_388' title='bbox 1399 4687 1420 4735; x_wconf 95' lang='lat' dir='ltr'><strong>a</strong></span> <span class='ocrx_word' id='word_1_389' title='bbox 1450 4663 1585 4762; x_wconf 87' lang='lat' dir='ltr'><strong>plebeis</strong></span> <span class='ocrx_word' id='word_1_390' title='bbox 1616 4681 1651 4739; x_wconf 89' lang='lat' dir='ltr'><strong>et</strong></span> <span class='ocrx_word' id='word_1_391' title='bbox 1675 4664 1832 4766; x_wconf 83' lang='lat' dir='ltr'><strong>populis.</strong></span> 
     </span>
     <span class='ocr_line' id='line_1_36' title="bbox 244 4781 1835 4883; baseline 0.002 -32"><span class='ocrx_word' id='word_1_392' title='bbox 244 4781 439 4868; x_wconf 89' lang='lat' dir='ltr'><strong>Quomodo</strong></span> <span class='ocrx_word' id='word_1_393' title='bbox 464 4782 560 4852; x_wconf 89' lang='lat' dir='ltr'><strong>enim</strong></span> <span class='ocrx_word' id='word_1_394' title='bbox 586 4781 723 4880; x_wconf 89' lang='lat' dir='ltr'><strong>aliquid</strong></span> <span class='ocrx_word' id='word_1_395' title='bbox 747 4781 915 4854; x_wconf 81' lang='lat' dir='ltr'><strong>divinum</strong></span> <span class='ocrx_word' id='word_1_396' title='bbox 940 4797 1062 4880; x_wconf 87' lang='lat' dir='ltr'><strong>posset</strong></span> <span class='ocrx_word' id='word_1_397' title='bbox 1079 4781 1138 4855; x_wconf 94' lang='lat' dir='ltr'><strong>ille</strong></span> <span class='ocrx_word' id='word_1_398' title='bbox 1155 4783 1300 4876; x_wconf 88' lang='lat' dir='ltr'><strong>sentire,</strong></span> <span class='ocrx_word' id='word_1_399' title='bbox 1326 4782 1389 4879; x_wconf 92' lang='lat' dir='ltr'><strong>qui</strong></span> <span class='ocrx_word' id='word_1_400' title='bbox 1406 4782 1498 4855; x_wconf 88' lang='lat' dir='ltr'><strong>circa</strong></span> <span class='ocrx_word' id='word_1_401' title='bbox 1524 4786 1636 4883; x_wconf 85' lang='lat' dir='ltr'><strong>pretia</strong></span> <span class='ocrx_word' id='word_1_402' title='bbox 1655 4781 1835 4856; x_wconf 89' lang='lat' dir='ltr'><strong>vendendi</strong></span> 
     </span>
     <span class='ocr_line' id='line_1_37' title="bbox 244 4899 1835 4999; baseline 0.001 -30"><span class='ocrx_word' id='word_1_403' title='bbox 244 4913 279 4970; x_wconf 89' lang='lat' dir='ltr'><strong>et</strong></span> <span class='ocrx_word' id='word_1_404' title='bbox 308 4901 402 4972; x_wconf 90' lang='lat' dir='ltr'><strong>circa</strong></span> <span class='ocrx_word' id='word_1_405' title='bbox 431 4899 696 4973; x_wconf 89' lang='lat' dir='ltr'><strong>confectionem</strong></span> <span class='ocrx_word' id='word_1_406' title='bbox 725 4899 875 4999; x_wconf 91' lang='lat' dir='ltr'><strong>pellium</strong></span> <span class='ocrx_word' id='word_1_407' title='bbox 897 4915 1012 4974; x_wconf 88' lang='lat' dir='ltr'><strong>totam</strong></span> <span class='ocrx_word' id='word_1_408' title='bbox 1038 4926 1140 4974; x_wconf 87' lang='lat' dir='ltr'><strong>suam</strong></span> <span class='ocrx_word' id='word_1_409' title='bbox 1167 4902 1299 4994; x_wconf 80' lang='lat' dir='ltr'><strong>vitam,</strong></span> <span class='ocrx_word' id='word_1_410' title='bbox 1328 4915 1518 4999; x_wconf 91' lang='lat' dir='ltr'><strong>totumque</strong></span> <span class='ocrx_word' id='word_1_411' title='bbox 1541 4928 1648 4976; x_wconf 89' lang='lat' dir='ltr'><strong>suum</strong></span> <span class='ocrx_word' id='word_1_412' title='bbox 1675 4900 1835 4974; x_wconf 85' lang='lat' dir='ltr'><strong>studium</strong></span> 
     </span>
    </p>
   </div>
   <div class='ocr_carea' id='block_1_3' title="bbox 276 5172 573 5239">
    <p class='ocr_par' dir='ltr' id='par_1_4' title="bbox 276 5172 573 5239">
     <span class='ocr_line' id='line_1_38' title="bbox 276 5172 573 5239; baseline 0.003 -17"><span class='ocrx_word' id='word_1_413' title='bbox 276 5172 373 5237; x_wconf 75' lang='lat' dir='ltr'><strong>¹t&#39;trn,</strong></span> <span class='ocrx_word' id='word_1_414' title='bbox 389 5187 444 5239; x_wconf 82' lang='lat' dir='ltr'><strong>cap.</strong></span> <span class='ocrx_word' id='word_1_415' title='bbox 456 5189 485 5239; x_wconf 86' lang='lat' dir='ltr'><strong>r,</strong></span> <span class='ocrx_word' id='word_1_416' title='bbox 496 5189 521 5227; x_wconf 81' lang='lat' dir='ltr'><strong>r.</strong></span> <span class='ocrx_word' id='word_1_417' title='bbox 536 5177 573 5231; x_wconf 86' lang='lat'><strong>11.</strong></span> 
     </span>
    </p>
   </div>
   <div class='ocr_carea' id='block_1_4' title="bbox 0 0 2293 6100">
    <p class='ocr_par' dir='ltr' id='par_1_5' title="bbox 0 0 2293 6100">
     <span class='ocr_line' id='line_1_39' title="bbox 0 0 2293 6100; baseline 0 0"><span class='ocrx_word' id='word_1_418' title='bbox 0 0 2293 6100; x_wconf 95' lang='lat' dir='ltr'><strong> </strong></span> 
     </span>
    </p>
   </div>
  </div>
 </body>
</html>
