4559 6100
622 566 912 641 tuunouuuuo
941 567 1000 641 tu
1023 565 1329 640 tuantuntttt.
1633 606 1646 647 ι
1748 571 1772 640 9

182 707 287 796 mini,
304 722 340 780 et
356 707 572 806 quibusdam
595 716 779 788 sententiis
802 713 901 789 Pauli
923 714 1095 813 apostoli,
1114 717 1286 787 Sermone
1307 715 1573 811 octogesimam
1593 717 1713 786 lustus
1728 740 1772 788 ex

185 856 204 890 ιι
217 824 287 898 lide
301 826 419 919 vivit¹,
434 859 452 896 n
472 833 556 926 quia
571 832 686 906 credit
703 833 803 932 quod
821 860 898 906 non
911 833 1020 905 videt.
1040 863 1058 900 ιι
1072 834 1148 904 Filii
1160 833 1226 904 Dei
1236 855 1373 923 sumus,
1386 831 1595 904 etnondum
1608 835 1772 932 apparuit

186 943 302 1040 «quid
332 947 492 1021 erimus’.
521 953 702 1038 Quamdiu
728 954 824 1024 enim
847 976 970 1024 sumus
999 953 1215 1050 incorpore
1245 950 1514 1049 peregrinamur
1537 973 1558 1020 a
1582 955 1677 1041 De03
1707 977 1772 1049 per

187 1091 208 1129 ιι
219 1062 324 1135 fidem
342 1067 440 1137 enim
458 1067 696 1157 ambulamus,
714 1096 789 1143 uon
804 1095 869 1169 per
878 1072 1061 1170 speciem⁸.
1078 1100 1095 1137 ιι
1115 1075 1218 1142 Nunc
1233 1069 1396 1140 videmus
1412 1069 1448 1139 in
1463 1068 1632 1154 tenebris,
1650 1084 1685 1140 et
1699 1070 1772 1165 jam

184 1181 271 1253 visio
285 1183 367 1273 erit,
387 1209 462 1256 non
479 1184 585 1276 tides;
605 1189 728 1284 etjam
742 1214 812 1276 res,
831 1214 907 1261 non
919 1194 1033 1288 spes⁴.
1051 1188 1257 1260 hmabimns
1273 1186 1431 1258 videndo
1443 1202 1480 1258 et
1495 1187 1667 1259 tenendo.
1680 1192 1773 1286 Ergo

183 1298 336 1373 charitas
353 1304 510 1401 perlecta
526 1307 616 1399 erit,
640 1308 731 1381 sicut
748 1311 796 1380 ait
815 1307 1041 1407 Apostolus:
1072 1337 1090 1375 ιι
1119 1305 1239 1397 Fides,
1265 1330 1365 1403 spes,
1388 1304 1557 1392 charitas,
1582 1306 1647 1377 tria
1670 1304 1770 1394 hmc,

186 1420 331 1515 «major
343 1435 463 1493 autem
475 1423 606 1495 horum
620 1440 674 1496 est
689 1427 855 1498 charitas.
871 1456 887 1493 ι,
899 1427 1023 1498 Securi
1040 1426 1101 1497 illo
1114 1424 1308 1520 adjuvante
1320 1438 1586 1522 perseverantes
1602 1425 1638 1494 in
1656 1449 1701 1496 eo
1718 1424 1773 1496 di·

184 1541 319 1609 camus⁸
338 1566 346 1608 :
369 1568 386 1606 a
406 1542 495 1627 Quis
512 1565 580 1613 nos
595 1545 990 1643 separabitacharitate
1002 1543 1157 1615 Christi?
1174 1542 1392 1633 Tribunio,
1411 1566 1457 1615 an
1476 1543 1649 1640 angustia,
1665 1557 1734 1614 etc.
1753 1575 1769 1608 ιι

185 1654 284 1728 ldem
312 1656 408 1730 libro
434 1660 595 1735 secundo
623 1666 862 1754 Qumrtionum
891 1663 1187 1763 Evangelicnrum
1214 1688 1262 1732 :n
1289 1662 1429 1733 lustitia
1450 1661 1516 1732 Dei
1539 1662 1578 1731 in
1603 1685 1647 1733 eo
1672 1686 1772 1734 reve·

187 1803 204 1842 ιι
216 1774 309 1846 latur
326 1802 369 1849 ex
387 1777 458 1851 fide
473 1781 512 1851 iu
535 1779 674 1875 fidem,
690 1812 707 1849 »
726 1783 934 1879 intelligitur
948 1782 1094 1880 quidem
1113 1780 1203 1853 fides
1227 1804 1297 1879 qua
1314 1779 1511 1853 creduntur
1530 1803 1573 1852 ea
1593 1803 1673 1877 quae
1697 1804 1771 1855 non

187 1894 361 1970 videntur.
378 1926 397 1966 a

231 2016 301 2089 Sed
318 2032 439 2091 minen
456 2036 510 2094 est
527 2022 616 2097 fides
632 2025 739 2099 etiam
756 2050 892 2116 rerum,
911 2023 1062 2124 quando
1078 2049 1154 2096 non
1172 2022 1307 2115 verbis,
1325 2022 1386 2095 sed
1405 2022 1512 2096 rebus
1528 2023 1613 2121 ipsis
1626 2044 1774 2121 praesen·

185 2133 290 2223 tibus,
308 2137 468 2211 creditur
483 2142 582 2240 quod
601 2144 759 2216 futurum
778 2160 848 2235 est,
865 2170 977 2243 quum
989 2145 1063 2242 jam
1079 2169 1146 2242 per
1158 2143 1314 2242 speciem
1326 2142 1549 2216 manifestam
1560 2166 1598 2213 se
1611 2153 1774 2211 contem·

185 2254 353 2352 plaudam
369 2259 541 2357 prebebit
557 2266 687 2336 sanctis
702 2266 778 2364 ipsa
790 2266 854 2337 Dei
871 2265 1057 2363 sapientia.
1078 2268 1132 2336 De
1154 2288 1226 2361 qua
1250 2261 1322 2334 fide
1344 2286 1464 2334 rerum
1480 2261 1640 2357 lucisque
1664 2258 1774 2357 ipsius

185 2379 368 2472 prasentia
388 2379 535 2452 forsitan
556 2383 684 2455 Paulus
702 2383 788 2456 dicit
808 2411 818 2456 t
836 2413 855 2453 «
875 2385 1011 2456 lustitia
1040 2383 1136 2455 euim
1161 2385 1226 2455 Dei
1251 2384 1288 2454 in
1311 2405 1356 2453 eo
1380 2381 1557 2454 revelatur
1580 2404 1622 2449 ex
1640 2376 1720 2449 side'
1735 2378 1772 2447 in

186 2494 308 2567 fidem.
331 2525 349 2563 n
368 2498 459 2570 Dicit
474 2501 573 2572 enim
584 2500 655 2574 alio
673 2502 773 2575 loco·
791 2531 800 2574 ι
824 2533 842 2570 α
863 2509 934 2574 Nos
947 2504 1045 2574 enim
1059 2502 1214 2573 revelata
1231 2502 1319 2573 sacie
1332 2501 1481 2597 gloriam
1495 2497 1562 2570 Dei
1574 2509 1773 2596 spectantes

187 2619 221 2689 in
243 2619 410 2692 eamdem
433 2622 624 2719 imaginem
640 2626 1011 2699 transformabimura
1031 2626 1197 2723 gloriatin
1220 2624 1384 2721 gloriam.
1407 2651 1425 2690 »
1443 2622 1540 2692 Sicut
1565 2618 1662 2690 enim
1689 2616 1775 2689 dicit

188 2734 242 2810 hic
258 2762 278 2809 a
294 2739 407 2836 gloria
423 2742 458 2811 in
477 2742 646 2838 gloriam,
674 2746 724 2819 ita
746 2761 781 2818 et
805 2744 853 2818 ibi
871 2770 914 2818 ex
932 2744 1004 2817 side
1023 2744 1201 2817 infidam.
1222 2748 1275 2816 De
1291 2741 1403 2839 gloria
1419 2739 1550 2812 scilicet
1568 2735 1772 2833 Evangelii,

187 2878 257 2951 quo
275 2881 375 2929 nunc
400 2859 586 2933 credentes
608 2862 854 2937 illuminantur
872 2865 908 2935 in
928 2863 1079 2961 gloriam
1097 2863 1291 2936 manifestae
1309 2860 1477 2933 veritatis.
1488 2855 1600 2956 ¹Apud
1620 2853 1776 2927 Philoso-

185 2973 276 3073 phos
298 3001 446 3076 quoque
462 2978 509 3052 de
525 2981 777 3081 apparentibus
793 2984 900 3055 etiam
920 2982 1010 3056 fides
1035 2982 1106 3056 dici
1132 2982 1295 3074 videtur3
1316 3004 1388 3084 qua
1407 2979 1514 3050 etiam
1534 2972 1701 3047 videlicet
1718 2997 1775 3045 res

186 3095 347 3191 ‹ptaelibet
364 3099 414 3170 ita
430 3101 551 3173 auimo
570 3116 730 3192 tenetur,
744 3118 784 3175 ut
800 3104 846 3177 de
862 3105 940 3203 ipsa
957 3129 1032 3175 non
1050 3102 1254 3192 dubitetur,
1283 3102 1357 3173 sive
1374 3124 1440 3199 per
1457 3096 1684 3196 opinionem,
1702 3095 1776 3167 sive

184 3238 247 3310 per
256 3219 540 3314 experimentum
556 3245 702 3319 quoque
716 3247 898 3294 sensuum.
918 3222 1023 3294 Unde
1040 3221 1209 3294 Boethius
1224 3246 1330 3318 super
1344 3221 1474 3315 Topica
1488 3213 1670 3287 Ciceronis
1682 3211 1775 3284 libro

184 3334 299 3428 primo
320 3364 329 3406 ι
350 3341 645 3433 «Argumentum
666 3356 720 3412 est
742 3343 835 3414 ratio
851 3367 930 3440 quae
952 3341 1004 3412 rei
1022 3340 1141 3411 dubim
1164 3339 1245 3412 lacit
1266 3338 1425 3410 fidem.»
1450 3335 1562 3407 Multa
1579 3332 1695 3419 enim,
1720 3333 1775 3403 in·

184 3474 312 3547 quam,
329 3469 412 3526 sunt
429 3481 508 3552 quae
521 3457 655 3530 faciunt
672 3458 803 3548 sidem,
822 3460 885 3531 sed
902 3460 986 3556 quia
1001 3458 1159 3529 rationes
1178 3481 1252 3527 non
1268 3468 1370 3545 suut,
1386 3476 1453 3523 nec
1473 3463 1681 3546 argumenta
1699 3470 1776 3519 esse

185 3586 355 3668 possunt,
374 3586 412 3644 ut
426 3576 524 3647 visus
542 3576 625 3648 lacit
640 3575 749 3649 fidem
766 3578 919 3677 hisquae
936 3577 1117 3649 videntur.
1134 3574 1205 3646 Sed
1222 3574 1308 3672 quia
1322 3571 1414 3643 ratio
1425 3593 1501 3640 non
1512 3565 1690 3657 castrisue,
1708 3587 1775 3637 uec

184 3706 431 3787 argumentum
444 3694 591 3790 quidem
607 3720 684 3768 esse
699 3710 829 3796 potest.
850 3699 913 3769 His
929 3696 1049 3793 itaque
1066 3694 1275 3767 testimoniis
1291 3703 1390 3792 patet
1406 3687 1490 3760 lidei
1511 3707 1644 3758 nomen
1662 3682 1775 3755 modo

183 3810 346 3906 proprie,
372 3811 485 3884 modo
501 3814 698 3914 improprie
716 3817 824 3914 poni,
855 3840 939 3888 cum
962 3814 1128 3888 videlicet
1153 3837 1228 3885 non
1250 3811 1367 3884 solum
1389 3806 1436 3880 de
1452 3804 1620 3897 occultis,
1647 3825 1774 3874 verum

183 3927 289 3999 etiam
306 3927 353 4000 de
370 3930 565 4004 manifestis
581 3931 671 4006 tides
697 3934 849 4009 dicatur.
868 3938 959 4007 Sunt
977 3947 1099 4007 autem
1114 3932 1219 4032 plura
1239 3930 1285 4003 ad
1311 3934 1430 4001 Deum
1455 3923 1672 4024 pertinentia
1695 3946 1775 4021 quae

182 4045 280 4117 credi
294 4047 351 4119 vel
364 4073 440 4120 non
454 4051 552 4123 credi
568 4065 688 4126 nostra
706 4058 795 4126 non⁹
811 4055 967 4145 interest,
989 4054 1074 4152 quia
1091 4054 1164 4125 siva
1179 4050 1373 4123 credantur
1389 4048 1462 4120 sive
1479 4053 1554 4116 non
1566 4040 1772 4133 credantur,

182 4163 322 4237 nullum
337 4168 553 4244 incurrimus
568 4171 790 4269 periculum,
807 4172 917 4245 veluti
932 4173 962 4244 si
978 4172 1168 4245 credamus
1184 4173 1300 4241 Deum
1317 4190 1395 4239 cras
1416 4164 1574 4264 pluviam
1597 4159 1774 4234 lucturum

180 4283 237 4354 vel
254 4308 329 4355 nou
341 4284 538 4381 facturum,
557 4288 614 4361 rel
631 4290 715 4362 huic
730 4292 948 4389 nequissimo
965 4289 1107 4362 homini
1129 4286 1411 4361 misericordiam
1428 4284 1697 4381 impensurum,
1719 4277 1774 4348 vel

180 4424 269 4474 uon.
292 4406 332 4476 Ei
349 4410 462 4478 vero¹⁰
478 4409 541 4507 qui
557 4408 603 4480 de
619 4408 691 4481 lide
706 4411 752 4483 ad
768 4411 1040 4484 aedificationem
1054 4410 1228 4508 loquitur,
1248 4431 1292 4479 ea
1315 4403 1392 4477 sola
1411 4416 1560 4475 tractare
1581 4423 1623 4471 ac
1642 4397 1774 4469 docere

180 4521 329 4616 sufficit,
349 4551 428 4623 quae
446 4528 475 4599 si
492 4552 566 4600 non
584 4530 775 4604 credantur
791 4531 1060 4605 damnationem
1079 4530 1237 4630 pariunt.
1270 4531 1352 4598 Haec
1377 4536 1497 4596 autern
1510 4532 1603 4593 sunt
1624 4542 1703 4616 quae
1728 4515 1774 4588 ad

182 4638 291 4714 fidem
304 4644 525 4719 catholicam
542 4650 735 4746 pertinent.

230 4759 415 4836 Catholica
430 4765 565 4865 quippe
580 4782 635 4840 est
649 4766 756 4859 fides,
774 4765 880 4841 idest
896 4768 1123 4857 universalis,
1142 4790 1221 4865 que
1234 4766 1283 4837 ita
1296 4761 1466 4836 omnibus
1485 4756 1684 4831 necessaria
1695 4767 1767 4842 est,

212 4978 378 5046 'lutum
392 4996 411 5046 ι,
422 4997 445 5035 v.
456 4985 669 5050 u.-²1.to·a,
680 5002 735 5052 ep.
749 5002 820 5051 ιιι.
832 4992 911 5040 aa
922 4989 953 5052 u,
1006 4990 1172 5052 τιοιιι.,ιιρ.
1188 5000 1207 5048 ι,
1221 5000 1244 5036 ι.
1258 4957 1442 5045 ramas.
1457 4976 1664 5045 manticen.
1676 4973 1731 5025 aaa
1743 4996 1777 5013 .-

182 5055 315 5120 corinti..
331 5076 386 5124 ⁶⁸1)-
400 5077 425 5123 v,
435 5078 459 5115 t·
471 5067 495 5116 ⁶·
509 5092 540 5103 -
552 5071 560 5098 ⁸
570 5066 590 5127 Ι,
602 5066 729 5128 Corinth..
739 5083 792 5132 cap.
809 5082 864 5133 nn,
876 5083 901 5121 v.
915 5073 952 5123 ιι.
1007 5068 1062 5132 ¹11,
1078 5068 1204 5128 conata..
1216 5080 1270 5129 ιιι.
1281 5079 1317 5125 ιιι,
1329 5080 1352 5113 ι.
1368 5067 1405 5115 ιι.
1421 5086 1454 5098 -
1469 5057 1570 5111 mnu.
1590 5055 1651 5106 coa.
1670 5055 1732 5106 vm
1745 5079 1776 5091 -

182 5133 659 5203 -⁸¹‚conant.x1n‚1a.-·n0m.‚
681 5158 735 5209 cap.
757 5159 816 5210 ιιι,
830 5161 853 5197 ι.
875 5150 954 5200 as-
1010 5149 1143 5201 astrum.
1159 5146 1400 5200 tutaremini.

306 5249 329 5286 ιι
1637 5230 1656 5285 2
