4559 6100
477 453 548 527 iss
1077 449 1207 524 turm
1232 447 1469 522 ABAEIanDl

473 600 647 698 injmrcts,
661 599 865 674 videbimus
876 615 1096 700 preceptum
1111 599 1394 678 circumcisionis
1409 595 1607 672 consuisse
1623 596 1801 693 generale,
1814 595 1878 670 sed
1894 596 1942 672 ad
1958 597 2066 674 lbra·

472 703 559 793 lum
569 734 710 793 tantum
726 736 763 793 ει
774 745 898 794 semen
910 719 1006 794 illius
1020 719 1214 819 pertinere,
1225 719 1264 792 id
1275 733 1330 796 est
1344 719 1454 811 usae,
1468 715 1610 792 dicente
1622 716 1781 793 Domino
1796 714 1844 787 ad
1856 714 2063 810 Abraham,

474 841 591 938 «quia
612 841 650 911 in
673 844 772 913 lsnsc
792 840 982 918 vocabitur
1005 838 1070 916 tibi
1094 864 1241 926 semen,
1261 868 1280 907 n
1300 863 1375 914 non
1401 839 1438 912 in
1463 834 1592 912 ismael
1611 834 1789 908 videlicet.
1812 835 1917 909 Unde
1933 852 2066 912 etcum

469 959 778 1032 circumcisionem
788 961 971 1064 ‘Dominus
988 959 1137 1036 Abrahae
1154 959 1362 1059 praeciperet
1377 957 1464 1032 ait‘:
1482 961 1592 1028 «Hoc
1607 955 1676 1030 erit
1691 968 1838 1053 pactum
1854 956 2016 1032 interme
2032 974 2065 1032 ει

470 1091 517 1171 ιε,
529 1091 566 1151 ει
576 1103 698 1152 semen
710 1093 814 1152 tuum
826 1094 909 1179 post
921 1094 969 1153 te.
981 1108 1000 1150 n
1011 1080 1185 1178 Origenes
1195 1101 1342 1177 quoque
1353 1101 1462 1176 super
1472 1075 1567 1152 hanc
1577 1074 1772 1174 Epistulam
1784 1076 1823 1147 in
1834 1076 2065 1175 sequentibus

468 1212 590 1297 sper-te
613 1200 797 1272 convincit
813 1225 857 1272 er
874 1199 960 1299 ipsis
974 1198 1052 1276 aliis
1067 1199 1259 1298 Scripturae
1277 1196 1417 1290 verbis,
1436 1195 1504 1270 soli
1522 1195 1661 1296 populo
1683 1194 1790 1272 lsrael
1814 1210 1851 1270 et
1866 1199 2064 1274 vernaculis

467 1341 595 1389 eorum
610 1319 668 1391 vel
688 1321 818 1419 emptis
839 1319 1014 1418 pecunia
1031 1317 1315 1395 circumcisionis
1342 1318 1485 1416 signum
1509 1317 1615 1392 fuisse
1637 1329 1870 1415 preceptum.
1893 1318 2062 1416 Exposito

464 1460 624 1536 numque
640 1438 703 1511 illo
720 1439 938 1513 versiculo⁸z
957 1469 975 1508 c
993 1441 1031 1514 Si
1045 1439 1155 1537 igitur
1170 1438 1385 1538 praeputium
1398 1437 1553 1535 justitias
1570 1436 1659 1535 legis
1670 1435 1870 1528 custodiat,
1885 1450 1953 1512 etc.
1971 1465 1990 1504 »ι
2007 1437 2062 1510 di·

464 1554 615 1653 ligenter
629 1559 912 1633 circumcisionis
927 1558 1142 1638 mmdrtum
1155 1571 1264 1656 atque
1280 1557 1458 1634 rationem
1474 1556 1670 1634 discutiens
1684 1557 1734 1630 sit
1752 1582 1761 1625 ε
1788 1585 1806 1623 e
1826 1560 1905 1628 Non
1929 1557 2063 1655 impor-

464 1689 594 1750 tunum
614 1679 756 1752 videtur
777 1681 1059 1756 circumcisionis
1078 1677 1282 1777 generalem
1299 1677 1477 1756 discmeoe
1493 1679 1685 1750 rationem
1709 1676 1805 1774 Dixit
1821 1676 2000 1750 Dominus
2015 1678 2061 1752 nd

465 1794 669 1871 Abrabam:
692 1830 709 1866 α
728 1805 781 1873 Tu
796 1815 917 1873 autern
934 1814 1188 1878 testamentum
1204 1822 1327 1876 meum
1342 1798 1519 1889 servabis,
1536 1812 1573 1871 et
1587 1821 1696 1870 omne
1715 1820 1838 1872 semen
1855 1811 1959 1872 tuum
1980 1814 2061 1896 post

467 1945 485 1981 s
500 1930 536 1989 te
551 1918 589 1992 in
606 1922 855 2015 generationes
871 1944 967 1993 suns.
981 1924 1026 1993 Et
1041 1920 1112 1994 hoc
1127 1933 1182 1998 est
1196 1931 1449 1996 testamentum
1466 1919 1634 1992 interme
1651 1931 1687 1989 et
1702 1941 1781 2009 vos,
1798 1917 1939 1992 etinter
1954 1932 2061 1990 meet

466 2035 772 2114 «intermedium
786 2041 932 2112 seminis
950 2040 1002 2112 tui
1018 2053 1165 2139 postte.
1187 2037 1471 2118 cncumeidetur
1493 2061 1604 2114 omne
1626 2035 1864 2112 masculinum
1880 2049 2057 2127 vestrum,

464 2182 483 2222 c
499 2169 535 2226 et
549 2181 641 2255 puer
655 2160 693 2230 in
710 2173 838 2232 octava
848 2158 919 2231 die.
933 2158 1218 2237 circumcidetur
1232 2159 1269 2232 in
1283 2156 1387 2232 vobis
1400 2156 1520 2229 omnis
1530 2156 1710 2232 masculus
1721 2155 1759 2230 in
1773 2154 2059 2252 generationibus

464 2303 482 2339 c
498 2278 635 2370 sesnin,
657 2280 872 2354 vernaculus
887 2293 923 2352 ει
939 2280 1093 2379 pecunia
1109 2292 1265 2378 emptus.
1285 2306 1304 2344 n
1321 2277 1562 2354 Discutiamus
1577 2290 1698 2350 utrum
1715 2273 1929 2350 mandatum
1944 2291 1980 2348 et
1997 2300 2058 2350 eos

459 2393 523 2490 qui
536 2418 579 2467 err
595 2396 762 2492 gentibus
778 2397 1006 2472 crediderant
1019 2398 1255 2495 constringat.
1269 2401 1463 2494 Nunquam
1480 2395 1563 2474 lecit
1578 2395 1767 2495 proselyti,
1785 2394 1893 2468 idest
1912 2395 2057 2470 advenae

459 2516 695 2608 mentionem,
712 2517 774 2590 sed
791 2517 1025 2591 vernaculum
1040 2543 1198 2607 servum,
1213 2518 1270 2591 vel
1284 2517 1400 2616 pretio
1417 2531 1616 2596 mereatum
1630 2513 1838 2592 circumcidi
1849 2513 1966 2612 jubet,
1983 2541 2056 2590 non

458 2630 626 2708 liberum.
644 2641 912 2710 Pcrscrutemur
925 2662 1011 2736 ergo
1030 2641 1174 2711 levitici
1186 2638 1320 2736 legent*
1339 2665 1347 2709 :
1363 2668 1381 2704 r
1402 2642 1577 2735 Loquere,
1600 2667 1618 2703 ε
1638 2636 1776 2735 inquit,
1799 2663 1818 2703 (ι
1837 2633 1918 2714 filiis
1933 2636 2053 2728 lsrael,

461 2779 479 2816 α
497 2767 535 2823 ει
549 2752 647 2827 dices
662 2755 710 2828 ad
723 2779 786 2828 eos
803 2784 811 2827 :
832 2756 960 2831 llulier
976 2759 1006 2829 si
1023 2749 1203 2858 pepererit
1220 2756 1434 2851 musculum,
1449 2771 1577 2831 octava
1592 2755 1651 2830 die
1673 2756 1924 2850 circumcidet,
1949 2772 2018 2829 ete.
2036 2789 2053 2821 ι»

457 2875 601 2945 Intuere
626 2890 661 2947 ει
684 2874 757 2948 hoc
782 2877 1094 2976 quemrdmodum
1114 2878 1162 2951 de
1185 2878 1263 2974 lege
1287 2878 1568 2956 circumcisionis
1592 2891 1731 2954 unium
1754 2877 1802 2950 ad
1829 2876 1923 2950 filios
1950 2878 2054 2950 lsrael

456 2992 600 3089 Moyses
618 2994 719 3094 loqui
742 2995 924 3095 jubentur,
944 3012 980 3072 et
995 2999 1280 3098 alienigenarum
1305 2997 1404 3077 nulla
1429 2999 1476 3072 sit
1498 2998 1657 3090 mentio,
1674 3022 1759 3073 cum
1778 2997 1816 3069 in
1835 2994 2052 3094 quibusdam

455 3112 634 3188 mundetis
648 3141 723 3188 nnn
737 3117 858 3190 solum
871 3117 953 3192 liliis
966 3119 1086 3210 lsrael,
1102 3118 1167 3192 sed
1185 3133 1222 3192 et
1235 3118 1426 3218 proselytis
1437 3133 1475 3195 et
1490 3118 1637 3195 advenis
1650 3118 1831 3217 loquatur.
1848 3117 2053 3193 Necessario

455 3233 582 3330 utique
595 3234 824 3311 observanda
839 3237 1022 3312 distinctio
1037 3254 1107 3331 est,
1122 3240 1210 3338 quia
1225 3238 1318 3315 sicut
1334 3238 1386 3313 ibi
1402 3237 1547 3332 dicitur,
1568 3269 1585 3308 u
1603 3240 1752 3337 loquere
1766 3238 1814 3311 ad
1831 3241 1962 3326 Aaron,
1984 3265 2002 3305 ε
2019 3254 2054 3309 ει

454 3350 557 3445 alibi,
576 3382 595 3424 u
611 3355 660 3429 ad
672 3355 766 3429 lilios
779 3361 917 3447 buron,
939 3387 958 3426 n
978 3373 1015 3431 et
1029 3357 1115 3432 nlibi
1134 3389 1152 3428 u
1171 3360 1219 3433 ad
1235 3360 1393 3450 urim,
1413 3390 1430 3425 ε
1448 3373 1588 3435 eertum
1603 3372 1657 3432 est
1672 3384 1748 3431 uon
1765 3358 1950 3455 subjacere
1972 3357 2053 3429 reli·

452 3492 545 3568 quos
556 3471 613 3546 his
626 3473 783 3571 legibus3
800 3491 836 3549 ει
853 3478 955 3576 quod
974 3477 1056 3552 filiis
1066 3479 1229 3578 jubetur,
1249 3503 1317 3553 nec
1333 3478 1540 3574 alienigene
1551 3478 1726 3555 memoria
1742 3477 1815 3555 ulla
1833 3476 1893 3570 lit,
1908 3494 2052 3551 nonest

451 3593 654 3689 putendum
668 3620 862 3670 commune
875 3622 951 3671 esse
967 3599 1195 3691 mundatum,
1206 3598 1270 3673 ubi
1282 3598 1532 3699 appellationis
1543 3597 1696 3673 habetur
1706 3598 1883 3696 exceptio.
1896 3597 1954 3671 sie
1966 3622 2050 3696 ergo

452 3734 528 3783 nnn
544 3712 635 3786 alius
650 3716 842 3813 quisquam
859 3718 1142 3795 circumcisionis
1155 3719 1233 3817 lege
1250 3719 1519 3816 constringitur,
1539 3720 1607 3793 uisi
1625 3745 1669 3795 ex
1680 3717 1860 3793 Abraham
1875 3718 2049 3814 originem
2179 3788 2191 3801 t

451 3829 608 3925 rubens,
627 3833 683 3906 rel
699 3835 915 3908 vernaculus
927 3860 1069 3931 eorum,
1083 3840 1142 3911 vel
1157 3839 1273 3938 pretio
1290 3853 1444 3939 emptus.
1464 3840 1526 3917 vis
1541 3853 1662 3915 sutem
1676 3836 1812 3931 ridere,
1831 3838 1917 3935 quia
1935 3835 2049 3913 sicubi

450 3948 527 4025 vult
544 3951 653 4024 etiam
667 3944 885 4051 alienigenas
899 3979 973 4029 nna
989 3956 1188 4057 eademque
1205 3957 1283 4056 lege
1298 3961 1480 4049 connecti,
1496 3958 1736 4055 significanter
1751 3956 1940 4030 ostendat?
1958 3957 2049 4033 Audi

449 4069 542 4167 quid
567 4071 740 4171 scriptum
765 4075 854 4147 site,
877 4106 897 4146 ε
921 4080 1041 4149 Homo
1064 4103 1107 4150 es
1133 4075 1215 4151 filiis
1239 4078 1347 4155 lsrael
1369 4094 1405 4157 et
1429 4078 1599 4171 advenis,
1620 4078 1828 4178 quicunque
1852 4076 2048 4152 manduca·

451 4218 471 4257 ε
487 4192 578 4264 verit
597 4217 744 4274 omnem
763 4197 989 4293 sangninem,
1012 4197 1172 4270 animum
1187 4197 1285 4275 illam
1301 4198 1527 4299 disperdam,
1543 4201 1631 4296 quia
1650 4198 1772 4275 lanima
1792 4198 1910 4271 omnis
1930 4197 2048 4277 urnis

449 4337 468 4377 u
484 4311 627 4409 sanguis
648 4311 744 4393 illius
764 4331 836 4408 ost,
853 4331 890 4391 ει
911 4341 979 4415 ego
997 4315 1083 4389 dedi
1098 4318 1201 4392 vobis
1226 4333 1267 4392 ut
1288 4344 1335 4395 ex
1356 4320 1436 4420 ipso
1454 4343 1563 4418 super
1578 4319 1689 4395 altare
1705 4318 1960 4417 propitiaretur
1975 4339 2044 4413 pro

449 4456 467 4497 u
485 4430 676 4506 animabus
695 4434 837 4528 restris,
853 4438 941 4534 quie
957 4437 1102 4535 unguis
1115 4462 1183 4536 pro
1199 4439 1321 4513 anima
1340 4436 1509 4539 expiabit.
1526 4469 1544 4509 r
1560 4437 1670 4515 Vides
1691 4461 1778 4534 ergo
1793 4436 1888 4511 hsnc
1904 4434 2042 4532 legem,

447 4574 525 4646 quae
541 4565 577 4623 et
588 4551 736 4626 advenis
751 4553 837 4628 duta
853 4570 920 4646 est,
935 4555 1119 4630 observari
1134 4583 1157 4630 a
1173 4559 1279 4634 nobis
1294 4559 1592 4658 quingentibus
1609 4556 1801 4633 credimus.
1819 4561 1914 4653 Ergo
1929 4556 2045 4654 legem

445 4664 491 4738 de
515 4665 767 4744 obsewatione
794 4673 977 4769 sanguinis
1010 4698 1243 4751 communem
1276 4700 1360 4751 cum
1374 4674 1472 4753 ‘titiis
1498 4675 1607 4751 lsrael
1631 4689 1668 4748 et
1700 4673 1872 4747 Gentium
1897 4671 2045 4770 suscipit

486 4976 591 5037 wrm,
602 4991 656 5041 cru·
665 4992 718 5040 xxi,
729 4993 753 5028 r.
764 4982 792 5032 12
814 4980 968 5042 -’Gem.,
981 4995 1034 5044 erp.
1048 4994 1110 5045 rrrr,
1118 4996 1140 5033 r.
1153 4987 1176 5033 ι,
1189 5008 1216 5021 -
1229 4984 1333 5046 mom,
1344 4996 1398 5045 esp.
1413 4997 1439 5045 n,
1453 4997 1476 5032 r.
1487 4984 1526 5034 26.
1537 5006 1568 5019 -
1578 4983 1586 5011 ⁴
1597 4982 1688 5043 lecit,
1700 4993 1754 5043 erp.
1766 4991 1811 5043 ιιι,
1822 4993 1844 5028 r.
1857 4983 1917 5029 2.-
1932 4977 2042 5037 *torm

442 5067 497 5126 cm.
510 5070 568 5120 rrrr,
580 5072 604 5109 r.
619 5060 673 5110 1οε
695 5072 734 5120 ιιι.
