4559 6100
480 547 553 619 tos
1078 544 1212 618 Pss't'ttt
1239 543 1473 619 tumtun!

479 697 630 786 cisione,
649 708 712 768 aut
737 695 775 766 in
803 693 1004 795 praeputio?
1029 719 1103 769 non
1129 695 1168 767 in
1194 695 1484 787 circumcisione,
1504 692 1569 767 sed
1591 693 1629 765 in
1652 693 1842 793 preputio,
1871 705 1907 763 et
1930 685 2069 788 signnm

480 816 621 914 accepit
638 815 922 887 circumcisionis
937 815 1159 913 signaculum
1169 815 1313 911 justitiae
1327 814 1409 886 lidei
1426 840 1505 913 quae
1523 813 1579 886 est
1594 815 1632 885 in
1648 812 1839 913 praeputio,
1856 825 1897 883 ut
1912 812 1957 883 sit
1972 825 2072 910 pater

481 935 647 1008 omnium
662 934 886 1008 credentium
902 959 968 1033 per
981 935 1208 1035 preputium.
1225 963 1244 1002 n
1267 939 1308 1006 Et
1322 935 1453 1006 iterum
1472 961 1481 1005 ε
1501 935 1684 1006 «sienim
1701 934 1764 1031 qni
1781 956 1825 1003 ex
1835 929 1913 1030 lege
1920 929 2076 1004 heredes

482 1068 580 1146 sunt,
604 1055 785 1127 exinanita
809 1067 863 1126 est
884 1053 985 1146 fides,
1008 1052 1145 1127 abolita
1166 1068 1219 1126 est
1241 1055 1443 1153 promissio.
1468 1059 1536 1126 lex
1562 1053 1661 1126 enim
1682 1053 1772 1124 iram
1793 1064 1964 1151 operatur
1982 1079 1991 1122 :
2010 1048 2075 1121 nbi

2182 449 2185 456 ·
2258 439 2259 502 l

2257 509 2259 558 l

483 1174 580 1246 enirn
597 1196 672 1246 non
690 1187 744 1246 est
763 1173 835 1263 lex,
855 1198 923 1245 nec
940 1174 1197 1273 prevaricatio.
1217 1203 1235 1241 v
1253 1178 1298 1245 Et
1318 1173 1354 1245 in
1371 1172 1639 1272 sequentibus¹:
1660 1176 1894 1263 «Peccatum,
1909 1199 1927 1236 »
1943 1170 2072 1267 iuquit,
2162 1259 2173 1276 ι
2260 1203 2261 1231 i

486 1323 504 1359 a
518 1318 593 1365 non
633 1294 788 1391 cognovi
814 1294 883 1365 nisi
918 1318 984 1392 per
1015 1292 1144 1390 legem.
1184 1299 1274 1367 Nam
1302 1294 1629 1393 concupiscentiam
1657 1289 1878 1379 nesciebam,
1913 1289 1982 1361 nisi
2017 1289 2075 1362 lex

483 1412 647 1486 diceret:
668 1418 747 1484 Non
771 1413 1015 1511 concupisces.
1044 1414 1243 1485 Occasione
1265 1438 1352 1485 vero
1380 1426 1540 1512 accepta,
1569 1424 1755 1510 peccatum
1776 1434 1842 1509 per
1864 1408 2073 1483 mandamm

484 1546 671 1632 operatum
695 1546 748 1604 est
770 1532 807 1603 in
834 1556 892 1603 me
913 1556 1060 1604 omnem
1081 1533 1425 1631 concupiscentiam.
1445 1532 1529 1603 Sine
1551 1529 1628 1627 lege
1649 1530 1746 1602 enim
1766 1542 1957 1628 peccatum
1978 1552 2077 1600 mor·

484 1666 586 1723 tuum
612 1666 709 1741 erat,
729 1675 798 1748 ego
820 1663 941 1723 autern
966 1650 1131 1724 vivebam
1155 1652 1233 1724 sine
1251 1653 1330 1748 lege
1352 1649 1567 1749 aliquando,
1593 1648 1658 1723 sed
1682 1673 1765 1721 cum
1791 1650 1946 1721 venisset
1973 1672 2074 1720 man·

483 1771 632 1862 datum,
661 1784 851 1870 peccatum
882 1770 1028 1862 revixit3
1058 1796 1125 1868 ego
1153 1786 1274 1844 autem
1302 1786 1466 1843 mortuus
1493 1795 1596 1861 sum,
1628 1784 1664 1841 ct
1690 1764 1879 1842 inventum
1906 1765 1967 1840 est¹
1987 1767 2076 1838 mihi

484 1890 698 1963 mandatum
722 1889 823 1989 quod
847 1903 924 1962 erat
946 1890 993 1963 ad
1020 1891 1147 1977 vitam,
1174 1890 1248 1963 hoc
1270 1915 1347 1964 esse
1372 1890 1418 1963 ad
1448 1904 1619 1979 mortem,
1643 1903 1684 1961 ut
1705 1885 1768 1961 fiat
1791 1887 1900 1988 snpra
1924 1887 2074 1960 modum

484 2033 638 2107 peccans
668 2020 856 2107 peccatum
880 2033 946 2107 per
969 2008 1194 2082 mandatum.
1212 2039 1230 2075 v
1258 2015 1310 2081 Ex
1336 2010 1469 2110 quibus
1493 2009 1641 2106 quidem
1665 2004 1785 2081 verbis
1809 2005 1970 2107 Apostoli
1992 2021 2075 2105 apte

484 2143 708 2201 monstratur
723 2127 898 2225 justitiam
918 2152 939 2201 a
956 2127 1110 2201 naturali
1134 2127 1212 2226 lege
1229 2130 1415 2229 incepisse,
1438 2143 1474 2203 et
1496 2128 1743 2201 omnino'sine
1765 2128 1843 2223 lege
1863 2129 1994 2224 scripta
2012 2150 2077 2224 per

486 2246 595 2321 fidem
612 2247 779 2320 homines
794 2247 1008 2344 justificatos
1027 2272 1118 2340 esse,
1138 2247 1201 2320 ubi
1220 2250 1327 2321 etiam
1349 2249 1564 2335 adnectitur,
1587 2247 1671 2346 quia
1687 2245 1789 2320 lacile
1807 2245 1853 2317 ad
1871 2247 2076 2343 gravissim

485 2384 632 2465 peccata
659 2382 743 2466 post
766 2369 852 2466 legis
886 2369 1026 2467 scriptae
1061 2367 1325 2469 prohibitiones
1352 2369 1609 2442 inclinarentur
1643 2367 1829 2450 homines,
1864 2368 1965 2463 juxta
1989 2364 2076 2437 illud

485 2490 716 2585 poeticum':
748 2488 940 2560 «Nitimur
971 2489 1007 2559 in
1033 2488 1182 2560 vetitum
1207 2513 1362 2586 semper,
1390 2489 1626 2589 cupimusque
1656 2499 1832 2581 negata.»
1863 2492 1904 2557 tt
1931 2486 2076 2558 fortasse

485 2607 628 2704 inquies
647 2631 722 2679 non
748 2631 852 2705 posse
876 2607 1006 2678 cassari
1031 2605 1118 2678 illud
1138 2608 1419 2680 circumcisionis
1447 2606 1631 2679 decretum
1653 2619 1845 2704 postquam
1868 2604 1992 2678 datum
2011 2605 2078 2677 luit

487 2723 637 2796 Abrahae
663 2727 849 2824 primum·
869 2752 878 2794 ε
900 2726 1110 2796 «Masculus
1135 2728 1238 2820 cujus
1260 2727 1474 2826 preputium
1500 2750 1585 2798 caro
1611 2723 1918 2797 circumcisa-non
1947 2724 2073 2808 fuerit,

486 2841 665 2915 delebitur
688 2844 808 2915 anima
832 2842 891 2915 illa
916 2841 964 2913 de
988 2842 1127 2941 populo
1154 2869 1235 2933 suo,
1264 2845 1350 2942 quia
1376 2859 1518 2942 pactum
1543 2867 1664 2916 meum
1690 2844 1828 2915 irritum
1855 2845 1948 2915 lecit.
1964 2874 1982 2909 n
2006 2844 2076 2915 Sed

486 2962 516 3032 si
543 2960 731 3060 diligenter
757 2960 1028 3034 consideremus
1061 2963 1320 3062 procedentia,
1346 2964 1568 3036 inveniemus
1593 2962 1666 3035 hoc
1691 2964 1836 3035 nonnisi
1869 2960 2016 3035 Abrahae
2042 2963 2077 3034 et

485 3082 613 3156 semini
632 3081 714 3178 'ejus
731 3081 836 3155 luisse
851 3083 1068 3179 injunctum,
1089 3083 1160 3155 hoc
1177 3098 1230 3156 est
1244 3084 1301 3156 his
1319 3082 1446 3183 quide
1463 3088 1573 3172 lsaae,
1597 3108 1671 3155 uon
1692 3082 1740 3156 de
1758 3078 1881 3155 lsrnael
1904 3085 2077 3180 egressuri

485 3214 600 3273 erant.
623 3201 727 3273 Unde
745 3216 781 3273 et
805 3200 953 3274 Abrahae
971 3199 1109 3272 dictum
1130 3204 1209 3294 θεῖ’,
1231 3207 1299 3276 «ln
1323 3208 1419 3276 Isaac
1436 3201 1623 3275 vocabitur
1645 3201 1710 3274 tibi
1727 3227 1895 3275 semen.»
1916 3203 2077 3300 legimus

486 3321 594 3393 etiarn
622 3321 659 3392 in
686 3334 790 3393 utero
806 3320 1044 3393 sanctificatos
1064 3346 1142 3394 esse
1164 3323 1352 3396 leremiam
1376 3338 1411 3394 et
1432 3321 1649 3419 lobannem,
1668 3335 1861 3421 antequam
1877 3324 2077 3422 corporalia

485 3440 711 3538 perciperent
736 3456 970 3514 sacramenta.
1000 3438 1097 3512 absit
1124 3441 1245 3537 itaque
1272 3457 1310 3514 ut
1336 3442 1384 3514 ita
1409 3442 1573 3538 generale
1597 3462 1673 3513 esse
1698 3441 1933 3541 profiteamur
1957 3466 2077 3515 sacra-

485 3573 650 3633 mentum
668 3561 950 3633 circumcisionis
963 3563 1054 3633 sicut
1070 3575 1107 3632 et
1123 3559 1305 3660 baptismi,
1323 3562 1386 3635 sed
1400 3563 1501 3659 juxta
1519 3561 1762 3654 Ambrosium,
1780 3556 1922 3661 potiora
1936 3587 2077 3662 semper

485 3679 650 3752 dicamus
676 3692 715 3751 et
737 3679 950 3778 perfectiora
976 3695 1198 3751 sacramenta
1226 3682 1387 3753 Ecclesiae
1414 3704 1523 3780 quam
1550 3685 1763 3781 synagoge,
1790 3700 1875 3755 curu
1900 3682 1976 3755 haec
1997 3707 2076 3755 orn·

486 3797 607 3890 nibus,
633 3797 692 3869 illa
713 3796 946 3894 quibusdam,
965 3811 1004 3868 ut
1027 3795 1165 3869 dictum
1190 3815 1257 3890 est,
1280 3797 1363 3872 data
1378 3801 1463 3887 sint,
1488 3813 1523 3872 et
1548 3799 1624 3873 sine
1640 3801 1698 3875 his
1709 3803 1783 3900 jam
1801 3801 1900 3875 nulla
1917 3803 2076 3874 remissio

485 3916 544 3990 vel
569 3914 818 3991 sanctificatio.
833 3918 1010 4017 speranda
1037 3917 1096 3989 sit.
1129 3921 1211 3990 Haec
1245 3919 1379 3993 idcirco
1410 3921 1636 4013 induximus,
1666 3948 1712 3995 ne
1746 3916 1937 4022 quis'p'ost
1964 3921 2076 4019 legem

485 4036 594 4108 etiam
618 4034 870 4134 dotamusque
890 4037 937 4109 ad
959 4036 1154 4109 adveutum
1172 4038 1301 4111 Christi
1318 4039 1364 4111 de
1382 4040 1495 4112 salute
1511 4039 1670 4113 fidelium
1691 4042 1875 4139 gentilium
1899 4042 2073 4140 desperet,

484 4157 513 4227 si
535 4154 615 4228 sine
632 4158 864 4254 perceptione
878 4171 1185 4230 sacramentorum
1201 4158 1321 4231 sobrie
1343 4184 1385 4231 ac
1404 4161 1498 4257 juste
1514 4162 1691 4233 vixerint:
1711 4163 1803 4233 inter
1820 4184 1914 4259 quos
1929 4156 2076 4259 quidem

484 4269 691 4369 philosophi
722 4284 794 4343 tarn
818 4272 893 4343 vita
919 4296 1029 4370 quam
1057 4271 1221 4345 doctrina
1253 4274 1420 4347 claruisse
1446 4291 1657 4348 noscuntur.
1685 4282 1828 4366 Quanta
1853 4301 1940 4348 vero
1968 4276 2078 4349 absti-

485 4392 621 4480 nentia,
648 4405 781 4487 quanta
804 4392 1039 4483 continentia,
1065 4394 1207 4490 quantis
1231 4395 1420 4467 virtutibus
1445 4420 1520 4468 non
1549 4395 1666 4468 solum
1691 4396 1928 4497 philosophos
1953 4420 2077 4467 verum

484 4524 521 4580 et
546 4510 730 4582 saeculares
756 4524 865 4609 atque
890 4511 1086 4584 illitteratos
1111 4511 1277 4586 homines
1305 4513 1361 4586 lex
1389 4515 1558 4588 naturalis
1579 4540 1754 4612 amorque
1778 4516 1855 4614 ipse
1881 4515 2076 4588 honestatis

486 4628 573 4701 olim
601 4627 864 4722 sublimaverit,
885 4632 1091 4705 multorum
1131 4631 1322 4706 didicimus
1350 4635 1581 4729 testimoniis,
1605 4659 1698 4732 quos
1724 4657 2000 4733 nonnumquam
2029 4633 2075 4706 ad

485 4749 767 4849 increpationem
796 4751 1018 4850 negligentiae
1046 4766 1175 4826 uostrae
1210 4755 1329 4826 sancti
1355 4778 1501 4852 quoque
1528 4752 1715 4845 doctores,
1743 4754 1834 4826 sicut
1866 4767 1903 4825 et
1928 4751 2077 4826 beatim

484 4868 555 4942 lob
580 4868 751 4942 inducere
771 4884 1000 4964 curaverunt,
1027 4886 1062 4944 et
1084 4887 1277 4971 utrumque
1296 4897 1423 4946 eorum
1446 4898 1569 4946 serum
1591 4852 1692 4972 quasi
1716 4872 1975 4972 inexemplum
1997 4873 2076 4944 imi-

519 5145 617 5210 'tm
627 5159 682 5211 erp.
701 5160 746 5207 nr,
759 5162 783 5199 v.
797 5152 821 5202 7.
833 5174 865 5188 -
875 5152 883 5182 ¹
895 5150 969 5204 Orid.
987 5154 1085 5215 anor,
1102 5153 1149 5217 ΙΙΙ,
1162 5167 1199 5215 n,
1217 5169 1240 5205 r.
1257 5156 1330 5206 tn-
1341 5158 1351 5188 ³
1363 5155 1520 5218 sesemen
1535 5166 1593 5217 aru,
1605 5167 1627 5205 r.
1643 5156 1681 5205 n.
1693 5172 1724 5192 -·
1739 5153 1748 5183 ⁴
1760 5150 1921 5210 Geumi·
1935 5159 1990 5208 ¹¹¹1
2002 5160 2025 5197 Ὺ·
2040 5148 2078 5196 ¹²·
