4559 6100
746 547 1001 623 THEOLOGIA
1025 549 1300 627 CHRISTIANA.
1751 551 1822 635 563

228 700 365 796 genuit,
388 701 559 799 quoniam
577 701 764 773 meliorem
781 724 819 772 se
839 723 1009 798 generare
1024 726 1099 774 non
1118 704 1246 801 potuit,
1272 703 1363 777 nihil
1378 704 1477 777 euim
1495 708 1574 775 Deo
1598 701 1736 795 melius,
1757 701 1821 775 de·

227 815 309 891 buit
333 821 517 910 aequalem.
540 820 578 894 Si
600 822 697 894 enim
722 818 836 893 voluit
855 833 892 891 et
911 845 986 893 non
1009 824 1144 920 potuit,
1168 822 1331 896 infirmus
1354 837 1419 894 est.
1440 822 1478 893 Si
1493 823 1611 920 potuit
1633 836 1669 895 et
1686 820 1819 911 noluit,

228 938 372 1013 invidus
389 956 455 1015 est.
472 971 490 1010 ιι
501 941 555 1014 Ad
572 941 645 1015 hoc
663 956 699 1015 et
714 940 802 1015 illud
819 942 973 1040 pertinet
990 942 1121 1015 Nicaeni
1137 941 1294 1031 concilii,
1310 942 1411 1041 quod
1429 943 1521 1017 sicut
1540 942 1577 1014 in
1594 942 1713 1041 primo
1729 938 1822 1014 libro

228 1059 363 1153 prefati
383 1086 527 1154 sumus,
553 1060 678 1134 beatus
700 1075 865 1137 retractat
885 1062 1126 1160 Hieronymus
1143 1062 1284 1137 dicens¹
1305 1090 1313 1133 z
1336 1060 1464 1137 «Absit
1486 1086 1573 1160 ergo
1594 1061 1631 1132 in
1649 1059 1738 1131 uitio
1756 1061 1822 1135 Dei

228 1176 363 1276 aliquid
379 1181 460 1279 plus
473 1182 635 1254 minusve
652 1195 715 1255 aut
727 1181 764 1253 iu
781 1180 877 1273 loco,
889 1196 951 1254 aut
966 1182 1192 1281 intempore,
1208 1183 1322 1256 autin
1337 1182 1512 1282 potentia,
1531 1180 1643 1254 autin
1660 1181 1819 1272 scientia,

228 1311 290 1368 aut
309 1299 346 1370 in
362 1301 574 1397 equalitate,
593 1302 709 1375 autin
726 1300 966 1396 subjectione,
987 1327 1071 1375 cum
1087 1302 1220 1374 dicitur
1240 1302 1311 1377 hoc
1332 1316 1372 1374 ut
1387 1302 1518 1377 Deitati
1532 1302 1609 1399 ejus
1632 1324 1708 1374 nou
1725 1300 1825 1373 carni

228 1417 438 1493 ascribatur.
466 1420 502 1493 Si
525 1420 622 1494 enim
645 1422 727 1519 plus
747 1422 912 1495 minusve
927 1422 1064 1521 aliquid
1086 1423 1281 1515 iuvenitur,
1309 1438 1459 1521 excepto
1481 1423 1554 1496 hoc
1577 1421 1679 1520 quod
1703 1421 1826 1519 genuit

228 1538 329 1609 Pater
354 1538 496 1633 Filium,
521 1554 557 1612 et
580 1554 729 1640 excepto
754 1538 827 1612 hoc
851 1540 951 1639 quod
974 1543 1082 1615 Filius
1100 1564 1177 1617 uou
1204 1567 1248 1615 ex
1272 1543 1463 1643 semetipso
1484 1557 1589 1616 natus
1609 1556 1675 1631 est,
1699 1541 1763 1613 sed
1779 1539 1826 1612 de

228 1657 346 1749 Patre,
362 1674 424 1731 aut
443 1659 627 1753 invidens,
644 1673 706 1733 aut
721 1660 902 1758 impotens
915 1666 1032 1756 Pater,
1051 1663 1199 1760 insuper
1218 1662 1326 1736 etiam
1347 1661 1553 1762 temporalis
1572 1661 1822 1759 agnoscitur.»

228 1781 305 1849 Hac
323 1779 443 1875 itaque
455 1782 606 1874 ratione,
625 1805 698 1879 qua
716 1782 943 1854 convincitur
959 1782 1045 1880 quia
1061 1786 1158 1855 Deus
1174 1787 1276 1856 Pater
1287 1798 1361 1856 tam
1370 1782 1512 1857 bonum
1524 1783 1686 1880 genuerit
1697 1779 1824 1854 Filium

226 1911 403 1992 quantum
420 1901 552 1996 potuit,
569 1925 654 1973 cum
668 1898 833 1973 videlicet
846 1900 948 1974 aliter
961 1926 1043 1975 reus
1057 1917 1151 1977 esset
1165 1902 1322 1996 invidie,
1338 1901 1476 1979 clarum
1490 1917 1543 1976 est
1559 1916 1596 1976 et
1611 1902 1733 1974 omnia
1746 1926 1825 1999 quae

228 2014 310 2089 sarit
341 2033 516 2115 quantum
541 2036 661 2119 potest
686 2022 829 2118 egregia
851 2021 988 2116 secere,
1024 2048 1093 2095 nec
1124 2022 1237 2095 ullum
1268 2024 1505 2096 commodum
1531 2022 1632 2119 quod
1663 2021 1826 2096 conferre

226 2137 339 2233 possit
355 2137 567 2212 subtrahere
580 2139 684 2213 velle.
705 2139 798 2213 Nihil
814 2143 948 2240 quippe
962 2156 1016 2214 est
1031 2141 1132 2240 quod
1150 2158 1212 2215 aut
1225 2142 1330 2219 saciat
1346 2158 1408 2217 aut
1421 2144 1588 2233 dimittat,
1607 2143 1675 2215 uisi
1689 2143 1827 2240 optima

227 2270 263 2327 et
281 2257 484 2330 rationabili
500 2283 629 2352 causa,
648 2261 731 2333 licet
756 2259 816 2333 itta
832 2260 959 2332 nobis²
976 2262 1118 2335 occulta
1133 2262 1191 2334 sit.
1210 2262 1314 2335 Unde
1328 2276 1363 2335 et
1387 2261 1477 2334 illud
1493 2277 1547 2335 est
1571 2262 1797 2336 Platonicum
1814 2289 1822 2333 ε

230 2402 247 2439 a
262 2378 378 2448 Omne
393 2377 493 2474 quod
511 2379 677 2475 gignitur,
696 2404 739 2452 er
756 2378 878 2477 aliqua
893 2404 1000 2453 causa
1018 2382 1217 2454 necessaria
1235 2383 1402 2479 gignitur.
1423 2381 1517 2454 Nihil
1530 2383 1628 2454 euim
1645 2381 1705 2474 fit,
1724 2382 1827 2478 cujus

228 2509 350 2567 ortum
368 2522 443 2569 non
459 2499 618 2595 legitima
634 2524 743 2573 causa
760 2515 797 2572 et
812 2501 904 2573 ratio
920 2502 1111 2600 precedat.
1130 2534 1148 2569 ι)
1161 2504 1253 2575 Ηὶιιο
1275 2517 1312 2575 et
1332 2503 1422 2577 illud
1438 2518 1492 2578 est
1514 2503 1717 2600 Augustini,
1741 2526 1827 2573 cum

226 2617 350 2687 omnia
366 2618 405 2689 in
421 2618 560 2691 mundo
580 2617 658 2694 fieri
675 2621 732 2693 vel
748 2619 894 2718 disponi
913 2620 1037 2695 divina
1055 2622 1283 2720 providentia
1298 2624 1541 2715 convinceret,
1560 2637 1597 2695 et
1611 2622 1702 2695 nihil
1717 2646 1824 2715 casu,

227 2732 318 2806 nihil
344 2734 493 2809 fortuitu
517 2741 680 2831 evenire,
699 2740 762 2812 sed
784 2741 909 2813 omnia
928 2765 971 2812 ex
993 2740 1119 2813 divino
1142 2742 1333 2840 provenire
1354 2742 1596 2819 consitionis
1618 2742 1754 2842 quippe
1777 2742 1828 2815 sic

230 2858 469 2945 Ouaesu'onum
486 2863 697 2952 LXXXIII,
724 2861 842 2959 capite
864 2886 972 2933 xxvi:
993 2892 1011 2928 a
1033 2861 1216 2960 Quicquid
1237 2887 1324 2936 casu
1340 2861 1398 2957 tit,
1421 2877 1555 2936 temere
1572 2861 1633 2955 fit,
1654 2862 1825 2962 quicquid

227 2987 361 3048 temere
381 2977 435 3070 fit,
462 3002 537 3051 uon
555 2977 597 3050 fit
611 2978 852 3079 providentia.
874 2982 911 3053 Si
925 3006 1013 3079 ergo
1037 3006 1123 3057 casu
1137 2981 1258 3081 aliqua
1279 2981 1371 3055 fiunt
1386 2984 1424 3056 iu
1439 2981 1592 3076 mundo,
1613 3006 1689 3056 nou
1705 2983 1828 3082 provi-

224 3094 348 3171 dentie
370 3099 558 3171 universus
579 3098 738 3172 mundus
760 3099 1042 3175 administratur.
1061 3133 1079 3171 ι)
1098 3107 1214 3196 item,
1240 3101 1364 3175 «lllud
1379 3103 1537 3196 bonum,
1556 3104 1659 3201 cujus
1680 3105 1827 3204 partici-

226 3216 372 3311 patione
388 3231 474 3289 sunt
489 3215 588 3290 bona
605 3231 736 3312 cetera,
754 3244 829 3293 non
848 3244 914 3319 per
931 3220 1043 3313 aliud,
1061 3221 1125 3294 sed
1145 3245 1212 3320 per
1232 3223 1464 3321 semetipsum
1476 3222 1618 3296 bonum
1633 3238 1700 3295 est.
1716 3221 1825 3309 Quod

227 3334 386 3407 divinam
396 3337 504 3408 etiam
515 3336 977 3435 providentiamvocamus.
990 3371 1007 3407 >a
1022 3339 1118 3413 Nihil
1130 3341 1239 3438 igitur
1254 3365 1339 3414 casu
1353 3341 1394 3413 tit
1406 3342 1445 3414 in
1460 3340 1612 3415 mundo.
1629 3345 1669 3412 In
1685 3355 1826 3413 tentum

224 3467 347 3527 autem
364 3456 401 3526 in
418 3454 588 3527 omnibus
603 3481 683 3554 quae
698 3460 797 3531 Deus
814 3458 910 3552 tacit,
929 3458 1030 3557 quod
1042 3458 1183 3533 bonum
1200 3476 1254 3534 est
1264 3461 1431 3550 attendit,
1452 3475 1492 3533 ut
1508 3461 1588 3560 ipso
1605 3460 1695 3533 boni
1707 3460 1826 3558 pretio

226 3573 346 3671 potius
362 3598 473 3672 quam
488 3575 684 3648 voluntatis
699 3601 771 3649 suae
788 3576 891 3651 libito
907 3578 954 3651 ad
971 3580 1110 3678 singula
1126 3580 1289 3655 iacienda
1305 3579 1470 3653 inclinari
1486 3580 1639 3654 dicatur.
1665 3579 1756 3651 Hinc
1772 3592 1825 3652 est

224 3692 315 3765 ittud
340 3694 549 3792 Hieronymi
575 3696 613 3767 iu
639 3696 864 3795 expositione
887 3699 1062 3772 versionis
1086 3726 1195 3798 super
1208 3700 1400 3772 Dam'elem
1426 3725 1487 3789 ur,
1513 3698 1579 3773 ubi
1603 3698 1649 3772 dc
1669 3703 1748 3772 Deo
1774 3700 1824 3772 sic

227 3810 565 3886 Nabuchodonosor
578 3814 785 3913 loquitur⁸z
809 3822 945 3891 «turta
962 3818 1188 3894 voluntatem
1213 3820 1311 3893 enim
1334 3844 1438 3893 suam
1462 3818 1546 3892 sacit
1569 3833 1644 3893 tum
1669 3819 1705 3890 in
1732 3817 1824 3894 coelo

225 3954 336 4028 quem
352 3931 390 4003 in
405 3945 513 4023 terra,
529 3949 565 4007 et
581 3959 657 4007 non
670 3950 725 4008 est
738 3936 802 4035 qui
815 3937 954 4012 resistat
963 3940 1087 4012 manui
1099 3939 1189 4036 ejus,
1203 3954 1240 4014 et
1251 3939 1368 4013 dicat:
1384 3939 1577 4013 Curiecisti
1588 3935 1603 4006 i
1616 3967 1635 4003 ι
1652 3967 1670 4003 ι
1682 3940 1725 4010 Et
1739 3937 1822 4032 hoc,

225 4050 344 4148 inquit
359 4050 612 4149 Hieronymus,
626 4052 788 4151 loquitur
803 4057 907 4151 quasi
923 4056 1038 4129 homo
1051 4058 1183 4129 saecuh.
1202 4064 1283 4130 Non
1297 4057 1395 4129 enim
1410 4054 1511 4154 quod
1525 4054 1620 4148 vult,
1634 4055 1706 4132 hoc
1722 4057 1821 4150 Iucit3

226 4169 289 4243 sed
305 4170 405 4269 quod
420 4170 561 4244 bonum
578 4186 645 4264 est,
665 4173 737 4246 hoc
751 4176 829 4247 vult
841 4178 953 4247 Deus.
972 4174 1312 4248 Nabuchodonosor
1331 4190 1452 4249 autem
1474 4176 1525 4248 sic
1541 4175 1684 4249 locutus
1700 4191 1766 4268 est,
1785 4193 1826 4251 ut
1889 4232 1896 4246 .

226 4289 316 4362 dum
333 4292 533 4390 potentiam
557 4293 626 4365 Dei
649 4294 831 4392 praedicat,
853 4294 1028 4394 justitiam
1050 4295 1128 4394 ejus
1149 4294 1315 4370 videatur
1336 4319 1498 4393 arguere,
1520 4293 1622 4394 quod
1643 4298 1824 4372 immerito

225 4433 351 4507 poenas
367 4411 587 4484 sustinuerit.
605 4440 624 4480 ι)
641 4412 725 4486 Tale
744 4437 831 4513 ergo
844 4429 897 4487 est
918 4414 1019 4514 quod
1035 4415 1086 4489 ait
1098 4415 1363 4513 Hieronymus:
1386 4442 1404 4482 ιι
1416 4418 1496 4488 Νοιι
1513 4416 1612 4488 enim
1629 4416 1730 4515 quod
1748 4418 1825 4490 'vult

225 4525 297 4598 hoc
307 4526 403 4619 fucit,
414 4527 478 4602 sed
494 4530 593 4629 quod
611 4530 752 4605 bouum
768 4548 823 4606 est
837 4534 910 4608 hoc
924 4533 1002 4608 vult
1014 4537 1125 4629 Deus,
1139 4565 1156 4602 u
1169 4558 1212 4606 ac
1228 4534 1259 4606 si
1272 4531 1441 4606 diceret‘:
1460 4537 1501 4605 ln
1519 4534 1689 4628 omnibus
1703 4535 1823 4634 itaque

258 4834 265 4862 ¹
276 4828 432 4895 Expost'td.
446 4830 482 4880 od
493 4829 669 4897 Cyrtmpp.
682 4837 700 4884 t.
713 4831 749 4895 V,
759 4831 807 4884 cot.
821 4836 875 4886 125.
887 4834 999 4886 -¹Hrte
1053 4839 1107 4888 dtoe
1118 4838 1219 4888 mutttus
1230 4845 1276 4890 est.
1288 4836 1349 4889 Hem
1361 4849 1417 4890 cum
1428 4837 1516 4891 Petrus
1535 4847 1620 4892 nuter
1636 4840 1698 4891 run
1713 4841 1805 4891 mrtbtt
1817 4855 1826 4888 ι

225 4915 251 4962 tn
265 4913 338 4963 enus
357 4924 409 4962 nou
426 4910 533 4964 oemuu.
546 4914 707 4980 -⁸I)antet,
726 4929 749 4966 c.
762 4914 805 4972 tv,
817 4927 841 4965 r.
854 4919 933 4968 82-
946 4916 1000 4968 ιΒ·
1052 4918 1121 4980 quod
1136 4924 1191 4969 tom
1204 4931 1222 4968 c
1236 4918 1344 4970 veritate
1355 4931 1465 4983 quauta
1480 4928 1568 4972 nostru
1582 4925 1755 4971 rentutumert
1768 4922 1826 4986 ops·-

226 5005 281 5053 quae
292 5001 428 5054 sequuntu
438 5004 517 5054 usque
527 4992 560 5042 td
575 4994 644 5056 quod
657 5001 740 5047 tuma
754 4997 865 5048 ueritate
874 4999 963 5048 deum
973 5000 1000 5049 tn
1051 4999 1142 5058 utone,
1163 4998 1190 5049 u
1208 4999 1308 5049 mtutme
1325 5000 1430 5061 quadret
1448 5013 1504 5052 mm
1525 5003 1606 5053 urus
1623 5002 1827 5063 praeornatus.

226 5073 312 5123 contos
320 5073 468 5132 turonensi.
481 5086 527 5123 uec
538 5075 604 5124 uude
627 5077 659 5126 st>
677 5077 771 5128 editore
787 5079 943 5129 benedtcttno
963 5092 1000 5128 re·
1052 5080 1125 5132 hut
1136 5082 1161 5131 tn
1177 5083 1261 5131 oodtee
1277 5083 1475 5134 rmouuuneuu
1485 5084 1677 5146 murmurandi
1686 5083 1784 5134 ttdetur
1795 5086 1826 5134 ed

227 5153 555 5217 perseuerauerunt.
568 5152 1002 5211 toeuumernmuetueo
1030 5169 1148 5226 ‚purten
1168 5162 1264 5224 partun
1284 5162 1436 5222 superiorem
1454 5166 1480 5213 tn
1499 5177 1559 5230 que,
1580 5165 1638 5216 ltcet
1655 5164 1749 5214 utetur
1770 5172 1825 5225 est,
