4559 6100
519 602 542 670 6
1113 593 1234 665 PETRI
1258 593 1488 666 tumtum

515 745 626 821 modo
641 770 680 818 se
695 744 838 834 babeat,
856 766 931 841 quo
943 767 982 815 se
996 742 1132 816 habere
1145 740 1283 815 bonum
1294 744 1328 817 ei
1344 742 1524 815 credimus
1531 767 1621 833 esse,
1635 756 1672 816 et
1686 744 1757 816 boc
1772 748 1848 841 ejus
1863 747 2105 845 potiusquam

515 867 626 938 nostri
643 886 750 936 causa
766 861 1022 936 desideramus.
1041 864 1140 960 Saepe
1158 885 1313 959 namque
1327 862 1504 959 contingit
1515 875 1555 933 ut
1573 861 1730 958 aliquem
1746 863 1923 957 odientes,
1942 878 1979 938 et
1995 865 2043 938 ab
2059 891 2104 939 eo

513 980 777 1081 quoquomodo
794 1006 862 1053 nos
876 980 1043 1053 liberare¹
1061 981 1233 1071 volentes,
1249 994 1415 1079 optemus
1431 1004 1514 1052 eum
1530 979 1577 1052 ad
1595 981 1751 1053 eoelestia
1760 982 1837 1077 jam
1854 983 2056 1072 transferri,
2070 999 2105 1057 et

512 1127 667 1201 superna
682 1102 753 1173 illic
770 1101 883 1197 gloria
906 1100 973 1172 lrui
988 1124 998 1173 τ
1015 1125 1089 1198 quo
1106 1099 1233 1173 melius
1252 1102 1285 1172 ei
1302 1100 1511 1196 contingere
1528 1100 1579 1172 nil
1597 1115 1728 1199 potest.
1745 1106 1818 1173 Nec
1834 1117 1955 1175 tamen
1973 1103 2011 1175 id
2028 1104 2106 1198 ejus

511 1246 635 1294 amore
653 1220 821 1318 gerimus,
840 1219 925 1316 quia
941 1243 1009 1316 pro
1027 1217 1132 1290 nobis
1156 1217 1195 1291 id
1220 1219 1340 1316 potius
1356 1241 1467 1316 quam
1483 1243 1550 1315 pro
1566 1220 1644 1317 ipso
1659 1220 1811 1315 agimus,
1829 1245 1898 1292 nec
1913 1235 1987 1292 tam
2011 1220 2105 1294 illius

513 1339 713 1431 utilitatem,
733 1362 841 1434 quam
859 1351 1020 1410 nostram
1040 1337 1077 1407 in
1102 1336 1175 1409 boe
1200 1336 1437 1411 attendentes.
1456 1338 1523 1410 Cui
1542 1337 1696 1410 fortassis
1720 1338 1759 1409 in
1783 1336 1855 1409 hoc
1879 1339 1958 1437 ipso
1977 1339 2104 1411 melius

510 1482 621 1555 quam
640 1457 817 1530 nobismet
832 1456 918 1554 ipsis
933 1469 1118 1555 optamus3
1137 1456 1250 1552 magis
1269 1454 1388 1528 adbuc
1412 1457 1593 1555 presentis
1608 1456 1688 1527 vitae
1700 1457 1904 1548 miseriam,
1921 1481 2033 1554 quam
2048 1457 2103 1529 lu·

511 1593 597 1648 turae
613 1576 765 1674 gloriam
782 1574 888 1647 nobis
901 1576 1098 1673 cupientes.
1120 1574 1230 1664 Quod
1248 1574 1382 1646 Tullius
1399 1598 1563 1672 quoque,
1579 1599 1662 1646 cum
1679 1576 1871 1648 amicitiam
1884 1577 1923 1647 in
1943 1575 2103 1648 secundo

510 1696 704 1768 Rhetorice
720 1692 907 1785 deliniret,
925 1694 1368 1794 diligenterprovidebat,
1384 1692 1508 1766 dicens
1527 1721 1536 1764 ε
1559 1723 1578 1762 e
1592 1694 1755 1767 Amicitia
1770 1707 1824 1767 est
1838 1695 2006 1767 voluntas
2020 1719 2103 1792 erga

508 1816 663 1912 aliquem
689 1840 808 1888 rerum
826 1812 1027 1905 bonarum,
1048 1814 1160 1912 ipsius
1179 1814 1272 1885 illius
1289 1836 1414 1902 causa,
1430 1837 1540 1910 quem
1557 1810 1685 1909 diligit.
1711 1842 1729 1879 s
1752 1811 1821 1884 Ubi
1839 1813 2002 1911 prolecto
2018 1838 2101 1885 cum

509 1934 652 2031 adjecit,
670 1934 781 2033 ipsius
798 1933 891 2005 illius
910 1956 1033 2021 causa,
1053 1957 1163 2031 quem
1181 1932 1314 2030 diligit,
1332 1952 1492 2004 sesama
1508 1930 1594 2003 falsa
1611 1929 1771 2002 distinxit
1786 1932 1993 2004 amicitiam.
2014 1935 2103 2004 Sunt

507 2054 605 2126 enim
619 2055 681 2151 qui
705 2052 794 2124 alios
814 2075 933 2124 amare
951 2051 1131 2143 dicuntur,
1151 2074 1366 2148 quacunque
1375 2051 1574 2122 intentione
1587 2048 1680 2121 bene
1695 2049 1872 2121 illis¹esse
1883 2048 2100 2122 desiderent.

508 2172 672 2258 Quicum
683 2171 720 2243 id
732 2194 839 2243 causa
850 2171 905 2242 sui
916 2171 1154 2268 potiusquam
1166 2169 1309 2241 illorum
1321 2183 1441 2266 agant,
1452 2192 1527 2240 non
1539 2182 1612 2240 tam
1622 2168 1809 2240 bominem
1819 2168 1984 2265 diligunt,
1994 2190 2101 2264 quam

507 2290 686 2363 fortunam
700 2290 777 2386 ejus
787 2302 998 2387 sequuntur,
1014 2313 1081 2360 nec
1096 2301 1169 2361 tam
1184 2287 1378 2361 commoda
1394 2289 1504 2387 ipsius
1516 2311 1628 2384 quam
1640 2288 1751 2359 suain
1759 2286 1822 2359 illo
1834 2301 2021 2377 venantur,
2035 2311 2103 2359 nec

505 2409 575 2479 tale
589 2407 805 2480 desiderium
820 2422 894 2481 tam
909 2408 1051 2492 caritas,
1068 2407 1106 2480 id
1118 2422 1173 2479 est
1184 2431 1287 2479 amor
1301 2407 1486 2497 honestus,
1499 2420 1540 2477 nt
1552 2405 1691 2477 dictum
1706 2419 1771 2493 est,
1789 2428 1900 2504 quam
1911 2405 2099 2503 cupiditas,

507 2525 611 2599 idest
626 2552 728 2599 amor
742 2526 954 2598 inhonestus
969 2550 1012 2598 ac
1026 2526 1153 2624 turpis,
1174 2540 1227 2598 est
1244 2524 1455 2598 dicendum.-
1470 2524 1533 2596 llla
1545 2525 1679 2624 quippe
1693 2548 1795 2596 amor
1814 2524 1890 2610 Dei,
1909 2524 1986 2595 baec
1998 2548 2102 2598 amor

504 2645 622 2717 saeculi
638 2659 889 2744 nuncupatur:
908 2645 993 2740 quia
1001 2667 1066 2742 per
1079 2643 1181 2715 illum
1199 2648 1277 2715 Deo
1293 2643 1521 2740 copulamur,
1542 2669 1607 2742 per
1620 2645 1727 2716 istum
1745 2642 1937 2716 mundanis
1950 2666 2102 2741 occupa·

503 2788 585 2834 mur
594 2764 701 2852 curis,
713 2776 749 2835 et
757 2763 906 2834 terrenis
914 2760 1134 2833 deservimus
1144 2760 1338 2834 desideriis.
1353 2766 1396 2833 Et
1407 2786 1471 2860 per
1483 2760 1585 2833 illum
1595 2761 1742 2860 quidem
1751 2762 1904 2858 quaeDei
1914 2774 1996 2832 sunt
2003 2784 2102 2833 cura·

505 2905 598 2974 mus,
611 2906 676 2982 per
691 2882 799 2952 istum
813 2906 892 2979 quae
908 2893 1032 2952 nostra
1044 2894 1127 2952 sunt
1140 2879 1384 2978 providemus.
1403 2885 1445 2952 Et
1460 2881 1497 2952 in
1508 2881 1571 2952 illo
1584 2879 1665 2953 finis
1677 2870 1730 2953 est
1746 2885 1855 2972 Deus,
1869 2879 1908 2951 id
1923 2894 1976 2952 est
1988 2878 2102 2951 finalis

502 3015 538 3071 et
555 3024 722 3101 suprema
738 3024 858 3094 causa,
876 2999 924 3074 ad
936 3022 1045 3097 quem
1062 3012 1183 3071 nostra
1197 2998 1361 3097 dirigitur
1369 3000 1533 3090 intentio,
1548 2999 1697 3099 quando
1714 2997 1881 3073 videlieet
1895 3013 1969 3071 tam
1984 2998 2101 3096 ipsum

504 3144 613 3216 quam
629 3121 836 3219 proximum
853 3119 1033 3216 diligimus
1048 3131 1197 3216 propter
1215 3120 1358 3216 ipsum,
1377 3144 1444 3192 nec
1461 3135 1533 3193 tam
1551 3134 1711 3194 nostram
1727 3142 1837 3217 quam
1855 3118 1965 3217 ipsius
1982 3119 2101 3213 sequi-

504 3263 586 3310 mur
602 3238 838 3312 voluntatem.
855 3243 895 3310 ln
913 3239 982 3310 isto
994 3250 1115 3309 autem
1130 3236 1200 3335 ipsi
1215 3239 1454 3336 nosmetipsos
1470 3238 1581 3312 finem
1593 3239 1856 3327 constituimus,
1876 3235 2009 3334 quibus
2017 3236 2101 3308 satis

502 3371 556 3429 est
571 3358 600 3428 si
612 3357 787 3430 desideria
799 3371 920 3429 nostra
934 3354 1193 3452 compleamus,
1209 3369 1245 3427 et
1259 3355 1434 3429 voluntati
1448 3371 1576 3429 nostrae
1593 3379 1794 3456 pareamus.
1809 3356 1941 3443 Quales
1956 3370 1993 3426 et
2008 3360 2099 3452 Apo-

502 3476 615 3548 stolus
624 3474 840 3573 praevidens⁸
852 3502 862 3547 z
873 3503 892 3543 n
905 3479 1031 3560 Erunt,
1049 3473 1177 3569 inquit,
1189 3472 1355 3545 homines
1366 3475 1502 3573 seipsos
1516 3489 1690 3568 amantes,
1706 3473 1804 3546 »hoc
1813 3485 1866 3544 est
1877 3472 1916 3543 in
1929 3473 2099 3569 sepotius

502 3618 612 3691 quam
627 3595 664 3664 in
675 3597 754 3664 Deo
770 3593 826 3663 sui
837 3592 970 3665 amoris
982 3589 1093 3662 tinem
1109 3591 1379 3662 constituentes.
1400 3596 1492 3663 Cum
1508 3595 1605 3665 enim
1621 3593 1828 3691 proximum
1845 3604 2016 3687 unquam
2033 3613 2100 3662 uos

502 3714 600 3810 ipsos
622 3731 743 3782 amare
769 3708 974 3805 jubeamur,
1002 3730 1232 3810 nequaquam
1248 3731 1439 3806 peccamus
1456 3734 1526 3783 nos
1540 3711 1717 3805 amando,
1735 3710 1799 3783 sed
1812 3709 1958 3799 amoris,
1974 3722 2013 3780 ut
2022 3707 2098 3780 dic-

502 3843 578 3902 tum
591 3842 656 3920 est,
670 3826 782 3900 linem
797 3828 835 3899 in
852 3825 957 3899 nobis
967 3821 1195 3898 collocando.
1211 3829 1253 3897 Et
1268 3850 1351 3899 cum
1367 3829 1480 3900 nostri
1495 3854 1642 3928 quoque
1657 3832 1749 3903 sicut
1759 3845 1796 3903 et
1806 3828 1960 3930 proximi
1974 3849 2098 3899 curam

501 3950 538 4019 in
555 3947 761 4020 necessariis
777 3969 882 4042 agere
896 3942 1104 4037 debeamus,
1125 3944 1302 4017 nonnulla
1318 3960 1466 4047 propter
1484 3952 1723 4049 nosmetipsos
1736 3972 1843 4046 agere
1856 3971 1924 4019 nos
1942 3959 2096 4045 oportet,

500 4080 540 4137 ut
555 4078 591 4137 et
607 4089 677 4137 nos
692 4089 819 4136 eorum
836 4089 915 4163 quae
932 4063 1068 4161 egmus
1083 4085 1193 4136 causa
1207 4063 1379 4161 quaedam
1390 4066 1618 4160 exsistamus,
1637 4067 1702 4140 sed
1717 4089 1807 4159 non,
1824 4078 1866 4137 nt
1875 4065 2015 4137 dictum
2029 4079 2096 4155 est,

502 4184 595 4276 finis,
609 4183 647 4255 id
664 4199 716 4256 est
732 4184 895 4284 superior
906 4197 942 4256 et
954 4204 1121 4281 suprema
1135 4205 1256 4274 causa,
1269 4188 1458 4280 qmeDeus
1466 4199 1532 4258 est.
1547 4186 1626 4258 Hoc
1637 4179 1902 4286 ipsumquippe
1916 4182 2017 4281 quod
2030 4206 2098 4281 pro

409 4360 412 4365 .
502 4301 606 4374 nobis
620 4302 787 4399 gerimus,
807 4302 949 4374 sirecte
962 4324 1130 4397 agamus,
1150 4315 1299 4401 propter
1314 4306 1430 4374 Deum
1447 4302 1617 4396 iacimus,
1642 4306 1702 4377 cui
1718 4304 1793 4377 boc
1817 4304 1960 4403 placem
1980 4301 2095 4374 credi·

501 4444 593 4511 mus,
613 4435 649 4492 et
661 4420 737 4518 ejus
755 4419 901 4493 dilectio
916 4432 1047 4494 nostrae
1062 4443 1170 4492 causa
1192 4433 1264 4491 est:
1285 4435 1325 4492 ut
1339 4443 1409 4492 nos
1430 4429 1577 4521 quoque
1593 4438 1744 4524 propter
1759 4424 1899 4523 ipsum,
1916 4445 1993 4492 non
2014 4444 2099 4493 eum

499 4553 647 4637 propter
669 4563 737 4610 nos
755 4538 957 4640 diligamus.
981 4537 1147 4636 Alioquin
1165 4561 1332 4636 perverse
1351 4553 1498 4636 agentes
1514 4542 1551 4614 in
1575 4541 1681 4615 nobis
1696 4542 1818 4642 potius
1837 4563 1947 4638 quam
1963 4538 2000 4609 in
2017 4539 2098 4636 ipso

502 4672 633 4730 nostrae
648 4656 848 4729 dilectionis
873 4655 983 4729 finem
999 4657 1308 4730 constitueremus.
1324 4661 1424 4730 Tunc
1440 4681 1528 4731 vero
1544 4673 1694 4759 propter
1710 4661 1827 4759 ipsum
1849 4673 1924 4731 tam
1940 4672 2099 4728 uosmet·

499 4778 598 4876 ipsos
613 4757 722 4875 quem
742 4775 949 4875 proximum
963 4775 1163 4873 diligimus,
1185 4801 1271 4849 cum
1290 4777 1374 4851 ideo
1391 4802 1459 4851 nos
1477 4802 1661 4867 amamus,
1677 4781 1764 4879 qnia
1777 4779 1851 4852 hoc
1867 4778 1901 4849 ei
1916 4775 2097 4849 cred'unus

500 4896 664 4992 placere:
683 4917 759 4967 non
776 4895 862 4993 quia
880 4894 987 4968 nobis
1003 4895 1089 4970 utile
1103 4894 1193 4989 lore,
1214 4894 1297 4969 licet
1313 4896 1352 4970 id
1374 4911 1514 4972 constet
1528 4899 1653 4974 inutile
1669 4899 1776 4974 nobis
1790 4911 1867 4973 esse
1883 4921 1958 4970 non
1975 4918 2093 4996 posse.

530 5164 535 5187 ¹
547 5156 587 5206 Str
598 5154 658 5207 (od.
669 5154 732 5206 Vter.
746 5152 808 5207 lists
818 5155 878 5216 tenu
890 5155 962 5207 lmb.
973 5154 1124 5205 damnose.
1140 5180 1169 5191 -
1179 5157 1188 5185 ²
1200 5153 1242 5206 Str
1253 5155 1314 5208 tort.
1330 5156 1393 5209 t‘tct.
1404 5158 1460 5208 stru·
1472 5160 1544 5212 Ant.
1553 5186 1582 5198 -
1596 5163 1606 5195 ³
1618 5161 1682 5212 rint
1697 5159 1728 5223 ll,
1739 5174 1797 5225 cap.
1809 5172 1847 5221 ru,
1858 5174 1881 5211 r.
1893 5163 1919 5211 2.
