4559 6100
343 435 349 446 ¹
452 493 523 563 rra
747 481 752 487 ·
1055 490 1183 563 entur
1210 487 1443 565 ruminor

409 651 414 659 ’
450 637 644 711 divinitatis
669 636 782 710 modo
799 637 993 712 revelatum
1011 653 1065 711 est
1083 639 1223 712 mundo
1245 664 1310 740 per
1330 638 1445 737 legem
1468 639 1650 738 scriptam,
1682 639 1789 711 etiam
1812 638 1890 712 sine
1914 639 2050 739 scripto

452 784 517 858 per
531 757 731 831 naturalem
744 759 920 831 rationem
936 759 1166 832 manifestum
1188 773 1271 832 ante
1296 758 1422 832 luerat.
1448 788 1466 829 n
1480 764 1519 831 ln
1542 757 1623 852 illis,
1644 790 1661 827 ε
1681 759 1718 832 id
1734 773 1800 851 est,
1815 785 1889 833 uon
1907 774 2048 833 tantum

451 876 531 972 illis,
550 903 675 952 verum
690 880 799 951 etiam
818 904 882 979 per
897 878 977 951 illos
991 879 1081 952 aliis.
1101 878 1204 951 Unde
1223 893 1259 951 et
1276 878 1386 950 multa
1400 877 1446 952 de
1459 878 1629 953 Trinitate
1642 880 1847 953 testimonia
1864 894 1987 979 aperta
2008 880 2045 951 in
2066 893 2070 903 ’

340 1067 347 1076 .
453 997 753 1098 philosophorum
766 998 866 1071 libris
882 999 1120 1098 reperiuntur,
1140 999 1203 1097 qui
1219 998 1389 1071 Gentium
1406 999 1561 1095 magistri
1578 1013 1702 1072 erant:
1721 1025 1800 1099 quae
1811 1000 1921 1073 etiam
1934 1000 2046 1073 sancti

453 1123 578 1191 Patres
603 1119 640 1190 in
669 1133 799 1191 nostrae
824 1117 909 1191 fidei
931 1117 1285 1192 commendationem
1307 1116 1497 1191 adversum
1522 1117 1716 1191 Gentilium
1739 1120 2046 1219 impugnationem

454 1237 642 1335 diligenter
659 1239 891 1336 collegerunt.
911 1244 1076 1327 Quorum
1093 1239 1264 1337 pleraque
1280 1252 1316 1311 et
1331 1263 1398 1310 nos
1410 1239 1518 1311 etiam
1542 1239 1579 1309 in
1602 1238 1796 1339 Theologioe
1812 1254 1940 1312 nostrae
1956 1263 2047 1338 upu-

452 1359 552 1431 sculo
571 1359 800 1432 contulimus.
828 1389 846 1428 a
869 1363 966 1432 Deus
992 1358 1090 1431 enirn
1113 1357 1184 1431 illis
1219 1356 1404 1431 revelavit.
1431 1386 1451 1426 u
1488 1358 1619 1434 Saltem
1646 1383 1713 1458 per
1741 1359 1866 1432 ellecta
1896 1382 2044 1432 suorum

450 1504 616 1578 operum.
635 1485 678 1552 Et
691 1480 764 1552 hoc
777 1496 829 1553 est
842 1479 944 1578 quod
956 1477 1077 1551 subdit
1097 1506 1106 1550 ε
1127 1476 1352 1551 «invisibilia
1367 1479 1478 1571 enim,
1498 1493 1601 1552 etc.»
1618 1484 1747 1553 Totum
1765 1478 1825 1552 hic
1841 1480 2046 1578 mysterium

449 1600 628 1673 Trinitatis
645 1601 843 1699 distinguit,
862 1616 993 1673 utnon
1019 1599 1137 1671 solum
1159 1598 1332 1672 unitatem
1358 1597 1438 1689 Dei,
1457 1623 1584 1672 verum
1603 1615 1639 1673 et
1660 1600 1866 1675 Trinitatem
1893 1625 1937 1672 ex
1961 1600 2047 1699 ipsis

451 1720 622 1818 operibus
646 1720 867 1821 perpendere
892 1733 1066 1819 possent:
1092 1716 1401 1816 quemadmodum
1430 1743 1473 1791 ex
1496 1718 1667 1816 qualitate
1692 1721 1812 1820 operis
1839 1718 2042 1817 cujuslibet,

450 1839 566 1937 qualis
576 1856 612 1914 et
624 1840 725 1937 cujus
735 1839 885 1913 solertiae
899 1838 1003 1913 luerit
1018 1838 1142 1911 artilex
1159 1837 1236 1934 ejus
1250 1837 1473 1934 conjicimus.
1490 1841 1535 1908 Et
1552 1838 1695 1912 attende
1707 1839 1894 1938 diligenter
1910 1840 2044 1914 dictum

450 1959 551 2058 quod
574 1976 701 2034 notum
726 1975 779 2032 est
804 1959 869 2031 Dei
885 1958 953 2030 illis
969 1955 1165 2030 revelatum
1182 1956 1300 2050 fuisse,
1319 1956 1392 2029 hoc
1410 1969 1463 2029 est
1486 1981 1549 2030 eos
1564 1941 1758 2032 credidisse
1780 1984 1822 2032 ea
1844 1984 1924 2059 quae
1948 1984 2046 2033 nunc

450 2080 631 2152 credimus
645 2079 691 2152 de
715 2080 770 2152 bis
786 2104 865 2177 quae
885 2077 931 2150 ad
951 2077 1177 2150 divinitatem
1198 2076 1347 2174 quidem
1369 2076 1548 2173 pertinent
1569 2080 1690 2176 potins
1713 2103 1823 2176 quam
1845 2079 1892 2153 ad
1917 2080 2045 2153 divinae

450 2202 707 2273 incarnationis
723 2199 942 2297 mysterium.
960 2198 1166 2295 Mysterium
1182 2196 1316 2296 quippe
1332 2198 1593 2273 lucarnationis
1603 2222 1648 2270 ex
1664 2198 1862 2272 visibilibus
1876 2200 1942 2272 Dei
1959 2225 2045 2300 ope·

448 2321 549 2392 ribus
560 2344 787 2421 nequaquam
806 2318 948 2416 concipi
963 2317 1121 2389 hnmana
1135 2330 1275 2415 poterat
1287 2315 1440 2409 ratione,
1455 2318 1544 2390 sicut
1556 2318 1717 2416 potentia
1731 2321 1810 2406 Dei,
1826 2334 1862 2391 et
1872 2321 2043 2419 sapientia

448 2441 537 2538 ejus,
551 2456 587 2514 et
602 2441 803 2539 benignitas
815 2465 857 2514 er
874 2439 931 2511 his
947 2463 1026 2536 quae
1040 2436 1212 2528 videbant
1225 2435 1361 2535 liquide
1374 2436 1674 2536 percipiebantur.
1695 2441 1736 2510 ln
1752 2439 1882 2537 quibus
1896 2440 2041 2536 quidem

448 2559 561 2634 tribus
587 2575 699 2634 totam
723 2560 902 2633 Trinitatis
929 2557 1196 2631 distinctionem
1222 2557 1416 2629 consistere
1442 2554 1566 2628 credo.
1594 2557 1636 2630 ld
1657 2559 1790 2659 quippe
1818 2564 1914 2633 Deus
1941 2563 2043 2632 Pater

446 2705 575 2752 sonare
591 2680 679 2752 mihi
694 2680 837 2752 videtur
852 2678 953 2778 quod
967 2692 1072 2750 sonat
1088 2676 1211 2749 divina
1224 2676 1385 2775 potentia
1400 2675 1561 2748 divinam
1577 2675 1751 2774 generans
1769 2681 1993 2779 sapientiam,
2005 2679 2042 2753 id

447 2815 499 2872 est
517 2800 663 2893 Filium,
681 2814 718 2871 et
728 2802 827 2872 Deus
845 2798 991 2897 quidem
1010 2797 1116 2869 Filius
1131 2795 1358 2869 tantumdem
1375 2809 1552 2894 quantum
1570 2795 1694 2871 divina
1712 2801 1885 2897 sapientia
1901 2825 1945 2872 ex
1964 2803 2040 2872 Deo

448 2923 550 2992 Patre
563 2920 695 3016 genita,
714 2934 749 2991 et
762 2923 859 2991 Deus
874 2919 1024 3017 Spiritus
1039 2932 1184 2990 sanctus
1198 2931 1375 3015 quantum
1387 2940 1491 2990 amor
1505 2917 1570 2989 Dei
1591 2918 1665 2991 sive
1687 2919 1888 3019 benignitas
1903 2944 1945 2992 ex
1963 2924 2041 2992 Deo

448 3044 548 3113 Patre
563 3038 765 3138 procedens
778 3054 814 3112 et
831 3038 932 3111 Filio.
944 3038 1191 3135 Continuatio,
1207 3069 1224 3105 α
1240 3041 1337 3111 Deus
1348 3035 1416 3110 illis
1431 3036 1612 3111 revelavit.
1630 3070 1648 3105 u
1664 3041 1757 3129 Quia
1770 3065 1833 3140 per
1846 3040 2034 3132 rationem,

446 3184 556 3259 quam
571 3163 669 3231 Deus
687 3160 737 3233 eis
756 3158 926 3244 contulit,
945 3182 988 3230 ex
1007 3155 1207 3230 visibilibus
1224 3157 1334 3255 ipsius
1354 3154 1525 3255 operibus
1540 3156 1662 3231 divina
1680 3160 1757 3256 ejus
1770 3159 1922 3231 Trinitas
1937 3159 2043 3232 inno·

446 3281 524 3371 tuit,
539 3295 575 3353 et
588 3304 653 3379 per
663 3278 787 3352 effecta
802 3302 865 3352 sua
878 3278 953 3377 ipse
969 3276 1094 3349 artilex
1110 3277 1166 3349 sui
1182 3277 1347 3350 notitiam
1360 3276 1412 3349 eis
1423 3276 1628 3376 impertivit.
1647 3283 1690 3351 Et
1705 3278 1777 3352 boc
1794 3294 1847 3352 est
1862 3278 1967 3377 quod
1980 3280 2041 3371 ait,

449 3429 467 3468 a
484 3399 675 3473 invisibilia
691 3400 789 3473 enim
806 3399 929 3498 ipsius,
944 3397 1080 3470 »idest
1095 3399 1175 3488 Dei,
1191 3395 1294 3494 quod
1310 3410 1363 3470 est
1379 3395 1500 3470 dicere
1514 3397 1697 3497 multiplex
1712 3399 1789 3496 ejus
1805 3423 1867 3472 sen
1882 3399 2044 3500 septilor-

434 3521 514 3592 'mis
530 3521 698 3619 Spiritus,
725 3520 786 3617 qui
808 3519 915 3592 etium
938 3531 1076 3617 septem
1100 3516 1244 3615 spiritus
1265 3538 1530 3613 nonnunquam
1551 3516 1695 3609 dicitur,
1716 3518 1807 3591 sicut
1829 3518 2044 3620 septiformis

446 3642 565 3737 gratiae
581 3640 693 3730 dona,
707 3639 795 3737 ipse,
813 3636 976 3735 inquam,
992 3634 1209 3735 septiformis
1222 3635 1374 3733 Spiritus
1385 3635 1451 3707 Dei
1467 3637 1686 3736 conspicitur
1698 3637 1909 3731 intellectus,
1926 3637 2039 3726 idest,

447 3757 681 3858 perpenditur
696 3781 772 3838 uon
785 3755 898 3828 oculis
915 3754 1090 3853 corporis,
1107 3753 1171 3826 sed
1184 3752 1414 3850 intelligentia
1430 3755 1592 3829 rationis.

497 3905 514 3946 u
532 3881 557 3949 t
575 3890 738 3949 creatura
758 3874 883 3948 mundi
903 3899 969 3973 per
988 3897 1031 3947 ea
1052 3898 1132 3971 quae
1153 3871 1244 3946 lacta
1267 3887 1351 3946 sunt
1375 3873 1576 3964 intellecta,
1597 3877 1916 3976 conspiciuntur.»
1935 3878 1976 3950 td
1992 3891 2043 3949 est

446 3995 656 4092 intelligitur
669 4021 734 4094 per
746 3994 872 4069 ellecta
888 3992 1158 4066 mundanorum
1175 4017 1340 4092 operum,
1360 4017 1440 4090 qnae
1454 4007 1529 4066 tam
1542 3995 1679 4093 optime
1696 3995 1772 4070 fieri
1789 3999 1900 4071 voluit
1916 4022 1959 4071 ac
1975 3997 2044 4072 dis·

446 4117 548 4217 poni.
567 4144 585 4185 a
602 4117 827 4214 Sempiterna
847 4113 935 4210 ejus.
953 4141 971 4182 u
988 4113 1054 4184 Hic
1071 4112 1283 4212 sapientiam
1300 4111 1390 4210 ejus,
1410 4113 1446 4185 id
1463 4127 1515 4185 est
1536 4114 1603 4187 Dei
1620 4114 1861 4214 intelligimus,
1878 4142 1957 4215 quae
1975 4133 2039 4209 est,

448 4251 488 4309 ut
504 4236 677 4329 diximus,
700 4236 808 4311 Filius
826 4234 891 4307 Dei
910 4261 917 4305 :
938 4233 1075 4332 dequo
1094 4231 1178 4305 alibi
1196 4231 1292 4305 idem
1311 4232 1503 4332 Apostolus
1518 4233 1642 4307 dicit¹:
1662 4235 1873 4310 «Christum
1890 4237 1956 4309 Dei
1972 4237 2043 4307 vir·

448 4370 578 4449 tutem,
600 4371 636 4429 et
657 4357 722 4428 Dei
748 4355 972 4454 sapientiam.
990 4384 1008 4421 u
1022 4358 1140 4441 Quam
1158 4351 1305 4451 quidem
1326 4352 1536 4452 sapientiam
1559 4355 1784 4452 Evangelista
1806 4355 1981 4445 Verbum,
2005 4355 2043 4426 id

447 4491 500 4551 est
528 4475 659 4549 mentis
682 4489 919 4573 conceptum,
942 4473 1182 4573 philosophus
1207 4486 1367 4546 mentem
1396 4474 1580 4566 nominat,
1607 4498 1717 4572 quam
1741 4500 1785 4549 ex
1819 4481 1895 4549 Deo
1922 4491 2045 4552 natam

447 4594 613 4671 affirmat.
648 4595 769 4667 Virtus
799 4592 945 4692 quidem
976 4594 1043 4665 Dei
1073 4594 1248 4692 sapientia
1283 4591 1360 4689 ejus
1392 4589 1543 4679 dicitur,
1575 4594 1776 4668 secundum
1807 4596 1845 4668 id
1877 4595 1978 4694 quod
2006 4599 2043 4669 in

447 4715 619 4815 sapientia
640 4715 763 4787 omnia
786 4714 922 4811 optime
942 4712 1024 4784 lacit
1050 4737 1093 4785 ac
1116 4712 1290 4812 disponit.
1310 4709 1437 4784 Debile
1456 4712 1591 4812 quippe
1609 4727 1717 4812 atque
1736 4713 1936 4789 invalidum
1953 4741 2047 4815 opus

447 4849 516 4928 est,
544 4833 645 4933 quod
674 4833 823 4908 solerter
855 4831 986 4904 lactum
1015 4855 1088 4905 non
1117 4844 1185 4904 est.
1223 4829 1398 4903 Divinitas
1427 4856 1515 4904 vero
1543 4830 1616 4906 hoc
1647 4832 1729 4906 loco
1761 4858 1829 4933 pro
1861 4836 2045 4931 majestate

483 5107 509 5156 11
521 5109 645 5169 corinth..
658 5121 710 5171 cap.
724 5120 746 5170 r,
757 5120 780 5158 r.
795 5108 833 5159 at.
