4559 6100
447 459 519 533 596
1046 453 1175 527 ruunt
1200 453 1436 526 ABAELARDI

448 631 569 708 pugna
596 608 659 696 sit,
680 620 817 705 quanto
842 606 1080 703 frequentior,
1103 619 1139 677 et
1161 618 1261 676 tanto
1279 604 1429 677 victoria
1447 603 1577 676 clarior
1598 618 1735 702 quanto
1758 600 1948 676 difficilior.
1969 607 2047 676 Ho-

451 734 566 806 mines
589 757 676 805 veru
702 745 1034 829 quantumcumque
1059 728 1292 830 praevaleant,
1318 726 1408 800 nihil
1429 728 1509 819 ritae
1532 742 1663 801 nustrae
1689 726 1918 828 turpitudinis
1944 728 2045 824 inge·

452 868 551 942 runt,
569 854 638 925 nisi
654 876 739 923 cum
758 875 859 923 more
877 851 1061 945 vitiorum,
1082 864 1118 923 et
1132 850 1234 948 quasi
1247 847 1355 922 nobis
1375 849 1413 920 iu
1434 849 1522 922 vitia
1533 850 1729 941 conversis,
1747 849 1842 948 turpi
1866 873 1935 921 nos
1952 873 2046 920 con·

452 996 557 1044 sensu
580 971 787 1068 subjiciunt.
811 969 882 1042 lllis
899 971 1044 1070 corpori
1057 969 1348 1061 dominantibus,
1373 967 1461 1041 dum
1480 966 1570 1040 liber
1591 969 1731 1041 animus
1746 967 1870 1060 fuerit,
1889 964 1980 1039 nihil
1998 967 2047 1040 de

450 1114 535 1162 vera
565 1090 729 1162 libertate
760 1087 994 1187 periclitatur,
1034 1086 1123 1160 nibil
1159 1088 1339 1162 obscoenae
1363 1087 1541 1160 servitutis
1573 1087 1800 1159 incurrimus.
1839 1091 1919 1158 Non
1947 1086 2048 1158 enim

450 1209 591 1282 homini
618 1208 750 1281 servire
767 1207 831 1280 scd
850 1208 937 1280 vitio
956 1223 1059 1307 turpe
1075 1223 1150 1303 est,
1178 1233 1247 1281 nec
1270 1206 1468 1307 corporalis
1492 1206 1657 1301 servitus,
1683 1205 1746 1280 sed
1763 1206 1935 1278 vitiorum
1958 1205 2047 1278 sub·

447 1331 556 1425 jectio
579 1329 737 1401 animam
758 1325 951 1426 deturpat:
971 1326 1149 1425 quidquid
1168 1329 1266 1401 enim
1286 1326 1394 1399 bonis
1414 1326 1548 1425 pariter
1566 1341 1602 1399 et
1626 1326 1728 1400 malis
1750 1350 1945 1398 commune
1967 1340 2043 1415 est,

452 1449 540 1521 nibil
551 1448 597 1521 ad
608 1449 772 1522 virtutem
789 1446 843 1520 vel
853 1448 979 1520 vitium
994 1447 1111 1521 refert.

1099 1747 1279 1842 caput
1314 1751 1401 1841 111.

793 1960 871 2037 Quid
884 1963 922 2021 sit
934 1962 1023 2022 animi
1033 1963 1138 2024 vitium
1150 1977 1181 2024 et
1195 1963 1265 2043 quid
1281 1965 1400 2046 pmprie
1412 1965 1525 2025 dicautr
1536 1978 1698 2046 pronatum.

498 2149 633 2221 Vitium
656 2147 776 2244 itaque
792 2161 860 2236 est,
883 2172 958 2245 quo
979 2151 1027 2223 ad
1047 2151 1273 2248 peccandum
1292 2152 1399 2251 proni
1422 2150 1610 2241 efficimur,
1636 2150 1707 2222 boc
1733 2164 1799 2241 est,
1830 2149 2047 2223 inclinamur

450 2268 495 2340 ad
519 2263 819 2339 consentiendum
841 2266 874 2337 ei
895 2268 996 2364 quod
1019 2292 1095 2340 non
1113 2272 1299 2361 convenit,
1330 2286 1371 2343 ut
1387 2270 1476 2343 illud
1499 2269 1632 2343 scilicet
1653 2269 1823 2341 faciamus
1844 2284 1908 2340 aut
1923 2269 2045 2342 dimit·

450 2403 579 2460 tamus.
607 2389 713 2456 Hunc
731 2408 817 2456 vero
841 2409 1059 2459 consensum
1075 2390 1221 2488 proprie
1241 2405 1429 2489 peccatum
1449 2391 1698 2479 nominamus3
1722 2386 1795 2460 hoc
1818 2402 1883 2469 est,
1902 2388 2044 2486 culpam

450 2507 591 2596 animae,
608 2527 679 2602 qua
692 2502 964 2577 damnationem
981 2522 1153 2599 meretur,
1172 2509 1229 2581 vel
1246 2511 1343 2609 apud
1360 2515 1476 2582 Deum
1493 2533 1554 2582 rea
1569 2508 1747 2581 statuitur.
1766 2506 1864 2593 Quid
1880 2521 1933 2579 est
1947 2509 2045 2579 enim

451 2627 517 2698 iste
530 2647 740 2713 consensus,
758 2623 826 2694 nisi
840 2624 905 2695 Dei
919 2641 1165 2727 contemptus,
1181 2642 1217 2700 et
1231 2628 1368 2702 offensa
1382 2628 1519 2728 ipsius?
1534 2632 1615 2700 Non
1630 2627 1726 2699 enim
1740 2631 1836 2698 Deus
1844 2650 1886 2698 ex
1895 2626 2042 2717 damno,

451 2743 515 2816 sed
538 2767 580 2813 ex
605 2755 816 2839 contemptu
841 2742 978 2815 offendi
1004 2760 1136 2843 potest.
1165 2751 1245 2845 lpse
1269 2748 1404 2846 quippe
1431 2761 1484 2820 est
1511 2771 1653 2820 summa
1678 2747 1738 2819 illa
1764 2760 1939 2844 potestas,
1967 2770 2046 2843 quae

452 2862 587 2935 damno
615 2860 735 2957 aliquo
758 2884 834 2931 non
861 2862 1047 2956 minuitur,
1076 2865 1139 2937 sed
1158 2880 1405 2966 contemptum
1430 2866 1485 2939 sui
1505 2865 1697 2939 ulciscitur.
1719 2870 1910 2937 Peccatum
1927 2865 2045 2963 itaque

451 2996 617 3055 nostrum
640 2993 869 3079 contemptus
886 2983 1063 3056 Creatoris
1086 2999 1158 3074 est,
1184 3000 1221 3058 et
1243 3010 1391 3086 peccare
1407 3001 1461 3058 est
1476 2989 1684 3059 Creatorem
1708 2992 1953 3074 contemnere,
1975 2984 2046 3058 hoc

453 3118 518 3192 est,
547 3101 585 3173 id
601 3107 833 3199 nequaquam
851 3101 966 3175 facere
984 3119 1132 3205 propter
1149 3106 1281 3204 ipsum,
1300 3106 1400 3205 qnod
1417 3107 1599 3179 credimus
1612 3119 1760 3205 propter
1776 3105 1893 3203 ipsum
1908 3104 2046 3178 anobis

453 3246 530 3294 esse
556 3219 782 3312 faciendum3
810 3220 866 3292 vel
885 3246 960 3293 non
976 3222 1155 3297 dimittere
1170 3241 1319 3324 propter
1343 3228 1461 3324 ipsum
1487 3225 1589 3323 quod
1615 3223 1796 3297 credimus
1823 3247 1900 3294 esse
1928 3224 2047 3296 dimit·

453 3340 616 3414 tendum.
657 3344 758 3412 Cum·
773 3340 893 3436 itaque
919 3359 1108 3441 peccatum
1133 3343 1331 3418 diffinimus
1366 3345 1596 3441 abnegative,
1625 3343 1783 3415 dicentes
1809 3342 1944 3415 scilicet
1972 3367 2045 3416 non

453 3461 581 3548 facere,
600 3457 658 3531 vel
683 3483 759 3531 non
777 3457 956 3533 dimittere
973 3462 1074 3559 quod
1090 3466 1274 3558 convenit,
1296 3478 1459 3562 patenter
1475 3462 1699 3536 ostendimus
1719 3460 1855 3534 nullam
1872 3486 1949 3535 esse
1964 3462 2047 3535 urb·

453 3580 621 3653 stantiam
639 3578 793 3676 peccati,
813 3579 914 3675 quod
932 3579 970 3651 in
988 3605 1062 3652 non
1080 3606 1157 3654 esse
1173 3584 1293 3680 potius
1309 3607 1420 3680 quam
1436 3607 1513 3655 esse
1529 3582 1707 3670 subsistat,
1726 3580 1824 3653 velut
1838 3580 1867 3652 si
1885 3582 2047 3655 tenebras

452 3696 670 3769 diffinienter
687 3695 846 3769 dicamus
865 3724 874 3769 ι
893 3696 1101 3772 Absentiam
1115 3699 1205 3773 lucis
1221 3701 1284 3773 ubi
1299 3701 1361 3773 lux
1375 3701 1504 3774 habuit
1521 3727 1611 3776 esse.

502 3815 573 3886 Sed
587 3815 751 3888 'fortassis
778 3817 918 3914 inquies
950 3818 1035 3915 quia
1057 3834 1091 3893 et
1113 3820 1280 3894 voluntas
1313 3821 1398 3894 mali
1431 3824 1551 3921 operis
1572 3834 1758 3920 peccatum
1791 3832 1856 3912 est,
1880 3844 1958 3917 quae
1979 3845 2047 3893 nos

454 3933 552 4034 apud
576 3937 692 4006 Deum
713 3959 794 4007 reos
820 3937 1017 4029 constituit,
1044 3940 1136 4012 sicut
1156 3940 1324 4014 voluntas
1347 3939 1436 4014 boni
1457 3942 1575 4041 operis
1594 3942 1711 4039 justos
1732 3939 1842 4011 facit:
1863 3953 1903 4010 nt
1922 3963 2047 4035 quem·

453 4052 653 4125 admodum
673 4052 785 4125 virtus
810 4055 847 4126 in
868 4054 1183 4149 bona'voluntate,
1206 4061 1254 4132 ita
1276 4076 1465 4158 peccatum
1482 4062 1519 4133 in
1542 4062 1636 4135 mala
1650 4060 1835 4132 voluntate
1859 4059 2043 4152 consistat3

453 4195 521 4243 nec
537 4171 573 4243 in
593 4181 667 4242 non
686 4185 761 4243 es'se
777 4187 931 4264 tantum,
949 4199 1076 4248 verum
1095 4179 1204 4251 etiam
1221 4178 1258 4249 in
1276 4203 1352 4250 esse
1368 4179 1460 4251 sicut
1476 4193 1512 4252 et
1528 4179 1602 4253 illa.
1617 4176 1938 4268 Quemadmodum
1952 4178 2047 4250 enim

452 4290 611 4363 volendo
642 4289 757 4364 facere
782 4292 883 4389 quod
901 4297 978 4370 Deo
1001 4295 1182 4370 credimus
1204 4297 1358 4395 placere,
1380 4298 1446 4394 ipsi
1467 4298 1668 4397 placemus3
1690 4299 1740 4370 ita
1756 4295 1914 4370 volendo
1933 4296 2049 4370 facere

455 4410 554 4508 quod
580 4415 658 4483 Deo
683 4411 865 4486 credimus
886 4413 1087 4514 displicere,
1110 4416 1178 4514 ipsi
1199 4414 1443 4514 displicemus,
1468 4434 1505 4492 et
1521 4419 1640 4517 ipsum
1656 4415 1841 4491 offendere
1863 4417 1937 4490 sive
1960 4441 2049 4491 con·

455 4543 614 4602 temnere
630 4527 805 4604 videmur.
1992 4550 1998 4558 '

494 4647 575 4721 Sed
591 4647 674 4722 dico
691 4649 779 4745 quia
795 4651 825 4722 si
841 4650 1033 4750 diligenter
1064 4656 1306 4745 attendamus,
1329 4660 1437 4755 longe
1456 4658 1558 4734 aliter
1578 4657 1623 4732 de
1647 4656 1718 4730 boc
1734 4654 1967 4731 sentiendum
1982 4670 2045 4745 est,

453 4791 564 4866 quam
583 4767 758 4841 videatur.
772 4772 875 4842 'Cum
895 4773 992 4845 enim
1013 4798 1279 4874 nonnunquam
1296 4803 1499 4877 peccemus,
1522 4777 1657 4875 absque
1675 4777 1781 4849 ‘omni
1804 4775 1900 4850 mala
1918 4772 2047 4850 volun·

454 4900 539 4980 tate,
562 4902 599 4960 et
621 4913 705 4961 cum
722 4889 801 4989 ipsa
821 4890 915 4964 mala
935 4893 1101 4968 voluntas
1123 4897 1324 4986 refraenata,
1343 4922 1419 4970 non
1436 4898 1608 4970 exstincta
1622 4895 1780 4996 palmam
1804 4892 2048 4968 resistentibus

453 5006 589 5105 pariat,
616 5023 652 5081 et
673 5011 860 5085 materiam
883 5038 1032 5111 pugna,
1056 5030 1092 5088 et
1116 5017 1236 5114 gloriae
1256 5041 1431 5108 coronam
1451 5016 1632 5109 conferat,
1660 5041 1736 5100 non
1760 5030 1833 5089 tam
1859 5016 1936 5115 ipsa
1962 5036 2048 5114 pec·
