4559 6100
741 553 995 627 Tuuotouta
1022 554 1296 636 cuutsulua.
1745 556 1816 629 435

221 708 413 781 senectutis
438 707 566 778 auxilia
593 720 691 796 sunt,
716 705 853 776 nutrire
873 703 987 796 domi,
1008 704 1070 801 qui
1092 719 1154 776 aut
1170 717 1205 775 te
1223 704 1324 802 prior
1344 704 1435 775 forte
1451 706 1640 795 moriatur,
1660 719 1723 777 aut
1739 731 1819 805 per-

221 827 333 899 versis
355 825 517 898 moribus
537 826 594 918 sit,
621 839 683 897 aut
703 839 799 897 certe
822 821 974 895 eumad
998 837 1175 895 maturam
1198 837 1336 896 aetatem
1362 825 1576 922 pervenerit,
1597 822 1697 896 tarde
1718 826 1752 896 ei
1767 826 1822 896 vi·
1857 881 1861 888 .

222 946 339 1020 dearis
357 944 473 1017 mori?
488 943 645 1016 Heredes
661 958 779 1016 autem
798 941 963 1015 meliores
977 955 1014 1013 et
1032 943 1202 1014 certiores
1217 956 1302 1014 sunt
1317 943 1422 1015 amici
1443 957 1479 1015 et
1501 943 1711 1041 propinqui,
1730 967 1821 1038 quos
1871 946 1873 948 ’

219 1065 355 1162 judicio
371 1064 492 1162 eligas,
512 1087 624 1160 quam
651 1088 743 1161 quos
759 1062 847 1136 velis
872 1061 966 1134 nolis
988 1061 1122 1134 hahere
1146 1062 1297 1159 cogaris.
1318 1063 1413 1134 Licet
1434 1062 1566 1135 certior
1581 1061 1763 1135 hereditas
1777 1063 1822 1132 sit

222 1185 310 1258 dum
328 1183 464 1255 advivis
481 1183 572 1256 hene
587 1185 641 1256 uti
663 1183 859 1256 substantia
883 1196 957 1272 tua,
978 1207 1087 1279 quam
1109 1196 1174 1254 tuo
1199 1182 1324 1256 labore
1342 1186 1488 1281 quaesita
1504 1184 1541 1256 in
1560 1184 1716 1256 incertos
1736 1208 1822 1255 usus

223 1304 475 1402 relinquere.»
506 1307 688 1377 Hactenus
713 1304 859 1402 quidem
883 1301 1169 1401 Theophrastus,
1199 1303 1330 1376 deinde
1361 1305 1602 1402 Hieronymus
1632 1330 1640 1373 :
1679 1294 1818 1394 «Haec,

223 1424 361 1521 iuquit,
384 1438 420 1496 et
435 1423 646 1518 hujusmodi
662 1424 929 1522 Theophrastus
948 1422 1147 1514 disserens,
1175 1449 1284 1521 quem
1307 1448 1381 1495 non
1408 1422 1592 1496 suffundat
1608 1422 1820 1495 christiano·

223 1569 323 1636 rum,
351 1569 507 1641 quorum
531 1546 757 1617 conversatio
785 1546 822 1616 in
847 1542 946 1615 coelis
964 1558 1030 1635 est,
1058 1544 1122 1641 qui
1142 1543 1304 1639 quotidie
1327 1542 1469 1615 dicunt¹
1493 1569 1501 1611 :
1523 1547 1652 1641 «Opto
1676 1541 1823 1614 dissolvi

226 1677 295 1736 «et
310 1688 387 1736 esse
399 1689 484 1736 cum
498 1664 641 1736 Christo
653 1665 668 1734 i
680 1693 698 1732 »
722 1663 900 1736 Heredem
917 1664 1087 1735 nimirum
1106 1662 1337 1748 desiderabit,
1356 1661 1553 1735 liberorum
1573 1678 1821 1762 nepotumque

224 1782 313 1860 serie
341 1782 588 1875 delectabitur,
617 1810 711 1882 quos
736 1785 886 1857 forsitan
921 1785 966 1855 sit
993 1797 1234 1882 occupaturus
1263 1782 1518 1872 Antichristus,
1548 1807 1632 1854 cum
1659 1782 1821 1880 legamus

225 1906 371 2000 Moysen
388 1917 424 1975 et
441 1905 645 1977 Samuelem
661 1903 741 1977 filiis
758 1906 834 1976 suis
851 1904 940 1976 alios
962 1903 1173 2002 praetulisse,
1192 1928 1260 1976 nec
1282 1918 1425 2003 putasse
1440 1897 1587 1992 liberos,
1610 1927 1702 2000 quos
1722 1901 1822 1975 vide·

224 2021 311 2096 bant
328 2025 487 2096 Domino
515 2024 714 2123 displicere.
735 2053 753 2093 u
772 2024 872 2097 ldem
896 2025 933 2095 in
956 2023 1086 2096 eodem
1107 2052 1116 2096 ε
1140 2025 1293 2096 «Cicero
1310 2039 1456 2120 rogatus
1473 2024 1519 2097 ab
1536 2024 1663 2116 Hirtio,
1685 2039 1724 2096 ut
1739 2039 1823 2123 post

112 2153 114 2157 ‘
223 2143 414 2243 repudium
438 2145 627 2237 Terentiae,
652 2169 815 2217 sororem
839 2145 916 2240 ejus
939 2143 1105 2235 duceret,
1132 2146 1284 2216 omuino
1311 2145 1426 2218 lacere
1454 2142 1674 2242 supersedit,
1698 2144 1822 2217 dicens

225 2287 299 2335 uon
313 2288 419 2361 posse
435 2289 472 2336 se
487 2277 522 2335 et
538 2263 641 2336 uxori
655 2279 689 2336 et
704 2264 941 2363 philosophiae
953 2288 1102 2360 operam
1114 2266 1247 2363 pariter
1258 2264 1355 2350 dare.
1376 2296 1394 2331 »
1413 2268 1502 2352 ltem
1520 2264 1617 2336 idem
1639 2293 1647 2335 :
1666 2263 1823 2335 «Scribit

225 2383 429 2460 Herodotus
446 2385 547 2483 quod
564 2384 692 2456 mulier
709 2409 794 2456 cum
817 2398 915 2455 veste
932 2382 1091 2481 deponat
1116 2397 1152 2456 et
1167 2384 1441 2477 verecundiam,
1465 2398 1501 2456 et
1517 2399 1639 2456 noster
1651 2385 1822 2456 Comicus
1946 2457 1952 2461 .

225 2500 444 2582 fortunatum
465 2518 570 2603 putat
590 2505 653 2602 qui
680 2528 829 2576 uxorem
852 2528 1052 2600 numquam
1069 2502 1223 2576 duxerit.
1250 2506 1424 2602 Epicurus
1450 2502 1643 2602 voluptatis
1667 2518 1823 2576 assertor

225 2644 306 2693 raro
334 2621 421 2695 dicit
455 2625 609 2724 sapienti
635 2623 794 2696 ineunda
823 2624 1009 2720 conjugia,
1040 2625 1126 2721 quia
1155 2624 1268 2697 multa
1293 2623 1526 2696 incommoda
1557 2623 1715 2696 admista
1739 2639 1823 2695 suut

225 2742 403 2840 nuptiis.»
422 2747 564 2830 Quanta
587 2745 694 2816 etiam
724 2767 811 2816 cura
837 2743 1006 2815 honestas
1019 2743 1219 2839 Gentilium
1242 2768 1317 2814 non
1345 2741 1464 2814 solum
1488 2743 1672 2815 actionum
1697 2767 1823 2815 vemm

226 2861 334 2933 etiam
363 2863 609 2961 suspicionum
629 2863 871 2963 turpitudines
894 2864 1059 2954 evitaret,
1086 2863 1195 2936 docet
1216 2862 1378 2936 Valerius
1402 2862 1576 2936 Maximus
1601 2862 1647 2934 de
1664 2863 1823 2960 quodam

225 2979 451 3056 adolescente
474 2985 523 3057 ita
545 2983 746 3058 scribens':
773 3015 791 3051 u
805 2984 961 3083 Spurina
983 2983 1191 3057 adolescens
1213 2982 1418 3057 excellentis
1438 2982 1715 3082 pulchritudinis
1740 3006 1824 3057 cum

225 3102 320 3176 mira
336 3104 454 3201 specie
470 3105 684 3177 feminarum
701 3105 893 3176 illustrium
909 3103 1115 3179 sollicitaret
1131 3105 1270 3193 oculos,
1290 3103 1445 3201 ideoque
1459 3105 1547 3176 viris
1564 3118 1599 3175 et
1614 3104 1824 3201 parentibus

226 3244 351 3292 earum
378 3246 417 3293 se
440 3237 647 3321 suspectum
669 3246 746 3295 esse
771 3223 931 3315 sentiret,
955 3224 1029 3295 oris
1051 3222 1221 3295 decorem
1250 3221 1456 3293 vulneribus
1478 3221 1654 3313 confodit,
1679 3253 1698 3288 s
1724 3223 1823 3293 sactis

227 3339 333 3411 etiam
360 3340 446 3438 ipsis
471 3342 519 3413 ad
543 3340 633 3412 illud
657 3365 725 3412 nos
751 3341 920 3440 sapientis
946 3342 1101 3414 maxime
1122 3341 1353 3433 adhortatus,
1379 3339 1425 3412 de
1446 3364 1521 3437 quo
1538 3343 1712 3437 scriptum
1733 3344 1820 3432 θεῖ’,

208 3482 247 3520 -u
263 3452 388 3526 Melius
417 3469 470 3528 est
500 3480 635 3528 nomen
661 3456 802 3529 bonurn
829 3481 938 3554 quam
964 3456 1096 3528 divitiae
1122 3456 1255 3528 multae.
1286 3461 1330 3528 Et
1352 3455 1506 3528 crudelis
1529 3469 1582 3527 est
1605 3456 1668 3553 qui
1692 3455 1823 3527 famam

226 3597 329 3645 suam
346 3575 537 3672 negligit.»
557 3577 604 3647 Hi
623 3577 731 3648 etiam
748 3592 885 3673 quanto
905 3575 1026 3648 studio
1048 3575 1260 3674 pudicitiam
1282 3575 1595 3674 amplecterentur,
1616 3589 1652 3647 et
1678 3576 1714 3646 in
1739 3601 1824 3647 om-

227 3692 335 3765 nibus
364 3719 444 3791 quae
470 3710 619 3793 possent
645 3695 820 3768 obscenas
844 3695 1083 3793 turpitudines
1113 3696 1369 3795 prevenirent,
1396 3697 1433 3768 in
1462 3694 1591 3768 eodem
1618 3696 1824 3768 continetur

226 3813 358 3886 libro‘:
379 3817 610 3912 «Virginius⁵,
638 3817 776 3914 inquit,
798 3815 909 3889 liliam
933 3842 1035 3890 suam
1061 3817 1241 3889 inferum
1268 3816 1461 3888 deductam
1482 3815 1633 3909 occidit,
1659 3839 1704 3888 eo
1723 3816 1824 3913 quod

228 3933 396 4008 Claudius
414 3949 578 4035 stuprum
600 3937 676 4032 ejus
693 3937 878 4035 potestatis
893 3935 1030 4008 viribus
1050 3937 1160 4009 fretus
1175 3951 1368 4035 expeteret,
1387 3936 1597 4035 pudicaeque
1614 3962 1725 4034 quarn
1742 3960 1823 4008 cor-

228 4069 339 4154 ruptae
358 4080 435 4127 esse
453 4069 554 4154 pater
574 4056 750 4127 maluit.»
770 4061 885 4129 ltem:
908 4085 926 4125 u
941 4055 1103 4129 Metellus
1123 4081 1274 4129 uxorem
1295 4082 1373 4153 quae
1397 4058 1520 4129 vinum
1536 4057 1686 4129 bibisset
1703 4057 1825 4129 iustim

228 4197 433 4269 percussam
456 4175 653 4264 interemit,
675 4175 760 4272 quia
783 4198 1019 4273 quecumque
1041 4175 1173 4253 femina
1192 4177 1266 4247 vini
1288 4200 1392 4247 usum
1416 4176 1652 4249 immoderate
1673 4176 1821 4275 appetit,

228 4294 416 4367 virtutihus
429 4294 578 4391 januam
592 4295 740 4384 claudit,
759 4310 794 4367 et
813 4295 951 4369 delictis
966 4299 1092 4395 aperit.
1110 4324 1126 4363 u
1148 4300 1258 4368 Item:
1282 4296 1492 4394 «Sulpicius
1508 4322 1656 4370 uxorem
1676 4296 1821 4388 dimisit,

229 4413 330 4509 quod
359 4437 439 4486 eam
464 4415 581 4512 capite
601 4429 726 4512 aperto
752 4414 839 4486 loris
865 4430 1065 4488 versantem
1092 4431 1324 4511 cognoverat.
1350 4416 1519 4488 Antistius
1541 4441 1691 4489 uxorem
1716 4441 1825 4514 repu-

228 4530 353 4622 diavit,
374 4532 474 4630 quod
490 4532 588 4604 illam
605 4534 641 4604 in
662 4532 809 4631 publico
827 4559 911 4606 cum
933 4535 1089 4632 quadam
1107 4534 1275 4607 libertina
1291 4534 1426 4629 vulgari
1444 4549 1580 4608 secreto
1602 4535 1702 4634 loqui
1724 4534 1824 4607 vide·

228 4665 295 4723 rat.
327 4653 562 4751 Sempronius
588 4678 739 4724 uxorem
766 4652 920 4745 dimisit,
954 4655 1054 4751 quod
1073 4680 1111 4726 se
1129 4656 1317 4751 ignorante
1349 4654 1455 4726 ludos
1479 4670 1666 4753 spectaret.
1689 4653 1823 4724 »Proh

229 4770 369 4869 pudor!
397 4786 433 4844 et
451 4773 585 4844 multos
611 4773 888 4846 christianorum
910 4775 1078 4846 novimus
1101 4774 1324 4846 lenocinium
1343 4773 1380 4844 in
1408 4773 1579 4846 uxoribus
1600 4783 1819 4845 exercentes.

260 5086 265 5112 ¹
277 5080 411 5146 Philipp,
423 5095 476 5145 cap.
491 5095 510 5145 r,
520 5097 544 5132 r.
556 5086 596 5136 2³.
605 5081 794 5150 -²Var.uax.,
808 5084 851 5138 ΙΙΙ).
861 5084 901 5147 Ν,
912 5099 966 5149 cap.
975 5099 1000 5136 v.
1013 5111 1045 5124 -
1054 5085 1162 5149 ³Prou.,
1176 5099 1230 5148 cap.
1244 5099 1306 5151 1111,
1318 5099 1343 5137 v.
1353 5087 1375 5137 l.
1384 5088 1428 5124 —⁴
1442 5085 1494 5136 Vat.
1507 5083 1631 5146 Hamil).
1644 5079 1685 5140 u,
1695 5093 1749 5143 cap.
1763 5093 1781 5130 t.
1791 5102 1823 5116 -

228 5158 275 5210 ‘ln
286 5163 359 5211 edltls
371 5162 506 5226 Veruilius.
