4559 6100
462 574 535 644 240
1066 566 1194 637 Perat
1219 564 1454 639 sufflant

464 719 614 793 rentiam
630 715 768 788 dictum
784 726 852 808 est,
868 727 1043 812 tauquam
1056 714 1103 786 sit
1113 738 1159 787 ex
1176 712 1248 787 fide
1263 713 1361 788 aliud
1379 711 1579 813 perfidem,
1595 709 1659 784 sed
1674 709 1721 784 ad
1737 712 1945 787 varietatem
1960 717 2060 790 locu·

462 838 607 912 tionis.»
630 866 648 902 (ι
659 837 787 931 legem
802 857 901 930 ergo.
921 862 939 903 rr
957 835 1140 923 Quoniam
1150 834 1297 933 quidem
1313 831 1504 934 perfidem
1520 832 1597 904 sine
1615 831 1785 931 operibus
1800 833 1889 929 legis
1906 833 2059 908 dicimus

464 957 632 1032 homines
647 978 752 1055 posse
772 952 914 1044 salvari,
932 977 1018 1050 ergo
1033 954 1150 1052 legem
1165 952 1382 1027 destruimus
1397 950 1600 1053 perfidem,
1619 950 1657 1023 id
1673 967 1727 1025 est
1741 977 1807 1052 per
1825 955 2061 1029 commenda·

465 1080 601 1150 tionem
619 1074 704 1148 fidei
720 1098 800 1146 eam
815 1073 953 1148 irritam
965 1087 1220 1148 monstramus.
1233 1103 1252 1142 e
1263 1072 1380 1145 lber:
1395 1101 1413 1141 n
1425 1070 1687 1168 immorlegem
1704 1073 1906 1146 statuimus.
1920 1074 1992 1146 »ld
2008 1089 2062 1147 est

465 1196 634 1269 volumus
649 1207 689 1267 ut
704 1193 760 1266 les
776 1216 843 1300 per
860 1194 984 1267 omnia
1000 1194 1240 1293 compleatur.
1259 1191 1321 1264 llle
1344 1192 1442 1264 enim
1458 1191 1632 1265 veraciter
1652 1191 1761 1263 etiam
1783 1191 1945 1289 figuralia
1962 1217 2061 1266 nunc

466 1314 790 1414 impletpraecepta,
805 1311 966 1411 quiillud
975 1313 1058 1387 lacit
1074 1312 1131 1386 vel
1146 1311 1272 1403 credit,
1288 1312 1390 1409 quod
1403 1336 1502 1386 nunc
1514 1326 1655 1387 tantum
1667 1310 1727 1385 illa
1738 1309 1876 1386 habent
1891 1310 2057 1409 figurare,

469 1458 546 1506 non
573 1431 736 1522 efficere,
755 1456 831 1505 non
856 1446 931 1506 tam
957 1457 1089 1505 sonum
1107 1431 1220 1525 vocis,
1248 1455 1359 1530 quam
1382 1456 1529 1504 sensum
1554 1446 1591 1504 et
1610 1431 1847 1504 intentionem
1872 1430 2061 1504 attendens

463 1553 633 1650 jubentis.
651 1553 830 1650 Denique,
849 1567 888 1625 ut
908 1553 984 1650 ipse
997 1552 1047 1625 ait
1063 1552 1285 1652 Apostolus¹,
1307 1550 1524 1651 «plenitudo
1541 1551 1628 1648 legis
1647 1566 1700 1623 est
1717 1550 1877 1645 dilectio,
1891 1578 1911 1621 rr
1926 1549 1974 1623 de
1989 1575 2062 1649 qua

467 1674 588 1763 etiam,
608 1673 899 1745 commemoratis
913 1673 990 1768 ejus
1007 1675 1204 1773 praeceptis,
1223 1673 1401 1745 Dominus
1415 1674 1466 1746 ait
1482 1671 1622 1744 diriti¹z
1641 1700 1659 1740 a
1674 1675 1751 1744 Hoc
1768 1671 1844 1761 lac,
1863 1684 1899 1743 et
1914 1670 2025 1744 vives.
2041 1699 2059 1740 rr

520 1790 644 1879 «Quid
669 1815 770 1888 ergo.
788 1819 806 1860 rr
826 1792 1007 1880 Quoniam
1028 1791 1175 1891 quidem
1199 1794 1374 1865 exteriora
1396 1791 1457 1865 illa
1477 1815 1589 1891 opera
1608 1789 1695 1889 legis
1707 1791 1882 1888 justitiam
1900 1813 1977 1863 uon
1996 1789 2061 1863 ha·

469 1909 555 1984 beot
580 1910 765 2002 conferre,
791 1911 880 2008 quid
903 1936 989 2010 ergo
1018 1913 1162 2009 justitiae
1187 1912 1245 1985 vel
1268 1912 1428 1985 utilitatis
1456 1941 1474 1977 ι
1502 1911 1663 1983 dicemus
1685 1911 1862 1982 invenisse
1884 1907 2061 1983 Abraham

469 2030 668 2104 secundum
685 2031 881 2104 earnemirr
895 2032 935 2104 ld
948 2046 1014 2125 est,
1032 2056 1098 2132 per
1112 2033 1191 2105 illas
1206 2032 1366 2106 carnales
1381 2032 1638 2123 observantias,
1654 2028 1763 2103 veluti
1779 2029 2063 2103 circumcisionis

469 2150 526 2222 vel
546 2149 823 2242 sacrificiorum,
842 2175 885 2223 ac
910 2152 939 2223 si
967 2150 1120 2245 diceret,
1150 2152 1253 2225 nihil.
1279 2156 1371 2225 Cum
1394 2151 1482 2225 dicit
1499 2181 1517 2222 rr
1538 2164 1677 2250 patrem
1699 2164 1886 2241 nostrum,
1903 2179 1921 2215 s
1946 2148 1983 2221 id
2010 2161 2063 2220 est

469 2293 577 2367 quem
594 2270 725 2341 imitari
741 2268 928 2360 debemus,
947 2273 1050 2369 quasi
1067 2271 1131 2344 lilii
1145 2273 1221 2369 ejus
1234 2297 1300 2370 per
1314 2271 1517 2343 doctrinam
1533 2297 1542 2340 ι
1561 2270 1796 2368 questionem
1812 2291 1917 2342 suam
1932 2269 2061 2365 agitat,

469 2387 569 2485 quasi
593 2401 628 2459 et
646 2412 714 2460 nos
730 2412 811 2460 eam
826 2389 864 2459 in
882 2390 956 2461 istis
980 2393 1081 2488 sequi
1098 2389 1308 2464 debeamus.
1329 2392 1398 2462 «Si
1420 2392 1530 2463 enim.
1549 2418 1568 2459 rr
1591 2396 1635 2461 Et
1650 2413 1734 2462 vere
1754 2413 1830 2462 non
1855 2403 1909 2460 est
1924 2412 1990 2487 per
2007 2387 2065 2460 illa

470 2506 646 2579 exteriora
664 2507 837 2602 justitiam
851 2523 1048 2598 assecutus,
1073 2509 1198 2583 divino
1220 2510 1371 2607 judicio,
1394 2511 1480 2609 quia
1501 2535 1566 2610 per
1588 2509 1645 2582 illa
1668 2507 1809 2581 nullum
1826 2508 1923 2608 apud
1939 2509 2065 2579 Domi·

471 2648 559 2696 rrum
583 2626 738 2725 pretium
759 2626 887 2716 habet,
907 2644 943 2701 et
972 2628 1045 2701 hoc
1069 2644 1151 2701 est:
1176 2660 1193 2698 α
1214 2630 1250 2700 Si
1272 2628 1485 2726 justificatus
1509 2645 1630 2702 estex
1655 2627 1825 2727 operibus
1839 2654 1847 2698 ε
1863 2654 1881 2695 rr
1900 2626 1937 2699 id
1963 2643 2017 2700 est
2036 2629 2064 2699 si

470 2743 661 2833 exteriora,
679 2768 758 2841 quae
767 2745 912 2842 justitioe
924 2746 1133 2821 hominibus
1146 2748 1375 2843 videbantur,
1391 2752 1560 2843 exercuit,
1579 2778 1597 2818 a
1613 2748 1723 2822 habet
1735 2747 1884 2846 quidem
1901 2746 2063 2844 gloriam,

472 2861 536 2934 sed
554 2886 629 2934 non
643 2861 741 2962 apud
755 2867 885 2937 Deum.
901 2896 918 2931 r>
938 2866 979 2938 ld
994 2881 1049 2940 est
1064 2865 1162 2967 apud
1176 2868 1355 2959 homines,
1371 2868 1495 2967 quide
1512 2868 1710 2942 visibilibus
1719 2868 1896 2966 judicant,
1915 2890 2066 2962 magnus

472 3004 537 3080 per
561 2979 633 3053 hoc
660 2981 814 3057 habetur
839 3010 847 3054 :
872 3010 947 3059 non
976 2985 1072 3086 apud
1095 2989 1316 3081 Dominum,
1336 2990 1398 3087 qui
1423 2989 1542 3064 cordis
1566 2991 1781 3089 inspectator
1801 3000 1854 3059 est
1878 2999 1915 3059 et
1935 3009 2064 3058 renum

472 3098 658 3198 probator,
683 3117 719 3174 et
739 3103 778 3173 in
802 3102 1016 3179 abscondito
1038 3106 1147 3181 videt.
1179 3108 1308 3197 «Quid
1333 3111 1473 3182 euim.»
1495 3114 1539 3182 Et
1563 3109 1657 3182 bene
1681 3108 1787 3199 dico,
1815 3130 1889 3178 non
1912 3130 1955 3177 ex
1981 3128 2067 3203 ope·

473 3219 572 3291 ribus
584 3219 763 3294 Abraham
774 3223 961 3319 justificari
978 3226 1075 3325 apud
1091 3232 1223 3321 Deum,
1242 3226 1305 3300 sed
1325 3254 1369 3301 ex
1382 3227 1467 3321 lide,
1486 3231 1570 3327 quia
1590 3230 1642 3302 sic
1660 3228 1837 3301 habemus
1852 3251 1894 3298 cx
1906 3225 2068 3297 testimo·

473 3339 534 3410 nio
549 3341 751 3440 Scripturas.
771 3345 817 3415 Et
832 3344 904 3416 hoc
929 3360 994 3434 est,
1014 3347 1157 3435 «Quod
1182 3350 1280 3420 enim
1304 3346 1391 3420 dicit
1407 3350 1601 3448 Scriptura.
1619 3376 1638 3416 rr
1654 3354 1732 3420 Hoc
1758 3360 1828 3437 est,
1851 3344 2068 3418 attendimus

473 3458 574 3555 quod
589 3461 764 3559 scriptum
777 3477 830 3535 est
843 3466 881 3535 in
902 3469 1041 3561 Genesi,
1061 3467 1132 3540 boc
1146 3467 1312 3541 videlicet
1326 3468 1430 3566 quod
1443 3470 1615 3564 sequitur.

524 3578 717 3651 «Credidit
739 3580 918 3656 Abraham
944 3590 1036 3658 Deo.
1052 3615 1071 3655 rr
1100 3588 1139 3659 ld
1165 3601 1217 3660 est
1243 3586 1542 3685 promissionibus
1564 3586 1707 3677 divium,
1733 3585 1807 3657 sive
1831 3581 2000 3655 exeundo
2013 3564 2068 3653 'de

472 3710 567 3768 terra
594 3722 672 3791 sua,
699 3713 739 3770 ut
765 3700 1060 3800 multiplicaretur
1082 3706 1118 3776 in
1138 3704 1275 3793 aliena,
1298 3707 1372 3777 sive
1398 3705 1444 3778 de
1468 3707 1707 3804 promissione
1729 3703 1792 3776 filii
1818 3704 1887 3794 sui,
1909 3715 1945 3773 et
1971 3724 2068 3798 quae·

473 3839 616 3911 cunque
651 3817 684 3887 ei
714 3820 899 3915 promisit,
930 3838 1251 3922 quantumcunque
1278 3823 1502 3898 incredibilia
1529 3825 1585 3898 vel
1621 3849 1749 3923 magua
1776 3823 1957 3896 videntur.
1987 3824 2069 3890 llaec

473 3947 594 4004 autem
614 3947 666 4005 est
686 3959 769 4010 vera
785 3937 845 4012 illa
859 3938 960 4034 fides,
980 3968 1058 4040 quae
1073 3967 1138 4042 per
1152 3942 1384 4016 dilectionem
1398 3959 1579 4043 operatur.
1595 3950 1686 4018 Curn
1707 3945 1825 4039 itaque
1843 3942 1944 4030 dicit,
1967 3963 2070 4010 «cre-

473 4049 565 4123 didit
578 4055 693 4145 Deo,»
706 4054 776 4128 tale
789 4071 843 4130 est
855 4086 863 4129 :
876 4060 1066 4135 Credendo
1077 4076 1328 4135 exsecutusest
1340 4062 1492 4137 libenter
1500 4066 1597 4163 jussa
1606 4065 1767 4137 Domini.
1781 4094 1798 4130 α
1810 4066 1852 4133 Et
1864 4073 2069 4159 reputatum

474 4184 529 4242 est
546 4171 619 4244 hoc
637 4172 670 4247 ei
689 4197 709 4245 a
729 4178 888 4251 Domino
908 4180 955 4254 ad
978 4181 1167 4278 justitiam.
1190 4210 1208 4250 >r
1227 4182 1267 4254 ld
1285 4182 1397 4255 estad
1412 4183 1655 4257 obedientiam
1669 4184 1757 4257 lidei
1773 4207 1853 4281 quoe
1871 4204 1955 4254 eum
1970 4176 2069 4276 apud

474 4292 673 4365 Dominum
697 4293 832 4391 justum
861 4302 1046 4374 constituit
1068 4330 1076 4374 ε
1108 4328 1184 4375 uon
1207 4304 1444 4395 circumcisio,
1471 4305 1526 4377 vel
1553 4320 1686 4378 caeterae
1713 4300 1917 4405 corporales
1945 4297 2071 4369 obser·

474 4412 619 4505 vantiae,
635 4438 715 4510 quae
736 4416 773 4488 in
793 4416 869 4516 lege
890 4434 1014 4518 postea
1034 4422 1175 4521 scriptas
1191 4438 1288 4496 sunt.
1313 4453 1331 4489 r
1346 4423 1387 4494 Ei
1403 4438 1538 4496 autem.
1555 4456 1573 4491 r>
1591 4429 1639 4497 Ac
1657 4426 1687 4497 si
1706 4424 1840 4496 diceret
1859 4448 1867 4491 ε
1887 4423 1969 4490 Non
1991 4416 2072 4487 sine

474 4552 583 4603 causa
598 4530 681 4604 dico
699 4535 801 4632 quod
817 4536 1010 4632 ahraham,
1025 4542 1055 4615 si
1073 4567 1116 4615 ex
1129 4542 1304 4642 operibus
1315 4542 1579 4639 justificaremr,
1598 4544 1746 4618 haberet
1763 4543 1927 4640 gloriam,
1947 4537 1985 4609 id
2002 4549 2069 4624 est,

474 4649 668 4723 maximam
688 4652 835 4729 laudern
862 4659 953 4731 inter
967 4660 1149 4754 homines,
1170 4662 1326 4737 sednon
1347 4664 1445 4763 apud
1462 4668 1578 4737 Deum
1596 4693 1604 4737 ε
1622 4663 1685 4737 sed
1704 4677 1856 4763 propter
1877 4659 1950 4731 hoc
1966 4656 2069 4747 dico,

473 4768 572 4868 quod
589 4771 622 4843 ei
638 4773 727 4869 «qui
747 4792 930 4874 operatur,
945 4780 1165 4880 imputatur»
1181 4783 1229 4856 ab
1240 4783 1463 4858 hominibus.
1479 4815 1497 4855 a
1505 4787 1641 4858 Merces
1652 4782 1852 4857 secundum
1865 4777 2071 4861 debitum»

472 4887 545 4960 hoc
570 4905 642 4984 est,
668 4915 740 4965 suae
767 4897 1011 4995 acquisitionis
1034 4916 1070 4975 et
1098 4905 1252 5004 propriae
1279 4904 1418 4978 virtutis
1444 4904 1481 4976 id
1504 4905 1634 4979 dicitnr
1660 4929 1759 4995 esse,
1786 4926 1862 4975 non
1889 4922 1931 4972 er
1957 4895 2073 4968 aliena

508 5152 606 5217 tilam,
619 5169 673 5219 cap.
688 5173 743 5223 xru,
756 5174 781 5212 r.
799 5166 835 5215 10.
848 5190 877 5202 -
889 5168 898 5198 ²
910 5167 983 5233 Luc,
995 5181 1048 5232 cap.
1063 5182 1093 5231 x,
1106 5185 1128 5219 v.
1144 5175 1182 5222 2⁸.
