4559 6100
778 530 1035 607 rnuouuuu
1060 530 1335 605 marculus.
1787 532 1861 604 soa
1985 488 1990 499 ’

254 699 350 759 serat
363 684 637 784 intelligendum
649 699 755 777 esset,
772 699 812 757 ut
823 684 990 758 videlicet
1005 682 1103 757 idem
1117 681 1219 780 quod
1233 683 1299 757 uni
1314 706 1477 781 persam
1491 685 1674 778 converit,
1690 698 1728 757 et
1741 682 1857 777 alteri,

256 805 303 879 de
325 804 385 878 his
409 806 543 879 scilicet
568 828 648 902 quae
674 804 795 883 statim
819 804 995 902 adjungit.
1021 808 1096 877 Neo
1122 801 1283 876 fortassis
1305 803 1549 902 incongmunr
1572 819 1646 898 est,
1676 805 1707 876 si
1730 805 1860 878 sirum

255 926 419 999 dicatum
442 948 519 999 non
548 926 667 999 solum
689 950 773 1023 quse
790 925 1024 998 essentialiter
1044 922 1103 996 vol
1125 946 1279 996 numero
1306 922 1449 996 diversa
1473 937 1570 1017 sunt,
1597 948 1725 996 verum
1749 926 1858 1007 dun
2002 963 2004 967 ·

254 1070 337 1143 quae
357 1044 636 1151 proprietatibus
662 1044 929 1143 disjunguntur.
962 1045 1020 1117 Sic
1050 1042 1188 1143 quippe
1210 1043 1500 1142 propositionem
1525 1056 1564 1115 et
1586 1040 1859 1121 conclusiones

253 1166 450 1238 convenire
464 1165 619 1239 dicimus
631 1166 670 1238 in
686 1165 849 1239 terminis
861 1179 898 1238 et
915 1165 952 1239 in
971 1163 1049 1237 aliis
1065 1163 1201 1253 multis,
1220 1187 1305 1236 eum
1321 1188 1397 1237 non
1409 1166 1484 1237 sint
1499 1177 1622 1236 tamen
1638 1161 1685 1236 ab
1702 1162 1857 1238 inviam

254 1310 408 1358 numero
432 1285 491 1359 vel
512 1286 745 1359 essentialiter
762 1284 949 1383 disjunctae
962 1284 1165 1384 propositio
1185 1298 1225 1356 et
1243 1283 1444 1363 madrisio.
1464 1283 1571 1358 Unde
1588 1285 1698 1359 etiam
1719 1283 1860 1360 divinas

252 1429 425 1506 personas
450 1430 527 1478 non
546 1421 600 1478 est
615 1405 859 1503 incongruum
879 1404 953 1477 hoc
976 1404 1091 1479 modo
1111 1403 1244 1476 similes
1266 1404 1486 1477 adinvicem
1505 1404 1590 1477 dici.
1609 1405 1733 1479 Simile
1748 1408 1858 1480 mmm

251 1525 474 1625 quandoque
488 1551 556 1626 pru
573 1526 705 1599 eodem
721 1527 883 1625 ponitur,
902 1524 996 1598 sieut
1011 1525 1051 1597 in
1066 1525 1173 1599 tertio
1189 1527 1413 1622 Topicorum,
1431 1525 1497 1597 ubi
1512 1525 1563 1598 ait
1578 1526 1736 1616 Boetius,
1754 1526 1858 1625 quod

251 1644 354 1718 locus
376 1670 398 1718 a
413 1646 596 1721 contrario
617 1660 655 1718 et
671 1670 692 1719 a
715 1643 1000 1744 repugnantibus
1014 1643 1159 1716 videtur
1176 1668 1253 1717 esse
1267 1644 1405 1738 similis,
1423 1645 1497 1718 boc
1512 1660 1566 1718 ast
1581 1644 1692 1718 idem.
1713 1648 1857 1747 Quippe

250 1764 343 1839 sicut
367 1766 521 1840 dicimus
536 1765 673 1864 aliquid
688 1766 872 1839 diversum
887 1789 910 1837 a
927 1765 1046 1864 seipso
1065 1763 1157 1859 fieri,
1176 1782 1285 1864 atque
1306 1764 1490 1856 differem,
1514 1765 1590 1838 sive
1607 1764 1793 1860 dissimile,
1813 1792 1857 1841 ro

249 1908 326 1957 non
353 1885 450 1958 idem
476 1909 702 1986 permanere,
728 1885 878 1985 quarmo
901 1899 1073 1977 mutatur,
1099 1908 1166 1959 cur
1181 1909 1257 1957 nou
1281 1883 1418 1983 aliquid
1443 1884 1718 1983 qmdcmmodo
1739 1887 1857 1961 simile

244 2003 317 2077 sibi
332 2005 496 2080 dicamus
519 2007 719 2106 quandoid
732 2020 921 2108 permanet
937 2029 1005 2079 nec
1023 2006 1182 2079 variatur
1194 2004 1209 2075 i
1225 2005 1324 2094 Quid
1336 2005 1436 2078 enim
1449 2020 1504 2079 est
1518 2006 1634 2078 simile
1646 2005 1766 2100 alicui,
1786 2008 1856 2080 nisi

247 2125 319 2197 tale
341 2151 418 2199 esse
436 2127 543 2224 quale
566 2127 657 2200 illud
678 2128 757 2201 est?
775 2132 826 2200 Ac
841 2125 1005 2198 similiter
1025 2125 1142 2205 similo
1162 2125 1232 2199 sibi
1251 2124 1322 2199 tale
1338 2150 1428 2216 esse,
1453 2123 1559 2223 quale
1575 2126 1741 2225 primitus
1763 2142 1851 2201 erat.

248 2249 367 2334 Quam
384 2245 531 2342 quidem
547 2249 725 2321 rationem
745 2248 964 2345 Augustinus
979 2261 1125 2318 secutus
1138 2245 1234 2318 libro
1253 2248 1374 2346 primo
1388 2244 1432 2318 de
1449 2250 1548 2318 Vera
1564 2246 1756 2347 religione,
1768 2273 1854 2321 eum

246 2363 294 2437 de
306 2364 493 2440 identitate
502 2382 610 2465 atque
619 2365 980 2440 incommutabilitate
988 2365 1119 2439 divinae
1127 2364 1408 2465 pulchritudinis
1416 2380 1550 2462 ageret,
1565 2366 1646 2439 ait¹:
1660 2370 1852 2455 «Quamo-

246 2483 351 2558 brem
367 2486 570 2561 sanandum
592 2513 670 2562 esse
692 2491 857 2563 animum
872 2487 922 2560 ad
943 2485 1158 2560 intuendam
1180 2485 1514 2560 incommutabilem
1531 2510 1653 2559 rerum
1674 2486 1850 2583 sormam,

244 2620 282 2678 et
297 2607 426 2680 eodem
438 2608 551 2680 modo
561 2632 704 2709 semper
719 2634 759 2682 se
773 2607 983 2700 habentem,
998 2621 1107 2705 atque
1118 2608 1280 2704 undique
1291 2609 1347 2681 sui
1360 2609 1513 2681 similem
1529 2606 1849 2708 pulchritudinem,

244 2746 314 2799 nec
329 2727 522 2800 distentam
537 2727 639 2822 locis,
659 2755 728 2803 nec
743 2744 911 2828 tempore
924 2728 1113 2817 variatam,
1128 2727 1325 2801 sedunum
1340 2742 1448 2826 atque
1458 2727 1557 2800 idem
1573 2752 1617 2801 ex
1634 2729 1737 2801 omni
1750 2744 1853 2828 parts

243 2861 465 2941 servantem,
492 2862 562 2921 etc.
579 2877 598 2918 u
624 2849 747 2922 Simile
769 2850 890 2949 itaque
904 2873 974 2947 pro
992 2848 1124 2921 eodem
1148 2848 1251 2939 dixit,
1271 2849 1367 2921 etin
1388 2847 1458 2921 bac
1473 2872 1622 2946 quoque
1640 2850 1852 2948 acceptione

243 2981 362 3067 potest
372 2967 457 3062 dici,
476 2973 579 3042 Pater
595 2970 720 3042 similis
731 2968 821 3042 Filio
839 2969 897 3042 vel
913 2969 1075 3069 Spiritui,
1094 2968 1168 3042 boc
1182 2983 1237 3041 est
1253 2968 1353 3044 idem
1368 2969 1513 3070 penitus
1528 2994 1614 3042 cum
1631 2968 1695 3042 illo
1712 2970 1751 3043 in
1769 2969 1853 3043 sub·

242 3090 393 3182 stantia,
424 3090 499 3162 sive
524 3092 561 3162 in
584 3089 642 3162 his
674 3114 754 3186 quae
779 3091 899 3164 statim
923 3089 1139 3163 Athanasius
1161 3090 1432 3183 determinavit,
1461 3114 1548 3163 cum
1568 3089 1735 3164 videlicet
1760 3090 1871 3180 illud⁵

241 3205 340 3278 idern
357 3207 459 3305 quod
477 3209 695 3281 immensum
711 3223 765 3282 est
782 3214 887 3282 Pater
902 3208 947 3281 sit
961 3224 998 3281 et
1013 3210 1135 3300 Filius,
1154 3223 1223 3282 etc.

290 3325 362 3399 Sed
385 3331 431 3400 et'
447 3327 538 3400 illud
561 3327 662 3426 quod
680 3330 891 3428 opponitur,
909 3353 995 3402 cum
1018 3353 1134 3402 unum
1161 3328 1335 3426 quodque
1354 3329 1456 3426 quod
1481 3329 1599 3401 existit
1619 3329 1665 3401 sit
1685 3327 1744 3401 vel
1765 3329 1852 3402 sub-

240 3448 371 3521 stantia
386 3448 444 3520 vel
460 3447 592 3541 forma,
614 3447 804 3546 quomodo
828 3446 942 3523 multa
958 3447 1032 3521 diei
1053 3463 1220 3548 possunt,
1246 3448 1370 3521 sinon
1390 3449 1463 3520 sint
1476 3446 1597 3520 multae
1616 3447 1846 3544 substantias,

240 3567 298 3638 vel
311 3565 432 3641 multae
452 3567 589 3655 lormae,
608 3570 666 3642 vel
686 3569 801 3641 multa
818 3593 864 3641 ex
881 3568 1042 3666 utrisque
1064 3567 1278 3666 conjuncta,
1290 3568 1368 3665 jam
1380 3568 1605 3665 jugulatum¹
1624 3582 1691 3658 cst,
1711 3594 1848 3646 secun-

240 3685 330 3759 dum
355 3687 448 3761 illud
462 3687 564 3786 quod
580 3689 657 3787 jam
674 3689 884 3785 negavimus
900 3689 1053 3761 omnino
1073 3692 1191 3761 Deum
1213 3712 1291 3761 esse
1307 3689 1433 3782 multa,
1452 3689 1538 3785 quia
1554 3689 1638 3762 licet
1661 3690 1707 3761 sit
1728 3690 1850 3764 mults

239 3831 417 3904 persone,
438 3832 514 3881 non
531 3807 616 3882 ideo
632 3809 790 3882 fortassis
808 3821 863 3881 est
877 3808 991 3882 multa
1008 3809 1231 3909 simpliciter,
1249 3833 1335 3881 oum
1348 3808 1515 3882 videlicet
1529 3808 1740 3903 multitudo,
1756 3810 1849 3884 sicut
1981 3860 1983 3865 -

239 3926 377 4001 dictum
398 3942 462 4021 est,
484 3944 581 4002 reete
607 3954 684 4002 non
706 3945 884 4019 sumatur,
910 3930 981 4002 nisi
1009 3931 1046 4003 in
1071 3929 1235 4002 discretis
1250 3927 1411 4003 essentiis
1435 3952 1480 4002 ac
1504 3953 1657 4002 numero
1681 3929 1845 4003 dirersis.

238 4048 449 4122 Secundum
461 4071 549 4122 vero
563 4048 655 4123 illud
671 4049 772 4146 quod
784 4052 866 4148 quis
882 4050 1060 4149 receperit
1082 4053 1202 4121 Deum
1217 4071 1294 4121 esse
1308 4048 1422 4124 multa
1437 4063 1617 4147 quantum
1633 4048 1680 4122 ad
1697 4050 1846 4123 dirersi-

238 4180 350 4241 tatem
373 4171 659 4269 proprietatum,
677 4185 719 4243 ut
735 4171 939 4270 expositum
953 4186 1026 4261 est,
1045 4191 1110 4243 seu
1125 4167 1407 4257 diffinitionum,
1426 4193 1502 4242 non
1518 4168 1685 4268 procedit
1698 4170 1847 4243 conclu-

240 4288 309 4380 sio,
327 4303 370 4362 ut
380 4289 547 4364 videlicet
560 4292 589 4363 si
605 4295 704 4364 Deus
719 4291 766 4364 sit
782 4289 855 4364 hoc
868 4288 981 4363 modo
996 4289 1122 4383 multa,
1141 4288 1226 4361 ideo
1244 4288 1290 4361 sit
1299 4303 1363 4362 aut
1377 4290 1498 4362 multae
1513 4288 1731 4380 substantia,
1745 4291 1847 4389 quod

237 4425 342 4482 sonat
352 4435 506 4484 numero
518 4411 678 4503 diversae,
698 4425 762 4486 aut
776 4411 898 4484 multae
911 4410 1050 4501 former,
1064 4424 1135 4486 etc.
1158 4408 1293 4483 Eadem
1309 4411 1445 4510 quippe
1460 4411 1584 4483 anima
1600 4435 1663 4484 seu
1679 4410 1847 4508 quaelibet

237 4528 438 4602 substantia
450 4546 504 4604 est
516 4533 628 4605 multa
642 4531 934 4624 diffinitionibus,
950 4555 1019 4606 nec
1035 4545 1157 4604 tamen
1169 4530 1253 4603 ideo
1271 4532 1390 4603 multae
1406 4530 1615 4604 substantie
1630 4532 1687 4605 vel
1703 4547 1843 4605 coetsra.

237 4647 349 4735 Quod
370 4650 400 4720 si
423 4664 514 4722 esset
530 4651 645 4725 multa
660 4675 829 4741 numero,
851 4665 938 4724 tune
953 4650 1203 4724 indubitanter
1216 4650 1403 4724 conclusio
1420 4651 1603 4749 praemissa
1617 4652 1843 4751 procederet.

287 4766 381 4840 lllud
401 4782 524 4842 autem
545 4769 646 4868 quod
670 4771 859 4867 quaesitum
885 4782 952 4857 est,
977 4793 1090 4867 quare
1112 4768 1278 4843 videlicet
1298 4771 1411 4868 magis
1434 4770 1566 4844 dicitur
1588 4777 1685 4844 Deus
1701 4772 1842 4863 Trinus,

237 4909 349 4985 quam
362 4885 563 4963 substantia
573 4891 681 4981 trina,
693 4888 956 4964 rationabiliter
969 4889 1227 4988 interrogatur,
1248 4903 1285 4962 et
1300 4891 1427 4987 magis,
1446 4905 1486 4962 ut
1500 4890 1677 4982 arbitror,
1698 4905 1846 4991 oportet

270 5163 399 5225 'surm
411 5163 442 5215 de
455 5163 744 5230 sciscitatorem.
757 5178 830 5218 us·
840 5163 895 5216 ‘Sic
905 5167 930 5215 lu
941 5165 1015 5216 editis
1026 5172 1052 5215 et
1062 5167 1088 5216 tu
1100 5166 1193 5216 mdtoe.
