4559 6100
1032 483 1163 555 rarat
1191 432 1425 556 temnunt

1035 804 1226 896 CAPUT
1260 802 1422 894 lllllll.

692 1027 798 1084 Utrum
825 1023 997 1102 poenitentes
1026 1022 1166 1102 gemitum
1193 1021 1239 1080 sui
1269 1020 1377 1080 doloris
1399 1019 1466 1080 hinc
1491 1041 1588 1082 seeum
1614 1023 1764 1085 delerant?

479 1214 613 1301 Quaerit
627 1212 785 1284 fortassis
804 1212 945 1309 aliquis,
965 1225 1086 1283 utrum
1101 1210 1141 1282 hi
1158 1211 1222 1307 qui
1238 1210 1284 1284 de
1300 1210 1369 1283 hac
1385 1211 1457 1285 vita
1474 1211 1688 1309 poenitentes
1704 1211 1881 1285 recedunt
1898 1213 1935 1285 in
1956 1212 2028 1287 hoc

432 1332 565 1428 gemitu
591 1330 730 1420 cordis,
752 1346 788 1403 et
802 1332 1017 1404 contritione
1039 1330 1188 1423 doloris,
1205 1330 1268 1403 ubi
1283 1353 1409 1402 verum
1424 1334 1501 1405 Deo
1521 1330 1733 1405 sacrificium
1752 1332 1915 1423 offertur,
1928 1331 2027 1429 juxta

431 1449 539 1522 illud¹
561 1477 569 1521 ε
596 1479 614 1517 «
629 1449 848 1521 Sacrificium
870 1454 948 1522 Deo
972 1449 1116 1548 spiritus
1137 1447 1410 1538 contribulatus,
1425 1477 1444 1517 »
1465 1464 1598 1541 utrum,
1617 1451 1777 1548 inquam,
1796 1450 1884 1522 tales
1899 1448 1945 1522 de
1961 1451 2027 1522 lrac

431 1567 511 1640 luce
527 1568 720 1665 migrantes
737 1567 837 1640 hunc
854 1569 1026 1665 gemitum
1043 1584 1079 1640 et
1095 1569 1260 1641 dolorem
1277 1593 1399 1640 secum
1412 1567 1592 1660 deserant3
1611 1569 1701 1642 utin
1718 1570 1792 1643 vita
1807 1593 1954 1666 quoque
1970 1569 2029 1643 illa

432 1687 565 1759 coelesti
590 1686 667 1759 haec
690 1712 729 1760 se
754 1689 977 1761 commisisse
999 1687 1159 1773 doleant,
1188 1712 1276 1785 quo,
1306 1702 1346 1759 ut
1371 1688 1544 1786 scriptum
1562 1691 1642 1778 est¹,
1673 1717 1692 1756 n
1706 1687 1844 1786 aufugit
1867 1687 1973 1761 dolor
1994 1705 2029 1762 et

433 1806 586 1899 gemitus
601 1821 711 1903 atque
729 1807 881 1879 tristitia.
901 1836 919 1876 u
942 1806 1013 1879 Sed
1029 1807 1192 1905 prolecto
1213 1807 1305 1879 sicut
1318 1809 1397 1878 Deo
1414 1806 1471 1879 vel
1492 1806 1632 1904 Angelis
1648 1821 1792 1906 peccata
1809 1820 1932 1879 nostra
1953 1808 2028 1879 sine

430 1924 549 2021 aliqua
565 1949 672 2024 poena
688 1924 824 1997 doloris
842 1925 1050 2024 displicent,
1074 1949 1118 1998 eo
1136 1925 1303 1998 videlicet
1318 1924 1419 2022 quod
1434 1925 1493 1999 illa
1510 1950 1586 1998 non
1602 1925 1818 2024 approbunt,
1836 1950 1915 2022 quse
1936 1927 2028 1998 mala

432 2043 682 2134 considerant3
710 2046 759 2117 ita
792 2058 829 2116 et
853 2059 940 2116 tuuc
968 2044 1073 2116 nobis
1107 2045 1167 2117 illu
1192 2044 1454 2144 displicebunt,
1485 2046 1522 2117 in
1549 2044 1680 2141 quibus
1706 2043 1935 2140 deliquimus.
1960 2044 2030 2116 Sed

433 2176 553 2234 utrum
580 2189 647 2236 nos
671 2163 730 2237 illa
750 2163 874 2237 secisse
890 2163 1054 2254 velimus,
1078 2189 1158 2262 quae
1173 2164 1266 2236 bene
1282 2164 1447 2237 ordinata
1470 2188 1545 2237 esse
1569 2168 1684 2236 aDeo
1702 2163 1847 2253 scimus,
1872 2176 1909 2233 et
1926 2161 2030 2235 nobis

433 2307 579 2380 quoque
602 2284 640 2356 in
661 2284 804 2355 bonum
819 2298 1025 2383 cooperata,
1042 2285 1143 2380 juxta
1163 2283 1252 2357 illud
1269 2283 1475 2382 Apostoli⁸2
1498 2312 1516 2348 α
1532 2283 1669 2354 Scimus
1685 2281 1857 2377 quoniam
1881 2279 2032 2378 diligen·

437 2400 532 2472 tibus
549 2405 666 2473 Deum
681 2402 805 2473 omnia
820 2416 1064 2499 cooperantur
1081 2402 1118 2473 iu
1134 2400 1276 2474 bonum
1288 2401 1334 2472 l»
1352 2401 1426 2477 Alia
1444 2416 1496 2473 est
1512 2399 1672 2498 quaestio,
1689 2422 1799 2495 quam
1814 2423 1882 2496 pro
1897 2398 2032 2470 viribus

435 2520 567 2592 nostris
583 2520 689 2591 tertio
708 2519 900 2617 Theologiae
916 2534 1045 2590 nostrae
1061 2518 1157 2592 libro
1175 2519 1406 2593 absolvimus.

1051 2841 1231 2934 CAPUT
1267 2846 1415 2938 xxiv.

1106 3068 1151 3122 De
1177 3062 1368 3124 consessione.

485 3253 586 3320 Nunc
618 3248 665 3320 de
692 3250 918 3321 consessione
942 3265 1173 3348 peccatorum
1204 3250 1309 3325 nobis
1338 3273 1442 3345 agere
1458 3250 1649 3322 incumbit.
1667 3250 1720 3322 ad
1741 3250 1838 3322 hauc
1854 3274 1921 3321 nos
1937 3254 2032 3348 Apo·

434 3367 546 3438 stolus
563 3365 718 3439 lacobus
737 3366 931 3440 exhortans
947 3369 1038 3441 ait⁴z
1061 3398 1079 3438 a
1093 3369 1325 3442 Confitemini
1343 3368 1551 3440 alterutrum
1570 3382 1715 3467 peccata
1730 3381 1863 3456 restra,
1881 3381 1917 3439 et
1934 3381 2031 3440 orate

435 3510 503 3582 pro
526 3488 680 3559 invicem
706 3500 745 3559 ut
767 3487 952 3559 salvemini
973 3515 981 3558 ι
1001 3488 1156 3560 multum
1174 3489 1271 3560 enirn
1292 3487 1384 3561 valet
1406 3486 1612 3584 deprecatio
1625 3488 1712 3584 justi
1734 3486 1921 3560 assidua.»
1945 3488 2035 3557 Sunt

436 3606 499 3702 qui
524 3607 590 3677 soli
616 3611 694 3678 Deo
720 3605 969 3680 confitendum
993 3605 1224 3698 arbitrantur,
1253 3607 1354 3704 quod
1382 3617 1457 3678 non
1482 3606 1570 3679 nulli
1588 3608 1720 3679 Graecis
1737 3607 1943 3705 imponunt.
1964 3604 2033 3677 Sed

437 3722 525 3819 quid
551 3723 648 3822 apud
675 3728 791 3796 Deum
817 3726 994 3798 consessio
1010 3725 1139 3815 valeat,
1168 3728 1231 3824 qui
1258 3726 1381 3799 omnia
1406 3727 1527 3817 novit,
1555 3740 1619 3800 aut
1641 3749 1752 3823 quam
1776 3724 2033 3821 indulgentiam

436 3840 543 3913 uobis
571 3839 691 3939 lingua
717 3845 901 3942 impetret,
929 3868 1004 3916 non
1027 3843 1136 3916 video
1162 3871 1171 3916 z
1197 3845 1280 3919 licet
1303 3844 1480 3942 propheta
1503 3843 1646 3916 dicat¹:
1676 3844 1887 3916 «Delictum
1914 3865 2033 3914 meum

394 3999 398 4008 ·
437 3959 623 4056 cognitum
637 3960 703 4032 tibi
727 3961 813 4054 leci,
838 3977 874 4033 et
889 3962 1097 4059 injustitiam
1113 3988 1232 4037 meam
1248 3988 1323 4037 non
1342 3962 1529 4036 abscondi.
1544 3990 1562 4029 u
1581 3963 1701 4034 Multis
1715 3962 1763 4034 de
1779 3963 1896 4036 causis
1910 3960 2035 4033 lideles

438 4079 595 4150 invicem
610 4092 755 4177 peoctua
770 4079 1001 4171 confitentur,
1012 4081 1112 4177 juxta
1124 4082 1212 4154 illud
1221 4082 1381 4181 Apostoli
1393 4082 1495 4180 quod
1512 4082 1734 4182 premissum
1751 4096 1825 4171 est3
1844 4096 1923 4153 tum
1937 4079 2036 4153 vide·

439 4191 522 4264 licet
537 4206 686 4293 propter
702 4193 925 4292 subpositum
937 4218 1095 4285 causam,
1111 4210 1152 4267 ut
1166 4196 1388 4269 orationibus
1399 4221 1525 4268 eornm
1542 4198 1651 4295 magis
1663 4197 1893 4300 adjuvemur,
1906 4195 2036 4293 quibus

439 4310 674 4384 confitemur:
694 4327 771 4385 turn
796 4314 903 4385 etiam
924 4314 1008 4412 quia
1024 4316 1061 4385 in
1078 4315 1279 4387 humilitate
1295 4315 1529 4394 consessionis
1550 4340 1681 4413 magna
1697 4340 1779 4414 pars
1802 4316 1918 4412 agitur
1934 4316 2036 4386 satis-

441 4431 619 4521 factionis,
638 4435 727 4505 etin
745 4433 961 4507 relaxatione
979 4435 1198 4534 poenitentiae
1215 4434 1390 4531 majorem
1405 4438 1627 4531 assequimur
1642 4435 1900 4531 indulgentiam
1919 4463 1927 4505 ι
1947 4435 2037 4520 siem

442 4550 490 4624 de
518 4551 635 4623 David
658 4554 832 4651 scriptum
852 4568 923 4649 est3
947 4556 1115 4651 quicum
1139 4570 1326 4627 accusatus
1349 4579 1371 4627 a
1393 4555 1546 4628 Natham
1567 4554 1758 4655 propheta,
1782 4553 2033 4654 responderit:

443 4699 461 4737 «
476 4671 641 4762 Peccavi3
657 4699 676 4739 u
695 4671 814 4743 statim
832 4670 1025 4746 abeodem
1043 4673 1221 4772 Propheta
1239 4697 1452 4773 responsum
1465 4674 1639 4747 audivit⁸z
1659 4702 1677 4742 tt
1695 4676 1870 4746 Dominus
1891 4697 2038 4771 quoque

474 4978 590 5029 'Psctm
609 4991 645 5040 n..
662 4993 686 5029 t.
706 4979 744 5030 le.
764 5004 795 5018 ··
815 4978 904 5044 ἥσει,
926 4993 981 5044 cap.
999 4993 1082 5045 xxxv,
1103 4995 1127 5031 v.
1150 4986 1231 5036 lu·
1247 4984 1353 5046 ⁸doru,
1371 4996 1425 5045 cap.
1447 4996 1500 5048 tur,
1529 4996 1552 5030 v.
1576 4984 1616 5034 28.
1630 4981 1755 5047 -⁴lac.,
1776 4995 1830 5046 etp.
1853 4995 1880 5044 r,
1902 4996 1926 5033 t.
1950 4983 1987 5033 tt.
2007 5007 2036 5018 -

439 5056 555 5109 'Ptolo
568 5070 640 5122 mr,
651 5072 675 5109 v.
687 5061 712 5111 5.
726 5060 843 5124 Alton.
855 5057 889 5125 ll,
904 5072 959 5123 etp.
973 5072 1019 5124 su,
1033 5073 1060 5109 t.
1074 5062 1112 5113 tt.
