4559 6100
464 451 511 575 se
674 562 677 571 ,
1065 491 1194 564 rarat
1220 491 1457 565 romanor

462 654 612 743 diversa,
625 671 708 722 cunr
718 648 765 718 ita
779 659 855 718 tota
866 643 1064 742 pmtitate
1077 642 1587 737 suaeessentiaesuntdisoreta,
1599 658 1639 715 ut
1651 646 1688 716 in
1699 646 1972 742 computatione
1985 647 2055 721 sihi

461 785 595 871 queant
609 766 810 856 admisceri,
829 790 913 838 cum
926 763 1091 838 videlicet
1107 764 1237 836 dicitur
1253 788 1361 858 unus,
1379 762 1467 856 duo,
1485 777 1569 858 tres,
1584 776 1653 837 etc.
1673 764 1784 852 Quod
1798 779 1888 839 tunc
1907 767 2055 865 quidem

342 950 347 961 ,
462 890 539 964 lieri
555 902 686 988 potest,
702 909 786 959 cum
797 908 872 957 non
888 883 1006 957 solum
1022 882 1094 956 hoc
1109 906 1186 956 non
1203 897 1257 956 est
1269 882 1371 974 illud,
1383 907 1511 956 verum
1523 884 1630 955 etiam
1645 907 1715 956 nec
1723 884 1856 984 ipsum,
1872 909 1942 959 nec
1957 888 2055 961 aliud

461 1011 508 1083 de
524 1011 603 1108 ipso
620 1020 675 1080 est
688 1005 735 1079 de
750 1004 950 1078 substantia
966 1002 1124 1094 alterius,
1139 1017 1181 1079 ut
1194 1002 1256 1075 hic
1270 998 1384 1075 homo
1399 1016 1437 1075 et
1455 1001 1529 1090 ille,
1553 1017 1590 1075 et
1604 1004 1712 1076 etiam
1729 1005 1767 1075 in
1791 1003 1919 1078 eadem
1944 1028 2056 1081 manu

462 1131 521 1201 hic
536 1127 669 1225 digitus
684 1140 722 1199 et
735 1124 809 1198 tlle.
828 1126 1047 1224 Proprietate
1073 1147 1161 1196 vero
1180 1142 1244 1197 seu
1266 1120 1477 1196 definitione
1501 1121 1641 1196 diversa
1665 1137 1768 1214 sunt,
1794 1147 1874 1221 quae
1895 1122 1979 1198 licet
1994 1125 2056 1198 ha·

465 1248 576 1321 beant
589 1246 636 1319 de
649 1271 688 1319 se
704 1243 903 1344 praedicari,
928 1265 1010 1316 cum
1025 1242 1258 1315 essentialiter
1271 1240 1370 1314 idem
1387 1254 1493 1332 sunt,
1511 1240 1713 1314 secundum
1736 1244 1905 1342 proprios
1934 1258 2055 1317 tamen

461 1382 584 1455 status,
605 1364 704 1439 aliod
716 1379 769 1437 est
783 1362 1106 1461 hujuspropriurn,
1122 1374 1160 1435 et
1176 1359 1273 1434 aliud
1288 1360 1394 1451 illius,
1410 1374 1449 1432 et
1463 1360 1602 1458 singula
1614 1362 1771 1460 propriis
1785 1360 2056 1437 delinitionibus

462 1503 497 1558 et
514 1490 551 1559 in
570 1509 676 1559 sensu
689 1484 839 1559 diverds
854 1496 941 1557 sunt
954 1479 1195 1555 terminanda.
1216 1482 1384 1580 Proprias
1397 1503 1484 1552 vero
1501 1479 1729 1554 definitiones
1751 1506 1977 1556 eorum-esse
1999 1483 2054 1557 di·

461 1607 589 1698 cimus,
603 1628 762 1704 quorum
781 1628 827 1677 ex
843 1605 983 1701 integro
1006 1601 1213 1700 exprimunt
1224 1624 1313 1690 esse,
1333 1614 1374 1673 ut
1388 1597 1585 1673 substantia
1610 1624 1786 1700 corporea
1801 1603 1977 1703 corporis,
2001 1604 2057 1676 vel

461 1739 586 1825 aptum
601 1723 650 1799 ad
666 1722 860 1797 ridendum
872 1720 1029 1815 risibilis,
1043 1720 1101 1794 vel
1114 1719 1255 1825 habens
1267 1718 1472 1794 albedinem
1488 1719 1574 1813 albi,
1588 1744 1809 1820 quamquam
1819 1721 2056 1797 differentiam

460 1845 686 1944 proprietatis
702 1843 835 1916 scilieet
850 1866 913 1917 seu
923 1840 1143 1914 definitionis
1161 1840 1330 1914 Boethius
1345 1840 1382 1911 in
1401 1839 1495 1912 libro
1514 1841 1735 1912 Divisionum
1745 1839 2057 1938 diligenteretten·

461 1964 565 2058 dens,
583 1963 757 2037 rationale
768 1977 805 2036 et
816 1962 932 2062 bipes,
944 1987 1023 2062 quae
1036 1961 1135 2035 idem
1147 1983 1300 2033 numero
1313 1960 1490 2056 contingit
1504 1983 1594 2052 esse,
1611 1959 1757 2034 differre
1772 1975 1893 2034 umen
1908 1962 1964 2034 his
1977 1987 2056 2035 ver·

460 2085 516 2157 his
526 2085 687 2158 asserit¹.·
701 2083 912 2170 «Quoniam
927 2106 1014 2155 vero
1024 2079 1192 2180 quaedam
1201 2093 1372 2178 suntquee
1384 2078 1569 2169 differunt,
1580 2105 1661 2177 quae
1672 2096 1801 2153 contra
1811 2105 1848 2153 se
1858 2081 1897 2153 io
1910 2081 2057 2154 divisio-

460 2204 567 2277 nibus
590 2205 679 2303 poni
697 2228 771 2276 non
801 2203 948 2294 debent,
967 2216 1008 2275 ut
1030 2202 1067 2274 in
1092 2199 1239 2274 animali
1267 2198 1443 2272 rationale
1471 2215 1508 2273 et
1539 2200 1655 2300 bipes.
1677 2199 1802 2275 Nullus
1825 2203 1923 2275 enim
1945 2201 2052 2275 dicit:

460 2323 670 2396 animalium
682 2322 752 2396 alia
769 2336 854 2394 sunt
876 2320 1075 2413 rationalia,
1091 2318 1268 2393 alio'duos
1280 2317 1391 2417 pedes
1408 2317 1593 2406 habentia,
1612 2319 1748 2393 idcirco
1763 2320 1861 2418 quod
1881 2321 2055 2394 rationale

461 2456 495 2513 et
506 2441 607 2540 bipes
617 2441 701 2514 licet
714 2440 894 2533 disserant,
910 2439 1009 2514 nulla
1018 2454 1138 2514 tameo
1152 2463 1175 2511 a
1190 2464 1228 2511 se
1244 2439 1475 2537 oppositione
1492 2437 1771 2538 distinguuntur,
1786 2455 1855 2513 ete.
1873 2468 1891 2507 n
1906 2441 2055 2514 ldemin

460 2563 578 2660 primo
597 2562 819 2659 Topicorum,
836 2584 922 2633 cum
936 2547 1223 2660 propositionem
1233 2560 1511 2657 etquaestiouem
1526 2573 1563 2632 et
1578 2561 1846 2633 conclusionem
1859 2557 2052 2653 definisset,

461 2699 495 2753 et
512 2681 585 2752 suis
600 2678 739 2776 singula
757 2678 1036 2777 proprietatibus
1054 2676 1287 2767 distinxisset3
1311 2676 1537 2777 ostendendo
1552 2679 1684 2752 scilicet
1700 2680 1798 2777 quod
1821 2680 2055 2778 unumquod-

460 2823 546 2896 que,
568 2812 744 2899 quantum
769 2821 814 2871 ex
837 2800 875 2869 vi
899 2811 937 2871 et
965 2811 1092 2871 neutra
1108 2797 1256 2897 propria
1278 2798 1487 2896 requireret,
1511 2797 1609 2870 idem
1626 2822 1779 2871 numero
1793 2798 1871 2871 haec
1892 2798 1959 2872 tria
1980 2824 2056 2873 esse

461 2930 689 3005 monstraret,
714 2916 950 2990 nihilominus
973 2931 1093 2990 tamen
1117 2941 1160 2990 ea
1185 2916 1328 2989 differre
1358 2916 1557 2990 secundum
1574 2920 1823 3017 proprietates,
1847 2943 1936 3017 quas
1963 2921 2057 2991 assi-

460 3048 644 3133 gnaverat,
668 3035 824 3111 ostendit
848 3036 1017 3111 dicens':
1040 3066 1059 3107 u
1083 3035 1185 3110 Idem
1206 3038 1313 3135 igitur
1338 3053 1391 3112 est
1416 3040 1615 3138 propositio
1642 3039 1830 3138 quomodo
1857 3039 2053 3133 conclusio,

460 3159 523 3231 sed
549 3156 721 3231 dill'eruot
741 3156 948 3257 supradicto
979 3157 1103 3231 modo.
1124 3188 1143 3224 a
1172 3159 1291 3246 Quam
1313 3157 1461 3257 quidem
1482 3158 1720 3233 differentiam
1747 3175 1783 3233 et
1803 3165 1842 3232 B.
1862 3162 2056 3257 Gregorius

459 3278 648 3376 diligenter
675 3276 908 3351 considerans
929 3276 994 3350 lib.
1028 3277 1224 3350 Moralium
1242 3283 1339 3372 xxt,
1357 3281 1426 3351 eit⁸
1444 3306 1453 3350 z
1487 3309 1505 3346 u
1533 3282 1612 3372 ῌοο
1627 3281 1722 3353 inter
1740 3293 1928 3380 peecatum
1944 3280 2051 3354 distat

459 3411 494 3469 et
516 3395 667 3490 criinen,
692 3396 796 3495 quod
820 3420 930 3471 omne
959 3396 1098 3470 crimen
1121 3411 1311 3496 peecatum
1328 3413 1403 3486 est,
1433 3398 1497 3471 sed
1518 3422 1596 3471 non
1627 3424 1737 3472 omne
1767 3414 1956 3498 peceatum
1981 3401 2048 3472 cri-

459 3537 556 3585 men.
577 3544 595 3579 a
625 3515 759 3585 Rursus
785 3511 955 3585 Boethius
980 3512 1017 3584 in
1042 3511 1215 3611 praedicto
1241 3513 1336 3586 libro
1368 3516 1609 3612 Topicorrun,
1636 3528 1677 3588 ut
1693 3515 1769 3612 jarn
1792 3539 1901 3615 supra
1931 3518 2057 3588 memi-

459 3634 603 3722 nimus,
634 3655 718 3705 cum
748 3630 849 3704 illam
880 3631 1138 3728 questionem,
1175 3646 1300 3705 utrum
1331 3631 1430 3705 ἰάσω
1451 3632 1498 3704 sit
1524 3634 1611 3707 utile
1637 3634 1739 3734 quod
1765 3635 1979 3720 honestem,
2007 3634 2056 3706 de

459 3749 768 3823 definitione-esse
783 3748 891 3822 docet
912 3747 1056 3837 dicens,
1075 3750 1276 3823 seeundum
1300 3747 1389 3838 haec,
1418 3752 1611 3848 quomodo
1636 3753 1838 3828 definitioni
1856 3768 1909 3827 est
1928 3777 2059 3851 αωο-

460 3868 610 3966 ganda‘.
626 3872 789 3957 Quarum
815 3869 913 3942 enim
936 3891 1059 3942 rerum
1074 3867 1204 3941 eadem
1219 3868 1384 3944 definitio
1414 3884 1482 3960 est,
1507 3872 1592 3970 ipsae
1615 3872 1763 3970 quidem
1787 3873 1924 3948 eedem
1948 3889 2053 3964 suot3

458 4011 612 4084 quarum
637 4010 724 4060 vero
752 3986 896 4062 diversa
922 3987 1132 4062 substent'm
1150 3991 1244 4062 ratio
1265 4003 1332 4082 est,
1355 3992 1439 4090 ipsae
1464 3992 1866 4083 mainsendem,
1895 4008 2062 4094 patenter

459 4105 636 4198 ostendit,
656 4130 884 4204 quaeeunque
912 4106 1185 4181 definitionibus
1214 4111 1371 4209 propriis
1404 4110 1623 4212 discrepant,
1652 4115 1721 4187 etsi
1748 4115 1876 4188 eadem
1905 4137 2059 4187 numero

459 4226 519 4299 illa
539 4249 616 4299 esse
635 4228 833 4324 contingat,
855 4241 896 4299 ot
917 4227 1047 4302 eadem
1069 4227 1236 4303 videlieet
1256 4220 1314 4303 ies
1336 4230 1456 4330 aliqua
1476 4233 1547 4306 hoc
1564 4234 1612 4305 sit
1630 4245 1668 4306 et
1692 4234 1797 4322 illud,
1822 4235 2058 4308 nibilominus

459 4364 580 4420 tamen
595 4346 656 4420 illa
671 4346 742 4421 dici
764 4347 917 4421 diversa.
935 4348 1044 4436 Quod
1065 4364 1102 4423 et
1120 4350 1340 4450 Porphyrius
1358 4367 1444 4426 ante
1468 4355 1507 4425 in
1532 4356 1693 4454 isagogis
1706 4356 1782 4427 suis
1805 4355 1977 4428 docuerat
2001 4355 2060 4426 di-

360 4547 364 4552 ,
458 4470 584 4539 ceos⁸:
603 4470 798 4555 «Quorum
820 4468 966 4542 termini
988 4484 1072 4544 sunt
1094 4469 1315 4567 differentes,
1341 4473 1418 4574 ipsa
1443 4497 1591 4574 quoque
1613 4488 1698 4547 stmt
1718 4474 1933 4548 differentia.
1948 4501 1966 4541 s
1984 4477 2059 4562 Qui

458 4587 665 4660 etiamnum
684 4587 780 4660 aiv:
803 4615 822 4656 u
837 4587 1132 4663 Differentiarum
1153 4591 1228 4664 atie
1246 4591 1397 4690 quidem
1418 4608 1503 4667 sunt
1521 4595 1724 4668 secundom
1747 4619 1838 4693 qens
1865 4594 2061 4667 dividimus

459 4729 589 4799 genera
606 4706 643 4778 in
659 4706 809 4804 species,
827 4707 904 4781 alin
918 4709 1118 4784 secundum
1135 4734 1227 4809 quas
1247 4734 1290 4786 ea
1306 4737 1387 4811 quae
1400 4713 1541 4788 diversa
1556 4728 1642 4786 sunt
1653 4713 1920 4812 spreeifieaonu,
1945 4742 1963 4783 a
1986 4713 2060 4785 hoc

490 5013 562 5063 ‘tib
576 5013 708 5145 Dtppb.‚dp.
718 5017 777 5159 pti²
788 5015 832 5052 -²
843 5014 880 5065 De
890 5012 955 5079 Diu.
969 5016 1041 5080 rep,
1056 5015 1099 5066 ua.
1112 5012 1132 5075 l,
1142 5028 1168 5077 p.
1184 5018 1240 5067 tet.
1250 5042 1278 5054 -
1288 5020 1298 5050 ⁸
1309 5018 1367 5082 Cap.
1382 5030 1426 5069 nt.
1442 5020 1531 5071 -⁴l)e
1543 5020 1606 5086 Diu.
1620 5022 1691 5084 lep..
1705 5019 1747 5070 lb.
1762 5017 1787 5081 1,
1803 5033 1827 5080 p.
1842 5021 1896 5070 tto.
1913 5041 1943 5052 -
1955 5017 1964 5048 ⁸
1976 5017 2060 5079 laen,

457 5103 601 5153 capum·
660 5094 705 5154 i,
749 5096 786 5146 1.
