4559 6100
513 560 580 630 *ts
1133 552 1260 625 rarat
1286 555 1518 629 sumnum

531 704 666 804 quippe
682 702 728 775 ab
743 703 940 777 animando
952 703 1047 775 diota
1068 717 1140 794 est,
1157 728 1224 776 nec
1238 704 1338 778 aliud
1354 707 1499 804 proprie
1514 707 1666 782 animet
1681 706 1825 807 dicitur,
1843 709 1915 785 nist
1930 710 1971 785 id
1991 712 2028 788 in
2047 737 2114 810 quo

532 838 607 896 tota
624 822 675 895 vis
696 822 926 918 vegetationis
950 823 998 895 ita
1015 838 1305 917 consummatur,
1329 840 1371 897 ut
1384 824 1435 899 nil
1450 827 1599 922 corpori
1620 824 1670 899 illi
1685 836 1848 921 vegetato
1866 827 2048 909 adherere
2060 857 2114 913 et·

531 944 705 1015 trinsecus
729 966 874 1014 necesse
897 942 941 1014 sit
958 941 1004 1014 ad
1020 942 1408 1040 vegetationemquttn
1429 942 1539 1016 babet
1559 944 1694 1042 inipso
1715 947 2012 1027 mandam.
2031 953 2115 1032 Cttta

530 1065 650 1160 itaque
660 1062 831 1154 mundus,
841 1062 940 1158 juxta
950 1060 1198 1159 philosophos,
1214 1062 1379 1135 universa
1391 1062 1596 1155 concludat,
1610 1078 1650 1135 ut
1659 1063 1710 1135 nil
1718 1078 1817 1142 extra
1825 1066 1948 1164 ipsum
1954 1068 2117 1149 divimus

531 1181 799 1280 disponendum
822 1181 1077 1277 relinquatur,¹
1093 1195 1190 1252 recte
1217 1181 1338 1252 anima
1364 1180 1491 1252 mundi
1517 1182 1609 1254 sicut
1636 1195 1672 1255 et
1695 1183 1816 1256 anima
1846 1184 2000 1258 hominis
2026 1188 2116 1262 diota

472 1374 475 1379 ,
529 1314 602 1391 est,
628 1325 712 1372 cum
729 1300 891 1372 universa
906 1299 960 1371 vis
975 1297 1104 1372 animae
1120 1299 1158 1369 in
1178 1320 1223 1370 eo
1244 1313 1542 1371 consummaturi
1559 1296 1651 1371 adso
1671 1315 1711 1372 nt
1726 1324 1797 1372 nec
1810 1303 1929 1400 ipsum
1944 1305 2114 1379 muudum

530 1418 656 1491 oculos
670 1418 728 1491 vel
743 1432 870 1492 caetera
885 1441 1055 1490 sensuum
1071 1412 1309 1489 instrumenta
1329 1416 1474 1490 babere
1481 1418 1660 1514 oportuit,
1686 1419 1777 1491 sicut
1796 1432 1833 1492 et
1856 1422 1932 1519 ipse
1956 1423 2116 1520 perhibet

531 1538 649 1633 Plato,
676 1563 761 1613 cum
778 1536 877 1613 nulla
895 1551 993 1609 extra
1016 1537 1134 1641 ipsum
1151 1552 1376 1627 remaneant,
1399 1535 1445 1609 ad
1463 1561 1542 1655 quae
1559 1535 1625 1609 ista
1641 1534 1797 1633 aliquam
1817 1542 2116 1689 opportunitatem

530 1657 699 1730 babeant.
1755 1651 1799 1705 Ψ
2126 1736 2131 1745 ,

578 1778 640 1851 His
649 1802 690 1848 ex
703 1770 1011 1851 Platonebrevrter
1019 1774 1190 1868 collectis,
1203 1788 1309 1872 atque
1322 1774 1369 1846 ad
1381 1786 1510 1846 nostre
1522 1771 1607 1848 fider
1615 1772 1860 1847 tesumomum
1871 1776 1968 1871 satis,
1981 1778 2118 1851 utarbl-

529 1915 623 1987 tror,
636 1892 824 1995 diligenter
837 1896 1022 1995 expositis,
1034 1919 1260 1994 consequens
1273 1892 1437 1966 existimo
1453 1891 1501 1965 ad
1517 1914 1687 1997 sequaces
1702 1894 1778 1992 ejus
1790 1916 2007 1988 commeare,
2024 1911 2074 1968 ut
2079 1922 2120 1970 er

529 2042 641 2115 quae
624 2014 695 2087 ab
687 2015 771 2113 ipsis
793 2039 939 2117 quoque
958 2013 1005 2086 de
1028 2015 1149 2086 anima
1176 2006 1301 2084 mundi
1326 2028 1410 2085 sunt
1435 2010 1552 2106 dicta,
1582 2013 1682 2085 nulla
1704 2014 1843 2086 ratione
1865 2015 2119 2093 convente-tar

500 2134 643 2237 ‘accipi
659 2158 765 2251 posse
779 2148 1037 2225 monstremus,
1056 2132 1125 2205 nisi
1115 2132 1286 2233 Spiritui
1303 2136 1448 2204 sancto¹
1467 2146 1530 2230 per
1547 2131 1824 2251 pulcherrumam
1839 2130 2018 2209 involucri
2032 2131 2120 2231 llgu

532 2278 609 2325 ram
627 2246 862 2349 assignentur
879 2256 955 2322 Hoc
978 2248 1113 2355 quippe
1138 2248 1310 2350 loquendi
1332 2270 1443 2347 genus
1467 2248 1692 2357 Philosophls
1715 2242 1861 2349 quoque
1876 2249 1968 2322 sicut
1982 2266 2018 2324 et
2034 2256 2122 2324 Pro·

529 2366 645 2471 plutis
663 2368 973 2443 familiarissimum
999 2384 1064 2457 est,
1089 2384 1127 2440 ut
1150 2368 1314 2447 viddtcet
1332 2366 1378 2441 ad
1396 2392 1526 2443 amana
1542 2364 1776 2469 philosophiae
1792 2388 1876 2439 cum
1867 2360 2053 2462 ueniunt,
2068 2364 2121 2442 uil

527 2486 733 2585 vulgaribus
759 2486 879 2559 verbis
899 2487 1067 2576 efferant,
1082 2486 1150 2559 'sed
1177 2474 1507 2586 comparationibus
1532 2484 1805 2577 similitudinum
1821 2484 1993 2559 lectorem
2010 2492 2121 2586 magis

528 2586 698 2679 alliciant
712 2611 799 2694 Quae
812 2607 910 2679 enim
929 2630 1042 2705 quasi
1019 2602 1209 2683 sabulosa
1227 2615 1332 2678 antea
1348 2600 1575 2696 videbantur,
1589 2621 1625 2678 et
1640 2605 1686 2678 ab
1697 2604 1955 2681 omniutilitate
1967 2616 2117 2696 remota,

528 2725 728 2811 secundum
742 2722 850 2841 litera
862 2722 1086 2823 superficiem
1107 2724 1260 2821 gratiora
1276 2738 1376 2817 sunt,
1395 2747 1479 2796 cum
1496 2725 1633 2820 magnis
1645 2724 1753 2822 plena
1774 2725 1948 2821 mysteriis
1962 2739 2121 2823 postmo-

528 2820 1029 2940 dumreperta,ii1agnamin
1052 2865 1091 2913 se
1112 2838 1285 2915 doctrinae
1307 2842 1493 2913 continent
1510 2838 1798 2914 aedificationem
1828 2840 1887 2914 Ob
1909 2842 1981 2915 hoc
2007 2845 2118 2936 enim,

529 2975 617 3034 teste
634 2961 847 3059 Augustino,
868 2973 1035 3062 teguntur
1050 2981 1096 3031 ne
1118 2959 1304 3051 vilescant,
1324 2984 1385 3057 qm
1375 2954 1562 3032 secundo
1580 2959 1728 3059 quidem
1748 2958 1858 3032 lamio
1880 2959 1924 3033 de
1949 2964 2123 3033 Domina

528 3082 738 3174 christiana,
749 3105 834 3152 cum
848 3100 971 3154 causas
984 3075 1202 3151 difficultatis
1220 3104 1326 3152 sacrae
1342 3080 1531 3177 Scripturae
1541 3080 1708 3178 aperiret,
1719 3079 1805 3152 ait².
1819 3079 2009 3153 rObscnre
2024 3099 2121 3178 qure-

467 3213 478 3228 ’
528 3201 614 3271 dam
627 3198 722 3270 dicta
737 3197 984 3298 densissimam
998 3199 1186 3300 caliginem
1203 3195 1403 3290 obducunt,
1422 3195 1521 3299 quod
1538 3211 1653 3270 totum
1666 3197 1900 3298 provisum
1863 3219 1942 3272 esse
1949 3198 2123 3272 divinitus

526 3343 602 3390 uon
617 3304 773 3407 dubito,
780 3318 827 3391 ad
845 3312 1085 3392 edomandam
1102 3313 1226 3392 labore
1240 3315 1458 3413 superbiam,
1477 3329 1514 3387 et
1523 3314 1742 3387 intellectum
1757 3289 1931 3388 clastidio
1948 3339 2123 3390 revocan-

515 3435 614 3508 -dum
619 3432 1432 3533 ,cuifacileinvestigataplerumquevilescunt.
1439 3437 1575 3506 ιῐιειιιι
1590 3434 2123 3533 «Qniprorsusnoninveniunt

525 3557 626 3656 quod
642 3570 806 3651 quaerunt
820 3549 912 3626 lame
924 3552 1109 3628 laborant:
1129 3552 1192 3652 qui
1208 3567 1327 3625 autem
1344 3578 1419 3625 non
1436 3566 1617 3650 quaerunt,
1634 3552 1718 3649 quia
1732 3553 1771 3624 in
1784 3561 1955 3656 prorupta
1967 3553 2121 3647 habent,

526 3671 667 3747 fastidio
686 3698 778 3772 saepe
796 3684 1030 3746 marcescunt.
1055 3670 1165 3767 Igitur
1180 3669 1369 3743 salubriter
1386 3672 1693 3769 Spiritus'sancurs
1707 3672 1756 3743 ita
1772 3672 1963 3768 scripturas
1976 3670 2126 3743 modifi-

527 3782 634 3872 casir,
649 3793 689 3851 ut
699 3778 788 3852 locis
801 3775 1132 3875 apertioribus'l‘ami
1150 3791 1369 3864 occurreret,
1380 3776 1650 3849 obscurioribus
1665 3783 1784 3850 autem
1801 3776 1942 3854 fastidia
1954 3775 2126 3874 deterge-

527 3914 594 3970 ret.
607 3927 624 3964 ι
642 3895 752 3985 Quasi
767 3920 852 3993 crgo
867 3897 904 3967 in
920 3895 1066 3968 latebris
1078 3875 1258 3992 Qumimrs
1269 3897 1453 3992 quiescere
1463 3896 1607 3993 gaudet,
1621 3912 1674 3980 ut.
1689 3919 1764 3993 qno
1776 3895 1938 3992 magum
1948 3895 2126 3982 mustus,

527 4017 660 4113 gratior
679 4017 724 4087 sit
756 4011 824 4086 illis
835 4014 967 4112 quibus
982 4036 1021 4087 se
1038 4013 1249 4104 manifestat,
1267 4029 1302 4087 et
1316 4038 1390 4112 quo
1406 4016 1519 4111 magis
1534 4039 1579 4087 ex
1594 4014 1804 4088 difficultate
1819 4014 2000 4113 scripum
2014 4012 2129 4092 laho-

526 4150 644 4228 ratur,
666 4129 833 4205 meritum
852 4129 1029 4206 lectorum
1046 4146 1235 4230 augeatur,
1253 4132 1301 4205 de
1316 4158 1391 4230 quo
1410 4133 1629 4206 Psalmista⁸:
1648 4163 1667 4204 ι
1688 4134 1825 4223 Posuit,
1846 4159 1865 4200 ιι
1878 4133 2009 4267 iuquit,
2032 4147 2130 4204 ‹te-

526 4253 655 4330 nebras
671 4249 859 4325 latibulum
874 4275 993 4341 suum,
1009 4281 1026 4318 »
1039 4267 1074 4324 et
1083 4254 1262 4324 rursum&
1254 4278 1292 4321 ·ιι
1306 4241 1510 4326 Tenebrosa
1525 4275 1620 4350 aqua
1636 4254 1673 4324 in
1686 4250 1846 4330 nabibus
1859 4251 1964 4324 aeris
1979 4278 1998 4318 ι
2011 4251 2127 4342 Quis,

467 4447 471 4452 .
525 4369 642 4491 lnquit
661 4369 871 4468 Gregorius,
893 4369 1082 4446 obscurata
1109 4386 1163 4445 est
1179 4373 1353 4445 sententia
1381 4374 1418 4446 in
1443 4373 1648 4473 Prophetis,
1666 4371 1806 4469 dequo
1821 4371 1997 4469 scriptum
2013 4383 2067 4441 est
2082 4369 2132 4441 in

283 4463 290 4484 ¹
355 4466 383 4486 ω
525 4454 658 4604 leges
664 4492 849 4564 «Accessit
863 4491 1002 4590 Moyses
1018 4491 1064 4565 ad
1081 4489 1295 4589 caliginem
1285 4517 1322 4565 ιιι
1335 4514 1407 4591 qua
1424 4506 1500 4564 erat
1515 4496 1624 4566 Deus.
1642 4489 1927 4565 »usitamus
1916 4513 1954 4564 tn
1973 4487 2132 4559 Patali-

519 4638 700 4708 pomenon
715 4611 802 4683 ait⁰t
828 4643 845 4677 ι
863 4611 1041 4684 Dominus
1055 4610 1234 4711 pollicitus
1250 4625 1363 4684 estut
1383 4610 1615 4684 babitaretin
1640 4610 1810 4706 caligines
1829 4607 1982 4680 uidem
1972 4630 2011 4677 ιιι
2029 4609 2137 4676 Ρω-

525 4728 667 4803 verbm
685 4759 694 4802 ι
717 4761 734 4796 ι
754 4723 875 4802 Gloria
902 4745 956 4803 est
979 4725 1045 4804 Dei
1071 4727 1187 4804 celare
1208 4729 1377 4821 verbum,
1400 4743 1436 4801 et
1462 4729 1576 4825 gloria
1594 4747 1721 4826 regum
1745 4727 1957 4823 investigare
1980 4747 2135 4798 sermo-

556 5046 561 5072 ·
574 5041 615 5093 Slc
624 5041 868 5106 conumspirnu
876 5038 1251 5101 urrunnu-’uultus
1260 5052 1291 5090 ιι.
1347 5053 1370 5090 ι.
1383 5042 1422 5091 tl.
1435 5041 1482 5077 -⁸
1493 5037 1525 5096 ll,
1538 5035 1700 5104 Purat.,erp.
1715 5048 1749 5096 rr,
1762 5048 1783 5086 ι,
1800 5039 1858 5085 1.-
1870 5037 1878 5067 ²
1890 5033 1981 5091 Prae..
1991 5044 2047 5094 erp.
2060 5044 2144 5097 xxv,

524 5120 991 5184 -·ru1m.xvn‚v.n.-·ntu
1006 5120 1156 5178 -ῑΕιιοά,
1176 5129 1231 5181 erp.
1250 5131 1293 5180 u,
1346 5131 1370 5170 r.
1382 5122 1406 5169 2.
