4559 6100
507 129 580 170 cum
596 106 702 171 subito
713 108 905 193 jaculantur.
920 105 1086 196 Quidquid
1096 108 1264 173 intestinus
1280 105 1430 173 odiorum
1446 105 1546 188 furor,
1564 103 1721 195 quidquid
1735 104 1943 196 implacabilis
1952 106 2116 172 amentiae

506 226 601 291 turbo
615 242 735 293 rotaret
746 228 780 291 in
791 228 921 293 Petrum
932 276 941 311 ,
953 227 1109 318 quidquid
1118 229 1229 318 iniqua
1240 226 1397 295 conllaret
1412 226 1585 307 aemulatio,
1606 248 1747 292 censurae
1760 226 1945 316 apostolicae
1957 226 2112 291 sobrium

506 369 671 435 nunquam
688 346 862 412 dormitare
873 345 1007 413 deberet
1016 370 1165 414 acumen.
1183 347 1248 414 Sed
1260 347 1352 414 facile
1363 347 1469 413 deviat
1480 369 1499 411 a
1517 346 1655 432 justitia,
1682 346 1737 434 qui
1746 345 1818 436 plus
1825 347 1994 411 hominem
2006 369 2111 434 quiam

503 468 608 532 Deum
633 467 725 532 timet
747 468 782 531 in
808 489 919 533 causa.
942 442 1127 557 Verumque
1156 465 1236 532 illud
1264 483 1312 533 est
1333 465 1422 555 quod
1445 489 1504 557 per
1527 466 1749 556 propheticum
1772 487 1930 556 organum
1958 463 2109 533 sonat¹:

508 578 637 643 ·0mne
660 595 758 667 caput
780 576 989 668 languidum,
1009 576 1153 667 aplanta
1175 575 1266 667 pedis
1287 578 1448 666 usquead
1470 577 1643 659 cervicem,
1665 600 1732 642 non
1749 594 1797 641 est
1811 576 1847 640 in
1872 599 1912 642 eo
1934 577 2073 641 sanitas.
2093 607 2106 631 ·

548 690 612 757 Sed
630 692 810 783 corrigere,
828 693 978 782 inquiunt
1002 692 1142 758 fautores
1159 692 1314 776 Abbatis,
1333 692 1464 758 Petrum
1483 691 1625 757 volebat.
1644 691 1676 756 Si
1692 691 1841 774 Petrum,
1864 690 1951 756 bone
1971 690 2035 771 vir,
2066 690 2111 755 ad

503 811 664 901 integrum
686 809 761 877 fidei
783 827 901 877 statum
924 810 1117 902 disponebas
1136 835 1305 896 revocare3
1330 835 1387 878 cur
1411 812 1443 876 ei
1465 834 1575 877 coram
1595 809 1717 902 populo
1741 826 1867 876 aeternae
1894 809 2111 901 blasphemie

504 932 722 997 characterem
746 930 969 1024 impingebas?
991 934 1174 1021 Rursusque
1194 931 1220 997 si
1243 932 1340 997 Petro
1363 954 1508 997 amorem
1528 928 1638 1021 populi
1654 929 1805 1011 tollebas,
1822 929 1989 1019 quomodo
2006 931 2110 995 ooni-

504 1073 580 1140 gere
597 1049 810 1142 disponebas?
825 1051 875 1115 Ex
892 1074 954 1140 qua
971 1050 1194 1142 complexione
1209 1052 1243 1115 in
1259 1074 1418 1117 summam
1433 1050 1601 1141 redigitur,
1620 1065 1652 1116 te
1672 1050 1706 1113 in
1722 1049 1853 1115 Petrum
1868 1049 2021 1115 exarsisse
2037 1072 2108 1113 non

506 1192 615 1235 amore
638 1170 861 1259 correctionis,
888 1170 946 1236 sed
963 1170 1122 1238 desiderio
1138 1171 1276 1263 propriae
1299 1169 1441 1236 ultionis.
1466 1169 1621 1235 Praeclare
1642 1168 1764 1234 dictum
1785 1184 1833 1234 est
1852 1167 2073 1259 aPropbeta²
2097 1192 2106 1232 z

509 1321 523 1345 ιι
539 1290 677 1380 Corripit
698 1313 751 1356 me
771 1293 873 1377 justus
895 1292 931 1356 in
955 1292 1216 1358 misericordia.»
1236 1291 1302 1357 Ubi
1320 1291 1407 1357 enim
1425 1289 1515 1357 deest
1536 1288 1764 1373 misericordia,
1790 1313 1857 1354 nun
1878 1304 1926 1355 est
1947 1290 2107 1355 correctio

502 1410 591 1495 justi,
615 1408 673 1475 sed
694 1408 859 1475 barbaries
881 1410 1047 1477 incondita
1068 1412 1209 1501 tyranni.
1234 1413 1382 1478 Testatur
1401 1412 1498 1477 etiam
1518 1433 1687 1477 rancorem
1707 1411 1806 1476 animi
1820 1412 1889 1498 ejus
1910 1410 2045 1501 epistola
2063 1409 2107 1475 ad

507 1530 731 1595 Innocentium
754 1530 875 1621 Papam
901 1529 1040 1614 directa,
1062 1532 1096 1596 in
1117 1555 1181 1621 qua
1198 1532 1243 1597 sic
1264 1532 1481 1597 stomachatur
1509 1554 1518 1597 z
1541 1562 1554 1588 ι
1569 1529 1646 1596 Non
1667 1529 1781 1612 debet,
1798 1529 1917 1617 inquit,
1943 1528 2105 1619 refugium

505 1647 648 1715 invenire
665 1648 752 1741 apud
771 1650 882 1717 sedem
897 1651 995 1735 Petri,
1018 1652 1073 1741 qui
1094 1650 1192 1717 fidem
1208 1651 1374 1742 impugnat
1395 1651 1495 1718 Petri.
1515 1683 1527 1710 υ
1548 1651 1660 1734 Parce,
1685 1672 1793 1741 parce,
1817 1647 1955 1714 bellator
1970 1647 2105 1737 inclyte.

506 1766 582 1833 Non
607 1767 700 1836 decet
729 1771 926 1837 monachum
953 1772 998 1838 sic
1026 1794 1184 1862 pugnare.
1210 1769 1314 1836 Crede
1338 1768 1520 1836 Salomoni⁸
1549 1793 1595 1836 t·
1609 1767 1704 1854 Noli,
1729 1769 1851 1857 inquit,
1874 1768 2011 1832 nimium
2036 1791 2107 1834 etse

502 1889 604 1972 justus
625 1912 633 1955 :
652 1911 693 1954 ne
716 1889 799 1955 forte
824 1889 1070 1981 obstupescas.»
1095 1891 1172 1956 Non
1197 1890 1365 1981 impugnat
1389 1889 1487 1956 fidem
1507 1890 1613 1972 Petri,
1641 1890 1697 1980 qui
1718 1888 1817 1955 fidem
1842 1885 1978 1953 affirmat
2002 1887 2105 1953 Petri.

473 2022 478 2035 ’
507 2007 612 2074 Debet
632 2033 708 2101 ergo
730 2010 874 2077 invenire
896 2011 1055 2103 refugium
1082 2008 1170 2101 apud
1192 2010 1303 2076 sedem
1327 2011 1426 2078 Petri.
1450 2011 1581 2093 Patere,
1600 2031 1728 2099 quaeso,
1746 2008 1877 2073 Petrum
1903 2022 2009 2072 tecum
2035 2030 2106 2074 esse

507 2127 726 2195 eluistianum.
745 2130 787 2194 Et
808 2131 834 2195 si
851 2134 909 2215 vis,
927 2147 1036 2198 tecum
1052 2133 1112 2198 erit
1126 2131 1313 2198 catholicus.
1330 2132 1414 2200 Etsi
1430 2155 1497 2197 uon
1513 2132 1572 2215 vis,
1596 2146 1706 2196 tamen
1721 2129 1782 2194 erit
1795 2126 1983 2193 catholicus.
2006 2129 2107 2193 Com·

505 2246 611 2344 munis
627 2248 715 2312 enim
731 2249 817 2313 Deus
834 2267 894 2332 est,
917 2274 984 2316 non
998 2252 1153 2342 privatus.
1171 2250 1236 2317 Sed
1251 2253 1277 2317 si
1293 2251 1383 2318 sedet
1396 2252 1553 2319 sententia
1569 2249 1681 2332 cordi,
1701 2270 1873 2340 pergamus
1887 2247 2005 2337 pariter
2019 2271 2106 2314 con·

507 2364 671 2456 templari,
695 2366 862 2457 quomodo
888 2369 1001 2436 Petrus
1026 2369 1126 2436 fidem
1147 2370 1275 2437 infestat
1292 2372 1391 2439 Petri.
1416 2371 1532 2437 Scribit
1557 2371 1646 2436 enim
1669 2369 1781 2435 Petrus
1808 2365 1851 2433 ad
1874 2366 2020 2432 ancillam
2041 2366 2107 2431 Dei

507 2483 685 2553 Heloissam
696 2488 791 2554 sacris
802 2488 913 2555 litteris
930 2491 1072 2580 apprime
1086 2491 1280 2574 institutam,
1298 2490 1487 2558 familiarem
1505 2491 1580 2557 satis
1595 2487 1775 2581 epistolam,
1793 2511 1866 2576 qua·
1884 2488 1968 2554 inter
1981 2486 2104 2575 reliqua

506 2606 622 2672 horum
638 2607 735 2675 etiam
750 2607 923 2675 verborum
936 2609 1063 2677 redolet
1078 2609 1332 2677 continentiam⁴
1352 2633 1361 2676 ε

556 2726 677 2794 «Soror
691 2750 763 2794 mea
773 2728 930 2812 Heloissa,
941 2729 1107 2820 quondam
1121 2731 1202 2795 mihi
1213 2732 1247 2794 in
1263 2729 1371 2797 seculo
1388 2753 1472 2812 cara,
1485 2752 1571 2795 nuuc
1583 2731 1617 2795 in
1634 2730 1759 2796 Christo
1774 2729 1946 2810 carissima,
1957 2726 2106 2793 odiosum

507 2868 560 2912 me
579 2845 702 2913 mundo
725 2846 869 2915 reddidit
885 2849 1001 2941 logica.
1023 2851 1124 2915 Aiunt
1145 2850 1234 2916 enim
1258 2852 1399 2940 perversi
1416 2866 1651 2941 pervertentes,
1669 2873 1806 2942 quorum
1828 2849 1983 2940 sapientia
2003 2863 2051 2913 est
2071 2848 2105 2910 in

507 2964 700 3056 perditione,
718 2991 770 3033 me
786 2968 820 3033 in
835 2967 939 3060 logica
960 2969 1256 3060 praestantissimum
1271 2994 1351 3055 esse,
1370 2970 1427 3037 sed
1442 2971 1477 3037 in
1492 2970 1593 3036 Paulo
1605 2995 1672 3038 uon
1688 2970 1895 3037 mediocriter
1910 2966 2103 3034 claudicare.

507 3082 651 3172 Cumque
666 3085 785 3176 ingenii
801 3084 978 3177 praedicent
998 3086 1117 3170 aciem,
1135 3086 1314 3152 christianae
1334 3085 1410 3154 fidei
1429 3087 1621 3153 subtrahunt
1640 3088 1825 3178 puritatem.
1845 3086 1948 3170 Quia,
1969 3099 2005 3148 ut
2027 3084 2106 3149 mihi

507 3200 651 3285 videtur,
670 3202 823 3294 opinione
838 3206 945 3295 potius
967 3204 1179 3272 traducuntur
1199 3205 1242 3272 ad
1254 3206 1427 3294 judicium,
1450 3229 1547 3297 quam
1570 3207 1774 3298 experientiae
1795 3207 1994 3297 magistratu.
2021 3203 2106 3268 Nolo

508 3319 552 3384 sic
568 3342 634 3385 esse
651 3323 871 3414 philosophus,
885 3340 922 3390 ut
936 3324 1134 3392 recalcitrem
1150 3325 1265 3392 Paulo.
1278 3326 1354 3392 Nou
1370 3328 1415 3393 sic
1429 3349 1496 3392 esse
1513 3326 1710 3410 Aristoteles,
1728 3342 1764 3391 ut
1775 3324 1921 3392 secludar
1932 3349 1952 3389 a
1968 3325 2104 3389 Christo.

508 3437 584 3504 Non
605 3441 690 3504 euim
707 3440 796 3507 aliud
814 3467 934 3509 nomen
955 3461 1003 3511 est
1017 3445 1077 3511 sub
1094 3446 1193 3526 coelo,
1209 3446 1244 3509 in
1259 3469 1324 3540 quo
1340 3462 1489 3537 oporteat
1504 3469 1557 3512 me
1567 3446 1694 3516 salvum
1716 3444 1797 3512 fieri.
1815 3444 1929 3510 Adoro
1947 3445 2105 3509 Christum

509 3557 543 3620 in
569 3558 700 3626 dexte'ra
721 3561 824 3628 Patris
843 3579 1044 3654 regnantem.
1062 3564 1249 3655 Amplector
1264 3589 1343 3648 ‚eum
1361 3567 1443 3632 ulnis
1457 3565 1532 3633 fidei
1548 3567 1583 3631 in
1601 3590 1698 3633 carue
1712 3565 1859 3658 virginali
1879 3563 1920 3630 de
1941 3562 2107 3628 Paracleto

509 3696 647 3770 sumpta,
673 3679 810 3772 gloriosa
833 3681 985 3748 divinitus
1006 3701 1206 3774 operantem.
1227 3687 1269 3751 Et
1291 3702 1328 3751 ut
1350 3685 1475 3778 trepida
1490 3685 1682 3768 sollicitudo,
1706 3702 1894 3775 cunctaeque
1917 3683 2065 3773 ambages
2086 3706 2105 3746 a

510 3797 608 3864 corde
631 3801 677 3864 tui
696 3802 834 3891 pectoris
853 3801 1079 3892 explodantur,
1102 3804 1167 3870 boc
1190 3805 1231 3872 de
1255 3829 1308 3872 me
1331 3821 1460 3889 teneto,
1483 3804 1572 3896 quod
1596 3829 1691 3896 super
1716 3805 1805 3871 illam
1828 3822 1954 3896 petram
1977 3802 2106 3868 fundari

510 3918 736 3985 conscientiam
749 3945 868 4007 meam,
885 3946 981 4014 super
994 3947 1092 4015 quam
1103 3926 1246 3991 Christus
1263 3924 1437 4018 aedificavit
1445 3925 1618 3992 Ecclesiam
1634 3948 1737 3991 suam.
1754 3927 1852 4011 Cujus
1866 3940 1966 4017 petrae
1980 3922 2105 3988 titulum

510 4038 569 4122 tibi
590 4019 728 4104 breviter
744 4040 923 4131 assignabo.
941 4044 1046 4110 Credo
1062 4046 1097 4110 in
1112 4047 1260 4129 Patrem,
1282 4063 1315 4112 et
1327 4047 1465 4131 Filium,
1489 4061 1523 4112 et
1541 4046 1695 4137 Spiritum
1709 4062 1872 4129 sanctum;
1890 4067 1993 4110 unum
2009 4058 2104 4108 natu·

509 4158 617 4224 raliter
632 4175 666 4225 et
681 4181 793 4225 rerum
807 4161 912 4226 Deum
932 4183 939 4225 τ
957 4162 1012 4251 qui
1027 4162 1072 4227 sic
1087 4162 1121 4226 in
1137 4164 1454 4255 personisapprobat
1468 4164 1675 4248 Trinitatem,
1692 4180 1730 4230 ut
1743 4187 1869 4254 semper
1883 4165 1918 4229 in
1932 4163 2105 4230 substantia

542 4458 627 4523 ‘Mn
646 4475 700 4525 ΜΡ·
713 4474 735 4524 1,
750 4475 773 4511 V·
786 4463 1041 4516 ⁶01⁶·-²Ptelm.
1055 4477 1151 4527 exta.
1165 4468 1190 4519 o.
1203 4493 1232 4510 -
1247 4466 1367 4530 werlu„
1380 4481 1434 4532 cap.
1449 4480 1492 4528 ru,
1506 4482 1528 4520 r.
1548 4471 1587 4521 n.
1598 4493 1630 4506 -·
1644 4465 1717 4520 ‘flac
1732 4467 1835 4532 epistota
1848 4465 1967 4534 hbetrrdt
1979 4478 2028 4517 aon
2040 4473 2106 4516 extat

489 4545 496 4557 ·
510 4540 613 4602 lotam
630 4541 668 4593 cl.
681 4541 718 4594 tl
731 4544 832 4606 hujusce
844 4544 969 4607 widonis,
980 4558 1006 4608 p.
1021 4547 1077 4606 68⁰,
1090 4548 1146 4599 681.
