4559 6100
498 578 547 651 so
1049 524 1055 535 ⁴
1105 582 1234 654 rursu
1259 582 1493 657 manuum

494 750 585 799 evo.
602 730 694 802 Pons
709 732 891 829 sapientiae
906 731 1059 805 verbum
1075 733 1143 805 Dei
1165 733 1203 804 iu
1219 734 1378 806 excelsis.
1400 763 1419 801 s
1439 739 1484 808 Et
1505 735 1659 807 iterum:
1680 763 1699 803 ι
1719 740 1819 807 Unus
1837 751 1891 807 est
1907 737 2097 811 altissimus

496 860 637 920 creator
656 851 888 950 omnipotens
909 868 945 925 et
969 850 1140 925 dominus
1162 857 1282 943 Deus3
1300 855 1377 951 ipse
1399 855 1532 927 meavit
1553 853 1651 926 illam
1673 855 1712 925 in
1737 856 1869 954 Spiritu
1889 871 2037 948 sancto,
2061 873 2096 930 et
2191 944 2195 951 Ι

496 964 624 1039 effudit
639 967 737 1043 illam
761 996 870 1070 super
889 974 1011 1045 omnia
1027 997 1140 1072 opera
1155 997 1232 1044 sua.
1254 1002 1271 1041 n
1295 977 1386 1045 ltem
1402 974 1494 1049 iufra
1510 1003 1519 1046 :
1537 1005 1556 1041 r
1571 975 1753 1073 Sapientia
1773 976 1867 1048 iuter
1886 974 2097 1050 benedictos

497 1083 731 1160 benedicetur
747 1089 894 1164 dicens:
913 1097 989 1190 Ego
1010 1118 1055 1165 ex
1077 1118 1141 1164 ore
1161 1092 1324 1164 Altissimi
1340 1093 1459 1192 prodii
1475 1094 1715 1193 primogenita
1730 1108 1813 1167 aute
1833 1119 1982 1168 omnem
1998 1120 2097 1170 crea·

497 1218 628 1279 turam.
657 1208 785 1281 Girum
813 1212 895 1283 coeli
922 1213 1069 1285 circuivi
1098 1212 1176 1285 sola
1191 1226 1260 1284 etc.
1283 1241 1302 1281 u
1321 1216 1364 1283 tn
1379 1238 1549 1285 rursum:
1571 1243 1589 1282 u
1616 1212 1669 1285 ab
1688 1214 1791 1285 initio
1817 1229 1852 1286 et
1875 1228 1958 1287 ante
1976 1217 2096 1290 secula

496 1340 615 1399 creata
631 1350 729 1418 sum,
748 1343 783 1401 et
801 1355 913 1429 usqrre
927 1329 975 1404 ad
988 1330 1148 1403 futurum
1160 1331 1321 1404 seculum
1338 1356 1414 1404 nou
1427 1332 1589 1405 desinam
1603 1346 1673 1405 etc.
1690 1363 1709 1399 a
1723 1331 1822 1420 Quid
1832 1332 1953 1431 itaque
1963 1334 2096 1407 mirum

497 1466 580 1516 cum
605 1446 643 1519 iu
668 1448 787 1521 verbis
808 1475 956 1549 quoque
976 1448 1300 1524 ecclesiasticorum
1325 1475 1368 1523 ac
1392 1466 1600 1525 sauctomm
1619 1451 1813 1524 doctorum
1829 1452 2006 1526 nonnulla
2022 1468 2096 1526 tam

496 1560 645 1638 abusive
670 1568 917 1666 proferantur,
943 1569 990 1643 ad
1007 1572 1277 1667 generationem
1305 1570 1411 1643 Verbi
1428 1570 1766 1658 demonstrandam,
1794 1586 1835 1643 ut
1868 1573 1966 1644 Deus
1993 1575 2098 1645 Pater

497 1698 626 1757 auctor
642 1711 727 1760 esse.
738 1689 815 1760 Filii
831 1690 903 1784 sui,
920 1705 1057 1763 etcum
1074 1715 1304 1790 procreasse,
1318 1690 1376 1764 vel
1390 1690 1556 1765 Piliusah
1572 1717 1617 1765 eo
1635 1704 1858 1791 procreatus,
1876 1689 1933 1764 vel
1948 1692 2027 1789 ejus
2041 1691 2096 1765 di·

496 1818 598 1876 catur
617 1804 765 1880 effectus
784 1833 881 1901 esse,
900 1811 1101 1885 secuudum
1122 1810 1161 1883 id
1181 1810 1347 1883 videlicet
1370 1809 1471 1909 quod
1492 1811 1538 1885 ab
1561 1836 1606 1885 eo
1623 1825 1677 1885 est
1692 1811 1833 1907 genitus
1848 1811 1971 1909 potius
1986 1834 2095 1908 quam

496 1938 636 1997 creatus
648 1926 705 1999 vel
720 1926 852 2021 lactus,
874 1943 910 2002 et
926 1929 985 2003 ille
1003 1944 1145 2003 tantum
1161 1930 1302 2026 genitor
1318 1930 1440 2028 potius
1456 1955 1567 2028 quam
1584 1944 1726 2003 creator
1740 1930 1797 2002 vel
1820 1943 1968 2019 auctor3
1985 1930 2092 2027 quid,

497 2042 662 2140 inquam,
686 2047 820 2120 mirum
835 2049 865 2120 si
879 2049 1068 2149 pradictus
1079 2048 1320 2148 philosophus
1335 2053 1503 2142 Hermes,
1517 2049 1683 2123 uidelicet
1699 2050 1736 2121 iu
1754 2047 1839 2120 illis¹
1849 2048 2096 2122 ecclesiasticis

498 2158 656 2236 imbutus
671 2164 883 2266 disciplinis,
897 2168 1111 2242 abusionem
1123 2168 1319 2242 verborum
1331 2195 1409 2242 uon
1425 2171 1632 2259 curaverit¹,
1643 2167 1800 2241 dicendo
1811 2166 1946 2239 scilicet
1956 2166 2091 2255 secisse,

496 2285 762 2379 progenuisse?
779 2286 875 2375 Quid
889 2289 998 2362 etiam
1014 2314 1098 2361 cum
1116 2289 1316 2362 secuudum
1333 2314 1354 2362 a
1373 2294 1476 2364 Patre
1485 2289 1612 2362 Filium
1624 2287 1770 2377 dixerit,
1784 2286 1936 2359 averbis
1948 2312 2095 2386 quoque

494 2415 702 2476 tunctorum
719 2406 856 2479 alienus
872 2431 946 2480 non
963 2408 1101 2481 existit?
1119 2407 1223 2480 Unde
1245 2409 1401 2481 Hilarius
1415 2407 1460 2481 de
1476 2410 1669 2501 Trinitatis,
1688 2409 1725 2478 iu
1739 2431 1789 2478 111
1804 2432 1814 2477 z
1836 2433 1855 2474 u
1869 2406 1976 2479 Filius
1996 2431 2040 2479 es
2059 2423 2094 2479 te

493 2521 570 2595 neo
599 2537 700 2622 patre
730 2531 827 2600 Deus
843 2551 949 2601 verus
970 2543 1007 2602 et
1032 2553 1053 2602 a
1078 2542 1115 2601 te
1135 2530 1295 2627 genitus,
1316 2543 1398 2629 post
1418 2543 1454 2600 te
1471 2531 1521 2602 ita
1540 2525 1770 2601 confitendus
1790 2540 1830 2599 ut
1848 2540 1989 2615 tecum3
2008 2529 2093 2625 quia

493 2653 632 2714 eternae
648 2644 816 2741 originis,
834 2646 909 2721 sive
928 2661 1082 2721 aeternus
1099 2662 1225 2720 auctor
1241 2673 1294 2721 es.
1315 2653 1405 2721 Nam
1417 2647 1509 2721 dum
1527 2672 1570 2721 ex
1590 2662 1626 2719 te
1642 2660 1716 2738 est,
1737 2644 1952 2719 secundusa
1969 2660 2005 2717 te
2023 2662 2090 2719 est.

492 2760 698 2853 Secundus,
719 2765 888 2863 inquam,
902 2791 944 2839 ex
962 2766 1076 2839 modo
1092 2766 1286 2860 existendi,
1305 2791 1379 2838 nou
1394 2792 1437 2840 er
1454 2766 1655 2840 differentia
1669 2765 1863 2864 diguitatis.
1880 2766 1946 2837 Hie
1958 2765 2094 2865 quippe

493 2883 615 2953 eDeo
634 2885 738 2956 Patre
755 2885 859 2982 quasi
884 2887 1003 2984 primo
1024 2885 1106 2958 loco
1129 2885 1304 2979 subsistit,
1322 2910 1409 2958 cum
1435 2887 1588 2986 Spiritus
1613 2900 1786 2983 tanquam
1808 2885 1913 2957 tertio
1936 2884 2019 2956 loco
2046 2885 2093 2957 ab

494 2998 654 3098 utrisque
667 3003 725 3075 sit.
744 3020 769 3071 »¹
781 3004 884 3078 Unde
900 3019 936 3078 et
950 3011 1089 3079 Patrem
1107 3006 1351 3103 Hieronymus
1366 3003 1603 3105 principalem
1621 3004 1787 3104 spiritum
1810 3002 1858 3076 ad
1878 3001 2006 3075 Filium
2022 3028 2092 3077 no·

493 3119 622 3213 minat,
646 3146 757 3222 opere
778 3124 942 3198 videlicet
971 3124 1033 3198 illo
1059 3150 1126 3197 suo
1148 3124 1192 3197 de
1216 3123 1329 3197 tribrn
1349 3123 1563 3214 uirtutibus',
1592 3124 1643 3195 ita
1665 3124 1847 3221 loquens:
1874 3153 1893 3191 u
1912 3123 2029 3198 David
2053 3125 2092 3196 iu

493 3239 634 3313 Psalmo
651 3256 722 3316 tres
737 3246 881 3343 spiritus
896 3245 1054 3346 postulat
1064 3245 1229 3319 dicens⁸z
1254 3274 1274 3314 e«
1292 3246 1426 3346 Spiritu
1437 3243 1628 3343 principali
1640 3242 1817 3316 confirma
1829 3267 1905 3332 me,
1917 3243 2092 3342 Spiritum

494 3390 511 3424 a
522 3374 660 3433 rectum
672 3364 807 3437 innova
820 3366 857 3437 iu
868 3365 1064 3438 visceribus
1073 3365 1175 3461 meis,
1189 3365 1360 3464 Spiritum
1370 3379 1534 3437 sanctum
1544 3378 1647 3436 tuum
1659 3387 1705 3434 ue
1719 3359 1858 3437 auferas
1872 3384 2005 3434 ame.»
2018 3365 2091 3451 Qui

491 3494 575 3553 sunt
592 3482 647 3555 isti
665 3497 736 3556 tres
752 3484 920 3582 spiritus?
940 3486 1092 3584 Spiritus
1107 3484 1315 3584 principalis
1331 3487 1435 3557 Pater
1455 3499 1522 3576 est,
1544 3496 1662 3556 rectus
1676 3483 1822 3580 spiritus
1837 3481 2000 3555 Christus
2011 3496 2088 3574 est,

490 3602 635 3699 spiritus
647 3619 803 3694 sanctus,
819 3605 972 3703 Spiritus
983 3619 1126 3676 sauctus
1133 3618 1198 3676 est.
1212 3632 1230 3674 u
1241 3606 1473 3704 Augustinus,
1485 3606 1624 3676 Veteris
1630 3617 1666 3674 et
1673 3627 1770 3673 πονε]
1778 3600 1865 3700 legis
1874 3623 1954 3697 cap.
1963 3606 2087 3673 nvm':

494 3750 511 3786 ι
534 3721 707 3819 Spiritum
723 3736 887 3794 sanetum
903 3722 965 3818 qui
982 3724 1107 3794 tertius
1122 3725 1168 3794 sit
1183 3746 1205 3794 a
1223 3726 1341 3812 Patre,
1360 3723 1540 3795 secundus
1557 3737 1679 3795 autem
1694 3744 1717 3794 a
1731 3719 1871 3792 Christo
1887 3719 2090 3791 secundum

491 3840 632 3911 numeri
647 3840 834 3933 ordinem,
857 3869 876 3909 u
901 3866 944 3915 ac
965 3842 995 3913 si
1016 3842 1152 3914 diceret
1170 3841 1372 3915 secundum
1397 3842 1603 3916 ordinatam
1622 3866 1665 3914 ae
1680 3862 1879 3937 congruam
1896 3854 2088 3938 computa·

490 3958 598 4030 tionis
615 3958 898 4055 ordinationem,
917 3961 1021 4059 juxta
1040 3961 1206 4034 videlicet
1230 3962 1345 4061 ipsam
1367 3962 1562 4036 existentia
1589 3963 1736 4051 seriem,
1758 3984 1838 4058 quae
1864 3960 1902 4031 in
1933 3958 2020 4058 ipsis
2035 3975 2091 4032 est

489 4079 672 4176 personis,
693 4103 767 4153 uon
784 4079 984 4154 secundum
1004 4080 1145 4180 aliquos
1160 4104 1284 4155 earum
1302 4082 1484 4180 diguitatis
1500 4080 1645 4178 gradus.
1663 4083 1768 4153 Pater
1785 4079 1919 4177 quippe
1942 4101 1965 4149 a
1986 4076 2088 4149 nullo

489 4213 555 4289 est,
571 4199 677 4273 Pilius
694 4225 715 4273 a
731 4205 835 4274 Patre
850 4200 931 4275 solo
947 4215 1017 4292 est,
1031 4202 1185 4300 Spiritus
1200 4217 1345 4275 sanctus
1356 4200 1404 4274 ah
1418 4203 1580 4300 utrisque
1595 4199 1703 4273 simul
1716 4223 1793 4272 esse
1805 4196 1999 4271 contrahit.

538 4320 753 4393 Revolvatur
777 4335 814 4395 et
841 4321 900 4395 ille
935 4322 1111 4394 maximus
1139 4321 1446 4421 Philosophorum
1462 4324 1599 4414 Plato,
1629 4319 1777 4417 ejusque
1804 4340 1994 4416 sequaces,
2023 4317 2088 4413 qui

487 4440 695 4513 testimonio
711 4456 918 4515 sanctorum
938 4444 1097 4535 Petrum,
1117 4467 1190 4541 prae
1211 4444 1339 4515 ceteris
1354 4442 1515 4540 gentium
1534 4437 1760 4539 philosophis
1779 4435 1863 4509 fidei
1879 4436 2087 4509 Christiane

487 4557 717 4647 accedentes,
745 4561 854 4633 totius
873 4561 1053 4634 Trinitatis
1076 4585 1256 4633 summam
1280 4575 1364 4660 post
1384 4563 1581 4660 Prophetas
1597 4571 1759 4660 patenter
1776 4555 2004 4646 ediderunt,
2023 4553 2088 4627 ubi

487 4676 648 4752 videlicet
661 4692 817 4752 mentem
832 4703 941 4778 quarn
958 4693 1022 4753 νοῦν
1037 4696 1184 4774 vocant,
1209 4706 1251 4753 ex
1277 4685 1355 4754 Deo
1379 4695 1518 4772 natam,
1539 4694 1649 4777 atque
1676 4677 1743 4775 ipsi
1768 4689 1984 4747 coaeternam
2010 4695 2088 4745 esse

486 4797 697 4896 perhibent,
714 4798 750 4871 id
767 4814 820 4873 est
835 4798 976 4892 Filium,
992 4824 1101 4898 quem
1118 4801 1330 4901 sapientiam
1345 4802 1411 4874 Dei
1425 4801 1592 4893 dicimus,
1609 4783 1652 4872 ex
1666 4800 1744 4870 Deo
1759 4797 1862 4866 Patre
1874 4790 2090 4865 aeternaliter

516 5024 644 5079 *suecos
658 5025 722 5078 Vlct.
732 5027 828 5080 etEdlt.
837 5026 909 5078 luth.
922 5027 1039 5078 llelluttu
1052 5027 1135 5079 ἵλαοι.
1149 5027 1256 5091 Christ,
1310 5029 1389 5078 tribus
1407 5029 1545 5079 slrtntlhus.
1567 5053 1596 5065 -
1614 5027 1622 5058 ⁴
1635 5025 1721 5074 Palm.
1739 5033 1765 5081 t,
1780 5033 1803 5068 ν’.
1827 5021 1865 5072 14.
1877 5043 1907 5056 -
1919 5020 1929 5050 ⁸
1939 5018 2029 5079 Quat.
2046 5018 2087 5073 ⁸8.

482 5107 621 5173 uullirpro
636 5106 999 5173 inillt'rleglturoe'ssellus
1011 5106 1095 5157 Theoi.
1110 5106 1258 5158 emirum
1311 5109 1391 5174 opp..
1412 5117 1429 5158 t
1450 5107 1497 5171 nt,
1514 5110 1561 5161 col.
1583 5112 1621 5161 80.
1642 5131 1670 5144 ·-
1684 5101 1820 5153 ‘SlcCod
1838 5099 1899 5150 Vlct.
1925 5096 2088 5149 Addiderunt

484 5187 760 5252 suu-¹1nuropua
773 5186 799 5240 S.
811 5186 950 5252 lltuournl
957 5189 1051 5240 nullum
1060 5195 1140 5239 exstet
1151 5200 1215 5250 opus
1227 5189 1258 5238 de
1312 5188 1375 5239 Edit
1388 5189 1459 5240 tub.
