4559 6100
889 515 1122 591 DlALOGUS.
1729 514 1794 592 67⁴

253 665 394 736 Prinos.
413 669 485 737 Nec
502 688 631 736 eorum
648 666 850 737 auctoritati
867 666 917 738 ita
935 667 1190 761 concedimus,
1210 681 1251 738 ut
1274 667 1370 739 dicta
1385 668 1548 765 ipsorum
1568 668 1707 739 ratione
1726 691 1803 740 non

206 782 456 876 discutiamus,
474 798 668 880 antequam
684 784 941 883 approbemus.
968 786 1133 883 Alioquin
1151 784 1402 885 philosophari
1418 784 1682 875 desisteremus,
1702 786 1731 857 si
1748 786 1804 857 vi·

206 899 335 974 delicet
370 898 551 974 rationum
579 903 810 998 inquisitione
843 906 1064 1004 postposita,
1101 905 1191 977 locis
1216 905 1438 978 auctoritatis
1471 905 1534 1001 qui
1566 903 1805 977 inartificiales

207 1019 424 1109 indicantur,
456 1035 492 1092 et
515 1044 537 1094 a
561 1046 599 1093 re
624 1023 702 1121 ipsa
726 1024 878 1096 omnino
901 1024 1070 1120 disjuncti
1095 1038 1196 1117 suut,
1224 1026 1262 1095 in
1286 1025 1458 1123 opinione
1483 1024 1738 1122 potiusquam
1766 1025 1803 1095 in

207 1140 353 1212 veritate
374 1141 621 1234 consistentes,
652 1141 848 1240 plurimum
872 1157 1072 1232 uteremur3
1097 1168 1166 1215 nec
1186 1145 1284 1242 ipsos
1305 1144 1458 1240 majores
1483 1157 1626 1215 nostros
1647 1143 1694 1215 ad
1719 1140 1803 1215 fidei

207 1271 330 1329 vestrae
355 1260 618 1333 confessionem
641 1275 716 1334 tarn
742 1263 882 1336 ratione
906 1261 1035 1335 ductos
1059 1286 1168 1359 quarn
1189 1263 1226 1333 vi
1249 1263 1362 1335 victos
1386 1261 1626 1355 crederemus,
1654 1262 1745 1334 sicut
1770 1276 1807 1333 et

206 1391 331 1449 vestrae
353 1382 585 1452 consentiunt
608 1380 775 1455 historie.
798 1388 887 1457 Ante
904 1383 1165 1480 imperatorum
1183 1383 1319 1480 quippe
1337 1379 1393 1453 vel
1411 1381 1615 1480 principum
1631 1381 1678 1453 ad
1695 1380 1805 1453 fidem

208 1512 363 1569 vestram
388 1523 454 1596 per
480 1500 670 1592 miracula,
693 1516 732 1574 ut
756 1501 890 1591 dicitis,
917 1501 1205 1594 conversionem,
1233 1524 1368 1599 paucos
1389 1501 1592 1598 sapientum
1608 1498 1664 1572 vel
1687 1500 1809 1574 nullos,

209 1733 308 1807 ribus
324 1751 446 1832 gentes
463 1753 610 1836 possent
625 1740 728 1812 evelli
745 1755 780 1814 et
797 1741 834 1812 in
856 1763 1109 1837 quemcunque
1126 1740 1232 1812 unius
1247 1741 1314 1812 Dei
1330 1741 1467 1811 cultum
1484 1739 1679 1813 transferri.
1703 1739 1807 1812 Unde

209 1870 245 1927 et
269 1856 418 1953 provide
442 1857 574 1930 Paulus
597 1873 712 1931 vester
738 1860 951 1932 invectionis
975 1883 1047 1931 suae
1069 1860 1107 1931 in
1134 1859 1365 1932 Athenienses
1385 1860 1613 1932 occasionem
1638 1882 1803 1947 sumens,

210 1975 260 2047 sic
275 2000 423 2048 exorsus
436 1977 520 2049 ait¹:
537 2008 554 2045 a
570 1979 645 2049 Viri
657 1978 897 2071 athenienses,
909 2001 974 2076 per
983 1978 1107 2051 omnia
1122 2002 1188 2050 vos
1204 1979 1467 2078 superstitiosos
1481 2002 1557 2050 esse
1571 1978 1691 2067 video,
1703 1993 1772 2050 etc.
1786 2007 1805 2046 »

210 2099 289 2168 lam
313 2109 401 2166 tunc
417 2096 513 2167 enim
537 2097 624 2193 legis
644 2096 814 2169 naturalis
839 2110 874 2169 et
898 2095 1010 2168 divini
1029 2099 1147 2170 cultus
1164 2098 1311 2170 scientia
1327 2110 1540 2189 evanuerat,
1559 2111 1595 2169 et
1612 2099 1809 2170 errantium

211 2214 405 2286 multitudo
432 2217 648 2313 paucitatem
672 2218 874 2316 sapientum
899 2218 1051 2288 omnino
1074 2215 1256 2290 deleverat
1286 2216 1343 2289 vel
1372 2229 1614 2315 oppresserat,
1637 2231 1746 2314 atque
1767 2231 1811 2289 ut
1888 2200 1892 2203 ⁵

211 2359 255 2406 ex
276 2347 397 2407 nostra
418 2334 610 2431 loquamur
623 2336 854 2430 conscientia,
874 2349 910 2408 et
925 2335 1188 2434 praedicationis
1213 2336 1412 2408 christianae
1438 2360 1511 2407 non
1537 2335 1723 2407 modicum
1746 2361 1810 2436 ap-

211 2452 409 2551 probemus
440 2454 611 2546 fructum,
636 2480 702 2554 per
724 2454 818 2529 hanc
840 2456 996 2529 maxime
1024 2455 1227 2528 idolatriam
1250 2457 1287 2527 in
1318 2455 1457 2528 mundo
1490 2479 1565 2527 non
1594 2454 1810 2552 ambigimus

212 2571 367 2646 deletam
385 2589 473 2646 tunc
488 2573 607 2648 fuisse.
645 2627 655 2645 .

262 2697 467 2767 euersum.
484 2694 646 2793 Adjunge
661 2710 696 2769 et
711 2697 812 2796 quod
827 2713 927 2796 patet
943 2712 979 2770 et
994 2699 1109 2796 legem
1126 2697 1329 2771 naturalem
1346 2698 1551 2773 suscitatam
1568 2722 1657 2788 esse,
1677 2713 1713 2770 et
1728 2722 1810 2795 per-

212 2813 342 2887 fectam
360 2839 504 2887 morum
523 2815 767 2915 disciplinam,
787 2842 858 2915 qua
875 2843 957 2909 vos,
983 2833 1023 2891 ut
1044 2817 1179 2911 dicitis,
1202 2818 1280 2889 sola
1297 2818 1465 2906 nitimini,
1484 2818 1583 2890 etad
1599 2817 1812 2890 salvandum

213 2932 376 3006 sufficere
393 2934 548 3027 creditis,
567 2938 712 3028 nonnisi
729 2937 775 3009 ab
793 2940 872 3036 ipso
889 2937 1057 3011 traditam
1073 2939 1200 3028 fuisse,
1220 2961 1240 3010 a
1255 2962 1330 3034 quo
1352 2951 1534 3034 tamquam
1551 2961 1636 3009 vera
1659 2937 1807 3035 sophia,

214 3052 252 3125 id
266 3069 319 3125 est
332 3056 506 3153 sapientia
521 3058 601 3141 Dei,
618 3058 827 3154 quicunque
842 3059 1004 3130 instructi
1019 3059 1094 3130 veri
1109 3072 1195 3129 sunt
1211 3056 1356 3129 dicendi
1373 3056 1596 3155 philosophi.

267 3176 404 3244 Pffltos.
425 3173 481 3246 Ad
496 3199 576 3270 quae
595 3176 744 3264 utinam,
762 3191 802 3247 ut
819 3174 920 3263 dicis,
941 3176 994 3247 sic
1010 3177 1225 3247 convincere
1241 3177 1370 3274 possis,
1389 3189 1429 3245 ut
1445 3175 1603 3273 abipsa,
1624 3192 1663 3248 ut
1679 3176 1810 3268 dicitis,

215 3315 381 3388 suprema
407 3293 599 3390 sapientia,
627 3317 736 3391 quam
762 3297 884 3366 Graece
911 3294 1043 3389 logon,
1070 3296 1181 3366 latine
1207 3293 1358 3365 verbum
1383 3295 1450 3365 Dei
1472 3295 1620 3387 vocatis,
1647 3319 1714 3367 vos
1730 3319 1813 3367 vere

215 3412 351 3507 logicos
378 3425 415 3483 et
439 3411 633 3484 verborum
666 3413 869 3486 rationibus
902 3413 1097 3486 exhibeatis
1127 3438 1205 3485 esse
1229 3427 1398 3485 armatos.
1430 3416 1502 3484 Nec
1534 3412 1623 3486 illud
1651 3414 1814 3510 Gregorii

215 3531 324 3602 vestri
349 3555 407 3603 me
436 3531 606 3603 miserum
635 3533 811 3629 refugium
837 3532 1057 3632 praetendere
1079 3533 1311 3631 praesumatis.
1335 3561 1352 3596 a
1368 3530 1483 3624 Fides,
1499 3559 1517 3599 a
1536 3533 1685 3631 iuquit¹,
1709 3558 1813 3606 anon

215 3648 326 3722 habet
342 3651 530 3743 meritum,
550 3653 610 3723 cui
628 3653 720 3725 ratio
737 3650 896 3724 humana
912 3651 1046 3752 praebet
1070 3653 1377 3750 experimentum,
1401 3676 1434 3723 c.
1454 3676 1485 3722 r.
1505 3676 1543 3750 p.
1564 3651 1603 3722 b.
1629 3676 1663 3725 e.
1681 3684 1699 3721 a
1719 3654 1814 3741 Quia

217 3771 314 3841 enim
335 3769 432 3869 apud
449 3795 514 3843 vos
537 3770 668 3865 fidem,
686 3796 795 3870 quarn
813 3786 998 3861 astruunt,
1016 3771 1190 3844 disserere
1212 3795 1287 3843 non
1314 3769 1511 3861 sufficiunt,
1530 3772 1649 3844 statim
1671 3772 1719 3844 ad
1744 3793 1816 3845 suae

217 3890 404 3987 imperitiae
416 3890 583 3963 solatium
593 3890 664 3963 hoc
673 3892 933 3987 Gregorianum
944 3904 1143 3964 assumunt.
1157 3890 1267 3978 Quod
1277 3889 1423 3988 quidem
1429 3889 1531 3986 juata
1538 3915 1666 3964 eorum
1677 3892 1817 3990 opinio·

218 4033 304 4081 nem
318 4008 406 4106 quid
421 4009 520 4081 aliud
536 4011 621 4107 agit,
638 4011 705 4083 nisi
724 4025 762 4082 ut
778 4010 999 4107 quibuslibet
1011 4011 1094 4084 fidei
1104 4008 1418 4109 praedicationibus
1433 4034 1533 4109 aeque
1548 4010 1664 4083 stultis
1675 4012 1815 4084 sicutet

218 4130 314 4201 sanis
330 4131 623 4227 acquiescamus?
639 4131 675 4202 Si
700 4131 797 4202 enim
818 4129 907 4203 sides
929 4132 1071 4203 ratione
1091 4131 1240 4202 minime
1260 4130 1306 4202 sit
1322 4129 1564 4221 discutienda,
1583 4156 1630 4203 ne
1646 4131 1815 4204 meritum

219 4249 377 4341 amittat,
403 4274 470 4321 nec
486 4250 574 4346 quid
592 4250 690 4323 credi
707 4265 873 4350 oporteat
887 4251 997 4324 animi
1015 4249 1153 4348 judicio
1170 4250 1214 4322 sit
1230 4248 1517 4332 discutiendum,
1539 4251 1602 4324 sed
1623 4252 1742 4324 statim
1760 4251 1817 4322 his

220 4391 298 4462 quae
314 4366 568 4464 praedicantur,
587 4369 867 4463 assentiendum,
887 4393 1121 4468 quoscunque
1140 4393 1280 4441 errores
1304 4367 1509 4466 praedicatio
1525 4370 1694 4456 seminet,
1712 4370 1819 4440 susci·

220 4505 306 4578 pere
327 4481 416 4553 nihil
433 4483 560 4577 refert,
581 4485 665 4580 quia
681 4484 771 4556 nihil
787 4485 873 4557 licet
890 4487 1030 4558 ratione
1046 4484 1226 4573 refellere,
1250 4480 1315 4553 ubi
1332 4483 1507 4555 rationem
1524 4507 1602 4556 non
1618 4484 1701 4557 licet
1717 4483 1820 4557 adbi-

220 4599 320 4672 bere.
334 4601 436 4673 Dicat
451 4600 616 4674 idolatria
631 4601 677 4674 de
694 4599 813 4700 lapide
830 4604 886 4674 vel
903 4601 1003 4700 ligno
1013 4602 1069 4674 vel
1078 4601 1238 4700 qualibet
1252 4615 1435 4674 creatura:
1452 4602 1517 4674 Hic
1533 4617 1588 4675 est
1599 4603 1698 4676 Deus
1711 4627 1818 4676 verus

221 4734 361 4791 creator
383 4721 463 4791 coeli
483 4736 519 4792 et
542 4736 661 4810 terrae3
684 4721 742 4793 vel
767 4720 967 4817 quamlibet
988 4735 1171 4821 patentem
1196 4720 1504 4794 abominationem
1523 4722 1710 4821 praedicet‚
1737 4723 1819 4820 quis

223 4864 306 4911 eum
326 4837 458 4912 valebit
479 4840 659 4930 refellere,
679 4841 708 4912 si
731 4839 778 4912 de
796 4838 869 4912 tide
885 4839 974 4911 nihil
988 4841 1033 4918 sit
1051 4840 1316 4915 discutiendum
1333 4837 1495 4915 ratitum?
1509 4841 1636 4913 Statim
1654 4842 1821 4935 arguenti

219 5087 226 5100 ⁰
249 5115 323 5179 '1¹⁶9-
335 5113 354 5179 ¹,
366 5129 420 5180 ΜΡ·
434 5130 492 5182 1¹¹,
506 5120 561 5169 ’.4.
578 5142 605 5156 -
617 5119 625 5147 ²
635 5121 689 5170 Act.
699 5120 799 5182 apost,
812 5129 866 5179 cap.
882 5129 943 5167 xm.
953 5119 1023 5168 etz
