4559 6100
575 607 867 681 INTRODUCTIO
894 610 954 681 AD
981 608 1285 682 THEOLOGlAM.
1678 616 1724 685 25

134 748 342 821 liaec'etiam
359 753 541 850 sapientiae
560 757 781 829 ooaeternitas
800 781 884 829 cum
900 759 1003 827 Patre
1019 754 1125 853 plane
1148 756 1187 826 in
1212 753 1409 827 Proverbiis
1435 771 1652 833 monstratur
1670 758 1728 833 bis

134 864 269 939 verbis¹
286 893 295 937 ε
317 895 336 936 a
358 872 433 966 Ego
448 872 618 969 sapientia
634 872 759 946 habito
785 875 821 945 in
842 873 1013 965 consilio,
1037 873 1215 944 Dominus
1232 872 1390 970 possedit
1407 897 1466 945 me
1482 874 1520 944 in
1536 875 1640 946 initio
1654 877 1729 948 via·

136 1008 219 1057 rum
233 1008 392 1080 aarum,
408 1003 600 1087 antequam
617 993 815 1090 quidquam
828 993 957 1064 iaceret
970 989 1018 1064 ab
1033 991 1155 1081 initio;
1171 991 1218 1065 ab
1230 1005 1363 1063 aeterno
1379 991 1544 1065 ordinata
1556 1016 1649 1086 sum,
1665 1018 1728 1066 an-

139 1117 282 1201 tequam
297 1120 393 1179 terra
411 1106 523 1182 lieret.
541 1110 702 1183 Necdum
717 1125 818 1185 erant
828 1110 966 1208 abyssi,
992 1125 1029 1183 et
1045 1134 1113 1207 ego
1134 1110 1210 1206 jam
1230 1124 1404 1208 concepta
1427 1134 1543 1200 eram,
1574 1110 1729 1184 necdum

141 1221 254 1295 iontes
263 1280 275 1317 ,
291 1224 449 1299 necdum
466 1242 618 1301 montes.
638 1233 728 1302 Ante
743 1230 852 1304 colles
870 1253 937 1329 ego
952 1228 1187 1328 parturiebar.
1209 1229 1336 1305 Adhuc
1352 1243 1482 1301 terram
1498 1253 1573 1302 non
1585 1230 1728 1319 fecerat,

142 1342 349 1416 etcardines
365 1342 465 1417 orbis
480 1359 593 1419 terrae.
612 1347 766 1436 Quando
778 1347 1002 1449 praeparabat
1015 1348 1138 1441 coelos,
1157 1346 1325 1439 aderam3
1340 1346 1487 1445 quando
1504 1345 1733 1447 appendebat

142 1458 370 1533 laudamento
394 1475 513 1555 terrae,
540 1489 624 1537 cum
640 1490 685 1538 eo
701 1492 799 1540 eram
815 1485 944 1539 cuncta
960 1490 1200 1564 componens,
1224 1481 1260 1538 et
1275 1465 1480 1539 delectabar
1491 1492 1558 1566 per
1573 1466 1732 1562 singrdos

143 1575 214 1650 dios
239 1578 370 1653 ludens
401 1604 525 1655 coram
547 1607 593 1656 eo
614 1586 912 1683 omnitempore.
936 1583 1069 1672 »Quid
1097 1586 1195 1657 enirn
1220 1585 1379 1684 apertius
1405 1585 1451 1657 ad
1475 1599 1642 1656 aeternam
1671 1608 1732 1682 ge·

144 1698 365 1770 santionem
383 1700 507 1790 Verbi,
524 1725 634 1798 quam
650 1702 687 1774 id
700 1703 801 1802 quod
818 1705 894 1802 ipss
910 1703 1089 1802 Sapientia
1104 1702 1271 1802 perbibet
1286 1727 1324 1775 se
1342 1716 1425 1776 ante
1438 1703 1733 1776 constitutionem

144 1814 266 1886 mundi
284 1833 497 1917 conceptam
522 1842 601 1893 esse
625 1835 661 1894 et
677 1822 865 1921 parturiri,
890 1836 925 1895 et
951 1846 989 1894 se
1009 1846 1093 1893 cum
1114 1824 1219 1895 Patre
1234 1820 1447 1895 eternaliter
1460 1835 1733 1921 permanentem

145 1955 281 2032 semper
310 1935 437 2009 ludere
457 1961 579 2011 coram
596 1940 665 2013 eo?
684 1942 829 2040 Quippe
844 1939 945 2039 quod
967 1954 1183 2039 conceptum
1197 1941 1413 2038 parturitur,
1442 1941 1566 2038 utique
1590 1941 1628 2011 in
1655 1941 1733 2038 ipso

146 2065 193 2122 est
207 2076 229 2123 a
242 2077 318 2150 quo
335 2070 536 2150 generatur,
555 2071 591 2130 et
608 2059 780 2157 sapientia
797 2060 834 2130 in
849 2060 927 2158 ipsa
942 2056 1140 2145 substantia
1155 2059 1229 2131 sive
1245 2059 1282 2130 in
1298 2060 1450 2131 essentia
1471 2060 1639 2159 potentiae
1657 2070 1731 2130 est:

146 2192 224 2241 orm
240 2171 318 2270 ipsa
341 2173 474 2246 scilicet
487 2175 652 2272 quedam
669 2179 714 2249 sit
730 2178 907 2277 potentia,
928 2177 1019 2249 sicut
1035 2178 1211 2277 posterius
1223 2177 1467 2250 ostendemus.
1483 2175 1566 2249 Tale
1580 2190 1634 2249 est
1649 2200 1735 2272 ergo

148 2289 355 2384 sapientiam
374 2307 586 2392 conceptam
604 2296 770 2394 parturiri
784 2320 804 2369 a
819 2300 918 2388 Deo,
945 2320 988 2373 ac
1013 2297 1044 2367 si
1068 2295 1206 2368 dictum
1233 2295 1297 2385 sit,
1320 2295 1434 2394 ipsam
1463 2295 1674 2394 sapientiam
1693 2320 1736 2367 ex

147 2406 222 2503 ipsa
231 2409 346 2482 Patris
359 2409 555 2486 substantia
569 2437 613 2485 ex
628 2437 700 2510 qua
721 2428 775 2486 est
798 2414 906 2510 gigni.
931 2413 1014 2486 Tale
1034 2426 1089 2485 est
1108 2414 1318 2511 sapientiam
1336 2412 1460 2485 ludere
1478 2437 1601 2485 coram
1617 2416 1733 2502 Patre,

147 2538 181 2597 et
195 2549 282 2597 cum
295 2528 375 2625 ipso
386 2546 517 2603 cuncta
533 2556 771 2632 componere,
788 2533 873 2604 acsi
888 2530 1017 2604 dixerit
1032 2532 1146 2629 ipsam
1167 2529 1327 2603 divinam
1343 2531 1538 2630 potentiam
1560 2532 1683 2603 omnia
1699 2533 1736 2603 in

149 2644 318 2742 sapientia
333 2672 401 2745 pro
418 2648 589 2722 bonitatis
604 2675 680 2723 suae
695 2649 844 2723 arbitrio
871 2649 1083 2748 disponere,
1101 2664 1141 2721 ut
1158 2649 1194 2721 in
1211 2649 1292 2747 ipso
1313 2649 1403 2722 ludo
1427 2650 1545 2748 ipsum
1565 2649 1738 2721 bonitatis

150 2761 310 2836 ellectum
325 2764 578 2864 intelligamus,
600 2769 647 2842 de
665 2793 740 2866 quo
756 2771 926 2867 scriptum
944 2771 1035 2841 est':
1057 2798 1075 2835 α
1099 2768 1233 2867 Spiritu
1259 2768 1333 2840 oris
1356 2768 1453 2865 ejus,
1480 2767 1600 2840 omnis
1628 2767 1739 2838 virtus

151 2903 285 2956 eomm-
306 2912 326 2950 s
345 2886 453 2972 Quod
470 2902 591 2961 autem
607 2890 680 2961 ait:
704 2918 722 2958 a
742 2889 960 2987 Sapientiam
982 2911 1106 2959 coram
1123 2890 1201 2960 Deo
1221 2890 1325 2960 Patre
1349 2911 1490 2986 semper
1512 2886 1696 2975 assistere,
1719 2916 1736 2952 s

153 2999 216 3072 tale
229 3016 283 3075 est
299 3004 600 3105 omnipotentiam
616 3008 731 3109 ipsam
749 3007 797 3080 nil
814 3005 956 3081 efficere
971 3006 1040 3079 nisi
1058 3021 1239 3106 praeunte
1249 3006 1388 3081 ratione
1405 3019 1441 3078 et
1454 3005 1588 3078 ducatu
1602 3005 1740 3105 sapien·

151 3120 213 3191 t'm.
231 3126 321 3196 item
337 3126 377 3196 in
392 3125 528 3200 eisdem
549 3128 748 3201 Proverbiis
773 3127 819 3200 de
839 3126 928 3199 Filio
945 3127 1012 3199 Dei
1034 3141 1069 3199 et
1090 3126 1264 3200 ineffabili
1288 3127 1436 3199 nomine
1459 3127 1569 3226 ipsius
1593 3149 1741 3224 quoque

152 3238 221 3312 lilii
236 3242 520 3319 manifestissime
536 3249 688 3347 scripsit,
706 3247 807 3347 quasi
823 3246 999 3319 inducens
1007 3270 1200 3345 personam
1215 3244 1434 3318 admirabilis
1450 3244 1639 3343 cujusdam
1655 3269 1741 3343 pro·

152 3356 277 3452 ptrue,
296 3361 393 3436 banc
408 3364 685 3437 inenarrabilem
704 3366 970 3463 generationem
987 3364 1237 3463 prophetantis
1262 3376 1369 3460 atque
1395 3362 1620 3435 admirantis.
1645 3362 1741 3434 Dicit

151 3477 278 3577 quippe
294 3480 389 3552 sic':
409 3482 542 3555 allisio
556 3507 666 3583 quam
682 3484 824 3556 locutos
842 3496 897 3555 est
912 3483 968 3554 vir
983 3505 1068 3552 cum
1084 3503 1159 3576 quo
1180 3493 1233 3551 est
1252 3483 1369 3569 Deus,
1387 3480 1502 3576 etqui
1522 3483 1600 3551 Deo
1619 3502 1741 3549 secum

153 3613 313 3670 menate
336 3599 578 3696 confortatus,
605 3605 682 3676 ait:
704 3632 721 3671 s
741 3601 830 3690 Quis
855 3600 1037 3672 suscitavit
1058 3621 1185 3671 omnes
1210 3597 1386 3670 terminos
1409 3598 1534 3669 terrae?
1555 3595 1655 3694 quod
1672 3621 1743 3669 no·

153 3743 170 3778 s
181 3740 269 3790 men
286 3718 386 3814 ejus,
409 3735 472 3793 aut
483 3721 581 3820 quod
599 3746 733 3795 nomen
750 3717 813 3793 lilii
829 3720 925 3816 ejus?
941 3746 960 3787 >s
981 3722 1100 3806 Quam
1116 3715 1263 3787 firmum
1275 3716 1382 3789 etiam
1395 3731 1432 3788 et
1447 3740 1557 3814 quam
1575 3730 1741 3814 apertum

150 3830 228 3907 lidei
240 3851 374 3909 nosue
386 3841 633 3913 testimonium
647 3842 684 3913 in
701 3839 947 3912 Ecclesiastico
965 3835 1135 3926 occurrit,
1150 3833 1215 3907 ubi
1228 3834 1374 3931 quidem
1387 3834 1560 3933 sapientia
1573 3834 1640 3906 Dei
1652 3847 1687 3905 et
1703 3860 1742 3907 se

151 3953 425 4052 primogenitam
452 3974 537 4032 ante
557 3961 681 4032 omnia
705 3958 791 4031 dicit
814 3954 1016 4030 secundum
1031 3953 1228 4025 divinitatis
1249 3967 1433 4046 naturam,
1453 3966 1488 4024 et
1504 3952 1740 4052 postmodum

148 4088 303 4147 msam
321 4076 520 4150 secundum
533 4092 669 4151 naturae
690 4091 822 4151 nostrae
848 4073 1152 4172 assumptionem,
1171 4096 1254 4143 cum
1277 4071 1354 4170 ipsa
1376 4070 1541 4144 videlicet
1562 4070 1610 4143 ad
1628 4072 1743 4172 impe·

148 4189 235 4264 uum
252 4195 373 4266 Patris
391 4219 462 4294 per
480 4196 736 4270 incarnationis
759 4193 924 4267 habitum
944 4191 1138 4264 visitaverit
1162 4188 1294 4261 lsrael?
1319 4189 1500 4287 Scriptum
1521 4189 1656 4288 quippe
1687 4204 1742 4262 est

148 4306 210 4380 ibi·
229 4339 282 4382 :e
294 4313 482 4410 Sapientia
496 4315 534 4386 in
552 4313 778 4387 multitudine
794 4310 991 4385 electorum
1005 4306 1153 4382 babebit
1169 4306 1333 4399 laudem,
1363 4320 1398 4379 et
1421 4307 1515 4380 inter
1529 4305 1743 4380 benedictos

147 4424 386 4504 benedicetur
402 4431 526 4505 dicens
545 4462 555 4504 τ
575 4462 594 4503 r
610 4438 662 4504 Ex
680 4456 742 4504 ore
757 4430 920 4503 ditissimi
936 4428 1056 4527 prodii
1071 4427 1310 4526 primogenita
1330 4440 1415 4499 ante
1433 4450 1580 4497 omnem
1602 4442 1743 4500 creatu·

55 4617 57 4638 ‚
151 4571 275 4643 «ηω,
293 4574 367 4646 ego
383 4551 421 4623 in
434 4551 532 4624 coelis
549 4551 616 4623 ieci
628 4565 667 4623 ut
681 4552 833 4622 oriretur
843 4548 964 4621 lumen
977 4544 1200 4639 indeficiens,
1214 4559 1250 4617 et
1259 4543 1491 4617 sicutnebula
1509 4544 1579 4616 texi
1595 4568 1742 4619 omnem

149 4680 334 4743 «taram
365 4673 440 4766 Ego
461 4671 499 4742 in
525 4670 702 4743 altissimis
725 4667 869 4759 habito,
895 4683 932 4740 et
955 4665 1109 4739 thronus
1123 4665 1161 4736 in
1184 4663 1353 4736 columna
1370 4661 1492 4734 nubis.
1511 4662 1641 4735 Girum
1662 4664 1743 4737 coeli

148 4787 343 4860 «circuivi
359 4787 457 4881 sola,
483 4802 551 4863 etc.
579 4818 597 4858 >s
621 4794 665 4860 Et
680 4802 763 4887 post
778 4789 934 4886 pauca⁸t
965 4814 983 4854 a
1001 4787 1101 4855 Tunc
1125 4783 1293 4883 praecepit
1318 4796 1354 4854 et
1379 4780 1467 4852 dixit
1491 4780 1580 4852 mibi
1604 4795 1743 4855 creator

146 4907 338 4997 omnium,
357 4922 393 4979 et
407 4908 470 5005 qui
484 4908 617 4981 creavit
630 4931 701 4999 me,
719 4906 892 5005 requievit
907 4906 946 4977 in
962 4900 1196 4977 tabernaculo
1214 4924 1317 4989 meo,
1340 4914 1377 4972 et
1396 4898 1486 4972 dixit
1505 4899 1594 4971 mihi
1618 4927 1627 4971 z
1657 4930 1675 4967 s
1702 4901 1742 4972 ln

172 5162 288 5226 Ἧι,
303 5177 362 5227 esp.
375 5178 428 5228 vrrs,
440 5179 462 5215 v,
477 5169 547 5218 12.-
560 5165 665 5218 ’Parim
677 5178 757 5226 aurs,
767 5177 790 5214 r.
799 5167 822 5215 (t.
834 5165 876 5201 -³
885 5164 1034 5223 Promo.
1047 5156 1439 5224 xxx,v.1.-·sects·.,nrr,a
1454 5182 1481 5193 -
1493 5154 1590 5217 trud,
1602 5167 1626 5205 v.
1643 5159 1680 5207 12.

265 5272 294 5310 ιι
1604 5247 1622 5304 ir
