4559 6100
494 544 567 613 ttt
1089 531 1217 606 t’E‘tttt
1243 535 1477 610 temnunt

542 684 652 775 Quod
678 685 709 757 si
737 698 818 784 post
843 683 952 757 iidem
977 705 1022 756 ae
1046 682 1222 755 muralem
1249 684 1449 757 domanam
1480 681 1777 784 phdoscphorum
1805 685 1987 786 finemque
2010 715 2072 763 eeu

494 805 730 879 intentionem
757 817 853 875 recte
878 800 1023 872 vivendi
1051 800 1097 873 ah
1127 802 1180 872 eis
1204 803 1435 897 assignatum,
1466 803 1574 874 ritum
1600 827 1746 903 quoque
1775 808 1933 905 ipsorum
1961 808 2073 905 inspi-

495 928 642 1017 ciamus,
659 937 695 995 et
711 946 820 1019 quarn
834 918 1020 1017 diligenter
1034 915 1237 1017 reipublicae
1252 935 1382 993 statum
1398 922 1626 1013 instituerint,
1643 938 1753 1020 atque
1766 926 1926 1021 ipsormn
1942 926 2073 996 civium

496 1044 673 1142 simulque
697 1040 966 1114 conviventium
992 1040 1102 1110 vitum
1125 1038 1389 1125 ordinaverint,
1417 1041 1632 1137 reperiemus
1656 1043 1816 1139 ipsorum
1842 1058 1916 1114 tam
1942 1045 2074 1134 vitam,

497 1186 605 1260 qrram
622 1161 824 1232 doctrinam
839 1159 994 1230 maxime
1009 1158 1248 1254 evangelicam
1266 1183 1328 1231 seu
1344 1157 1577 1257 apostolicam
1592 1159 1847 1257 perfectionem
1865 1163 2073 1259 exprimere,

498 1297 533 1354 et
557 1305 577 1352 a
602 1278 777 1374 religione
795 1278 989 1350 christiana
1007 1300 1070 1348 eos
1094 1276 1183 1347 nihil
1206 1291 1267 1348 aut
1283 1302 1409 1375 parurn
1432 1275 1611 1365 recedere,
1637 1279 1735 1375 quod
1756 1280 1862 1352 uobis
1878 1293 1950 1352 tam
1967 1284 2076 1352 ratio·

498 1397 604 1471 nibus
631 1422 790 1488 morum,
827 1419 936 1492 quam
978 1395 1126 1466 nomine
1164 1391 1243 1492 ipso
1279 1395 1683 1493 juncti¹reperiuutur3
1717 1399 1864 1468 nomine
1902 1397 2073 1495 quidem,

498 1542 580 1590 euru
596 1540 663 1587 nos
679 1539 793 1587 avera
816 1513 955 1612 sophia,
979 1511 1049 1583 hoc
1064 1526 1118 1583 est
1133 1514 1306 1610 sapientia
1321 1515 1385 1585 Dei
1406 1516 1528 1606 Patris,
1544 1538 1623 1611 quae
1638 1514 1798 1586 Christus
1813 1528 1877 1602 est,
1896 1517 2075 1588 christiani

499 1634 672 1723 dicamur,
702 1655 784 1704 vere
809 1633 846 1704 in
874 1631 944 1702 hoc
970 1629 1112 1701 dicendi
1138 1631 1364 1730 philosophi,
1396 1634 1426 1703 si
1453 1657 1534 1703 vere
1561 1632 1740 1703 Christum
1770 1629 1961 1728 diligimus.
1992 1636 2076 1706 Fide

499 1778 642 1852 quoque
666 1767 701 1824 et
724 1776 800 1849 spe,
829 1773 1041 1845 morumque
1057 1748 1304 1821 ethonestatis
1326 1750 1536 1842 rationibus,
1563 1752 1760 1822 seerrndum
1789 1753 1944 1823 caritatis
1970 1753 2077 1824 liher-

394 1879 399 1888 '
501 1886 621 1961 tatem,
648 1871 746 1969 qnod
773 1870 810 1939 iu
837 1869 946 1965 gratia
969 1870 1085 1939 vocati
1110 1892 1248 1959 sumus,
1278 1891 1353 1939 nou
1378 1870 1575 1941 seeundum
1593 1872 1797 1943 servitutem
1815 1870 2012 1962 iudaicam,
2035 1897 2075 1943 ex

500 1993 627 2063 timore
649 2011 836 2088 poenarum
857 2002 891 2058 et
910 1987 1105 2058 ambitione
1127 2002 1363 2078 terrenorum,
1382 2013 1455 2059 nou
1474 2013 1516 2060 ex
1533 1988 1710 2060 desiderio
1728 2003 1954 2081 eremorum,
1973 1991 2077 2062 nohis

500 2110 692 2206 plurimum
718 2104 954 2206 philosophos
977 2119 1114 2177 certum
1135 2120 1188 2176 est
1208 2106 1377 2177 ementire
1396 2133 1404 2175 :
1425 2106 1567 2202 quibus,
1595 2121 1632 2178 ut
1648 2107 1815 2199 diximus,
1842 2122 1877 2179 et
1897 2107 1985 2178 tides
2003 2110 2077 2178 Tri·

500 2227 618 2298 nitatis
642 2226 793 2299 revelata
815 2237 880 2316 est,
906 2237 942 2295 et
963 2222 1009 2295 ab
1028 2224 1113 2320 ipsis
1134 2223 1335 2320 predicata,
1357 2239 1392 2295 et
1417 2243 1498 2323 spes
1519 2225 1728 2296 immortalis
1748 2227 1873 2296 animae
1889 2241 1924 2296 et
1940 2241 2077 2298 aeternae

408 2371 412 2378 ’
500 2344 743 2418 retributionis
771 2358 973 2441 expectata,
991 2367 1071 2440 pro
1101 2367 1177 2440 qua
1212 2343 1388 2413 mundum
1415 2346 1556 2440 penitus
1589 2359 1836 2436 contemnere,
1867 2362 1904 2416 et
1929 2347 2077 2416 terrenis

500 2464 668 2536 omnibns
697 2463 946 2535 abrenuntiare
954 2440 1030 2549 ,⁰et
1059 2462 1193 2558 seipsos
1226 2460 1316 2540 dura
1346 2485 1523 2533 macerare
1552 2461 1670 2533 inedia
1699 2486 1773 2533 non
1803 2461 2075 2552 dubitaverunt,

501 2597 676 2679 ponentes
694 2580 883 2652 nobiscum
905 2595 1065 2649 autorem
1089 2580 1153 2650 Dei
1177 2578 1285 2651 linem
1299 2595 1339 2654 ‘et
1358 2604 1503 2651 causam
1525 2582 1702 2671 orrmium,
1725 2593 1765 2651 ut
1786 2605 1890 2677 supra
1907 2582 1989 2651 satis
2005 2605 2077 2651 me·

503 2702 682 2770 minimus.
710 2699 802 2768 Hine
827 2696 973 2793 quidem
998 2696 1135 2767 facilins
1161 2697 1363 2793 evangelica
1388 2698 1592 2795 praedicatio
1617 2722 1639 2770 a
1664 2697 1897 2796 philosophis,
1922 2722 2078 2794 qnama

501 2802 630 2885 ludaeis
655 2828 816 2911 suscepta
844 2826 908 2899 est,
938 2838 1021 2884 cum
1038 2813 1104 2884 sibi
1129 2838 1209 2884 eam
1236 2815 1387 2885 maxime
1413 2817 1615 2888 invenirent
1638 2816 1815 2906 adfinem,
1844 2841 1909 2888 nec
1934 2816 2079 2889 tortasse

502 2933 538 3001 in
560 2931 679 3027 aliquo
702 2930 897 3020 desonam,
922 2931 988 3001 nisi
1012 2930 1103 3002 sorte
1121 2932 1158 3002 in
1183 2931 1239 3002 his
1262 2957 1341 3027 quae
1363 2932 1409 3004 ad
1425 2934 1683 3006 incarnationis
1697 2935 1753 3006 vel
1775 2950 2078 3007 sacramentorum

501 3050 555 3121 vel
591 3051 857 3121 resurrectionis
893 3050 1058 3147 mysteria
1091 3051 1282 3148 pertinent.
1312 3053 1349 3122 Si
1377 3053 1474 3124 enim
1503 3053 1691 3149 diligenter
1724 3053 1873 3125 muralia
1907 3055 2077 3149 evangelii

502 3184 676 3266 precepta
711 3168 993 3261 consideremus,
1022 3167 1111 3239 uihil
1137 3193 1181 3240 ea
1206 3169 1303 3241 alind
1332 3194 1440 3266 quam
1466 3170 1757 3244 reformationem
1790 3169 1876 3267 legis
1911 3172 2079 3244 naturalis

502 3287 735 3375 inveniemus,
755 3312 863 3384 quarn
880 3301 1020 3359 secutos
1035 3311 1112 3358 esse
1129 3286 1363 3385 philosophos
1380 3302 1534 3380 constat3
1555 3314 1637 3361 curn
1655 3293 1708 3362 lex
1726 3291 1838 3386 magis
1854 3289 2075 3384 figuralibus,

502 3431 610 3503 qnam
640 3405 836 3477 moralibus
861 3407 993 3476 nitatur
1015 3404 1205 3494 mandatis,
1231 3420 1266 3477 ct
1289 3408 1454 3479 exteriori
1478 3408 1596 3504 potius
1615 3407 1762 3504 justitia,
1790 3432 1899 3504 quam
1920 3409 2078 3479 interiori

502 3525 672 3601 abundet.
702 3526 932 3621 Evangelium
959 3549 1043 3596 vero
1064 3525 1210 3596 virtutes
1235 3549 1276 3595 ac
1297 3526 1380 3597 vitia
1402 3525 1591 3620 diligenter
1610 3528 1799 3615 examinet,
1826 3539 1861 3597 et
1881 3525 2078 3597 secuudum

502 3644 611 3715 animi
641 3644 873 3713 intentionem
905 3644 1044 3733 omnia,
1073 3644 1164 3713 sient
1188 3657 1224 3712 et
1248 3642 1473 3739 philosophi,
1500 3659 1637 3740 pensat.
1665 3645 1767 3717 tinde
1789 3668 1871 3716 eum
1897 3658 2013 3735 muta,
2040 3658 2079 3714 ut

503 3762 635 3832 dictum
661 3775 726 3847 est,
754 3760 961 3855 evangelicae
985 3783 1027 3833 ac
1053 3759 1309 3857 philosophice
1330 3759 1502 3832 doctrinae
1527 3762 1720 3835 concordia
1747 3777 1885 3860 pateat,
1914 3761 2078 3834 nonnulli

463 3957 468 3968 ,
506 3877 786 3963 Platonicorum,
821 3893 860 3948 ut
891 3899 998 3973 supra
1030 3876 1116 3949 olim
1146 3876 1391 3969 meminimus,
1420 3878 1617 3953 intentam
1645 3894 1885 3980 prompernnt
1910 3879 2078 3976 blasphe-

503 3997 623 4086 miam,
646 4011 684 4066 ut
700 3998 894 4067 Dominum
917 4000 1028 4069 leenn
1049 4019 1175 4067 omnes
1195 4017 1276 4066 snas
1298 3999 1488 4069 sententias
1509 4023 1530 4070 a
1551 4000 1697 4073 Platone
1713 4000 1888 4097 accepisse
1903 3999 2075 4087 dicerent,

503 4114 602 4208 quasi
623 4112 855 4211 philosophus
871 4114 985 4211 ipsam
1002 4112 1180 4189 docuisset
1197 4113 1374 4212 sophiam.

551 4236 653 4303 Nunc
669 4246 789 4305 autem
805 4245 931 4328 prater
948 4229 1152 4325 diligentem
1174 4233 1344 4304 virtutum
1361 4234 1638 4333 descriptionem
1658 4259 1678 4306 a
1696 4235 1920 4333 philosophis
1942 4235 2073 4323 datam,

500 4353 598 4445 juvat
612 4366 779 4424 eteorum
793 4350 838 4421 de
847 4349 1271 4424 activaevitaerectitudine
1288 4352 1489 4424 doctrinam
1506 4355 1692 4452 inspicere,
1712 4358 1842 4450 qnam'
1854 4354 1958 4424 rectis
1970 4354 2077 4425 ratio·

496 4468 600 4540 nibus
616 4469 757 4541 vivendi
775 4469 959 4541 civitatum
974 4482 1151 4540 eteorum
1169 4484 1346 4541 rectorum
1363 4472 1597 4543 instituerint⁸
1615 4474 1737 4560 vitam,
1755 4471 1886 4544 deinde
1904 4484 2077 4567 quantum

496 4588 561 4685 ipsi
585 4612 728 4685 quoque
753 4588 825 4659 suis
850 4587 894 4660 de
918 4587 1133 4659 rectitudine
1161 4589 1304 4660 vivendi
1334 4589 1661 4687 obtemperaverint
1689 4589 1811 4681 dictis,
1843 4589 1898 4661 vel
1925 4588 2078 4687 amplius

497 4705 640 4777 iecerint
665 4730 772 4803 quarn
798 4705 874 4778 aliis
900 4707 1142 4803 imponerent,
1166 4706 1266 4801 juxta
1290 4707 1389 4804 quud
1416 4723 1451 4779 et
1474 4707 1520 4780 de
1544 4732 1628 4779 vera
1653 4708 1823 4806 scripturn
1850 4720 1904 4779 est
1926 4706 2074 4805 sophia,

498 4827 609 4921 quam,
632 4854 649 4890 n
663 4825 769 4921 coepit
785 4828 882 4894 lesus
900 4824 1012 4895 lacere
1036 4840 1071 4895 et
1095 4823 1226 4897 docere
1248 4853 1290 4895 :u
1310 4851 1351 4898 ae
1374 4827 1403 4896 si
1428 4825 1573 4915 diceret,
1602 4827 1756 4923 primum
1786 4825 1920 4913 iacere,
1948 4823 2078 4897 deinde

527 5094 569 5146 *ln
582 5095 653 5147 editis
663 5094 749 5145 iuncti
759 5095 997 5160 runtrrperiuntur.
1011 5120 1040 5133 -
1050 5097 1058 5127 ²
1068 5096 1095 5146 ln
1106 5096 1178 5146 edith
1192 5096 1263 5147 Cum.
1273 5096 1317 5133 -³
1326 5094 1351 5142 ln
1363 5076 1616 5144 edttblnrtitnermt.
1629 5118 1656 5131 —
1668 5096 1676 5125 ⁴
1686 5094 1843 5157 Aet..tport.,
1855 5057 1908 5154 cap.
1920 5105 1937 5151 r.
1950 5106 1973 5140 r.
1988 5093 2010 5141 1.
