4559 6100
1085 503 1214 578 PE'l'lll
1238 503 1473 578 ABAELARDl

856 761 1074 861 Differentiae
1091 763 1365 833 existimationis
1379 759 1432 832 ad
1445 759 1676 832 intellectum.

526 968 607 1041 Visa
636 981 757 1041 autem
782 991 881 1041 nnnc
905 967 1106 1041 differentia
1124 967 1369 1040 intellectuum
1391 966 1438 1042 nd
1465 991 1611 1040 sensum
1633 980 1671 1038 et
1687 965 1981 1062 imaginationem
2008 989 2088 1037 seu

475 1090 584 1162 etiam
612 1088 810 1180 rationem,
842 1100 951 1160 restat
976 1112 1057 1161 eam
1090 1086 1136 1160 ad
1162 1088 1458 1161 existimationem
1484 1099 1519 1160 et
1549 1086 1734 1159 scientiam
1761 1086 1952 1182 assignare.
1985 1083 2087 1157 lnde

476 1223 597 1282 autem
620 1207 775 1280 maxime
796 1207 1011 1280 existimatio
1034 1206 1131 1280 idem
1149 1207 1250 1306 quod
1272 1207 1471 1280 intellectus
1488 1205 1740 1297 videturesse,
1759 1204 1858 1303 quod
1875 1228 1951 1276 non
1975 1228 2086 1275 nun·

476 1350 586 1425 quam
609 1324 804 1422 intelligere
826 1349 891 1425 per
915 1326 1117 1400 existimare
1137 1325 1309 1417 dicimus,
1336 1340 1372 1399 et
1389 1325 1571 1425 opinionis
1592 1349 1741 1415 nomeu,
1769 1322 1869 1422 quod
1890 1322 1990 1395 idem
2017 1339 2082 1395 est

476 1444 576 1545 quod
603 1444 835 1538 existimatio,
863 1444 910 1517 ad
940 1445 1161 1519 intellectum
1185 1445 1404 1545 quandoque
1432 1444 1652 1518 transfertur.
1673 1443 1745 1516 Sed
1772 1443 1942 1516 diiierunt
1967 1442 2081 1539 quod

475 1566 675 1642 existimare
690 1563 837 1637 credere
855 1579 922 1656 est,
941 1580 978 1637 et
992 1565 1204 1638 existimatio
1221 1564 1318 1637 idem
1334 1564 1434 1663 qnod
1452 1562 1642 1636 credulitas
1657 1565 1730 1636 sive
1747 1562 1854 1654 fides,
1875 1560 2081 1659 intelligere

474 1701 594 1758 autem
619 1682 795 1783 speculari
818 1699 871 1757 est
892 1709 958 1783 per
981 1685 1180 1776 rationem,
1204 1685 1278 1756 sive
1297 1686 1344 1757 ita
1365 1681 1555 1757 credamus
1580 1708 1656 1755 esse
1681 1684 1755 1756 sive
1782 1684 1945 1755 minime.
1967 1680 2081 1753 Unde

474 1827 557 1875 cum
574 1802 682 1876 audio
698 1802 770 1874 dici
786 1833 804 1869 α
815 1802 929 1877 homo
944 1803 1083 1901 liguum
1100 1819 1165 1894 est,
1183 1833 1201 1870 u
1221 1827 1296 1875 nou
1316 1804 1434 1876 minus
1452 1802 1559 1901 hujus
1574 1803 1832 1903 propositionis
1848 1800 2079 1874 intellectum

475 1922 661 2020 concipio,
679 1922 709 1993 si
726 1936 845 1994 tamen
868 1924 1059 2020 conceptui
1082 1921 1191 1995 fidem
1209 1947 1283 1994 non
1301 1921 1507 2013 adhibeam,
1526 1922 1598 1995 hoc
1615 1936 1668 1994 est
1685 1947 1758 1994 non
1781 1922 1828 1993 ita
1845 1934 1886 1992 ut
1901 1920 2076 2018 concipio

473 2066 551 2113 esse
575 2038 731 2113 credam.
752 2041 881 2113 Omnis
903 2042 1025 2139 itaque
1042 2043 1105 2140 qui
1122 2040 1260 2138 aliquid
1276 2042 1468 2134 existimat,
1491 2042 1528 2113 id
1545 2040 1645 2139 quod
1671 2041 1845 2113 existimat
1870 2040 2075 2111 necessario

473 2158 654 2255 intelligit;
678 2184 753 2232 non
771 2175 891 2233 autem
909 2185 1135 2233 econverso.
1156 2164 1228 2233 Nec
1248 2160 1319 2232 ulla
1336 2176 1389 2233 est
1407 2161 1633 2252 existimatio,
1653 2161 1721 2232 uisi
1742 2160 1788 2233 de
1805 2184 1850 2232 co
1867 2158 1967 2257 quod
1982 2183 2077 2256 pro-

472 2280 603 2377 positio
626 2278 745 2352 dicere
766 2278 898 2371 habet,
922 2279 995 2352 hoc
1020 2294 1073 2352 est
1094 2279 1139 2352 de
1164 2280 1284 2379 aliqua
1309 2304 1430 2352 rerum
1453 2281 1510 2353 vel
1532 2280 1787 2378 conjunctione
1803 2280 1859 2352 vel
1878 2277 2066 2350 divisione.

474 2397 577 2470 Unde
593 2422 781 2495 nunquam
796 2423 877 2473 earn
894 2399 970 2472 sine
986 2400 1245 2498 propositionis
1262 2400 1442 2472 intellectu
1459 2398 1584 2471 haberi
1601 2415 1753 2472 constat.

822 2643 985 2713 Screntioe
999 2638 1051 2711 ud
1063 2642 1364 2712 existimationem
1379 2644 1451 2712 sive
1467 2641 1699 2714 intellectum.

522 2846 675 2918 Scientia
701 2859 822 2919 autern
842 2870 961 2942 neque
986 2844 1189 2918 intellectus
1214 2860 1267 2917 est
1287 2870 1404 2943 neque
1430 2846 1661 2938 existimatio,
1693 2846 1756 2918 sed
1781 2862 1835 2918 est
1858 2847 1929 2946 ipsa
1952 2847 2069 2921 animi

360 3050 364 3057 ,
472 2966 649 3042 certitudo
676 2990 755 3064 quae
781 2989 856 3036 nou
886 2965 1006 3037 minus
1033 2964 1179 3038 absente
1202 2964 1259 3037 vel
1285 2965 1543 3038 existimatione
1570 2965 1624 3037 vel
1655 2965 1836 3038 intellectu
1866 2979 2066 3066 permanet.

472 3086 637 3185 Alioquin
658 3084 879 3158 dormientes
899 3085 1086 3159 scientiam
1108 3086 1333 3173 amitterent,
1357 3111 1440 3157 curn
1456 3085 1659 3158 Aristoteles
1682 3088 1848 3158 scientias
1868 3102 1903 3158 et
1922 3085 2071 3158 virtutes

470 3232 513 3282 ex
527 3205 760 3279 diuturnitate
778 3207 834 3278 sui
854 3206 947 3278 inter
962 3205 1108 3279 habitus
1124 3208 1245 3306 potius
1261 3231 1370 3305 quarn
1387 3208 1480 3279 inter
1496 3205 1749 3304 dispositiones
1768 3205 1967 3279 collocarit.
1988 3211 2067 3278 lloc

470 3328 516 3399 de
533 3326 733 3401 differentia
749 3325 997 3400 intellectuum
1011 3327 1057 3399 ad
1075 3329 1301 3426 supraposita
1318 3326 1564 3398 universaliter
1580 3326 1651 3398 dici
1670 3328 1835 3398 sufficiat.

990 3589 1044 3654 De
1060 3582 1265 3682 differentia
1281 3583 1534 3656 intellectuum.

519 3790 620 3856 Nunc
643 3801 763 3859 autem
787 3787 888 3885 juxta
908 3787 1155 3887 promissionis
1181 3803 1311 3859 uostrae
1332 3788 1579 3886 propositum,
1604 3790 1701 3886 ipsos
1722 3788 1770 3861 ab
1788 3787 1943 3859 invicem
1960 3788 2066 3859 intel-

469 3903 582 3976 lectus
608 3921 767 4004 superest
791 3906 979 4003 diligenter
1003 3906 1242 4005 distinguere,
1271 3922 1312 3980 ut
1338 3907 1535 3980 secundum
1560 3931 1622 3980 eos
1647 3908 1742 3981 clara
1766 3907 1828 3980 fiat
1856 3932 2065 3980 sermonum

469 4023 649 4095 discretio.
668 4025 969 4120 Distinguendum
987 4038 1039 4098 est
1055 4027 1161 4124 igitur
1178 4028 1241 4126 qui
1258 4029 1330 4100 sint
1346 4027 1561 4119 intellectus,
1580 4027 1641 4126 qui
1661 4027 1851 4127 compositi
1868 4028 1980 4125 etqui
2001 4028 2064 4098 uni

470 4142 575 4238 quive
599 4141 829 4242 multiplices,
853 4145 914 4240 qui
934 4146 1041 4218 etiam
1058 4149 1147 4239 sani,
1174 4148 1236 4246 qui
1258 4149 1368 4239 cassi,
1389 4148 1503 4245 etqui
1521 4148 1595 4219 veri
1620 4147 1677 4219 vel
1702 4147 1779 4222 falsi
1803 4144 1947 4219 dicendi
1968 4147 2062 4235 sint,

469 4262 628 4361 quidque
645 4263 740 4335 inter
764 4281 1044 4363 componentem
1061 4283 1097 4338 et
1113 4267 1401 4365 compositorum
1423 4267 1551 4338 referat
1568 4267 1803 4355 intellectum,
1822 4268 1879 4339 vel
1897 4264 2063 4339 dividen-

468 4393 591 4453 temet
608 4381 819 4478 divisorum,
837 4409 901 4458 seu
918 4383 1139 4460 dividentem
1157 4399 1193 4456 et
1211 4384 1492 4458 abstrahentem.

861 4634 936 4723 Qui
946 4629 1145 4702 intellectus
1159 4628 1351 4727 simplices,
1370 4636 1434 4731 qui
1447 4632 1646 4728 compositi.

514 4833 700 4931 Simplices
727 4834 875 4931 quidem
898 4832 1052 4905 dicimus
1077 4829 1298 4926 intellectus,
1326 4834 1417 4905 sicut
1440 4848 1476 4906 et
1499 4833 1676 4932 simplices
1699 4832 1875 4931 quasdam
1902 4834 2061 4905 acdones

466 4967 526 5023 aut
543 4967 707 5052 tempora
722 4977 803 5050 quae
821 4954 953 5025 scilicet
974 4952 1080 5025 nullis
1096 4952 1371 5026 succedentibus
1389 4953 1457 5025 sibi
1475 4952 1636 5052 partibus
1655 4960 1938 5052 conjunguntur,
1957 4976 2061 5023 com·

468 5070 603 5167 positos
625 5094 712 5142 vero
733 5087 871 5145 contra.
897 5073 996 5146 Sicut
1018 5074 1114 5146 enim
1134 5098 1345 5146 sermonum
1367 5075 1429 5169 qui
1455 5072 1655 5146 intellectus
1677 5075 1850 5161 excitant,
1874 5073 1922 5143 ita
1944 5084 1998 5141 est
2023 5084 2060 5140 et
