4559 6100
1318 451 1352 525 V

1001 778 1297 869 EPISTOLA
1341 777 1669 868 ROSCELINI

1182 1094 1226 1149 Ad
1244 1097 1275 1149 P.
1294 1093 1475 1150 Abolardum.

531 1382 637 1437 lectori
654 1393 759 1454 gratum
777 1378 829 1435 erit
843 1398 933 1433 rursus
959 1379 997 1432 ibi
1017 1377 1137 1432 invenire
1158 1377 1290 1450 insignem
1308 1378 1380 1431 illurn
1399 1377 1551 1450 epistolam,
1568 1394 1649 1448 quam
1673 1375 1764 1449 paucis
1784 1374 1883 1429 abhinc
1901 1373 1989 1441 annis,
2011 1376 2057 1429 vir
2076 1377 2143 1433 clar.

567 1470 721 1538 Schmeller,
743 1468 913 1522 bibliotheca
932 1467 1101 1521 Monacensis
1122 1467 1326 1538 subprrefectus,
1347 1465 1376 1518 iu
1400 1483 1484 1537 parvo
1504 1464 1624 1536 quodam
1642 1466 1723 1519 seculi
1745 1465 1815 1517 XIII
1832 1465 1968 1518 volumine
1985 1480 2143 1537 repertam,

566 1557 669 1630 publici
680 1557 748 1630 juris
761 1556 879 1628 primum
893 1555 954 1609 fecit
971 1555 1185 1627 (Abiendlurrges
1200 1554 1245 1606 der
1255 1561 1271 1605 1
1282 1556 1361 1609 Closs.
1374 1553 1401 1609 d.
1416 1552 1440 1609 l.
1453 1553 1504 1610 At.
1519 1553 1564 1606 der
1580 1558 1656 1610 Wiss.
1674 1560 1699 1603 7
1709 1553 1754 1618 θ’,
1767 1559 1811 1604 11!
1819 1552 1928 1625 Abtfr.);
1952 1572 2091 1625 quamque
2110 1554 2143 1610 ad

565 1648 674 1701 Petrum
688 1644 860 1699 Abtelardum
878 1644 1007 1698 directam
1020 1644 1098 1697 fuisse
1104 1686 1113 1712 ,
1128 1660 1178 1696 nec
1195 1643 1239 1697 alii
1257 1643 1382 1713 cuiquam
1399 1641 1570 1697 tribuendam
1584 1656 1680 1715 preter
1693 1643 1874 1707 Roscebnum,
1887 1643 1949 1696 licet
1962 1643 2143 1714 insuiptione

566 1748 593 1790 et
610 1733 806 1806 subscriptione
826 1734 855 1787 in
872 1731 965 1786 codice
984 1744 1082 1801 careat,
1095 1743 1173 1784 tenor
1198 1731 1254 1802 ipse
1270 1730 1401 1784 sermonis
1417 1731 1478 1784 satis
1494 1729 1619 1784 declarat.
1639 1732 1688 1783 Illa
1706 1729 1816 1801 quidem
1831 1749 1885 1784 esse
1908 1731 1981 1785 baud
2002 1731 2143 1786 immerito

563 1821 669 1876 ridetur
681 1822 809 1894 epistola,
823 1840 882 1893 que
894 1821 961 1887 iram
974 1818 1106 1873 abelardi
1120 1819 1235 1872 aramme
1248 1819 1363 1872 acoenut
1374 1831 1400 1871 et
1411 1819 1463 1890 ipsi
1479 1820 1608 1891 persuasit
1619 1831 1649 1871 ut
1659 1818 1799 1890 epistolam
1812 1831 1906 1872 contra
1917 1819 2095 1872 Roscelinnm
2106 1820 2142 1874 ad

564 1912 720 1983 episcopum
733 1911 906 1964 Parisiensem
916 1907 1104 1976 conscriberet,
1113 1925 1194 1977 quam
1206 1925 1296 1979 snpra,
1309 1907 1423 1978 hujusce
1433 1908 1500 1961 tomi
1511 1925 1574 1979 pag.
1588 1909 1649 1976 150,
1658 1920 1719 1979 post
1730 1906 1903 1961 Amhoesium
1914 1906 2061 1974 edidimus,
2076 1927 2140 1962 cum

562 2000 642 2053 nubis
655 1995 778 2051 nondum
789 1997 948 2052 innotuisset
961 1996 1066 2050 libellus
1079 2014 1095 2049 a
1106 1997 1172 2049 clar.
1184 1995 1243 2049 viro
1254 1995 1401 2051 Suhmeller
1413 1996 1524 2049 feliciter
1535 1994 1664 2050 detectus.

571 2281 605 2346 Si
618 2279 798 2345 christianas
823 2278 987 2369 religionis
1014 2276 1220 2343 dulcedinem
1244 2299 1341 2366 mam
1361 2277 1475 2342 babitu
1496 2277 1566 2367 ipso
1586 2277 1779 2368 praeferebas
1794 2277 1844 2344 vel
1869 2280 2009 2344 tenuiter
2033 2277 2140 2371 degu-

527 2415 657 2481 stasses,
676 2420 880 2487 nequaquam
901 2399 948 2462 tui
967 2396 1090 2462 ordinis
1105 2412 1232 2485 tuteque
1249 2395 1457 2486 professionis
1480 2398 1662 2479 immemor,
1682 2412 1714 2462 et
1734 2396 1966 2463 beneficiorum
1987 2422 2057 2487 quae
2076 2400 2140 2462 tibi

527 2536 578 2586 tot
593 2535 626 2586 et
648 2535 755 2598 tanta,
774 2541 910 2609 apuero
932 2540 1032 2607 usque
1054 2516 1098 2582 ad
1113 2518 1280 2604 juvenem,
1296 2514 1356 2581 sub
1376 2516 1521 2607 magistri
1537 2519 1669 2584 nominc
1685 2533 1717 2583 et
1733 2533 1818 2595 actu,
1835 2516 1980 2600 exhibui,
2001 2518 2135 2601 oblitus,

526 2640 562 2704 in
583 2638 683 2706 verba
710 2637 840 2703 malitiae
864 2660 971 2704 meam
995 2636 1146 2703 adversus
1172 2637 1392 2702 innocentiam
1417 2635 1500 2701 adeo
1524 2638 1739 2727 prorupisses,
1761 2653 1800 2702 ut
1823 2636 1997 2702 batemam
2022 2660 2137 2727 pacem

525 2759 645 2850 linguae
676 2755 786 2848 gladio
810 2756 1005 2839 vulnerares,
1027 2760 1120 2844 juxta
1151 2755 1232 2821 illud
1263 2787 1277 2814 α
1298 2756 1408 2848 lingua
1433 2780 1548 2822 eorum
1572 2757 1697 2848 gladius
1719 2774 1841 2840 acutus,
1864 2790 1878 2816 a
1906 2774 1938 2823 et
1964 2756 2137 2823 Salvatoris

526 2879 628 2943 nostri
639 2877 847 2943 saluberrima
864 2893 1000 2967 actuque
1014 2876 1167 2942 facillima
1181 2890 1344 2965 praecepta
1361 2890 1618 2967 contempneres.
1632 2877 1714 2943 Cum
1726 2878 1814 2942 enim
1825 2877 1949 2944 Veritas
1973 2877 2061 2942 dicat
2082 2908 2095 2934 ι
2110 2878 2135 2942 si

526 2997 707 3088 peccaverit
728 2999 762 3061 in
781 3012 814 3061 te
839 2996 937 3062 frater
960 3011 1050 3080 tuus,
1072 2995 1198 3086 corripe
1225 3017 1302 3061 eum
1317 2996 1401 3062 inter
1413 3010 1446 3061 te
1463 3012 1497 3062 et
1511 2997 1616 3087 ipsum
1631 2996 1755 3083 solum3
1774 2998 1801 3063 si
1817 3013 1925 3063 autem
1939 3013 1973 3063 te
1990 3020 2058 3062 non
2075 3021 2134 3063 au·

527 3116 633 3201 dierit,
648 3116 768 3182 adhibe
783 3131 895 3214 testes3
908 3116 1034 3205 quodsi
1048 3139 1153 3206 neque
1169 3117 1213 3181 sic
1229 3131 1262 3181 te
1279 3114 1427 3198 audierit,
1441 3116 1493 3183 dic
1509 3117 1671 3199 Ecclesiae,
1687 3149 1702 3177 a
1721 3134 1757 3184 tu
1772 3118 1899 3184 duobus
1910 3119 2023 3208 primis
2039 3141 2134 3182 man·

499 3307 502 3314 ,
526 3237 610 3302 datis
624 3238 729 3302 subito
746 3237 920 3303 iracundiae
933 3236 1041 3302 furore
1057 3236 1186 3327 calcatis
1202 3236 1245 3303 ad
1260 3237 1389 3303 tertium
1405 3237 1586 3303 inordinate
1601 3239 1815 3322 transvolasti,
1836 3255 1871 3305 et
1887 3238 1930 3304 ad
1945 3215 2132 3329 praeclaram

527 3372 561 3421 et
585 3357 823 3446 praecellentem
850 3356 939 3421 beati
960 3357 1093 3422 Martini
1121 3359 1318 3424 Turonensis
1344 3358 1520 3423 Ecclesiam
1544 3358 1750 3426 detractionis
1776 3383 1858 3426 mere
1878 3359 2079 3451 plenissimas
2102 3375 2132 3424 ct

526 3473 569 3541 de
603 3475 685 3539 vasis
727 3477 776 3540 sui
802 3475 1007 3541 immunditia
1031 3476 1245 3543 foetidissimas
1275 3477 1383 3542 literas
1420 3479 1637 3562 transmisisti,
1671 3480 1706 3544 in
1739 3481 1855 3570 quibus
1886 3503 1962 3546 mea
1995 3501 2133 3570 persona

523 3593 692 3684 multiplici
715 3593 857 3658 infamia
887 3592 1014 3659 macula
1039 3597 1131 3684 quasi
1154 3599 1244 3662 vario
1263 3591 1266 3594 ‘
1284 3597 1382 3687 leprae
1412 3597 1522 3664 colore
1551 3598 1696 3690 depicta,
1723 3602 1759 3665 in
1785 3602 1883 3691 ipsius
1909 3601 2008 3667 etiam
2040 3623 2133 3665 sano·

523 3713 652 3779 tissimae
674 3711 823 3778 Ecclesiae
845 3712 1094 3796 contumeliam,
1115 3713 1206 3804 lapso
1234 3716 1410 3780 honestatis
1434 3716 1534 3808 pede,
1559 3740 1632 3783 eam
1653 3718 1782 3786 foveam
1810 3743 1945 3802 vocans,
1972 3718 2130 3785 decidisti.

521 3832 629 3899 Fovea
651 3834 770 3928 qnippe
796 3832 832 3896 iu
858 3854 949 3897 sacro
980 3831 1111 3921 eloquio
1131 3855 1260 3923 semper
1294 3835 1330 3898 in
1362 3833 1449 3901 malo
1472 3837 1642 3928 accipitur,
1673 3855 1744 3905 aut
1772 3839 1899 3906 foderet
1918 3855 1993 3905 ante
2020 3839 2134 3905 faciem

522 3972 629 4016 meam
655 3951 801 4034 foveam,
819 3981 833 4009 s
860 3981 874 4009 ι
887 3950 1015 4017 foveam
1038 3953 1155 4018 animae
1176 3975 1257 4018 mete
1269 3984 1284 4012 a
1309 3955 1417 4028 emi
1440 3978 1542 4022 cacus
1569 3981 1656 4025 caeco
1682 3958 1835 4027 ducatum
1855 3961 2016 4052 praebeat,
2035 3960 2132 4025 ambo

522 4069 557 4134 in
579 4068 707 4135 foveam
727 4068 870 4136 cadunt»
892 4084 925 4135 et
945 4100 959 4128 α
974 4071 1030 4159 qui
1052 4087 1146 4162 parat
1165 4073 1313 4163 proximo
1329 4096 1389 4140 suo
1405 4074 1533 4143 foveam
1548 4078 1637 4168 prior
1657 4078 1770 4144 incidit
1785 4081 1819 4145 in
1835 4103 1920 4148 eam.
1937 4111 1951 4138 ·
1971 4079 2047 4145 Non
2067 4082 2131 4146 ita·

523 4210 586 4276 que
610 4187 776 4277 praefatam
801 4187 1031 4254 sanctissimam
1047 4188 1223 4256 Ecclesiam
1244 4215 1316 4280 que
1337 4215 1391 4259 me
1413 4194 1582 4286 indignum
1605 4211 1638 4262 et
1666 4214 1870 4290 peccatorem
1889 4217 1941 4284 et,
1957 4215 1996 4264 ut
2018 4221 2133 4265 rerum

520 4299 634 4382 fatear,
653 4297 867 4389 obprobrium
887 4299 1057 4365 bominum
1074 4299 1241 4392 plebisque
1257 4305 1472 4392 abjectionem
1490 4309 1628 4397 gratuita
1647 4310 1851 4377 miseratione
1869 4312 2006 4402 recepit,
2030 4309 2133 4375 fovete

520 4441 707 4510 comparare
731 4417 911 4503 debueras3
938 4416 996 4486 sed
1021 4420 1052 4485 ei
1066 4422 1187 4510 potius,
1205 4426 1296 4510 cujus
1316 4425 1470 4492 imitatrix
1491 4429 1561 4494 haec
1575 4429 1610 4493 in
1626 4428 1712 4496 facto
1732 4430 1849 4497 effecta
1863 4447 1929 4515 est,
1953 4432 2009 4522 qui
2027 4429 2132 4496 solem

522 4560 617 4605 suum
642 4537 719 4603 oriri
741 4536 818 4602 facit
839 4560 933 4629 super
952 4537 1059 4604 bonos
1080 4556 1113 4605 et
1128 4542 1243 4625 malos,
1269 4559 1301 4609 et
1319 4542 1402 4634 pluit
1423 4569 1518 4637 super
1528 4551 1630 4635 justos
1653 4564 1686 4615 et
1699 4551 1845 4639 injustos,
1861 4553 1917 4641 qui
1934 4550 1978 4618 ob
1995 4551 2131 4616 nimiam
