<?xml version="1.0" encoding="UTF-8"?>
<!DOCTYPE html PUBLIC "-//W3C//DTD XHTML 1.0 Transitional//EN"
    "http://www.w3.org/TR/xhtml1/DTD/xhtml1-transitional.dtd">
<html xmlns="http://www.w3.org/1999/xhtml" xml:lang="en" lang="en">
 <head>
  <title>
</title>
<meta http-equiv="Content-Type" content="text/html;charset=utf-8" />
  <meta name='ocr-system' content='tesseract 3.04.00' />
  <meta name='ocr-capabilities' content='ocr_page ocr_carea ocr_par ocr_line ocrx_word'/>
</head>
<body>
  <div class='ocr_page' id='page_1' title='image "./petriablardiope00despgoog_0562.png"; bbox 0 0 4559 6100; ppageno 0'>
   <div class='ocr_carea' id='block_1_1' title="bbox 474 584 1464 661">
    <p class='ocr_par' dir='ltr' id='par_1_1' title="bbox 474 584 1464 661">
     <span class='ocr_line' id='line_1_1' title="bbox 474 584 1464 661; baseline 0.011 -13"><span class='ocrx_word' id='word_1_1' title='bbox 474 584 547 661; x_wconf 67' lang='lat'>524</span> <span class='ocrx_word' id='word_1_2' title='bbox 1078 586 1205 657; x_wconf 82' lang='lat' dir='ltr'><strong>PETRI</strong></span> <span class='ocrx_word' id='word_1_3' title='bbox 1231 588 1464 661; x_wconf 75' lang='lat' dir='ltr'>ABAELARDl</span> 
     </span>
    </p>
   </div>
   <div class='ocr_carea' id='block_1_2' title="bbox 370 733 2065 4786">
    <p class='ocr_par' dir='ltr' id='par_1_2' title="bbox 370 733 2065 4786">
     <span class='ocr_line' id='line_1_2' title="bbox 476 733 2065 836; baseline 0.004 -30"><span class='ocrx_word' id='word_1_4' title='bbox 476 736 566 807; x_wconf 90' lang='lat' dir='ltr'>tium</span> <span class='ocrx_word' id='word_1_5' title='bbox 593 757 725 835; x_wconf 88' lang='lat' dir='ltr'>papam</span> <span class='ocrx_word' id='word_1_6' title='bbox 742 734 788 808; x_wconf 89' lang='lat' dir='ltr'>de</span> <span class='ocrx_word' id='word_1_7' title='bbox 803 736 874 808; x_wconf 90' lang='lat' dir='ltr'>hoc</span> <span class='ocrx_word' id='word_1_8' title='bbox 892 737 984 835; x_wconf 92' lang='lat' dir='ltr'>ipso,</span> <span class='ocrx_word' id='word_1_9' title='bbox 1003 748 1038 808; x_wconf 90' lang='lat' dir='ltr'>et</span> <span class='ocrx_word' id='word_1_10' title='bbox 1054 733 1189 808; x_wconf 89' lang='lat' dir='ltr'>fontem</span> <span class='ocrx_word' id='word_1_11' title='bbox 1206 750 1243 808; x_wconf 92' lang='lat' dir='ltr'>et</span> <span class='ocrx_word' id='word_1_12' title='bbox 1257 738 1333 833; x_wconf 87' lang='lat' dir='ltr'>ejus</span> <span class='ocrx_word' id='word_1_13' title='bbox 1346 740 1483 831; x_wconf 84' lang='lat' dir='ltr'>rivum,</span> <span class='ocrx_word' id='word_1_14' title='bbox 1502 762 1659 836; x_wconf 90' lang='lat' dir='ltr'>quorum</span> <span class='ocrx_word' id='word_1_15' title='bbox 1678 737 1806 810; x_wconf 86' lang='lat' dir='ltr'>eadem</span> <span class='ocrx_word' id='word_1_16' title='bbox 1828 753 1878 810; x_wconf 91' lang='lat' dir='ltr'>est</span> <span class='ocrx_word' id='word_1_17' title='bbox 1900 737 2065 813; x_wconf 75' lang='lat' dir='ltr'>snbstam</span> 
     </span>
     <span class='ocr_line' id='line_1_3' title="bbox 475 854 2065 955; baseline 0.003 -29"><span class='ocrx_word' id='word_1_18' title='bbox 475 856 537 945; x_wconf 92' lang='lat' dir='ltr'>tia,</span> <span class='ocrx_word' id='word_1_19' title='bbox 562 854 610 927; x_wconf 88' lang='lat' dir='ltr'>ad</span> <span class='ocrx_word' id='word_1_20' title='bbox 634 855 762 928; x_wconf 81' lang='lat' dir='ltr'>divinae</span> <span class='ocrx_word' id='word_1_21' title='bbox 783 857 1020 953; x_wconf 78' lang='lat' dir='ltr'>generationis</span> <span class='ocrx_word' id='word_1_22' title='bbox 1039 857 1259 955; x_wconf 84' lang='lat' dir='ltr'>exemplum,</span> <span class='ocrx_word' id='word_1_23' title='bbox 1281 856 1344 929; x_wconf 89' lang='lat' dir='ltr'>ubi</span> <span class='ocrx_word' id='word_1_24' title='bbox 1367 858 1492 931; x_wconf 90' lang='lat' dir='ltr'>eadern</span> <span class='ocrx_word' id='word_1_25' title='bbox 1512 872 1565 930; x_wconf 75' lang='lat' dir='ltr'>est</span> <span class='ocrx_word' id='word_1_26' title='bbox 1585 857 1782 931; x_wconf 86' lang='lat' dir='ltr'>substantia</span> <span class='ocrx_word' id='word_1_27' title='bbox 1808 861 2010 955; x_wconf 86' lang='lat' dir='ltr'>generantis</span> <span class='ocrx_word' id='word_1_28' title='bbox 2032 876 2065 932; x_wconf 90' lang='lat' dir='ltr'>et</span> 
     </span>
     <span class='ocr_line' id='line_1_4' title="bbox 475 975 2063 1077; baseline 0.004 -32"><span class='ocrx_word' id='word_1_29' title='bbox 475 976 605 1072; x_wconf 86' lang='lat' dir='ltr'>geniti,</span> <span class='ocrx_word' id='word_1_30' title='bbox 640 976 842 1049; x_wconf 85' lang='lat' dir='ltr'>inducente.</span> <span class='ocrx_word' id='word_1_31' title='bbox 875 978 979 1048; x_wconf 85' lang='lat' dir='ltr'>Ponit</span> <span class='ocrx_word' id='word_1_32' title='bbox 1005 976 1126 1073; x_wconf 90' lang='lat' dir='ltr'>itaque</span> <span class='ocrx_word' id='word_1_33' title='bbox 1152 975 1341 1075; x_wconf 74' lang='lat' dir='ltr'>praedictus</span> <span class='ocrx_word' id='word_1_34' title='bbox 1366 977 1656 1077; x_wconf 75' lang='lat' dir='ltr'>archiepiscopus</span> <span class='ocrx_word' id='word_1_35' title='bbox 1686 979 1788 1076; x_wconf 90' lang='lat' dir='ltr'>quasi</span> <span class='ocrx_word' id='word_1_36' title='bbox 1816 981 1881 1050; x_wconf 89' lang='lat' dir='ltr'>tria</span> <span class='ocrx_word' id='word_1_37' title='bbox 1906 980 2063 1077; x_wconf 86' lang='lat' dir='ltr'>ejusdem</span> 
     </span>
     <span class='ocr_line' id='line_1_5' title="bbox 474 1093 2065 1195; baseline 0.004 -30"><span class='ocrx_word' id='word_1_38' title='bbox 474 1093 698 1190; x_wconf 88' lang='lat' dir='ltr'>substantiae,</span> <span class='ocrx_word' id='word_1_39' title='bbox 728 1097 865 1168; x_wconf 85' lang='lat' dir='ltr'>fontem</span> <span class='ocrx_word' id='word_1_40' title='bbox 887 1095 1064 1183; x_wconf 85' lang='lat' dir='ltr'>videlicet,</span> <span class='ocrx_word' id='word_1_41' title='bbox 1092 1096 1208 1168; x_wconf 87' lang='lat' dir='ltr'>rivum</span> <span class='ocrx_word' id='word_1_42' title='bbox 1225 1113 1261 1170; x_wconf 91' lang='lat' dir='ltr'>et</span> <span class='ocrx_word' id='word_1_43' title='bbox 1287 1112 1482 1194; x_wconf 80' lang='lat' dir='ltr'>stagnum:</span> <span class='ocrx_word' id='word_1_44' title='bbox 1514 1096 1651 1169; x_wconf 89' lang='lat' dir='ltr'>fontem</span> <span class='ocrx_word' id='word_1_45' title='bbox 1674 1097 1819 1195; x_wconf 86' lang='lat' dir='ltr'>quidem</span> <span class='ocrx_word' id='word_1_46' title='bbox 1845 1123 1888 1170; x_wconf 83' lang='lat' dir='ltr'>ex</span> <span class='ocrx_word' id='word_1_47' title='bbox 1915 1123 1990 1195; x_wconf 90' lang='lat' dir='ltr'>qun</span> <span class='ocrx_word' id='word_1_48' title='bbox 2015 1115 2065 1171; x_wconf 89' lang='lat' dir='ltr'>est</span> 
     </span>
     <span class='ocr_line' id='line_1_6' title="bbox 475 1216 2060 1318; baseline -0.001 -26"><span class='ocrx_word' id='word_1_49' title='bbox 475 1223 585 1311; x_wconf 88' lang='lat' dir='ltr'>rivus,</span> <span class='ocrx_word' id='word_1_50' title='bbox 604 1219 705 1318; x_wconf 89' lang='lat' dir='ltr'>quasi</span> <span class='ocrx_word' id='word_1_51' title='bbox 724 1223 863 1290; x_wconf 88' lang='lat' dir='ltr'>Patrem</span> <span class='ocrx_word' id='word_1_52' title='bbox 876 1240 919 1287; x_wconf 81' lang='lat' dir='ltr'>ex</span> <span class='ocrx_word' id='word_1_53' title='bbox 933 1240 1007 1312; x_wconf 90' lang='lat' dir='ltr'>quo</span> <span class='ocrx_word' id='word_1_54' title='bbox 1024 1216 1144 1308; x_wconf 89' lang='lat' dir='ltr'>Filius,</span> <span class='ocrx_word' id='word_1_55' title='bbox 1164 1231 1327 1315; x_wconf 82' lang='lat' dir='ltr'>stagnum</span> <span class='ocrx_word' id='word_1_56' title='bbox 1346 1243 1433 1290; x_wconf 84' lang='lat' dir='ltr'>vero</span> <span class='ocrx_word' id='word_1_57' title='bbox 1449 1218 1550 1316; x_wconf 90' lang='lat' dir='ltr'>quod</span> <span class='ocrx_word' id='word_1_58' title='bbox 1564 1244 1607 1290; x_wconf 82' lang='lat' dir='ltr'>ex</span> <span class='ocrx_word' id='word_1_59' title='bbox 1622 1217 1721 1291; x_wconf 92' lang='lat' dir='ltr'>fonte</span> <span class='ocrx_word' id='word_1_60' title='bbox 1737 1231 1773 1290; x_wconf 91' lang='lat' dir='ltr'>et</span> <span class='ocrx_word' id='word_1_61' title='bbox 1790 1220 1868 1290; x_wconf 90' lang='lat' dir='ltr'>rivo</span> <span class='ocrx_word' id='word_1_62' title='bbox 1884 1221 2060 1318; x_wconf 89' lang='lat' dir='ltr'>provenit,</span> 
     </span>
     <span class='ocr_line' id='line_1_7' title="bbox 474 1336 2061 1440; baseline -0.004 -26"><span class='ocrx_word' id='word_1_63' title='bbox 474 1342 577 1440; x_wconf 84' lang='lat' dir='ltr'>quasi</span> <span class='ocrx_word' id='word_1_64' title='bbox 602 1340 771 1437; x_wconf 90' lang='lat' dir='ltr'>Spiritum</span> <span class='ocrx_word' id='word_1_65' title='bbox 798 1337 861 1434; x_wconf 91' lang='lat' dir='ltr'>qui</span> <span class='ocrx_word' id='word_1_66' title='bbox 883 1361 925 1407; x_wconf 82' lang='lat' dir='ltr'>ex</span> <span class='ocrx_word' id='word_1_67' title='bbox 952 1341 1054 1407; x_wconf 90' lang='lat' dir='ltr'>Patre</span> <span class='ocrx_word' id='word_1_68' title='bbox 1077 1349 1113 1407; x_wconf 92' lang='lat' dir='ltr'>et</span> <span class='ocrx_word' id='word_1_69' title='bbox 1137 1337 1225 1409; x_wconf 91' lang='lat' dir='ltr'>Filio</span> <span class='ocrx_word' id='word_1_70' title='bbox 1251 1336 1425 1435; x_wconf 86' lang='lat' dir='ltr'>procedit.</span> <span class='ocrx_word' id='word_1_71' title='bbox 1456 1339 1575 1410; x_wconf 82' lang='lat' dir='ltr'>Posuit</span> <span class='ocrx_word' id='word_1_72' title='bbox 1600 1338 1709 1409; x_wconf 88' lang='lat' dir='ltr'>etiam</span> <span class='ocrx_word' id='word_1_73' title='bbox 1732 1339 1847 1410; x_wconf 86' lang='lat' dir='ltr'>rivum</span> <span class='ocrx_word' id='word_1_74' title='bbox 1872 1338 1908 1409; x_wconf 87' lang='lat' dir='ltr'>in</span> <span class='ocrx_word' id='word_1_75' title='bbox 1933 1338 2061 1431; x_wconf 86' lang='lat' dir='ltr'>fistula,</span> 
     </span>
     <span class='ocr_line' id='line_1_8' title="bbox 474 1455 2063 1559; baseline -0.002 -26"><span class='ocrx_word' id='word_1_76' title='bbox 474 1461 575 1559; x_wconf 90' lang='lat' dir='ltr'>quasi</span> <span class='ocrx_word' id='word_1_77' title='bbox 596 1458 722 1531; x_wconf 87' lang='lat' dir='ltr'>Filium</span> <span class='ocrx_word' id='word_1_78' title='bbox 736 1459 772 1528; x_wconf 92' lang='lat' dir='ltr'>in</span> <span class='ocrx_word' id='word_1_79' title='bbox 789 1480 896 1528; x_wconf 90' lang='lat' dir='ltr'>carne</span> <span class='ocrx_word' id='word_1_80' title='bbox 912 1456 1092 1543; x_wconf 89' lang='lat' dir='ltr'>humana,</span> <span class='ocrx_word' id='word_1_81' title='bbox 1112 1480 1154 1528; x_wconf 89' lang='lat' dir='ltr'>ac</span> <span class='ocrx_word' id='word_1_82' title='bbox 1170 1457 1200 1527; x_wconf 90' lang='lat' dir='ltr'>si</span> <span class='ocrx_word' id='word_1_83' title='bbox 1219 1456 1335 1527; x_wconf 89' lang='lat' dir='ltr'>rivum</span> <span class='ocrx_word' id='word_1_84' title='bbox 1352 1455 1584 1529; x_wconf 87' lang='lat' dir='ltr'>infistulatum</span> <span class='ocrx_word' id='word_1_85' title='bbox 1599 1456 1760 1530; x_wconf 89' lang='lat' dir='ltr'>dicamus</span> <span class='ocrx_word' id='word_1_86' title='bbox 1774 1456 1930 1529; x_wconf 86' lang='lat' dir='ltr'>Verbum</span> <span class='ocrx_word' id='word_1_87' title='bbox 1950 1461 2063 1530; x_wconf 90' lang='lat' dir='ltr'>incar·</span> 
     </span>
     <span class='ocr_line' id='line_1_9' title="bbox 473 1573 2061 1676; baseline -0.004 -22"><span class='ocrx_word' id='word_1_88' title='bbox 473 1597 611 1653; x_wconf 89' lang='lat' dir='ltr'>natum.</span> <span class='ocrx_word' id='word_1_89' title='bbox 646 1577 716 1650; x_wconf 86' lang='lat' dir='ltr'>Sed</span> <span class='ocrx_word' id='word_1_90' title='bbox 740 1577 817 1648; x_wconf 84' lang='lat' dir='ltr'>haec</span> <span class='ocrx_word' id='word_1_91' title='bbox 837 1600 984 1673; x_wconf 87' lang='lat' dir='ltr'>quoque</span> <span class='ocrx_word' id='word_1_92' title='bbox 1005 1573 1202 1646; x_wconf 85' lang='lat' dir='ltr'>similitudo</span> <span class='ocrx_word' id='word_1_93' title='bbox 1230 1600 1305 1647; x_wconf 92' lang='lat' dir='ltr'>non</span> <span class='ocrx_word' id='word_1_94' title='bbox 1333 1577 1451 1646; x_wconf 89' lang='lat' dir='ltr'>minus</span> <span class='ocrx_word' id='word_1_95' title='bbox 1480 1575 1680 1649; x_wconf 76' lang='lat' dir='ltr'>satisfacere</span> <span class='ocrx_word' id='word_1_96' title='bbox 1709 1590 1838 1676; x_wconf 91' lang='lat' dir='ltr'>potest,</span> <span class='ocrx_word' id='word_1_97' title='bbox 1861 1577 1962 1674; x_wconf 91' lang='lat' dir='ltr'>quod</span> <span class='ocrx_word' id='word_1_98' title='bbox 1989 1602 2061 1649; x_wconf 89' lang='lat' dir='ltr'>non</span> 
     </span>
     <span class='ocr_line' id='line_1_10' title="bbox 471 1693 2063 1795; baseline -0.003 -22"><span class='ocrx_word' id='word_1_99' title='bbox 471 1716 526 1773; x_wconf 91' lang='lat' dir='ltr'>est</span> <span class='ocrx_word' id='word_1_100' title='bbox 559 1699 664 1771; x_wconf 88' lang='lat' dir='ltr'>simul</span> <span class='ocrx_word' id='word_1_101' title='bbox 695 1697 822 1769; x_wconf 88' lang='lat' dir='ltr'>eadem</span> <span class='ocrx_word' id='word_1_102' title='bbox 850 1693 1048 1768; x_wconf 86' lang='lat' dir='ltr'>substantia</span> <span class='ocrx_word' id='word_1_103' title='bbox 1079 1694 1189 1766; x_wconf 89' lang='lat' dir='ltr'>sontis</span> <span class='ocrx_word' id='word_1_104' title='bbox 1221 1709 1257 1766; x_wconf 91' lang='lat' dir='ltr'>et</span> <span class='ocrx_word' id='word_1_105' title='bbox 1290 1695 1354 1766; x_wconf 83' lang='lat' dir='ltr'>rivi</span> <span class='ocrx_word' id='word_1_106' title='bbox 1383 1708 1490 1791; x_wconf 90' lang='lat' dir='ltr'>atque</span> <span class='ocrx_word' id='word_1_107' title='bbox 1524 1697 1659 1793; x_wconf 87' lang='lat' dir='ltr'>stagni;</span> <span class='ocrx_word' id='word_1_108' title='bbox 1698 1695 1761 1769; x_wconf 92' lang='lat' dir='ltr'>sed</span> <span class='ocrx_word' id='word_1_109' title='bbox 1796 1721 1861 1795; x_wconf 89' lang='lat' dir='ltr'>per</span> <span class='ocrx_word' id='word_1_110' title='bbox 1894 1698 2063 1795; x_wconf 89' lang='lat' dir='ltr'>temporis</span> 
     </span>
     <span class='ocr_line' id='line_1_11' title="bbox 471 1814 2063 1915; baseline -0.004 -22"><span class='ocrx_word' id='word_1_111' title='bbox 471 1821 735 1893; x_wconf 88' lang='lat' dir='ltr'>successionem</span> <span class='ocrx_word' id='word_1_112' title='bbox 760 1816 888 1888; x_wconf 92' lang='lat' dir='ltr'>eadem</span> <span class='ocrx_word' id='word_1_113' title='bbox 917 1839 1011 1912; x_wconf 88' lang='lat' dir='ltr'>aqua</span> <span class='ocrx_word' id='word_1_114' title='bbox 1038 1815 1154 1912; x_wconf 89' lang='lat' dir='ltr'>primo</span> <span class='ocrx_word' id='word_1_115' title='bbox 1183 1814 1262 1886; x_wconf 91' lang='lat' dir='ltr'>fons</span> <span class='ocrx_word' id='word_1_116' title='bbox 1285 1829 1384 1906; x_wconf 88' lang='lat' dir='ltr'>erat,</span> <span class='ocrx_word' id='word_1_117' title='bbox 1415 1815 1546 1887; x_wconf 90' lang='lat' dir='ltr'>deinde</span> <span class='ocrx_word' id='word_1_118' title='bbox 1570 1816 1688 1910; x_wconf 85' lang='lat' dir='ltr'>rivus,</span> <span class='ocrx_word' id='word_1_119' title='bbox 1714 1814 1871 1915; x_wconf 88' lang='lat' dir='ltr'>denique</span> <span class='ocrx_word' id='word_1_120' title='bbox 1901 1831 2063 1914; x_wconf 83' lang='lat' dir='ltr'>stagnum</span> 
     </span>
     <span class='ocr_line' id='line_1_12' title="bbox 473 1935 2062 2035; baseline -0.001 -25"><span class='ocrx_word' id='word_1_121' title='bbox 473 1941 564 2012; x_wconf 90' lang='lat' dir='ltr'>facta</span> <span class='ocrx_word' id='word_1_122' title='bbox 595 1954 659 2011; x_wconf 90' lang='lat' dir='ltr'>est.</span> <span class='ocrx_word' id='word_1_123' title='bbox 681 1937 785 2009; x_wconf 88' lang='lat' dir='ltr'>Unde</span> <span class='ocrx_word' id='word_1_124' title='bbox 811 1951 963 2008; x_wconf 88' lang='lat' dir='ltr'>nonest</span> <span class='ocrx_word' id='word_1_125' title='bbox 989 1935 1151 2006; x_wconf 88' lang='lat' dir='ltr'>mirabile</span> <span class='ocrx_word' id='word_1_126' title='bbox 1173 1936 1201 2005; x_wconf 92' lang='lat' dir='ltr'>si</span> <span class='ocrx_word' id='word_1_127' title='bbox 1227 1959 1293 2033; x_wconf 90' lang='lat' dir='ltr'>per</span> <span class='ocrx_word' id='word_1_128' title='bbox 1319 1936 1582 2007; x_wconf 87' lang='lat' dir='ltr'>successionem</span> <span class='ocrx_word' id='word_1_129' title='bbox 1612 1937 1784 2035; x_wconf 91' lang='lat' dir='ltr'>temporis</span> <span class='ocrx_word' id='word_1_130' title='bbox 1808 1936 1934 2009; x_wconf 90' lang='lat' dir='ltr'>eadem</span> <span class='ocrx_word' id='word_1_131' title='bbox 1964 1961 2062 2035; x_wconf 74' lang='lat' dir='ltr'>aquae</span> 
     </span>
     <span class='ocr_line' id='line_1_13' title="bbox 472 2052 2064 2151; baseline -0.003 -21"><span class='ocrx_word' id='word_1_132' title='bbox 472 2057 670 2131; x_wconf 89' lang='lat' dir='ltr'>substantia</span> <span class='ocrx_word' id='word_1_133' title='bbox 694 2055 843 2128; x_wconf 87' lang='lat' dir='ltr'>diversis</span> <span class='ocrx_word' id='word_1_134' title='bbox 867 2053 985 2126; x_wconf 89' lang='lat' dir='ltr'>modis</span> <span class='ocrx_word' id='word_1_135' title='bbox 1010 2079 1048 2125; x_wconf 93' lang='lat' dir='ltr'>se</span> <span class='ocrx_word' id='word_1_136' title='bbox 1070 2052 1214 2145; x_wconf 86' lang='lat' dir='ltr'>lrabeat,</span> <span class='ocrx_word' id='word_1_137' title='bbox 1239 2078 1324 2125; x_wconf 91' lang='lat' dir='ltr'>cum</span> <span class='ocrx_word' id='word_1_138' title='bbox 1347 2079 1545 2151; x_wconf 89' lang='lat' dir='ltr'>numquam</span> <span class='ocrx_word' id='word_1_139' title='bbox 1570 2055 1675 2127; x_wconf 92' lang='lat' dir='ltr'>simul</span> <span class='ocrx_word' id='word_1_140' title='bbox 1695 2054 1820 2127; x_wconf 88' lang='lat' dir='ltr'>eadem</span> <span class='ocrx_word' id='word_1_141' title='bbox 1844 2079 1996 2128; x_wconf 91' lang='lat' dir='ltr'>numero</span> <span class='ocrx_word' id='word_1_142' title='bbox 2021 2058 2064 2127; x_wconf 90' lang='lat' dir='ltr'>sit</span> 
     </span>
     <span class='ocr_line' id='line_1_14' title="bbox 469 2173 2062 2274; baseline -0.003 -23"><span class='ocrx_word' id='word_1_143' title='bbox 469 2177 669 2252; x_wconf 85' lang='lat' dir='ltr'>substantia</span> <span class='ocrx_word' id='word_1_144' title='bbox 686 2176 806 2268; x_wconf 89' lang='lat' dir='ltr'>fontis,</span> <span class='ocrx_word' id='word_1_145' title='bbox 824 2188 861 2247; x_wconf 93' lang='lat' dir='ltr'>et</span> <span class='ocrx_word' id='word_1_146' title='bbox 877 2175 956 2266; x_wconf 83' lang='lat' dir='ltr'>riri,</span> <span class='ocrx_word' id='word_1_147' title='bbox 977 2174 1033 2244; x_wconf 84' lang='lat' dir='ltr'>vel</span> <span class='ocrx_word' id='word_1_148' title='bbox 1051 2175 1180 2268; x_wconf 86' lang='lat' dir='ltr'>stagni,</span> <span class='ocrx_word' id='word_1_149' title='bbox 1199 2188 1241 2243; x_wconf 89' lang='lat' dir='ltr'>ut</span> <span class='ocrx_word' id='word_1_150' title='bbox 1255 2173 1419 2246; x_wconf 87' lang='lat' dir='ltr'>videlicet</span> <span class='ocrx_word' id='word_1_151' title='bbox 1434 2199 1608 2271; x_wconf 87' lang='lat' dir='ltr'>umquam</span> <span class='ocrx_word' id='word_1_152' title='bbox 1625 2174 1792 2247; x_wconf 89' lang='lat' dir='ltr'>veredici</span> <span class='ocrx_word' id='word_1_153' title='bbox 1807 2176 1932 2274; x_wconf 80' lang='lat' dir='ltr'>possit,</span> <span class='ocrx_word' id='word_1_154' title='bbox 1954 2175 2062 2248; x_wconf 91' lang='lat' dir='ltr'>modo</span> 
     </span>
     <span class='ocr_line' id='line_1_15' title="bbox 470 2292 2063 2393; baseline -0.001 -24"><span class='ocrx_word' id='word_1_155' title='bbox 470 2322 563 2393; x_wconf 88' lang='lat' dir='ltr'>aqua</span> <span class='ocrx_word' id='word_1_156' title='bbox 586 2297 695 2370; x_wconf 85' lang='lat' dir='ltr'>fontis</span> <span class='ocrx_word' id='word_1_157' title='bbox 715 2310 768 2368; x_wconf 91' lang='lat' dir='ltr'>est</span> <span class='ocrx_word' id='word_1_158' title='bbox 789 2319 883 2390; x_wconf 89' lang='lat' dir='ltr'>aqua</span> <span class='ocrx_word' id='word_1_159' title='bbox 902 2295 967 2366; x_wconf 85' lang='lat' dir='ltr'>rivi</span> <span class='ocrx_word' id='word_1_160' title='bbox 989 2293 1062 2365; x_wconf 87' lang='lat' dir='ltr'>sive</span> <span class='ocrx_word' id='word_1_161' title='bbox 1085 2293 1220 2388; x_wconf 89' lang='lat' dir='ltr'>stagni;</span> <span class='ocrx_word' id='word_1_162' title='bbox 1247 2293 1339 2366; x_wconf 85' lang='lat' dir='ltr'>sicut</span> <span class='ocrx_word' id='word_1_163' title='bbox 1362 2318 1504 2392; x_wconf 87' lang='lat' dir='ltr'>semper</span> <span class='ocrx_word' id='word_1_164' title='bbox 1527 2294 1680 2365; x_wconf 89' lang='lat' dir='ltr'>dicimus</span> <span class='ocrx_word' id='word_1_165' title='bbox 1695 2292 1931 2367; x_wconf 87' lang='lat' dir='ltr'>substantiam</span> <span class='ocrx_word' id='word_1_166' title='bbox 1954 2298 2063 2368; x_wconf 87' lang='lat' dir='ltr'>Patris</span> 
     </span>
     <span class='ocr_line' id='line_1_16' title="bbox 370 2396 2062 2511; baseline -0.002 -21"><span class='ocrx_word' id='word_1_167' title='bbox 370 2396 380 2411; x_wconf 55' lang='grc'><strong><em>’</em></strong></span> <span class='ocrx_word' id='word_1_168' title='bbox 467 2443 546 2490; x_wconf 88' lang='lat' dir='ltr'>esse</span> <span class='ocrx_word' id='word_1_169' title='bbox 572 2416 809 2490; x_wconf 87' lang='lat' dir='ltr'>substantiam</span> <span class='ocrx_word' id='word_1_170' title='bbox 836 2414 914 2486; x_wconf 85' lang='lat' dir='ltr'>Filii</span> <span class='ocrx_word' id='word_1_171' title='bbox 943 2426 980 2485; x_wconf 92' lang='lat' dir='ltr'>et</span> <span class='ocrx_word' id='word_1_172' title='bbox 1011 2413 1161 2511; x_wconf 86' lang='lat' dir='ltr'>Spiritus</span> <span class='ocrx_word' id='word_1_173' title='bbox 1190 2414 1324 2485; x_wconf 90' lang='lat' dir='ltr'>Sancti.</span> <span class='ocrx_word' id='word_1_174' title='bbox 1361 2418 1476 2486; x_wconf 90' lang='lat' dir='ltr'>lmmo</span> <span class='ocrx_word' id='word_1_175' title='bbox 1505 2412 1662 2486; x_wconf 79' lang='lat' dir='ltr'>fortassis</span> <span class='ocrx_word' id='word_1_176' title='bbox 1688 2414 1764 2486; x_wconf 83' lang='lat' dir='ltr'>baec</span> <span class='ocrx_word' id='word_1_177' title='bbox 1791 2414 1986 2488; x_wconf 87' lang='lat' dir='ltr'>similitudo</span> <span class='ocrx_word' id='word_1_178' title='bbox 2014 2415 2062 2488; x_wconf 90' lang='lat' dir='ltr'>illi</span> 
     </span>
     <span class='ocr_line' id='line_1_17' title="bbox 470 2532 2064 2634; baseline -0.001 -25"><span class='ocrx_word' id='word_1_179' title='bbox 470 2538 623 2610; x_wconf 81' lang='lat' dir='ltr'>maxime</span> <span class='ocrx_word' id='word_1_180' title='bbox 646 2536 858 2633; x_wconf 83' lang='lat' dir='ltr'>suffragatur</span> <span class='ocrx_word' id='word_1_181' title='bbox 878 2532 1016 2618; x_wconf 80' lang='lat' dir='ltr'>haeresi,</span> <span class='ocrx_word' id='word_1_182' title='bbox 1036 2558 1114 2630; x_wconf 86' lang='lat' dir='ltr'>quae</span> <span class='ocrx_word' id='word_1_183' title='bbox 1131 2535 1179 2604; x_wconf 91' lang='lat' dir='ltr'>ita</span> <span class='ocrx_word' id='word_1_184' title='bbox 1201 2558 1266 2630; x_wconf 91' lang='lat' dir='ltr'>per</span> <span class='ocrx_word' id='word_1_185' title='bbox 1282 2549 1444 2632; x_wconf 90' lang='lat' dir='ltr'>tempora</span> <span class='ocrx_word' id='word_1_186' title='bbox 1464 2535 1700 2632; x_wconf 85' lang='lat' dir='ltr'>proprietates</span> <span class='ocrx_word' id='word_1_187' title='bbox 1715 2559 1952 2634; x_wconf 88' lang='lat' dir='ltr'>personarum</span> <span class='ocrx_word' id='word_1_188' title='bbox 1967 2562 2064 2607; x_wconf 91' lang='lat' dir='ltr'>com·</span> 
     </span>
     <span class='ocr_line' id='line_1_18' title="bbox 470 2652 2064 2752; baseline -0.001 -23"><span class='ocrx_word' id='word_1_189' title='bbox 470 2658 611 2746; x_wconf 89' lang='lat' dir='ltr'>miscet,</span> <span class='ocrx_word' id='word_1_190' title='bbox 639 2670 680 2727; x_wconf 92' lang='lat' dir='ltr'>ut</span> <span class='ocrx_word' id='word_1_191' title='bbox 711 2653 875 2727; x_wconf 89' lang='lat' dir='ltr'>eamdem</span> <span class='ocrx_word' id='word_1_192' title='bbox 905 2677 1098 2752; x_wconf 88' lang='lat' dir='ltr'>personam</span> <span class='ocrx_word' id='word_1_193' title='bbox 1122 2652 1220 2723; x_wconf 89' lang='lat' dir='ltr'>dicat</span> <span class='ocrx_word' id='word_1_194' title='bbox 1247 2653 1394 2748; x_wconf 88' lang='lat' dir='ltr'>quando</span> <span class='ocrx_word' id='word_1_195' title='bbox 1417 2654 1496 2725; x_wconf 85' lang='lat' dir='ltr'>vult</span> <span class='ocrx_word' id='word_1_196' title='bbox 1521 2679 1596 2726; x_wconf 89' lang='lat' dir='ltr'>esse</span> <span class='ocrx_word' id='word_1_197' title='bbox 1623 2659 1783 2744; x_wconf 88' lang='lat' dir='ltr'>Patrem,</span> <span class='ocrx_word' id='word_1_198' title='bbox 1814 2654 1959 2750; x_wconf 90' lang='lat' dir='ltr'>quando</span> <span class='ocrx_word' id='word_1_199' title='bbox 1988 2657 2064 2727; x_wconf 84' lang='lat' dir='ltr'>vult</span> 
     </span>
     <span class='ocr_line' id='line_1_19' title="bbox 471 2770 2062 2873; baseline 0.001 -27"><span class='ocrx_word' id='word_1_200' title='bbox 471 2775 599 2847; x_wconf 90' lang='lat' dir='ltr'>Filium</span> <span class='ocrx_word' id='word_1_201' title='bbox 621 2773 680 2844; x_wconf 79' lang='lat' dir='ltr'>vel</span> <span class='ocrx_word' id='word_1_202' title='bbox 707 2772 880 2870; x_wconf 91' lang='lat' dir='ltr'>Spiritum</span> <span class='ocrx_word' id='word_1_203' title='bbox 904 2774 1087 2843; x_wconf 89' lang='lat' dir='ltr'>Sanctum.</span> <span class='ocrx_word' id='word_1_204' title='bbox 1111 2774 1157 2841; x_wconf 89' lang='lat' dir='ltr'>Ut</span> <span class='ocrx_word' id='word_1_205' title='bbox 1172 2772 1292 2867; x_wconf 86' lang='lat' dir='ltr'>itaque</span> <span class='ocrx_word' id='word_1_206' title='bbox 1317 2770 1517 2844; x_wconf 83' lang='lat' dir='ltr'>satisfacere</span> <span class='ocrx_word' id='word_1_207' title='bbox 1541 2798 1607 2873; x_wconf 86' lang='lat' dir='ltr'>per</span> <span class='ocrx_word' id='word_1_208' title='bbox 1628 2773 1894 2845; x_wconf 90' lang='lat' dir='ltr'>similitudinem</span> <span class='ocrx_word' id='word_1_209' title='bbox 1919 2772 1965 2845; x_wconf 91' lang='lat' dir='ltr'>de</span> <span class='ocrx_word' id='word_1_210' title='bbox 1992 2774 2062 2847; x_wconf 87' lang='lat' dir='ltr'>hac</span> 
     </span>
     <span class='ocr_line' id='line_1_20' title="bbox 469 2889 2061 2991; baseline 0.001 -26"><span class='ocrx_word' id='word_1_211' title='bbox 469 2893 698 2991; x_wconf 85' lang='lat' dir='ltr'>generatione</span> <span class='ocrx_word' id='word_1_212' title='bbox 718 2890 775 2962; x_wconf 87' lang='lat' dir='ltr'>vel</span> <span class='ocrx_word' id='word_1_213' title='bbox 799 2890 1026 2987; x_wconf 87' lang='lat' dir='ltr'>processione</span> <span class='ocrx_word' id='word_1_214' title='bbox 1040 2889 1236 2983; x_wconf 84' lang='lat' dir='ltr'>valeamus,</span> <span class='ocrx_word' id='word_1_215' title='bbox 1262 2890 1496 2988; x_wconf 82' lang='lat' dir='ltr'>excogitanda</span> <span class='ocrx_word' id='word_1_216' title='bbox 1516 2907 1569 2964; x_wconf 91' lang='lat' dir='ltr'>est</span> <span class='ocrx_word' id='word_1_217' title='bbox 1597 2893 1674 2965; x_wconf 91' lang='lat' dir='ltr'>talis</span> <span class='ocrx_word' id='word_1_218' title='bbox 1695 2893 1890 2965; x_wconf 91' lang='lat' dir='ltr'>similitudo</span> <span class='ocrx_word' id='word_1_219' title='bbox 1916 2918 2061 2991; x_wconf 89' lang='lat' dir='ltr'>genera-</span> 
     </span>
     <span class='ocr_line' id='line_1_21' title="bbox 471 3009 2058 3113; baseline 0.001 -28"><span class='ocrx_word' id='word_1_220' title='bbox 471 3012 578 3085; x_wconf 87' lang='lat' dir='ltr'>tionis</span> <span class='ocrx_word' id='word_1_221' title='bbox 594 3010 649 3084; x_wconf 84' lang='lat' dir='ltr'>vel</span> <span class='ocrx_word' id='word_1_222' title='bbox 667 3010 916 3109; x_wconf 86' lang='lat' dir='ltr'>processionis,</span> <span class='ocrx_word' id='word_1_223' title='bbox 936 3009 1059 3108; x_wconf 89' lang='lat' dir='ltr'>inqua</span> <span class='ocrx_word' id='word_1_224' title='bbox 1075 3010 1203 3082; x_wconf 89' lang='lat' dir='ltr'>eadem</span> <span class='ocrx_word' id='word_1_225' title='bbox 1220 3010 1325 3083; x_wconf 89' lang='lat' dir='ltr'>simul</span> <span class='ocrx_word' id='word_1_226' title='bbox 1343 3012 1388 3084; x_wconf 91' lang='lat' dir='ltr'>sit</span> <span class='ocrx_word' id='word_1_227' title='bbox 1405 3010 1604 3086; x_wconf 89' lang='lat' dir='ltr'>substantia</span> <span class='ocrx_word' id='word_1_228' title='bbox 1619 3015 1822 3111; x_wconf 85' lang='lat' dir='ltr'>generantis</span> <span class='ocrx_word' id='word_1_229' title='bbox 1836 3028 1873 3086; x_wconf 89' lang='lat' dir='ltr'>et</span> <span class='ocrx_word' id='word_1_230' title='bbox 1889 3017 2058 3113; x_wconf 89' lang='lat' dir='ltr'>generati,</span> 
     </span>
     <span class='ocr_line' id='line_1_22' title="bbox 471 3129 2061 3234; baseline 0.001 -29"><span class='ocrx_word' id='word_1_231' title='bbox 471 3133 527 3206; x_wconf 85' lang='lat' dir='ltr'>vel</span> <span class='ocrx_word' id='word_1_232' title='bbox 552 3130 778 3230; x_wconf 86' lang='lat' dir='ltr'>procedentis</span> <span class='ocrx_word' id='word_1_233' title='bbox 802 3143 838 3204; x_wconf 86' lang='lat' dir='ltr'>et</span> <span class='ocrx_word' id='word_1_234' title='bbox 862 3153 884 3201; x_wconf 88' lang='lat' dir='ltr'>a</span> <span class='ocrx_word' id='word_1_235' title='bbox 905 3156 980 3228; x_wconf 88' lang='lat' dir='ltr'>quo</span> <span class='ocrx_word' id='word_1_236' title='bbox 1006 3129 1186 3229; x_wconf 85' lang='lat' dir='ltr'>procedit,</span> <span class='ocrx_word' id='word_1_237' title='bbox 1212 3146 1391 3203; x_wconf 88' lang='lat' dir='ltr'>ettamen</span> <span class='ocrx_word' id='word_1_238' title='bbox 1418 3134 1651 3232; x_wconf 89' lang='lat' dir='ltr'>proprietates</span> <span class='ocrx_word' id='word_1_239' title='bbox 1678 3159 1805 3206; x_wconf 89' lang='lat' dir='ltr'>eorum</span> <span class='ocrx_word' id='word_1_240' title='bbox 1831 3135 2061 3234; x_wconf 77' lang='lat' dir='ltr'>impermixtae</span> 
     </span>
     <span class='ocr_line' id='line_1_23' title="bbox 470 3249 2058 3352; baseline 0.001 -28"><span class='ocrx_word' id='word_1_241' title='bbox 470 3264 657 3340; x_wconf 87' lang='lat' dir='ltr'>maneant,</span> <span class='ocrx_word' id='word_1_242' title='bbox 678 3266 719 3323; x_wconf 92' lang='lat' dir='ltr'>ut</span> <span class='ocrx_word' id='word_1_243' title='bbox 737 3249 903 3322; x_wconf 88' lang='lat' dir='ltr'>videlicet</span> <span class='ocrx_word' id='word_1_244' title='bbox 925 3251 1063 3347; x_wconf 90' lang='lat' dir='ltr'>genitus</span> <span class='ocrx_word' id='word_1_245' title='bbox 1085 3275 1160 3323; x_wconf 88' lang='lat' dir='ltr'>non</span> <span class='ocrx_word' id='word_1_246' title='bbox 1183 3252 1228 3322; x_wconf 90' lang='lat' dir='ltr'>sit</span> <span class='ocrx_word' id='word_1_247' title='bbox 1245 3276 1432 3348; x_wconf 89' lang='lat' dir='ltr'>generans,</span> <span class='ocrx_word' id='word_1_248' title='bbox 1452 3277 1519 3324; x_wconf 88' lang='lat' dir='ltr'>nec</span> <span class='ocrx_word' id='word_1_249' title='bbox 1540 3253 1739 3352; x_wconf 84' lang='lat' dir='ltr'>procedens</span> <span class='ocrx_word' id='word_1_250' title='bbox 1756 3278 1777 3326; x_wconf 92' lang='lat' dir='ltr'>a</span> <span class='ocrx_word' id='word_1_251' title='bbox 1794 3279 1868 3350; x_wconf 90' lang='lat' dir='ltr'>quo</span> <span class='ocrx_word' id='word_1_252' title='bbox 1885 3255 2058 3352; x_wconf 89' lang='lat' dir='ltr'>procedit.</span> 
     </span>
     <span class='ocr_line' id='line_1_24' title="bbox 471 3370 2063 3472; baseline 0.001 -27"><span class='ocrx_word' id='word_1_253' title='bbox 471 3372 579 3463; x_wconf 90' lang='lat' dir='ltr'>Quod</span> <span class='ocrx_word' id='word_1_254' title='bbox 604 3371 740 3447; x_wconf 87' lang='lat' dir='ltr'>facilius</span> <span class='ocrx_word' id='word_1_255' title='bbox 763 3397 831 3446; x_wconf 92' lang='lat' dir='ltr'>uos</span> <span class='ocrx_word' id='word_1_256' title='bbox 852 3396 956 3470; x_wconf 88' lang='lat' dir='ltr'>posse</span> <span class='ocrx_word' id='word_1_257' title='bbox 979 3373 1139 3444; x_wconf 89' lang='lat' dir='ltr'>invenire</span> <span class='ocrx_word' id='word_1_258' title='bbox 1164 3370 1331 3464; x_wconf 86' lang='lat' dir='ltr'>arbitror,</span> <span class='ocrx_word' id='word_1_259' title='bbox 1354 3373 1382 3443; x_wconf 90' lang='lat' dir='ltr'>si</span> <span class='ocrx_word' id='word_1_260' title='bbox 1404 3372 1505 3468; x_wconf 82' lang='lat' dir='ltr'>juxta</span> <span class='ocrx_word' id='word_1_261' title='bbox 1528 3374 1685 3472; x_wconf 78' lang='lat' dir='ltr'>Apostoli</span> <span class='ocrx_word' id='word_1_262' title='bbox 1705 3375 1964 3463; x_wconf 90' lang='lat' dir='ltr'>testimonium,</span> <span class='ocrx_word' id='word_1_263' title='bbox 1985 3375 2063 3446; x_wconf 87' lang='lat' dir='ltr'>dili-</span> 
     </span>
     <span class='ocr_line' id='line_1_25' title="bbox 469 3490 2062 3593; baseline -0.002 -25"><span class='ocrx_word' id='word_1_264' title='bbox 469 3507 593 3591; x_wconf 87' lang='lat' dir='ltr'>genter</span> <span class='ocrx_word' id='word_1_265' title='bbox 605 3490 844 3582; x_wconf 88' lang='lat' dir='ltr'>attcndamus,</span> <span class='ocrx_word' id='word_1_266' title='bbox 861 3490 1014 3589; x_wconf 89' lang='lat' dir='ltr'>qualiter</span> <span class='ocrx_word' id='word_1_267' title='bbox 1026 3518 1046 3564; x_wconf 88' lang='lat' dir='ltr'>a</span> <span class='ocrx_word' id='word_1_268' title='bbox 1057 3507 1220 3564; x_wconf 91' lang='lat' dir='ltr'>creatura</span> <span class='ocrx_word' id='word_1_269' title='bbox 1234 3491 1374 3579; x_wconf 91' lang='lat' dir='ltr'>mundi,</span> <span class='ocrx_word' id='word_1_270' title='bbox 1390 3517 1454 3590; x_wconf 89' lang='lat' dir='ltr'>per</span> <span class='ocrx_word' id='word_1_271' title='bbox 1464 3516 1505 3563; x_wconf 90' lang='lat' dir='ltr'>ea</span> <span class='ocrx_word' id='word_1_272' title='bbox 1521 3517 1601 3587; x_wconf 85' lang='lat' dir='ltr'>quae</span> <span class='ocrx_word' id='word_1_273' title='bbox 1615 3492 1706 3567; x_wconf 87' lang='lat' dir='ltr'>facta</span> <span class='ocrx_word' id='word_1_274' title='bbox 1722 3510 1818 3585; x_wconf 92' lang='lat' dir='ltr'>sunt,</span> <span class='ocrx_word' id='word_1_275' title='bbox 1837 3496 1904 3593; x_wconf 87' lang='lat' dir='ltr'>ipsi</span> <span class='ocrx_word' id='word_1_276' title='bbox 1918 3519 2062 3592; x_wconf 88' lang='lat' dir='ltr'>quoque</span> 
     </span>
     <span class='ocr_line' id='line_1_26' title="bbox 470 3609 2062 3713; baseline -0.001 -28"><span class='ocrx_word' id='word_1_277' title='bbox 470 3612 690 3713; x_wconf 86' lang='lat' dir='ltr'>philosophi,</span> <span class='ocrx_word' id='word_1_278' title='bbox 714 3636 870 3708; x_wconf 88' lang='lat' dir='ltr'>quornm</span> <span class='ocrx_word' id='word_1_279' title='bbox 893 3609 1092 3683; x_wconf 88' lang='lat' dir='ltr'>rationibus</span> <span class='ocrx_word' id='word_1_280' title='bbox 1115 3637 1183 3681; x_wconf 90' lang='lat' dir='ltr'>nos</span> <span class='ocrx_word' id='word_1_281' title='bbox 1210 3612 1399 3709; x_wconf 85' lang='lat' dir='ltr'>impetunt,</span> <span class='ocrx_word' id='word_1_282' title='bbox 1418 3612 1587 3709; x_wconf 90' lang='lat' dir='ltr'>congruis</span> <span class='ocrx_word' id='word_1_283' title='bbox 1611 3612 1885 3685; x_wconf 88' lang='lat' dir='ltr'>similitudinum</span> <span class='ocrx_word' id='word_1_284' title='bbox 1909 3640 2062 3713; x_wconf 91' lang='lat' dir='ltr'>propor-</span> 
     </span>
     <span class='ocr_line' id='line_1_27' title="bbox 470 3728 2062 3831; baseline 0.001 -28"><span class='ocrx_word' id='word_1_285' title='bbox 470 3732 628 3804; x_wconf 89' lang='lat' dir='ltr'>tionibus</span> <span class='ocrx_word' id='word_1_286' title='bbox 652 3732 690 3802; x_wconf 91' lang='lat' dir='ltr'>in</span> <span class='ocrx_word' id='word_1_287' title='bbox 716 3753 788 3801; x_wconf 91' lang='lat' dir='ltr'>una</span> <span class='ocrx_word' id='word_1_288' title='bbox 818 3745 854 3800; x_wconf 90' lang='lat' dir='ltr'>et</span> <span class='ocrx_word' id='word_1_289' title='bbox 880 3729 1006 3800; x_wconf 86' lang='lat' dir='ltr'>eadem</span> <span class='ocrx_word' id='word_1_290' title='bbox 1034 3728 1159 3800; x_wconf 88' lang='lat' dir='ltr'>divina</span> <span class='ocrx_word' id='word_1_291' title='bbox 1185 3729 1383 3803; x_wconf 91' lang='lat' dir='ltr'>substantia</span> <span class='ocrx_word' id='word_1_292' title='bbox 1416 3745 1487 3803; x_wconf 91' lang='lat' dir='ltr'>tres</span> <span class='ocrx_word' id='word_1_293' title='bbox 1516 3757 1687 3830; x_wconf 87' lang='lat' dir='ltr'>personas</span> <span class='ocrx_word' id='word_1_294' title='bbox 1714 3732 1990 3831; x_wconf 89' lang='lat' dir='ltr'>proprietatibus</span> <span class='ocrx_word' id='word_1_295' title='bbox 2016 3734 2062 3805; x_wconf 89' lang='lat' dir='ltr'>ab</span> 
     </span>
     <span class='ocr_line' id='line_1_28' title="bbox 472 3847 2062 3943; baseline 0.001 -21"><span class='ocrx_word' id='word_1_296' title='bbox 472 3852 626 3922; x_wconf 81' lang='lat' dir='ltr'>invicem</span> <span class='ocrx_word' id='word_1_297' title='bbox 652 3847 811 3921; x_wconf 87' lang='lat' dir='ltr'>diversas</span> <span class='ocrx_word' id='word_1_298' title='bbox 831 3847 1003 3943; x_wconf 82' lang='lat' dir='ltr'>vestigare</span> <span class='ocrx_word' id='word_1_299' title='bbox 1029 3861 1137 3943; x_wconf 91' lang='lat' dir='ltr'>atque</span> <span class='ocrx_word' id='word_1_300' title='bbox 1164 3848 1362 3943; x_wconf 89' lang='lat' dir='ltr'>assignare,</span> <span class='ocrx_word' id='word_1_301' title='bbox 1390 3849 1542 3921; x_wconf 89' lang='lat' dir='ltr'>domino</span> <span class='ocrx_word' id='word_1_302' title='bbox 1568 3852 1767 3940; x_wconf 83' lang='lat' dir='ltr'>revelante,</span> <span class='ocrx_word' id='word_1_303' title='bbox 1787 3853 1978 3924; x_wconf 84' lang='lat' dir='ltr'>valuerint.</span> <span class='ocrx_word' id='word_1_304' title='bbox 2005 3854 2062 3923; x_wconf 89' lang='lat' dir='ltr'>Sic</span> 
     </span>
     <span class='ocr_line' id='line_1_29' title="bbox 470 3967 2061 4068; baseline -0.002 -24"><span class='ocrx_word' id='word_1_305' title='bbox 470 3971 604 4068; x_wconf 90' lang='lat' dir='ltr'>quippe</span> <span class='ocrx_word' id='word_1_306' title='bbox 620 3969 791 4065; x_wconf 86' lang='lat' dir='ltr'>scriptum</span> <span class='ocrx_word' id='word_1_307' title='bbox 813 3982 866 4038; x_wconf 90' lang='lat' dir='ltr'>est</span> <span class='ocrx_word' id='word_1_308' title='bbox 875 3970 897 4054; x_wconf 85' lang='lat'>¹,</span> <span class='ocrx_word' id='word_1_309' title='bbox 921 3967 1057 4054; x_wconf 77' lang='lat' dir='ltr'>«Quod</span> <span class='ocrx_word' id='word_1_310' title='bbox 1076 3982 1204 4038; x_wconf 90' lang='lat' dir='ltr'>uotum</span> <span class='ocrx_word' id='word_1_311' title='bbox 1223 3983 1276 4039; x_wconf 90' lang='lat' dir='ltr'>est</span> <span class='ocrx_word' id='word_1_312' title='bbox 1298 3970 1363 4040; x_wconf 91' lang='lat' dir='ltr'>Dei</span> <span class='ocrx_word' id='word_1_313' title='bbox 1381 3969 1609 4041; x_wconf 88' lang='lat' dir='ltr'>manifestum</span> <span class='ocrx_word' id='word_1_314' title='bbox 1626 3985 1679 4043; x_wconf 89' lang='lat' dir='ltr'>est</span> <span class='ocrx_word' id='word_1_315' title='bbox 1696 3971 1777 4054; x_wconf 81' lang='lat' dir='ltr'>illis,</span> <span class='ocrx_word' id='word_1_316' title='bbox 1794 4000 1812 4039; x_wconf 76' lang='lat' dir='ltr'>&gt;r</span> <span class='ocrx_word' id='word_1_317' title='bbox 1832 3972 1902 4044; x_wconf 91' lang='lat' dir='ltr'>boc</span> <span class='ocrx_word' id='word_1_318' title='bbox 1917 3987 1969 4043; x_wconf 89' lang='lat' dir='ltr'>est</span> <span class='ocrx_word' id='word_1_319' title='bbox 1985 3996 2061 4042; x_wconf 87' lang='lat' dir='ltr'>non</span> 
     </span>
     <span class='ocr_line' id='line_1_30' title="bbox 474 4086 2062 4191; baseline 0.001 -29"><span class='ocrx_word' id='word_1_320' title='bbox 474 4089 592 4162; x_wconf 89' lang='lat' dir='ltr'>solum</span> <span class='ocrx_word' id='word_1_321' title='bbox 608 4088 688 4178; x_wconf 88' lang='lat' dir='ltr'>illis,</span> <span class='ocrx_word' id='word_1_322' title='bbox 706 4112 832 4158; x_wconf 88' lang='lat' dir='ltr'>verum</span> <span class='ocrx_word' id='word_1_323' title='bbox 855 4088 963 4158; x_wconf 88' lang='lat' dir='ltr'>etiam</span> <span class='ocrx_word' id='word_1_324' title='bbox 979 4088 1016 4158; x_wconf 91' lang='lat' dir='ltr'>iu</span> <span class='ocrx_word' id='word_1_325' title='bbox 1036 4086 1120 4175; x_wconf 89' lang='lat' dir='ltr'>illis,</span> <span class='ocrx_word' id='word_1_326' title='bbox 1146 4087 1217 4159; x_wconf 90' lang='lat' dir='ltr'>hoc</span> <span class='ocrx_word' id='word_1_327' title='bbox 1236 4102 1288 4160; x_wconf 90' lang='lat' dir='ltr'>est</span> <span class='ocrx_word' id='word_1_328' title='bbox 1305 4113 1369 4186; x_wconf 91' lang='lat' dir='ltr'>per</span> <span class='ocrx_word' id='word_1_329' title='bbox 1385 4087 1465 4160; x_wconf 91' lang='lat' dir='ltr'>illos</span> <span class='ocrx_word' id='word_1_330' title='bbox 1480 4103 1515 4160; x_wconf 88' lang='lat' dir='ltr'>et</span> <span class='ocrx_word' id='word_1_331' title='bbox 1530 4114 1656 4162; x_wconf 90' lang='lat' dir='ltr'>eorum</span> <span class='ocrx_word' id='word_1_332' title='bbox 1675 4093 1806 4191; x_wconf 88' lang='lat' dir='ltr'>scripta</span> <span class='ocrx_word' id='word_1_333' title='bbox 1824 4093 1913 4164; x_wconf 88' lang='lat' dir='ltr'>aliis.</span> <span class='ocrx_word' id='word_1_334' title='bbox 1937 4095 2062 4163; x_wconf 79' lang='lat' dir='ltr'>«Deus</span> 
     </span>
     <span class='ocr_line' id='line_1_31' title="bbox 471 4205 2062 4299; baseline 0 -18"><span class='ocrx_word' id='word_1_335' title='bbox 471 4209 567 4281; x_wconf 86' lang='lat' dir='ltr'>eninr</span> <span class='ocrx_word' id='word_1_336' title='bbox 592 4208 660 4281; x_wconf 87' lang='lat' dir='ltr'>illis</span> <span class='ocrx_word' id='word_1_337' title='bbox 685 4205 901 4299; x_wconf 54' lang='lat' dir='ltr'>revelavit»</span> <span class='ocrx_word' id='word_1_338' title='bbox 922 4231 1049 4278; x_wconf 91' lang='lat' dir='ltr'>eorum</span> <span class='ocrx_word' id='word_1_339' title='bbox 1071 4207 1205 4279; x_wconf 85' lang='lat' dir='ltr'>scilicet</span> <span class='ocrx_word' id='word_1_340' title='bbox 1226 4206 1462 4278; x_wconf 88' lang='lat' dir='ltr'>illuminando</span> <span class='ocrx_word' id='word_1_341' title='bbox 1485 4210 1675 4299; x_wconf 88' lang='lat' dir='ltr'>rationem,</span> <span class='ocrx_word' id='word_1_342' title='bbox 1704 4224 1742 4282; x_wconf 89' lang='lat' dir='ltr'>ot</span> <span class='ocrx_word' id='word_1_343' title='bbox 1763 4235 1807 4281; x_wconf 77' lang='lat' dir='ltr'>cx</span> <span class='ocrx_word' id='word_1_344' title='bbox 1830 4210 2062 4282; x_wconf 88' lang='lat' dir='ltr'>similitudine</span> 
     </span>
     <span class='ocr_line' id='line_1_32' title="bbox 471 4325 2063 4427; baseline 0 -27"><span class='ocrx_word' id='word_1_345' title='bbox 471 4325 712 4427; x_wconf 88' lang='lat' dir='ltr'>corporalium</span> <span class='ocrx_word' id='word_1_346' title='bbox 735 4350 796 4397; x_wconf 91' lang='lat' dir='ltr'>seu</span> <span class='ocrx_word' id='word_1_347' title='bbox 819 4325 1011 4397; x_wconf 84' lang='lat' dir='ltr'>visibilium</span> <span class='ocrx_word' id='word_1_348' title='bbox 1033 4351 1166 4414; x_wconf 79' lang='lat' dir='ltr'>renim,</span> <span class='ocrx_word' id='word_1_349' title='bbox 1188 4325 1233 4398; x_wconf 90' lang='lat' dir='ltr'>ad</span> <span class='ocrx_word' id='word_1_350' title='bbox 1251 4327 1501 4423; x_wconf 88' lang='lat' dir='ltr'>incorpoream</span> <span class='ocrx_word' id='word_1_351' title='bbox 1518 4343 1624 4425; x_wconf 89' lang='lat' dir='ltr'>atque</span> <span class='ocrx_word' id='word_1_352' title='bbox 1641 4328 1853 4401; x_wconf 88' lang='lat' dir='ltr'>invisibilem</span> <span class='ocrx_word' id='word_1_353' title='bbox 1870 4330 2063 4402; x_wconf 83' lang='lat' dir='ltr'>divinitatis</span> 
     </span>
     <span class='ocr_line' id='line_1_33' title="bbox 471 4445 2063 4547; baseline -0.001 -27"><span class='ocrx_word' id='word_1_354' title='bbox 471 4462 636 4522; x_wconf 88' lang='lat' dir='ltr'>naturam</span> <span class='ocrx_word' id='word_1_355' title='bbox 659 4445 974 4544; x_wconf 84' lang='lat' dir='ltr'>contemplandam</span> <span class='ocrx_word' id='word_1_356' title='bbox 1003 4460 1239 4542; x_wconf 89' lang='lat' dir='ltr'>assurgerent.</span> <span class='ocrx_word' id='word_1_357' title='bbox 1261 4475 1278 4512; x_wconf 83' lang='lat' dir='ltr'>a</span> <span class='ocrx_word' id='word_1_358' title='bbox 1291 4452 1318 4515; x_wconf 77' lang='grc' dir='ltr'><strong>Α</strong></span> <span class='ocrx_word' id='word_1_359' title='bbox 1333 4459 1513 4534; x_wconf 90' lang='lat' dir='ltr'>creatura,</span> <span class='ocrx_word' id='word_1_360' title='bbox 1540 4447 1672 4545; x_wconf 84' lang='lat' dir='ltr'>iuquit,</span> <span class='ocrx_word' id='word_1_361' title='bbox 1696 4450 1822 4520; x_wconf 88' lang='lat' dir='ltr'>mundi</span> <span class='ocrx_word' id='word_1_362' title='bbox 1838 4473 1903 4547; x_wconf 89' lang='lat' dir='ltr'>per</span> <span class='ocrx_word' id='word_1_363' title='bbox 1922 4474 1964 4520; x_wconf 89' lang='lat' dir='ltr'>ea</span> <span class='ocrx_word' id='word_1_364' title='bbox 1984 4474 2063 4547; x_wconf 83' lang='lat' dir='ltr'>quae</span> 
     </span>
     <span class='ocr_line' id='line_1_34' title="bbox 471 4564 2062 4663; baseline 0.001 -26"><span class='ocrx_word' id='word_1_365' title='bbox 471 4566 563 4640; x_wconf 87' lang='lat' dir='ltr'>facta</span> <span class='ocrx_word' id='word_1_366' title='bbox 585 4582 696 4638; x_wconf 80' lang='lat' dir='ltr'>sunt»</span> <span class='ocrx_word' id='word_1_367' title='bbox 719 4581 792 4638; x_wconf 89' lang='lat' dir='ltr'>tam</span> <span class='ocrx_word' id='word_1_368' title='bbox 813 4564 956 4638; x_wconf 91' lang='lat' dir='ltr'>anobis</span> <span class='ocrx_word' id='word_1_369' title='bbox 977 4567 1085 4638; x_wconf 87' lang='lat' dir='ltr'>etiam</span> <span class='ocrx_word' id='word_1_370' title='bbox 1101 4565 1200 4663; x_wconf 91' lang='lat' dir='ltr'>ipsis,</span> <span class='ocrx_word' id='word_1_371' title='bbox 1221 4589 1329 4661; x_wconf 88' lang='lat' dir='ltr'>quam</span> <span class='ocrx_word' id='word_1_372' title='bbox 1353 4591 1374 4635; x_wconf 91' lang='lat' dir='ltr'>a</span> <span class='ocrx_word' id='word_1_373' title='bbox 1397 4580 1537 4653; x_wconf 87' lang='lat' dir='ltr'>natura,</span> <span class='ocrx_word' id='word_1_374' title='bbox 1559 4568 1757 4639; x_wconf 87' lang='lat' dir='ltr'>secundum</span> <span class='ocrx_word' id='word_1_375' title='bbox 1781 4568 1877 4641; x_wconf 87' lang='lat' dir='ltr'>illam</span> <span class='ocrx_word' id='word_1_376' title='bbox 1898 4567 2062 4640; x_wconf 80' lang='lat' dir='ltr'>videlicet</span> 
     </span>
     <span class='ocr_line' id='line_1_35' title="bbox 470 4684 2062 4786; baseline 0 -28"><span class='ocrx_word' id='word_1_377' title='bbox 470 4684 757 4786; x_wconf 87' lang='lat' dir='ltr'>philosophicam</span> <span class='ocrx_word' id='word_1_378' title='bbox 779 4686 970 4776; x_wconf 91' lang='lat' dir='ltr'>rationem,</span> <span class='ocrx_word' id='word_1_379' title='bbox 987 4710 1059 4783; x_wconf 86' lang='lat' dir='ltr'>qua</span> <span class='ocrx_word' id='word_1_380' title='bbox 1079 4684 1249 4756; x_wconf 90' lang='lat' dir='ltr'>dicuntur</span> <span class='ocrx_word' id='word_1_381' title='bbox 1267 4685 1334 4756; x_wconf 90' lang='lat' dir='ltr'>alia</span> <span class='ocrx_word' id='word_1_382' title='bbox 1355 4711 1397 4757; x_wconf 81' lang='lat' dir='ltr'>ex</span> <span class='ocrx_word' id='word_1_383' title='bbox 1418 4686 1566 4758; x_wconf 90' lang='lat' dir='ltr'>materia</span> <span class='ocrx_word' id='word_1_384' title='bbox 1588 4701 1623 4756; x_wconf 88' lang='lat' dir='ltr'>et</span> <span class='ocrx_word' id='word_1_385' title='bbox 1636 4687 1750 4759; x_wconf 86' lang='lat' dir='ltr'>forma</span> <span class='ocrx_word' id='word_1_386' title='bbox 1766 4690 1974 4783; x_wconf 88' lang='lat' dir='ltr'>consistere,</span> <span class='ocrx_word' id='word_1_387' title='bbox 1994 4687 2062 4761; x_wconf 91' lang='lat' dir='ltr'>alia</span> 
     </span>
    </p>
   </div>
   <div class='ocr_carea' id='block_1_3' title="bbox 402 4808 2063 5029">
    <p class='ocr_par' dir='ltr' id='par_1_3' title="bbox 402 4808 2063 5029">
     <span class='ocr_line' id='line_1_36' title="bbox 402 4808 2063 4908; baseline -0.001 -24"><span class='ocrx_word' id='word_1_388' title='bbox 402 4862 410 4872; x_wconf 85' lang='lat'><strong>·</strong></span> <span class='ocrx_word' id='word_1_389' title='bbox 469 4810 516 4884; x_wconf 84' lang='lat' dir='ltr'>ad</span> <span class='ocrx_word' id='word_1_390' title='bbox 533 4809 805 4883; x_wconf 89' lang='lat' dir='ltr'>similitudinem</span> <span class='ocrx_word' id='word_1_391' title='bbox 823 4810 976 4882; x_wconf 87' lang='lat' dir='ltr'>materiae</span> <span class='ocrx_word' id='word_1_392' title='bbox 994 4824 1029 4880; x_wconf 91' lang='lat' dir='ltr'>et</span> <span class='ocrx_word' id='word_1_393' title='bbox 1046 4809 1181 4880; x_wconf 85' lang='lat' dir='ltr'>formae.</span> <span class='ocrx_word' id='word_1_394' title='bbox 1210 4812 1249 4879; x_wconf 88' lang='lat' dir='ltr'>ln</span> <span class='ocrx_word' id='word_1_395' title='bbox 1266 4808 1323 4881; x_wconf 90' lang='lat' dir='ltr'>his</span> <span class='ocrx_word' id='word_1_396' title='bbox 1338 4811 1472 4908; x_wconf 87' lang='lat' dir='ltr'>quippe</span> <span class='ocrx_word' id='word_1_397' title='bbox 1490 4810 1803 4882; x_wconf 88' lang='lat' dir='ltr'>constitutionibus</span> <span class='ocrx_word' id='word_1_398' title='bbox 1823 4837 1906 4883; x_wconf 90' lang='lat' dir='ltr'>cum</span> <span class='ocrx_word' id='word_1_399' title='bbox 1929 4813 1973 4883; x_wconf 90' lang='lat' dir='ltr'>sit</span> <span class='ocrx_word' id='word_1_400' title='bbox 1992 4836 2063 4883; x_wconf 90' lang='lat' dir='ltr'>una</span> 
     </span>
     <span class='ocr_line' id='line_1_37' title="bbox 471 4929 2062 5029; baseline 0.001 -26"><span class='ocrx_word' id='word_1_401' title='bbox 471 4932 612 5029; x_wconf 88' lang='lat' dir='ltr'>penitus</span> <span class='ocrx_word' id='word_1_402' title='bbox 625 4930 822 5003; x_wconf 85' lang='lat' dir='ltr'>substantia</span> <span class='ocrx_word' id='word_1_403' title='bbox 833 4929 1080 5001; x_wconf 88' lang='lat' dir='ltr'>constituentis</span> <span class='ocrx_word' id='word_1_404' title='bbox 1090 4930 1328 5021; x_wconf 89' lang='lat' dir='ltr'>etconstituti,</span> <span class='ocrx_word' id='word_1_405' title='bbox 1348 4943 1471 5027; x_wconf 86' lang='lat' dir='ltr'>utpote</span> <span class='ocrx_word' id='word_1_406' title='bbox 1491 4933 1646 5002; x_wconf 87' lang='lat' dir='ltr'>materiae</span> <span class='ocrx_word' id='word_1_407' title='bbox 1662 4945 1698 5003; x_wconf 89' lang='lat' dir='ltr'>et</span> <span class='ocrx_word' id='word_1_408' title='bbox 1715 4933 1902 5024; x_wconf 85' lang='lat' dir='ltr'>materiati,</span> <span class='ocrx_word' id='word_1_409' title='bbox 1922 4932 2062 5004; x_wconf 85' lang='lat' dir='ltr'>diversa</span> 
     </span>
    </p>
   </div>
   <div class='ocr_carea' id='block_1_4' title="bbox 453 5204 797 5265">
    <p class='ocr_par' dir='ltr' id='par_1_4' title="bbox 453 5204 797 5265">
     <span class='ocr_line' id='line_1_38' title="bbox 453 5204 797 5265; baseline 0.003 -11"><span class='ocrx_word' id='word_1_410' title='bbox 453 5221 467 5234; x_wconf 91' lang='lat'><strong>·</strong></span> <span class='ocrx_word' id='word_1_411' title='bbox 503 5204 605 5264; x_wconf 66' lang='lat' dir='ltr'>tuom..</span> <span class='ocrx_word' id='word_1_412' title='bbox 619 5209 709 5265; x_wconf 67' lang='lat' dir='ltr'>rap-t,</span> <span class='ocrx_word' id='word_1_413' title='bbox 722 5213 745 5253; x_wconf 84' lang='lat' dir='ltr'>v.</span> <span class='ocrx_word' id='word_1_414' title='bbox 761 5207 797 5255; x_wconf 74' lang='lat' dir='ltr'>tt.</span> 
     </span>
    </p>
   </div>
   <div class='ocr_carea' id='block_1_5' title="bbox 0 0 2284 6100">
    <p class='ocr_par' dir='ltr' id='par_1_5' title="bbox 0 0 2284 6100">
     <span class='ocr_line' id='line_1_39' title="bbox 0 0 2284 6100; baseline 0 0"><span class='ocrx_word' id='word_1_415' title='bbox 0 0 2284 6100; x_wconf 95' lang='lat' dir='ltr'> </span> 
     </span>
    </p>
   </div>
  </div>
 </body>
</html>
