4559 6100
178 98 342 190 magister,
360 117 434 160 aum
446 94 510 160 hoc
526 93 708 184 Augustino
725 90 768 158 ad
782 92 915 158 beatum
931 93 1166 180 Hieronymum
1188 91 1341 182 loquente
1359 90 1468 158 dicens
1486 115 1494 157 ε
1518 122 1533 148 «
1546 89 1699 173 Quamvis
1715 89 1784 181 pul-

180 219 285 284 chrius
304 216 345 281 sit
362 236 471 280 senem
490 211 606 279 docere
622 235 719 301 quam
741 210 875 289 discere,
897 211 978 277 mihi
999 226 1108 276 tamen
1125 211 1214 276 nulla
1239 227 1315 277 aetas
1337 234 1407 277 sera
1422 227 1471 277 est
1493 209 1535 275 ad
1551 209 1750 275 discendum.
1765 241 1780 268 s

178 331 277 415 Quod
294 347 402 396 autem
419 327 512 410 dicis,
529 352 582 395 me
599 350 696 394 unam
712 329 904 419 singularem
921 342 1040 392 sanetae
1056 326 1206 392 trinitatis
1221 327 1432 392 substantiam
1448 326 1653 417 cognovisse,
1671 347 1782 390 verum

179 452 290 540 utique
313 464 377 531 est,
399 448 541 514 sednon
562 447 651 513 illam
666 447 882 513 sabellianam
902 444 1171 535 singularitatem,
1188 446 1223 508 in
1239 468 1303 533 qua
1323 422 1389 510 una
1406 446 1474 511 sola
1497 468 1563 527 res,
1587 467 1653 509 non
1676 443 1783 534 plures

178 568 241 634 illis
261 568 364 635 tribus
386 567 571 633 nominibus
597 567 787 658 appellatur,
810 564 923 631 sedin
947 588 1010 653 qua
1035 564 1212 630 substantia
1233 566 1317 629 trina
1340 581 1374 630 et
1398 564 1513 654 triplex
1536 579 1660 627 tantam
1683 564 1784 629 habet

178 689 352 767 unitatem,
371 701 408 750 nt
428 685 514 750 nulla
532 686 594 751 tria
615 709 750 775 usquam
770 700 895 750 tantam
910 683 1068 766 habeant3
1087 683 1178 748 nulla
1198 685 1285 748 enim
1301 683 1362 747 tria
1378 700 1447 748 tam
1465 681 1635 773 singularia
1651 699 1782 773 tamque

180 807 313 896 aequalia
332 822 417 887 sunt,
435 806 516 871 sicut
532 806 749 897 scriptumest
767 827 776 871 t
797 834 812 861 a<
827 806 866 868 ln
881 804 944 868 hac
958 802 1100 868 trinitate
1116 801 1196 867 nihil
1215 805 1302 893 prius
1319 818 1374 868 aut
1388 803 1565 893 posterius,
1581 801 1661 866 nihil
1680 806 1783 890 majus

178 941 234 990 aut
251 926 372 1005 minus,
395 923 452 990 scd
467 940 544 990 totae
560 941 624 991 tres
636 949 782 1015 personae
798 939 967 989 coaeternae
978 921 1040 988 sibi
1054 938 1129 987 sunt
1144 939 1177 987 et
1193 922 1384 1012 coequales.
1403 953 1418 980 ν
1437 922 1502 988 Sed
1516 920 1592 988 licet
1606 920 1658 987 lex
1677 922 1781 1005 dicat,

177 1044 267 1134 quod
285 1045 320 1108 in
337 1060 393 1109 ore
410 1042 550 1109 duorum
570 1042 621 1109 vel
636 1045 734 1109 trium
751 1044 881 1110 testium
901 1058 962 1108 stet
978 1066 1075 1108 omne
1091 1043 1247 1122 verbum,
1269 1065 1328 1107 nes
1344 1058 1453 1111 tamen
1469 1057 1585 1131 quarto
1598 1044 1666 1127 jam
1680 1041 1783 1107 tribus

177 1163 344 1255 apposito,
372 1147 520 1253 quintum
544 1178 578 1227 et
592 1162 726 1228 'sextum
748 1183 964 1252 apponamus,
990 1185 1129 1251 quorum
1155 1162 1345 1228 testimoniis
1365 1163 1487 1227 unitate
1511 1160 1725 1228 similitudinis
1750 1178 1783 1228 et

178 1282 366 1372 aequalitatis
386 1281 556 1363 roborata,
576 1304 617 1347 ne
636 1280 805 1346 videamur
826 1278 885 1345 niti
901 1282 1029 1346 testium
1050 1305 1186 1347 numero
1209 1296 1243 1348 et
1262 1283 1428 1348 occasione
1448 1282 1590 1347 virorum
1612 1282 1782 1348 illusarum

175 1401 396 1491 subterfugere
423 1400 582 1466 rationem
609 1415 643 1465 et
666 1423 734 1467 non
761 1399 880 1465 audere
909 1422 1042 1465 manum
1068 1423 1237 1467 conserere
1262 1425 1321 1492 pro
1347 1400 1584 1492 improbatione
1615 1399 1781 1492 singularis

175 1521 323 1602 unitatis,
346 1517 496 1586 eamdem
517 1519 814 1610 compr....emus¹.
832 1520 894 1586 Dic
915 1543 1011 1611 ergo,
1038 1520 1132 1586 beate
1158 1522 1332 1605 Athenaei,
1355 1520 1472 1586 ‹lirinae
1493 1537 1606 1586 contra
1627 1523 1782 1589 Arrianos

176 1638 327 1706 defensor
342 1637 545 1720 substantia,
567 1640 632 1721 dic,
648 1639 727 1731 quid
744 1640 784 1731 de
801 1641 870 1731 ipsa
886 1640 1062 1725 substantia
1082 1642 1211 1724 senuas,
1231 1658 1281 1723 et,
1300 1642 1381 1707 sicut
1395 1642 1549 1706 Arrianos
1564 1641 1619 1729 qni
1635 1664 1707 1707 earn
1722 1665 1781 1731 per

174 1758 294 1850 gradm
309 1757 494 1839 variabant,
517 1759 636 1841 vicisti,
660 1761 706 1825 ita
727 1776 760 1826 et
775 1759 994 1841 sabellianos,
1013 1760 1069 1850 qui
1089 1783 1242 1850 personas
1262 1760 1467 1826 confundunt
1485 1761 1672 1841 convincas,
1698 1761 1777 1828 dic:

179 1909 193 1936 α
206 1880 320 1968 Neque
336 1877 571 1947 confundentes
586 1902 753 1969 personas,
770 1903 876 1969 neque
892 1902 951 1970 per
966 1879 1178 1945 substantiam
1193 1896 1387 1970 separantes.
1406 1912 1420 1938 s
1440 1880 1596 1947 Personas
1611 1881 1781 1948 confundit

173 2000 231 2087 qui
254 2015 379 2090 patrem
404 1996 521 2075 filium,
544 2014 577 2065 et
599 1998 701 2065 filium
723 2016 847 2090 patrem
871 1998 961 2077 dicit,
989 1999 1077 2089 quod
1102 2022 1231 2066 necesse
1254 2017 1303 2065 est
1326 2023 1402 2066 eum
1426 2000 1532 2066 dicere
1559 2001 1614 2089 qui
1638 2001 1692 2066 illa
1718 1989 1781 2067 tria

172 2121 308 2185 nomina
323 2142 422 2184 unam
440 2118 542 2184 solam
560 2140 631 2186 rem
647 2120 840 2212 singularem
857 2117 1035 2211 significare
1052 2119 1202 2187 voluerit.
1220 2121 1337 2185 Omnia
1354 2122 1440 2186 enirn
1456 2122 1550 2186 unius
1566 2137 1599 2186 et
1614 2122 1780 2212 singularis

171 2240 222 2306 rei
238 2241 369 2305 nomina
388 2237 429 2304 de
444 2261 478 2304 se
493 2239 632 2309 invicem
647 2239 876 2330 praedicantnr,
894 2242 944 2304 lta
958 2240 1055 2330 igitur
1068 2257 1162 2331 pater
1177 2242 1361 2306 incarnatus
1373 2256 1405 2306 et
1420 2262 1529 2331 passus
1545 2257 1604 2322 est,
1623 2243 1697 2331 quia
1712 2244 1781 2332 ipse

172 2376 223 2425 est
250 2358 332 2424 lilius
355 2359 411 2447 qui
432 2358 497 2427 hoc
512 2374 618 2424 tntum
639 2382 748 2448 passus
772 2377 836 2442 est3
862 2358 951 2449 quod
980 2375 1137 2449 qnantum
1158 2382 1244 2425 sanas
1266 2359 1342 2425 fidei
1363 2375 1522 2451 repugnat
1545 2359 1696 2427 adtende.
1723 2363 1781 2428 Se·

171 2479 283 2566 quitur
297 2501 305 2542 z
319 2477 463 2565 «tNeque
474 2477 686 2565 substantiam
701 2495 924 2568 separantes.»
936 2477 1112 2568 Diligenter
1127 2476 1362 2544 intendendum
1379 2495 1437 2561 est,
1451 2496 1560 2544 utrum
1571 2481 1781 2547 substantiam

170 2612 292 2661 sanctae
312 2595 461 2660 trinitatis
482 2596 678 2662 omnimodis
700 2620 742 2662 an
765 2614 854 2664 certo
878 2596 979 2663 modo
1003 2597 1145 2686 separari
1165 2596 1347 2686 probibeat.
1366 2597 1541 2680 Quomodo
1565 2600 1671 2682 euim,
1693 2601 1720 2665 si
1735 2602 1780 2668 sic

170 2731 222 2782 est
237 2739 321 2798 una,
343 2730 379 2779 ut
393 2715 491 2780 etiam
506 2714 613 2804 plures
633 2716 713 2797 siut,
738 2716 819 2782 sicut
833 2716 947 2782 Graeca
969 2716 1086 2780 clamat
1101 2713 1248 2795 eeclesia,
1268 2738 1335 2780 non
1358 2716 1543 2806 separatur?
1558 2719 1675 2783 Omnia
1692 2721 1780 2785 enim

168 2836 267 2926 plura
288 2834 476 2924 pluralitatis
493 2833 564 2925 lege
584 2851 787 2925 separantur,
810 2839 886 2926 quia
906 2836 1060 2926 seriptum
1083 2849 1147 2916 est,
1175 2834 1264 2924 quod
1284 2838 1389 2902 omnis
1406 2836 1589 2903 differentia
1604 2838 1638 2902 in
1656 2837 1778 2905 discre-

167 2954 320 3044 pantium
342 2952 525 3043 pluralitate
547 2954 701 3019 consistit.
725 2954 806 3037 Quae
831 2977 908 3045 ergo
937 2954 1118 3021 differentia
1141 2955 1176 3019 in
1198 2955 1260 3020 hac
1282 2954 1464 3044 pluralitate
1490 2980 1701 3047 personarum
1726 2982 1779 3024 se·

168 3072 320 3139 cundum
335 3097 412 3156 nos,
435 3073 685 3139 substantiarum
705 3051 783 3141 rem
800 3073 978 3141 secundum
999 3075 1130 3140 Graecos
1146 3075 1205 3156 sit,
1227 3075 1458 3164 perquiramus.
1476 3076 1565 3142 Nihil
1580 3067 1673 3143 'enim
1690 3078 1778 3146 aliud

167 3209 220 3259 est
228 3193 405 3257 substantia
418 3194 517 3281 patris
531 3217 630 3282 quam
644 3211 748 3285 pater,
767 3210 800 3260 et
814 3194 992 3260 substantia
1008 3193 1065 3259 lilii
1080 3217 1179 3283 quam
1193 3192 1288 3276 iilius,
1304 3193 1384 3259 sieut
1392 3195 1469 3288 urbs
1484 3198 1596 3261 Romae
1611 3198 1716 3263 Roma
1732 3214 1781 3264 est

166 3328 203 3379 et
226 3327 374 3377 creatura
390 3334 482 3400 aquae
498 3336 582 3401 aqua
602 3329 661 3379 est.
680 3314 764 3396 Quia
784 3336 862 3405 ergo
878 3328 971 3403 pater
987 3311 1233 3403 genuit'lilinm,
1253 3313 1430 3379 substantia
1450 3317 1548 3404 patris
1567 3318 1680 3406 genuit
1699 3317 1779 3382 sub·

165 3431 323 3498 stantiam
344 3431 412 3497 filii.
430 3433 515 3515 Quia
534 3433 632 3523 igitur
654 3432 753 3498 altera
775 3451 824 3499 est
845 3432 1021 3499 substantia
1037 3434 1237 3523 generantis,
1256 3431 1355 3497 altera
1371 3450 1539 3524 generata,
1565 3435 1694 3502 aliaest
1715 3461 1780 3504 una

166 3551 211 3616 ab
237 3550 322 3635 alia;
348 3574 473 3643 semper
488 3553 576 3618 enim
591 3575 748 3642 generans
764 3569 797 3618 et
811 3567 1000 3644 generatum
1016 3552 1109 3643 plura
1125 3568 1218 3635 sunt,
1233 3576 1305 3617 non
1320 3576 1370 3618 res
1386 3577 1471 3637 una,
1490 3554 1667 3621 secundum
1691 3556 1780 3622 illam

164 3671 260 3736 beati
278 3671 449 3759 Augustini
469 3670 637 3760 praefatam
652 3673 859 3754 sententiam,
878 3694 943 3761 qua
959 3672 1004 3737 ait
1024 3670 1114 3761 quod
1132 3670 1222 3736 nulla
1239 3673 1374 3738 omnino
1390 3697 1440 3740 res
1455 3690 1522 3756 est,
1539 3698 1612 3764 quae
1627 3652 1661 3741 se
1677 3677 1778 3765 ipsam

164 3791 303 3882 gignat3
330 3812 402 3877 quae
427 3791 515 3856 enim
538 3807 671 3881 generat
694 3807 741 3857 est
763 3791 923 3883 ingenita,
949 3793 1057 3883 genita
1077 3813 1155 3858 vero
1179 3793 1227 3857 est
1253 3793 1429 3883 unigenita.
1459 3792 1524 3857 Sed
1544 3795 1722 3884 ingenitum
1746 3811 1779 3861 et

161 3908 454 3999 unigenitumsunt
468 3908 573 3997 plura,
588 3911 670 3974 sicut
684 3911 880 4000 Augustinus
891 3910 932 3974 de
950 3911 1113 3976 Trinitate
1131 3911 1176 3976 ait
1191 3933 1199 3975 ε
1222 3937 1236 3970 ι
1251 3909 1278 3974 F
1278 3909 1349 3976 ilius
1364 3910 1495 4001 quidem
1504 3912 1607 4001 ipsam
1626 3914 1778 3980 substan-

158 4029 249 4094 tiam
274 4024 374 4091 debet
398 4027 495 4115 patri,
518 4056 533 4084 ι
557 4026 592 4093 id
615 4042 673 4106 est,
697 4028 787 4117 quod
814 4044 861 4096 est
890 4028 1067 4094 substantia
1095 4052 1114 4093 a
1138 4044 1230 4119 patre
1251 4026 1351 4093 habet
1375 4044 1409 4094 et
1432 4031 1473 4095 ab
1494 4033 1562 4117 ejus
1582 4021 1775 4117 substantia3

163 4171 238 4214 non
261 4168 341 4235 ergo
363 4145 497 4210 omnino
521 4169 688 4236 mamus
702 4148 804 4212 vitare
828 4148 1063 4236 separationem
1091 4144 1197 4212 faeere
1220 4146 1452 4215 insubstantia
1474 4166 1592 4216 sancte
1613 4151 1774 4217 mimantis.

160 4269 282 4334 Restat
308 4289 398 4357 erga,
419 4281 457 4331 ut
471 4281 561 4332 certo
587 4264 689 4332 modo
713 4267 948 4356 separationem
962 4266 1151 4358 prohibeat3
1169 4268 1226 4357 qui
1239 4266 1358 4333 modus
1373 4270 1444 4358 quis
1459 4270 1500 4335 sit
1521 4270 1673 4354 ostendit,
1700 4293 1776 4336 cum

206 4532 214 4564 ¹
224 4526 271 4581 Str
278 4528 422 4582 &anum
