4559 6100
873 562 1100 635 DlALOGUS.
1715 565 1786 639 699

196 712 331 786 tionem
346 693 456 782 babet
473 711 636 803 localem,
655 711 757 809 eujus
773 711 924 781 omnino
939 710 1090 812 simplex
1101 726 1136 783 et
1152 711 1364 810 incorporea
1380 727 1583 810 perseverat
1596 715 1784 786 aeternitas.

194 832 286 906 Cum
310 831 415 926 igitur
430 855 607 928 nusquam
624 832 669 902 sit
690 829 861 920 localiter,
886 827 924 900 id
941 845 993 901 est
1007 831 1184 928 positione
1206 831 1311 904 locali
1331 830 1534 924 conclusus,
1554 830 1689 930 ubique
1711 821 1784 906 ta‘m

196 949 232 1020 iu
250 948 417 1024 omnibus
432 948 531 1035 locis,
549 975 657 1048 quarn
675 950 769 1028 circa
785 949 906 1020 curtlia
923 948 1001 1020 loca
1020 974 1083 1046 per
1101 949 1318 1050 operationis
1333 951 1530 1048 potentiam
1546 975 1621 1022 esse
1639 951 1780 1030 dicitur,

199 1068 337 1140 Etenim
352 1069 389 1140 iu
409 1068 578 1141 omnibus
593 1070 681 1140 locis
698 1068 795 1141 nulla
814 1069 880 1140 nisi
898 1092 942 1139 eo
959 1066 1173 1166 disponente
1190 1083 1375 1165 geruntur,
1394 1069 1495 1140 etsie
1512 1070 1544 1140 ei
1561 1069 1641 1142 loca
1658 1087 1788 1143 carnote

196 1190 381 1286 praesentia
408 1186 475 1259 sibi
502 1189 557 1260 vel
582 1189 658 1288 ipse
685 1189 777 1280 illis,
807 1203 843 1260 ut
871 1186 1114 1285 quodcunque
1137 1186 1222 1258 velit
1248 1186 1299 1260 ibi
1324 1185 1401 1264 lieri
1428 1213 1571 1260 necesse
1596 1190 1651 1280 sit,
1681 1192 1788 1264 etsie

199 1302 344 1402 ubique,
366 1319 406 1375 ut
423 1304 561 1378 dictum
584 1323 649 1399 est,
673 1334 738 1407 per
758 1308 925 1405 potentiae
946 1330 1016 1376 suae
1042 1305 1327 1403 magnitudinem
1352 1331 1427 1378 esse
1454 1306 1596 1379 dieitur.
1623 1306 1728 1380 Unde
1750 1309 1787 1378 in

196 1437 308 1495 semet
328 1449 393 1521 per
409 1424 624 1526 prophetam
646 1425 804 1523 loquitur
824 1429 853 1494 ¹:
880 1423 1042 1495 nCoelum
1061 1437 1096 1494 et
1113 1439 1244 1495 terram
1265 1450 1331 1521 ego
1350 1426 1496 1526 impleo,
1510 1457 1527 1491 ι)
1551 1440 1586 1497 et
1606 1425 1788 1500 Psalmista

196 1566 374 1639 nusquam
399 1544 476 1614 irati
498 1546 696 1644 potentiam
718 1569 755 1615 se
773 1543 928 1640 elingere
950 1565 1055 1642 posse
1079 1542 1311 1615 considerans
1335 1542 1517 1615 dicebat²:
1546 1546 1662 1631 «Quo
1689 1543 1788 1617 iboa

197 1660 324 1758 spiritu
341 1674 404 1736 tuo
422 1676 457 1732 et
481 1686 554 1760 quo
568 1687 587 1733 a
601 1661 689 1736 laeie
706 1676 766 1734 tua
787 1659 947 1757 fugiam?
965 1660 1000 1731 Si
1022 1660 1217 1733 ascendero
1234 1661 1271 1732 in
1295 1661 1439 1749 coelum,
1460 1676 1498 1733 tu
1514 1660 1584 1733 illic
1605 1685 1655 1750 es,
1677 1662 1707 1733 si
1723 1661 1785 1733 de-

195 1778 368 1850 scendero
394 1779 439 1851 ad
462 1779 658 1872 infernum,
684 1759 786 1873 ades,
814 1794 881 1853 etc.
910 1810 927 1846 a
958 1780 1054 1850 Sicut
1080 1793 1199 1851 autem
1227 1781 1264 1852 iu
1289 1781 1457 1853 omuibus
1483 1781 1570 1852 locis
1601 1781 1656 1851 vel
1694 1780 1787 1854 inua

196 1898 319 1969 omnia
337 1922 402 1995 per
418 1899 584 1998 potentiae
603 1923 675 1971 suae
696 1900 942 1998 operationem
959 1899 1014 1969 vel
1033 1896 1303 1996 dispositionem
1320 1899 1451 1971 dicitur
1469 1924 1556 1986 esse,
1586 1898 1668 1995 quia
1688 1898 1786 1969 vide·

196 2016 277 2087 licet
299 2030 428 2090 cuncta
445 2017 494 2089 ibi
511 2017 566 2089 vel
585 2017 729 2119 disponi
751 2043 817 2116 per
835 2042 917 2088 eum
937 2041 1079 2088 neeesse
1097 2030 1162 2106 est,
1180 2018 1229 2089 sic
1247 2018 1353 2092 etiam
1370 2020 1447 2117 ipsa
1466 2018 1547 2090 loca
1569 2016 1788 2090 concludens

196 2136 289 2207 cirea
310 2159 352 2207 ea
370 2134 603 2207 nihilominus
623 2138 789 2208 asseritur
811 2160 905 2220 esse,
922 2135 996 2207 >hoc
1015 2149 1086 2226 est,
1105 2136 1155 2206 sic
1178 2160 1220 2207 ea
1243 2138 1280 2207 in
1297 2161 1361 2208 sua
1383 2152 1556 2235 potestate
1575 2135 1729 2227 babere,
1750 2153 1789 2207 nt

198 2252 286 2324 nibil
301 2255 338 2324 in
361 2257 411 2326 eis
425 2257 500 2326 sine
518 2256 597 2356 ipso
617 2256 672 2327 vel
687 2255 761 2352 ejus
779 2253 1012 2356 dispositione
1031 2253 1107 2326 steri
1125 2256 1248 2352 possit.
1267 2258 1358 2325 Cum
1375 2256 1494 2353 itaque
1511 2281 1576 2355 per
1592 2257 1788 2354 potentiam

198 2395 313 2465 suam,
330 2387 369 2444 ut
384 2373 597 2464 dictumest,
620 2388 692 2450 tam
712 2376 805 2446 intra
820 2374 955 2468 omnia,
977 2398 1088 2473 quam
1104 2388 1202 2461 extra
1219 2379 1314 2446 Deus
1331 2376 1375 2446 sit
1390 2390 1426 2446 et
1441 2376 1576 2464 omnia,
1602 2390 1789 2471 quantum·

198 2510 341 2583 cunque
368 2486 481 2559 solida
508 2488 598 2577 sint,
627 2490 774 2589 propria
799 2490 928 2561 virtute
956 2502 1136 2587 penetret,
1165 2489 1351 2584 quiscum
1379 2487 1480 2560 locus
1506 2488 1699 2587 impediat,
1728 2515 1786 2578 ne,

197 2605 402 2703 ubieunque
430 2607 597 2679 omnibus
627 2603 731 2698 velit,
762 2633 863 2704 aeque
894 2632 995 2679 suam
1020 2608 1201 2705 impertire
1225 2608 1388 2679 notitiam
1414 2608 1552 2706 possit?
1580 2613 1632 2680 Eo
1656 2609 1789 2707 quippe

199 2725 323 2814 modo,
352 2750 426 2823 quo
446 2726 535 2797 locis
556 2726 724 2798 omnibus
749 2728 863 2798 inesse
881 2727 934 2797 vel
958 2749 1106 2824 praeesse
1127 2751 1192 2823 per
1208 2727 1423 2823 potentiam,
1450 2751 1525 2798 non
1553 2752 1618 2825 per
1639 2726 1789 2798 localem

199 2844 428 2940 positionem,
455 2844 596 2933 dicitnr,
621 2845 755 2943 ubique
773 2845 828 2916 sui
853 2845 1037 2936 notitiam,
1057 2843 1331 2943 quibuscunque
1348 2845 1513 2933 voluerit,
1537 2844 1646 2917 habet
1664 2846 1790 2943 imper·

199 2955 279 3044 tire,
313 2980 381 3026 nec
411 2979 551 3028 summa
577 2970 612 3027 et
635 2956 800 3056 spiritalis
825 2956 955 3046 virtus,
983 2957 1040 3027 cui
1070 2955 1194 3027 omnia
1220 2970 1303 3027 sunt
1330 2957 1451 3055 pervia
1479 2955 1557 3027 loca
1583 2981 1662 3055 qua>
1687 2972 1786 3044 sunt,

91 3147 93 3149 ,
200 3073 318 3170 aliqua
340 3073 516 3145 soliditate
541 3075 597 3145 vel
616 3074 785 3171 qualitate
809 3075 997 3173 praepediri
1012 3089 1143 3172 potest.
1167 3075 1310 3172 Quippe
1332 3100 1414 3145 cum
1438 3074 1578 3146 claritas
1602 3075 1684 3146 solis
1704 3075 1789 3146 soli-

199 3191 384 3262 dissimum
405 3192 534 3263 vitrum
546 3193 597 3263 sic
613 3207 787 3291 penetret,
811 3207 850 3263 ut
863 3218 928 3290 per
946 3192 1062 3290 ipsum
1080 3215 1226 3288 quoque
1245 3216 1346 3263 suam
1369 3191 1474 3262 nobis
1491 3190 1789 3295 illuminationem

201 3309 387 3401 infundat,
418 3327 453 3382 et
486 3336 639 3409 corpora
665 3327 786 3384 nostra
812 3326 895 3409 post
918 3311 1214 3382 resurrectionem
1242 3324 1346 3380 tantae
1372 3310 1575 3381 subtilitatis
1607 3309 1685 3381 lore
1712 3335 1791 3381 ere-

202 3428 341 3518 damus,
365 3443 401 3499 ut
413 3430 487 3524 jam
507 3431 557 3500 eis
573 3429 731 3527 quodam
749 3429 859 3501 modo
877 3427 1093 3530 spiritalibus
1107 3427 1208 3499 iactis
1225 3427 1322 3499 nulla
1341 3428 1451 3523 possit
1467 3427 1609 3500 obstare
1628 3429 1787 3516 materia,

203 3546 298 3619 unde
326 3562 361 3618 et
385 3546 607 3619 dominicum
631 3573 781 3647 corpus,
809 3547 908 3644 quod
933 3547 1052 3620 adhue
1075 3545 1216 3617 mortali
1243 3545 1363 3617 clauso
1389 3547 1481 3617 vitro
1507 3562 1629 3617 natum
1655 3548 1787 3638 fuerat,

203 3679 284 3761 post
309 3666 604 3738 resurrectionem
626 3667 701 3763 jam
724 3666 924 3739 immortale
947 3680 982 3737 et
1003 3662 1220 3763 impassibile
1243 3663 1370 3735 clausis
1386 3665 1503 3760 januis
1527 3665 1573 3735 ad
1599 3664 1791 3761 discipulos

201 3785 358 3875 intravit,
381 3784 494 3855 multo
520 3809 605 3880 ergo
624 3787 735 3882 magis
752 3809 930 3858 summam
947 3783 1046 3856 illam
1063 3782 1192 3853 divinae
1213 3781 1378 3853 claritatis
1394 3781 1569 3854 visionem
1587 3781 1687 3853 nullo
1705 3808 1790 3879 prae·

202 3902 316 4000 pediri
338 3928 443 4000 posse
471 3903 677 3991 obstaculo,
705 3905 762 3975 vel
783 3904 853 3975 loci
877 3903 1144 4002 propinquitate
1169 3900 1214 3972 ad
1231 3899 1514 3979 ¹illuminandum
1536 3901 1695 3997 adjuvari
1720 3924 1791 3971 cre·

201 4021 361 4093 dendmn
385 4037 449 4094 est.
482 4027 572 4094 Nam
590 4038 625 4094 et
650 4023 769 4118 ignem
792 4024 854 4119 qui
877 4023 1002 4093 ceteris
1021 4018 1184 4092 subtilior
1204 4036 1257 4091 est
1275 4019 1477 4110 elementis,
1503 4018 1587 4090 inde
1610 4043 1684 4090 non
1708 4020 1792 4088 reoi-

205 4165 288 4236 pere
313 4142 509 4213 sectionem
527 4141 657 4232 dicitis,
677 4143 762 4237 quia
778 4141 877 4212 nullo
896 4140 1106 4238 interposito
1123 4162 1275 4235 corpore
1292 4151 1408 4235 partes
1425 4138 1500 4233 ejus
1513 4134 1623 4209 dividi
1642 4151 1788 4233 queant.

204 4258 315 4328 llulto
342 4275 463 4331 autem
487 4261 606 4332 miuus
623 4259 786 4358 spiritalis
802 4258 1001 4331 substantia
1019 4280 1098 4355 quae
1115 4255 1221 4352 longe
1239 4256 1338 4327 omni
1359 4280 1512 4353 corpore
1536 4255 1700 4327 subtilior
1717 4269 1788 4343 est,

204 4399 380 4472 corporeo
407 4377 622 4476 praepeditur
639 4378 837 4450 obstaculo.
862 4381 952 4449 Cum
970 4400 1056 4448 vero
1081 4374 1245 4446 divinitas
1268 4387 1372 4445 tantae
1390 4371 1589 4444 subtilitatis
1611 4372 1673 4463 sit,
1694 4387 1732 4442 ut
1752 4372 1789 4442 in

204 4500 281 4587 ejus
315 4496 584 4591 comparatione
618 4482 783 4595 quaelibet
809 4496 884 4566 aliae
918 4509 1052 4566 naturae
1081 4515 1261 4590 corporeae
1292 4506 1514 4580 censeantur,
1550 4504 1585 4561 et
1612 4490 1688 4588 ipsa
1714 4490 1791 4561 sola

206 4625 367 4708 respectu
404 4612 552 4683 aliarum
580 4613 791 4711 incorporea
815 4611 1016 4707 judicetur,
1049 4607 1236 4707 quomodo
1266 4630 1405 4678 summa
1434 4608 1509 4703 ejus
1534 4608 1673 4682 claritas
1711 4634 1788 4704 quae

205 4745 334 4802 cuncta
350 4730 605 4827 cognoscendo
624 4731 839 4821 considerat,
857 4729 1083 4801 obstaculum
1100 4724 1269 4821 habebit?
1286 4729 1364 4813 Qua
1381 4727 1504 4819 etiam,
1527 4728 1588 4822 qui
1608 4727 1787 4815 fruuntur,

205 4874 289 4920 cum
307 4850 431 4921 omnia
458 4848 613 4943 videant,
639 4849 808 4946 quiequid
834 4873 896 4921 eos
921 4848 1011 4919 seire
1034 4846 1241 4936 conveniat,
1268 4858 1586 4942 quantumcunque
1611 4859 1788 4916 remotum

246 5121 356 5175 ¹larem..
367 5138 421 5187 rap.
433 5138 504 5185 xxrtr,
516 5139 539 5175 r.
553 5130 592 5177 tt.
606 5153 634 5163 —
646 5130 655 5158 ²
666 5124 763 5176 Paalm.
777 5136 877 5189 cxxxix,
887 5139 910 5173 r.
923 5128 947 5184 t,
957 5125 980 5174 8.
