4559 6100
710 569 752 642 lt
778 566 1024 641 urtstotttt
1051 570 1110 640 AD
1135 555 1362 642 ROMANOS.
1763 563 1836 640 303

239 729 461 805 everterunt,
485 729 525 787 ut
540 715 638 789 idola
656 730 795 790 tanturn
812 717 1028 789 colerentur.
1052 747 1069 783 α
1084 717 1154 789 Sed
1175 715 1264 814 quid
1279 715 1419 789 disin»
1446 713 1484 786 id
1506 730 1559 787 est
1575 717 1714 815 putavit
1730 708 1837 790 ita'se

239 836 357 909 solum
381 836 614 924 remansisse,
646 835 710 908 sed
735 836 846 935 ipsius
873 835 939 908 Dei
974 836 1181 908 testimonio
1209 859 1328 907 errare
1359 833 1631 933 comprobatur.
1657 836 1834 935 «Reliqui

241 955 341 1046 mihi,
359 985 377 1021 s
397 954 435 1027 id
450 969 504 1027 est
529 979 603 1027 non
621 954 735 1053 abjeci
756 956 905 1053 agretia
930 980 1021 1028 mes.
1044 986 1061 1021 α
1078 956 1177 1045 Baal,
1194 985 1211 1022 u
1230 954 1267 1026 id
1285 967 1339 1027 est
1356 953 1494 1026 idolum
1521 954 1603 1027 Baal
1621 969 1658 1027 et
1682 954 1852 1029 tentet.-

243 1076 331 1147 «Sic
350 1097 484 1172 ergo.»
502 1074 809 1173 Quandoquidem
826 1075 872 1149 de
887 1076 988 1148 Helia
1006 1075 1211 1174 exemplum
1229 1074 1452 1163 induximus,
1473 1072 1518 1146 ad
1536 1073 1624 1171 quid
1649 1074 1835 1147 inductum

241 1197 286 1268 sit
307 1195 538 1291 assignemus.
563 1200 607 1267 Et
626 1195 697 1269 hoc
718 1211 772 1268 est
796 1196 896 1294 quod
920 1196 1018 1285 dicit,
1046 1196 1097 1267 sic
1119 1195 1228 1267 etiam
1254 1219 1364 1288 nnnc,
1392 1223 1409 1262 n
1425 1192 1595 1292 reliquiae,
1616 1225 1634 1262 s
1654 1193 1691 1268 id
1714 1208 1767 1266 est
1787 1194 1837 1265 illi

241 1338 334 1412 quos
357 1337 431 1387 nun
459 1315 588 1412 abjecit
614 1317 810 1408 Dominum,
831 1345 849 1383 r<
865 1314 1065 1388 secundum
1092 1315 1302 1388 electionem
1331 1316 1448 1410 gratia:
1471 1315 1586 1408 Det»
1609 1335 1684 1416 nqn
1710 1317 1836 1387 merita

240 1434 413 1531 ipsorum.
433 1463 451 1500 ιι
464 1434 501 1505 si
518 1449 638 1507 autem
654 1436 779 1531 gratia,
792 1464 809 1502 u
825 1436 863 1507 id
880 1449 934 1507 est
950 1435 1195 1532 pergratiam,
1213 1432 1367 1506 subaudi
1381 1434 1485 1507 salvae
1502 1435 1600 1507 iactae
1613 1447 1708 1527 sunt,
1727 1462 1745 1503 u
1760 1435 1834 1530 jam

241 1577 314 1626 nou
339 1578 383 1626 ex
402 1553 584 1653 operibus,
601 1583 621 1623 n
640 1554 676 1626 id
700 1570 753 1627 est
776 1580 818 1627 ex
836 1555 969 1628 meritis
993 1555 1079 1627 suis.
1102 1559 1181 1626 Nou
1203 1553 1288 1626 dicit
1308 1577 1374 1653 per
1391 1556 1530 1647 merita,
1546 1553 1609 1627 sed
1625 1541 1832 1646 er'meritis,

241 1673 325 1770 quia
345 1687 382 1745 et
403 1674 514 1770 gratia
530 1676 596 1745 Dei
622 1675 747 1747 merite
768 1674 866 1748 Pauli
888 1689 923 1748 et
945 1674 1101 1748 aliorum
1124 1698 1200 1745 uon
1223 1672 1393 1744 excludit.
1419 1674 1558 1746 Sedes
1578 1674 1711 1748 meritis
1728 1689 1833 1766 esset,

240 1815 316 1864 non
348 1816 389 1865 ex
419 1793 552 1888 gratia,
581 1794 611 1865 si
640 1818 662 1867 a
688 1796 822 1866 meritis
845 1797 978 1866 nostris
1001 1793 1232 1892 procederet,
1256 1815 1323 1864 nec
1348 1794 1458 1889 gratia
1481 1794 1547 1865 Dei
1571 1794 1728 1892 prmiret,
1757 1817 1835 1892 quse

242 1910 350 1983 fidem
370 1910 497 1984 saltem
517 1913 719 2012 inspiraret,
737 1914 795 1987 vel
818 1913 1068 2013 praedicatores
1083 1912 1262 2009 dirigeret.
1286 1939 1304 1980 u
1319 1911 1528 2010 Alioquin,»
1546 1911 1583 1983 id
1602 1927 1655 1985 est
1671 1913 1700 1985 si
1718 1914 1833 2005 aliter,

241 2029 278 2102 id
304 2044 358 2103 est
380 2033 562 2104 contrario
589 2033 701 2106 modo
727 2055 838 2132 quam
861 2033 945 2105 dico
964 2033 1153 2120 evenisset,
1179 2031 1218 2104 id
1237 2031 1336 2129 quod
1362 2032 1473 2104 modo
1498 2045 1552 2106 est
1574 2032 1697 2130 gratia,
1723 2033 1757 2104 id
1784 2050 1836 2104 est

241 2151 347 2247 gratis
372 2149 566 2245 collatum,
596 2177 669 2225 non
701 2151 999 2253 praevenientibus
1022 2153 1157 2224 meritis
1187 2153 1331 2244 nostris,
1362 2152 1472 2249 gratia
1501 2155 1567 2225 Dei
1598 2182 1615 2222 e
1641 2177 1716 2224 non
1747 2167 1836 2224 essct

243 2270 365 2363 gratim
379 2299 397 2337 u
415 2268 478 2342 sed
501 2271 670 2343 meritum
687 2273 817 2344 solum.
842 2272 1106 2345 Convenienter
1130 2271 1178 2344 ab
1204 2270 1303 2344 Helia
1327 2270 1599 2344 similitudinem
1624 2274 1671 2345 ad
1696 2286 1835 2369 tempus

243 2401 406 2460 nostrum
423 2392 614 2489 Apostolus
629 2391 769 2464 induxit
791 2406 827 2464 et
846 2393 1074 2464 convenienti
1096 2392 1261 2490 exemplo
1286 2392 1513 2464 temerarium
1535 2391 1711 2488 judicium
1733 2396 1835 2463 Gen·

244 2506 334 2578 tium
356 2507 540 2582 confutare
567 2511 709 2609 incipit,
734 2536 817 2583 cum
843 2512 950 2583 etiam
977 2524 1119 2583 tantum
1142 2510 1259 2582 virum
1287 2508 1333 2582 de
1361 2510 1538 2583 consimili
1559 2512 1835 2610 presumptione

243 2649 265 2697 a
293 2628 450 2701 Domino
478 2629 633 2702 viderint
659 2629 930 2729 reprehensum.
958 2631 1097 2703 Scimus
1122 2634 1300 2703 loannem
1328 2631 1521 2729 Baptistam
1554 2630 1654 2728 quasi
1684 2630 1836 2704 alterum

242 2744 380 2819 Heliam
405 2749 563 2846 primum
588 2750 737 2821 Domini
759 2749 957 2822 adventum
981 2750 1214 2849 praecessisse,
1233 2763 1269 2822 et
1289 2749 1465 2848 populum
1491 2749 1709 2842 ludaeorum,
1734 2752 1836 2847 quasi

242 2861 289 2935 de
312 2889 440 2938 eorum
463 2866 669 2967 desperaret
690 2868 816 2959 salute,
835 2869 987 2965 graviter
1011 2867 1169 2966 arguisse
1193 2868 1249 2940 his
1275 2867 1435 2941 verbis¹z
1458 2898 1476 2937 κ
1492 2869 1681 2941 Genimina
1701 2870 1837 2969 vipera-

243 3006 342 3075 rum,
368 2999 437 3059 etc.
455 3016 473 3053 s
496 3001 537 3059 ut
557 2987 594 3059 in
616 2986 688 3060 huc
703 3012 850 3087 quoque
868 3003 1031 3089 tempore
1047 2990 1165 3086 gratiae
1188 2988 1324 3087 dequo
1340 2989 1512 3090 scriptum
1533 3002 1607 3081 est,
1629 2991 1837 3088 «usquead

242 3106 417 3178 loannem
428 3104 485 3178 lex
496 3120 532 3179 et
541 3107 740 3207 Prophetae,
755 3137 772 3175 u
787 3132 828 3182 ea
842 3133 921 3206 quse
933 3134 1031 3181 nunc
1044 3108 1090 3181 de
1102 3109 1202 3215 Helia
1215 3108 1311 3181 dicta
1324 3123 1409 3181 suut
1422 3130 1622 3181 consonare
1633 3109 1834 3183 videantur.

295 3252 313 3294 u
327 3225 424 3313 Quid
439 3250 539 3322 ergo.
557 3257 575 3293 u
595 3227 901 3325 Quandoquidem
917 3228 1150 3300 exelectione
1167 3227 1288 3324 gratiae
1303 3228 1370 3298 Dei
1384 3230 1505 3326 potius
1522 3252 1630 3325 quam
1645 3252 1688 3299 er
1703 3231 1836 3301 moritis

243 3345 327 3436 suis,
355 3345 513 3445 reliquiae
537 3360 679 3420 tantum
704 3347 809 3418 lsrael
835 3348 941 3423 salver
967 3346 1023 3419 vel
1046 3345 1188 3419 salvatae
1204 3346 1304 3418 iactae
1321 3359 1419 3435 suut,
1441 3345 1548 3441 igitur
1565 3346 1664 3441 quid,
1684 3346 1837 3418 subaudi

244 3461 457 3555 dicendum,
481 3466 527 3539 sit
545 3480 660 3566 patet,
677 3465 747 3538 hoc
763 3466 898 3538 scilicet
914 3464 1014 3563 quod
1038 3465 1199 3561 sequitur
1222 3464 1306 3562 quia
1330 3492 1348 3533 u
1360 3464 1461 3561 quod
1482 3462 1661 3561 querebat
1677 3465 1796 3555 lsrael,
1814 3495 1832 3534 u

244 3580 282 3652 id
305 3596 357 3655 est
372 3584 575 3682 requirebat
591 3610 613 3659 a
627 3590 705 3657 Deo
728 3585 830 3683 quasi
845 3608 964 3674 suum,
985 3597 1021 3657 et
1036 3606 1101 3683 per
1117 3607 1227 3683 opera
1243 3582 1311 3654 sibi
1329 3582 1506 3675 debiturn,
1526 3608 1628 3655 enon
1646 3594 1699 3656 est
1714 3608 1837 3656 conse·

244 3714 360 3790 cutus,
374 3731 392 3771 s
406 3705 514 3777 vitam
525 3705 661 3778 scilicet
671 3719 853 3797 artemam,
871 3703 927 3776 vel
941 3719 1109 3777 aeternam
1123 3702 1378 3775 haereditatem.
1398 3731 1416 3772 u
1425 3703 1559 3775 Electio
1573 3726 1678 3797 vero,
1696 3733 1714 3769 r
1730 3704 1767 3776 id
1783 3720 1836 3778 est

247 3822 343 3895 Pauli
360 3839 396 3897 et
411 3825 825 3925 eorumquidepopulo
841 3810 902 3897 illu
916 3824 1143 3923 pergratiam
1162 3824 1226 3895 Dei
1241 3823 1342 3896 electi
1359 3834 1454 3915 sunt,
1471 3824 1571 3923 quod
1587 3823 1778 3922 quaerebat,
1800 3828 1837 3899 id

245 3954 296 4013 est
314 3944 422 4041 vitum
436 3959 619 4037 aeternam,
639 3959 856 4017 «consecuta
870 3958 922 4017 est
940 3971 949 4017 ε
967 3945 1083 4018 ceteri
1098 3967 1185 4016 veru
1199 3942 1362 4015 escaecati
1382 3958 1468 4016 sunt
1487 3972 1505 4012 n
1525 3968 1601 4015 non
1621 3944 1740 4017 solum
1759 3970 1839 4017 non*

244 4063 395 4135 assecuti
418 4063 520 4161 quod
546 4061 776 4162 quaerebant,
801 4064 865 4137 sed
887 4088 934 4135 ne
960 4062 1109 4136 ulterius
1134 4061 1285 4136 credant
1311 4063 1452 4161 penitus
1477 4063 1669 4164 reprobati.
1700 4066 1836 4138 «Sicut

245 4182 417 4282 scriptum
439 4189 535 4257 est':
555 4184 663 4257 Dedit
679 4184 747 4256 illis
763 4185 927 4283 spiritum
947 4183 1250 4283 compunctionis.
1268 4210 1286 4252 u
1309 4183 1481 4282 Origenes
1507 4209 1515 4254 ε
1541 4214 1558 4250 α
1578 4182 1647 4256 Ubi
1664 4184 1836 4284 scriptum

245 4302 316 4373 sit:
335 4330 353 4369 c
372 4302 480 4376 Dedit
502 4304 571 4376 illis
594 4309 692 4376 Deus
711 4304 876 4403 spiritum
889 4304 1193 4402 compunctionis,
1212 4302 1338 4375 oculos
1354 4316 1394 4374 ut
1413 4327 1488 4374 non
1505 4302 1664 4398 videant,
1682 4319 1718 4376 et
1733 4329 1841 4377 aures·

248 4429 405 4494 «utnon
418 4421 566 4495 audiant
579 4453 597 4491 r
612 4448 726 4522 usque
742 4425 780 4495 in
799 4423 895 4496 hanc
908 4421 1005 4495 diem
1020 4421 1194 4494 hactenus
1208 4421 1368 4494 invenire
1383 4418 1457 4494 non
1475 4424 1576 4521 potui
1590 4446 1599 4494 t
1613 4438 1701 4522 puto
1718 4440 1837 4497 autern

246 4537 318 4612 lroc
343 4542 454 4614 modo
477 4541 608 4615 dixisse
630 4543 886 4642 Apostolum:
911 4542 1063 4614 «Caeteri
1079 4565 1167 4614 vero
1191 4541 1355 4613 exoaecati
1371 4555 1467 4636 sunt,
1493 4552 1528 4614 et
1551 4542 1642 4615 sicut
1664 4544 1837 4643 scriptum

246 4691 266 4729 r
280 4673 338 4732 est
355 4658 406 4732 de
418 4660 500 4754 illis,
515 4662 618 4735 dedit
635 4662 686 4735 eis
708 4662 873 4760 spiritum
888 4660 1191 4760 compunctionis,
1208 4688 1228 4729 u
1241 4659 1441 4733 secundum
1462 4684 1505 4734 ea
1527 4686 1607 4759 quac
1623 4660 1838 4735 decaecitate

243 4778 437 4853 oculomm
452 4794 489 4854 et
506 4781 554 4854 de
568 4780 694 4855 auditu
715 4783 857 4854 aurium
873 4806 937 4881 per
958 4782 1083 4855 lsaium
1099 4779 1197 4853 dicta
1216 4783 1320 4852 sunt‘
1340 4800 1349 4851 t
1371 4780 1528 4853 «Auditu
1545 4782 1695 4854 audietis
1711 4794 1747 4853 et
1762 4803 1835 4850 non

280 5091 453 5155 'Mattnmsp
462 5103 560 5152 ntur.
573 5094 650 5146 tt.—
660 5089 748 5151 nest,
759 5103 815 5155 cen.
827 5104 860 5153 n,
872 5104 895 5141 r.
909 5092 933 5142 9.
944 5092 1147 5155 *sommas
1157 5102 1193 5152 n,
1204 5099 1228 5141 r.
1241 5092 1265 5141 t.
1277 5112 1306 5127 ·-
1315 5089 1324 5123 ⁴
1333 5084 1402 5147 Issi,
1414 5100 1468 5151 css.
1481 5098 1518 5149 n,
1529 5099 1553 5138 r.
1564 5084 1704 5147 moltam,
1714 5098 1768 5147 esu
1778 5099 1838 5146 nn,

237 5185 268 5218 v.
281 5172 319 5221 ll.
1418 5216 1420 5219 .
