4559 6100
695 451 1012 563 tnurrsrouru
1037 453 1347 532 nunouanos.
1742 458 1813 533 rsa

9 524 23 813 l

9 974 22 1211 p
800 955 1239 1081 ruouocus

7 1312 13 1387 l

275 1315 403 1390 Omnis
420 1316 604 1414 Scriptura
617 1314 753 1413 divina,
777 1342 879 1393 more
903 1318 1072 1394 orationis
1094 1318 1295 1410 rhetorice,
1318 1330 1382 1393 aut
1404 1284 1538 1391 docere
1561 1313 1728 1405 intendit,
1757 1329 1820 1387 aut

224 1459 383 1510 movere.
401 1439 516 1509 Docet
531 1437 681 1537 quippe,
698 1436 883 1539 dumque
900 1439 977 1512 lieri
992 1438 1049 1513 vel
1061 1439 1165 1512 vitari
1191 1451 1335 1539 oportet
1358 1437 1527 1512 insinuat.
1545 1438 1666 1510 Movet
1682 1448 1817 1525 autem,

224 1555 315 1629 dum
330 1556 439 1629 sacris
454 1553 763 1632 admonitionibus
783 1540 856 1632 suis
877 1557 1099 1633 voluntatem
1120 1573 1284 1633 nostram
1298 1556 1356 1633 vel
1373 1554 1615 1631 dissuadendo
1633 1553 1783 1629 retrahit
1799 1576 1821 1625 a

225 1673 340 1768 maiis,
359 1676 417 1748 vel
432 1674 682 1775 persuadendo
710 1677 867 1778 applicat
888 1677 996 1752 bonis
1013 1706 1022 1751 z
1041 1695 1081 1752 ut
1098 1679 1175 1778 jam
1202 1677 1367 1752 videlicet
1395 1675 1544 1776 implere
1568 1672 1719 1749 velimus
1741 1695 1821 1771 quae

224 1793 408 1895 implenda
421 1818 498 1867 esse
516 1793 719 1891 didicimus,
738 1795 796 1871 rel
813 1798 925 1872 vitare
938 1799 1131 1872 contraria.
1150 1802 1255 1871 Juxta
1271 1797 1367 1870 hanc
1388 1797 1508 1897 itaque
1530 1794 1722 1883 rationem,
1746 1806 1822 1864 tam

223 1913 353 1987 veteris
365 1937 476 2012 quam
491 1914 578 1988 novi
588 1917 802 1990 Testamenti
816 1918 993 2019 tripartite
1008 1932 1060 1992 est
1073 1918 1251 1993 doctrina.
1269 1921 1310 1991 ln
1324 1916 1437 1990 veteri
1450 1938 1582 2016 nempe
1591 1918 1821 1987 Testamenta

224 2033 281 2107 lex
293 2057 375 2133 quae
391 2033 428 2106 in
446 2034 606 2133 quinque
622 2035 722 2110 libris
741 2039 873 2137 Moysis
891 2039 1111 2131 continetur,
1138 2050 1316 2139 praecepta
1338 2036 1486 2110 Domini
1515 2035 1675 2135 primum
1700 2031 1819 2105 docet.
1873 2094 1877 2107 ,

224 2152 380 2246 Deinde,
398 2152 583 2253 propbetae
603 2154 661 2229 vel
683 2154 840 2231 historiae
856 2182 941 2232 cum
957 2159 1092 2232 ceteris
1114 2156 1312 2258 scriptume,
1334 2153 1381 2230 ad
1399 2178 1442 2229 ea
1458 2155 1626 2254 quaejam
1643 2162 1822 2253 pmcepta

221 2287 341 2367 erant,
360 2296 471 2373 opere
486 2273 704 2374 complenda
731 2276 982 2371 adhortantur,
996 2292 1034 2351 et
1048 2277 1196 2351 allectus
1208 2274 1399 2348 hominum
1416 2273 1463 2349 ad
1479 2271 1724 2348 obediendum
1733 2293 1823 2369 prae·

222 2391 339 2489 ceptis
359 2407 604 2467 commovent.
631 2397 724 2467 Cum
746 2395 846 2469 enim
870 2395 1057 2497 prophetae
1080 2395 1138 2469 vel
1163 2395 1277 2469 sancti
1294 2398 1415 2467 Patres
1443 2391 1622 2493 populum
1649 2389 1825 2464 sentirent

222 2510 414 2610 praeceptis
428 2511 550 2584 minus
564 2511 713 2587 obedire
729 2514 874 2609 divinis,
894 2515 1162 2590 admonitiones
1177 2512 1411 2605 adhibebant,
1429 2525 1470 2585 ut
1486 2536 1552 2609 per
1567 2506 1824 2608 promissiones

221 2626 283 2701 vel
296 2628 598 2705 comminationes
620 2656 683 2705 eos
701 2632 749 2706 ad
770 2632 1019 2707 obediendum
1037 2633 1232 2707 traherent.
1258 2629 1430 2730 Exempla
1447 2651 1594 2726 quoque
1610 2650 1653 2698 ex
1666 2622 1825 2697 historiis

220 2749 471 2823 necessarium
486 2764 561 2824 erat
576 2750 736 2851 adjungi,
751 2753 788 2826 in
805 2751 939 2852 quibus
960 2768 1035 2828 tam
1046 2751 1292 2826 remuneratio
1314 2747 1562 2823 obedientium
1584 2767 1696 2844 quam
1718 2765 1827 2843 poena

218 2872 531 2966 transgressorum
548 2882 631 2943 ante
647 2869 775 2945 oculos
790 2882 1023 2972 ponerentur.
1050 2854 1117 2945 Hie
1138 2883 1260 2946 autem
1286 2882 1370 2943 suut
1390 2880 1527 2941 veteres
1542 2863 1594 2938 illi
1612 2862 1738 2964 panni,
1763 2861 1826 2960 qui

214 2987 266 3062 ad
286 2986 550 3063 extrahendum
568 2991 757 3066 ieremiam
773 2991 911 3070 delaeu
928 2991 1073 3068 funibus
1087 2987 1433 3087 circumligantur
1453 3013 1462 3058 t
1481 2982 1644 3085 exempla
1659 2980 1827 3056 videlicet

214 3108 463 3208 antiquorum
485 3114 644 3204 Petrum,
673 3140 753 3214 quae
777 3115 886 3189 saeris
914 3110 1225 3189 admonitionibus
1251 3107 1470 3185 adhibentur
1490 3104 1538 3180 ad
1566 3098 1826 3180 extrahendum

212 3244 458 3328 pcocetorem
474 3230 521 3304 de
536 3232 722 3332 profundo
739 3238 924 3313 vitiomm.
1416 3276 1418 3279 ·

265 3348 448 3424 Similiter
463 3364 500 3425 et
514 3353 601 3426 novi
618 3354 793 3454 tripartita
813 3370 867 3431 est
890 3356 1078 3460 disciplina
1093 3357 1325 3450 Testatnenti,
1342 3354 1408 3429 ubi
1423 3349 1573 3455 quidem
1594 3342 1826 3439 Emssellum

206 3490 291 3566 pro
310 3467 392 3564 lege
408 3484 476 3563 est,
488 3471 690 3568 quodverae
703 3475 846 3573 justitias
861 3500 905 3552 ae
917 3478 1082 3578 perfectae
1098 3477 1252 3552 sormam
1268 3475 1388 3550 docet.
1405 3470 1545 3544 Deinde
1563 3459 1728 3563 Epistulae
1744 3482 1829 3532 cum

204 3584 447 3687 Apocalypsi
458 3587 541 3662 loco
553 3592 813 3692 prophetarum
827 3607 1029 3694 ponuntur,
1048 3617 1129 3692 quae
1142 3591 1190 3667 ad
1207 3588 1454 3666 obediendum
1479 3581 1675 3681 Evangelio
1699 3576 1830 3653 cohor·

204 3720 369 3780 untur.
394 3709 502 3781 Actus
516 3733 604 3782 vero
624 3712 875 3810 apostolorum
895 3727 931 3787 et
950 3712 1129 3814 pleraeque
1153 3712 1380 3786 narrationes
1402 3702 1616 3803 evangelica
1635 3721 1753 3773 sacras
1773 3696 1829 3769 hi·

201 3826 360 3898 storias
378 3828 580 3901 continent.
599 3831 652 3901 Ex
668 3828 726 3903 his
741 3831 863 3930 itaque
879 3829 1004 3932 liquet,
1023 3830 1127 3932 quod
1145 3855 1230 3906 cum
1247 3830 1293 3904 sit
1310 3827 1462 3903 intentio
1484 3817 1667 3919 Evangelii
1684 3817 1828 3904 docere,

196 3944 320 4019 hane
351 3944 592 4022 intentionem
618 3949 784 4050 Epistola
807 3950 998 4025 relictus
1027 3950 1279 4052 apostolorum
1311 3959 1449 4034 teuent,
1467 3956 1509 4017 ut
1524 3940 1572 4016 ad
1586 3934 1832 4014 obediendum

194 4063 427 4162 Evangelio
444 4089 512 4139 uos
527 4083 710 4159 moveant,
728 4068 786 4143 vel
800 4069 837 4143 in
852 4069 909 4144 his
924 4094 1004 4169 quae
1016 4068 1251 4168 Evangelium
1268 4068 1377 4142 docet
1390 4089 1459 4140 nos
1474 4059 1703 4137 confirment.
1718 4059 1832 4128 Nemo

191 4185 352 4283 itaque
368 4197 453 4282 post
468 4186 715 4286 Evangelium,
732 4188 834 4288 quod
856 4188 1020 4289 perlecta
1041 4202 1096 4261 est
1115 4188 1300 4280 doctrine,
1319 4185 1421 4285 quasi
1440 4177 1640 4279 superfluas
1657 4172 1833 4274 Epistulas

187 4301 488 4390 calumnietur,
506 4327 591 4376 cum
605 4302 671 4379 has
687 4305 734 4381 ad
749 4306 1017 4382 admonitiones
1031 4307 1153 4407 potius
1171 4325 1282 4404 quam
1294 4301 1342 4376 ad
1357 4299 1560 4374 doctrinam
1583 4294 1732 4394 scriptas
1757 4317 1833 4367 esse

186 4421 523 4516 meminerimus,
542 4425 708 4522 quamvis
723 4424 901 4502 nonnulla
915 4426 953 4498 in
971 4425 1023 4499 eis
1037 4423 1194 4498 salubria
1220 4421 1441 4514 documenta
1454 4417 1529 4492 sive
1544 4412 1694 4489 consilia
1714 4413 1835 4488 conti·

182 4557 405 4633 neantur,
426 4565 506 4640 quae
522 4543 755 4640 Evangelium
775 4542 992 4619 nonhabet.
1013 4541 1119 4618 Unde
1134 4542 1183 4618 ad
1201 4539 1410 4616 Corinthios
1424 4534 1587 4612 scribens
1602 4533 1688 4607 ait¹z
1708 4562 1725 4598 α
1741 4535 1834 4610 Nam

179 4662 367 4739 ceteris
388 4683 456 4757 ego
471 4660 568 4753 dico,
585 4685 662 4736 non
678 4663 871 4737 Dominus.
886 4663 1014 4762 siquis
1025 4661 1135 4738 irater
1147 4685 1300 4737 uxorem
1314 4656 1424 4732 habet
1436 4652 1633 4745 infidelem,
1649 4663 1748 4724 ete.»
1764 4653 1834 4721 Nec

178 4809 275 4857 non
307 4780 445 4856 etiam
468 4781 778 4859 circumcisionem
798 4782 856 4859 vel
878 4798 1014 4859 ceteras
1033 4781 1121 4882 legis
1144 4781 1306 4858 camales
1332 4776 1576 4858 observantias
1598 4793 1735 4846 coesare
1757 4768 1833 4863 jam

209 5071 218 5098 ¹
234 5063 387 5117 lem„
400 5068 454 5119 ap.
467 5067 577 5121 mnu,
588 5072 611 5110 r.
625 5059 739 5113 11.-¹t
751 5060 881 5124 Corinth,
894 5074 1002 5127 capnt,
1013 5075 1037 5113 r.
1051 5064 1091 5115 tr.
1682 5138 1721 5196 ²⁰

337 5168 378 5208 n
