4559 6100
538 506 698 577 ETHICA
723 504 803 577 sat]
829 505 957 578 blBER
980 506 1165 578 le'l’US:
1193 506 1316 579 sclao
1340 505 1538 579 TEIPSUM.
1765 504 1836 575 637

245 653 392 742 futurae,
431 654 497 724 etsi
521 654 734 752 purgatoriae
761 653 856 746 sint,
883 653 1062 749 graviores
1084 668 1168 725 sunt
1199 654 1273 725 istis
1294 653 1463 725 omnibus
1496 652 1575 722 vitae
1594 651 1788 750 praesentis.
1818 682 1835 716 »

245 774 374 868 Magna
403 773 522 870 itaque
545 774 683 847 cautela
711 786 764 845 est
786 774 836 844 eis
861 772 1089 863 adhibenda,
1119 787 1155 844 et
1184 786 1313 869 magna
1337 795 1448 871 opera
1472 769 1614 863 danda,
1652 784 1691 840 ut
1717 794 1841 841 secun-

244 889 333 962 dum
363 892 523 964 instituta
558 907 764 964 sanctorum
794 898 939 964 Patrum
968 893 1046 965 talis
1078 890 1154 963 baec
1189 891 1377 963 satisfactio
1414 891 1645 989 suscipiatur,
1678 903 1717 959 ut
1752 888 1838 960 nihil

244 1009 295 1081 ibi
323 1011 550 1109 purgandum
566 1026 686 1084 restet.
710 1015 802 1083 Cum
829 1037 914 1111 ergo
939 1012 1118 1085 indiscreti
1148 1011 1279 1083 fuerint
1306 1010 1525 1101 sacerdotes,
1552 1009 1617 1107 qui
1645 1006 1721 1078 haec
1745 1008 1840 1078 insti·

246 1143 322 1202 tuta
347 1155 531 1204 canonum
562 1133 749 1226 ignorant,
778 1146 818 1203 ut
840 1134 960 1204 minus
981 1132 1027 1203 de
1047 1130 1286 1202 satisfactione
1310 1153 1420 1226 quam
1448 1143 1609 1228 oportet,
1634 1126 1837 1224 injungant,

245 1272 414 1347 magnum
433 1251 520 1322 hine
542 1251 814 1323 incommodum
834 1252 1050 1350 poenitentiae
1073 1252 1281 1339 incurrunt,
1311 1274 1394 1321 cum
1414 1250 1507 1321 male
1530 1249 1576 1320 de
1599 1247 1684 1345 ipsis
1713 1245 1839 1318 confisi

245 1370 468 1463 gravioribus
496 1372 612 1469 poeuis
645 1372 877 1470 postmodum
904 1371 1128 1471 plectantur,
1162 1370 1259 1442 unde
1285 1368 1345 1441 hic
1374 1394 1438 1468 per
1462 1369 1613 1441 leviores
1640 1366 1839 1439 satisfacere

245 1504 453 1584 potuerunt.

294 1611 384 1681 Sunt
408 1610 572 1682 nonnulli
600 1611 846 1703 sacerdotum,
876 1636 950 1683 non
970 1626 1043 1682 tam
1070 1634 1133 1709 per
1158 1635 1316 1682 errorem
1343 1634 1451 1708 quam
1479 1605 1728 1706 cupiditatem,
1755 1606 1838 1676 sub·

240 1727 355 1822 jectos
379 1728 609 1827 decipientes,
641 1743 680 1800 ut
702 1755 768 1828 pro
787 1754 1020 1802 nummorum
1046 1728 1229 1800 oblatione
1253 1729 1500 1802 satisfactionis
1524 1728 1691 1823 injunctae
1717 1750 1840 1824 poenas

244 1847 454 1919 condonent
477 1847 532 1920 vel
551 1848 729 1941 relaxent3
752 1873 828 1920 non
851 1863 925 1920 tam
944 1848 1178 1921 adtendentes
1193 1848 1281 1945 quid
1300 1849 1385 1920 velit
1407 1847 1601 1936 Dominus,
1625 1869 1734 1942 quam
1752 1846 1838 1941 quid

244 1966 360 2039 valeat
380 1993 572 2059 nummus;
602 1969 648 2040 de
678 1968 810 2066 quibus
838 1969 915 2067 ipse
941 1969 1119 2040 Dominus
1146 1993 1210 2067 per
1235 1968 1453 2068 Prophetam
1481 1990 1708 2065 conquerens
1736 1966 1799 2036 ait¹
1829 1995 1836 2035 :

247 2087 488 2160 «Sacerdotes
512 2089 583 2160 mei
605 2112 680 2159 non
703 2087 869 2160 dixerunt
891 2115 899 2157 ε
918 2087 988 2159 Ubi
1005 2101 1058 2159 est
1075 2089 1278 2160 Dominus?
1298 2118 1315 2153 ι
1337 2091 1521 2185 Tanquam
1540 2087 1569 2158 si
1585 2086 1720 2159 diceret
1739 2115 1747 2155 ε
1769 2085 1837 2156 Sed

246 2203 307 2275 ubi
334 2221 385 2277 est
412 2207 607 2278 nummus?
629 2206 845 2281 Nec‘solum
869 2206 1088 2297 sacerdotes,
1118 2232 1243 2279 verum
1268 2209 1376 2279 etiam
1399 2208 1497 2307 ipsos
1521 2205 1700 2304 principes
1725 2228 1839 2277 sacer-

245 2322 384 2414 dotum,
406 2325 478 2397 hoc
498 2340 551 2398 est
574 2328 768 2425 Episcopos
789 2327 838 2399 ita
853 2327 1081 2425 impudenter
1102 2328 1139 2398 in
1157 2326 1253 2398 banc
1270 2326 1505 2426 cupiditatem
1524 2324 1753 2397 exardescere
1773 2350 1839 2395 no-

244 2444 382 2533 vimus,
402 2459 441 2517 ut
455 2471 538 2519 cum
555 2448 591 2519 in
612 2445 900 2518 dedicationibus
918 2446 1168 2535 Ecclesiarum,
1188 2447 1245 2518 vel
1260 2448 1296 2519 in
1312 2445 1640 2519 consecrationibus
1658 2443 1836 2532 altarium,

244 2563 300 2635 vel
327 2563 639 2637 benedictionibus
670 2565 948 2654 cimiteriamm,
979 2566 1035 2636 vel
1063 2566 1100 2636 in
1132 2564 1312 2663 aliquibus
1338 2563 1623 2637 solemnitatibus
1648 2565 1840 2662 populares

244 2681 380 2755 babent
404 2698 623 2775 conventus,
643 2685 739 2756 unde
761 2685 946 2782 copiosam
968 2684 1188 2757 oblationem
1213 2699 1438 2783 exspectant,
1459 2685 1495 2756 in
1514 2682 1713 2756 relaxandis
1730 2687 1841 2782 poeni·

245 2803 363 2875 tentiis
385 2803 527 2902 prodigi
545 2805 632 2898 sint;
661 2803 773 2876 modo
794 2804 948 2895 tertiam,
969 2803 1080 2875 modo
1097 2819 1262 2902 quartam
1284 2805 1504 2904 poenitentiae
1520 2818 1659 2902 partem
1672 2804 1840 2876 omnibus

245 2923 485 2994 communiter
504 2922 739 3019 indulgentes,
764 2922 832 2996 sub
856 2922 1013 3019 quadam
1030 2924 1165 2997 scilicet
1184 2926 1303 3022 specie
1326 2925 1525 3008 charitatis,
1550 2923 1615 2997 sed
1639 2923 1840 2996 inveritate

245 3065 393 3114 summae
409 3042 623 3140 cupiditatis.
642 3045 713 3131 Qui
729 3043 776 3115 de
792 3068 855 3115 sua
871 3069 909 3115 se
924 3043 1099 3140 jactantes
1115 3059 1311 3145 potestate,
1331 3070 1463 3143 quam,
1482 3059 1523 3116 ut
1541 3045 1659 3129 aiunt,
1679 3043 1717 3115 in
1734 3047 1841 3117 Petro

244 3160 301 3231 vel
326 3162 503 3258 Apostolis
522 3176 768 3258 susceperunt,
788 3188 871 3234 cum
888 3165 939 3235 eis
955 3188 977 3235 a
993 3164 1152 3235 Domino
1173 3164 1372 3237 diceretur¹
1391 3193 1399 3234 ε
1423 3196 1441 3232 ιι
1454 3165 1841 3251 Quorumremiseritis

243 3295 403 3377 peccata,
412 3282 636 3352 remittentur
648 3283 717 3373 eis3
728 3310 745 3349 >r
759 3280 814 3353 vel
834 3309 842 3352 :
861 3312 879 3350 ιι
887 3285 1132 3380 Quaecumque
1149 3285 1323 3356 solveritis
1337 3307 1444 3382 super
1458 3283 1590 3355 terram
1603 3297 1711 3354 erunt
1724 3284 1840 3355 soluta

245 3414 280 3470 et
301 3400 337 3471 iu
359 3399 477 3491 coelis,
495 3430 512 3468 a
531 3414 617 3472 tunc
639 3401 793 3473 maxime
813 3401 914 3498 quod
931 3427 1038 3474 suum
1054 3417 1107 3475 est
1121 3427 1227 3500 agere
1241 3403 1450 3499 gloriantur,
1469 3427 1554 3474 cum
1570 3403 1665 3474 banc
1681 3399 1842 3498 benigni·

245 3536 353 3593 tatem
369 3519 536 3617 subjectis
557 3520 786 3620 impendunt.
805 3527 919 3618 Atque
938 3522 1073 3595 utinam
1091 3523 1127 3594 id
1145 3522 1272 3596 saltem
1292 3547 1360 3623 pro
1381 3524 1485 3622 ipsis,
1507 3547 1582 3595 non
1599 3547 1666 3621 pro
1685 3525 1841 3595 nummis

245 3641 413 3731 facerent,
432 3656 472 3711 ut
485 3640 755 3739 qualiscumque
771 3641 973 3737 benignitas
990 3643 1237 3741 potiusquam
1254 3644 1430 3742 cupiditas
1449 3643 1640 3716 videretur.
1662 3643 1735 3715 Sed
1748 3670 1841 3743 pro-

247 3760 338 3833 fecto
364 3764 393 3832 si
417 3760 488 3833 hoc
511 3762 549 3832 in
573 3760 680 3832 laude
705 3759 936 3857 benignitatis
959 3761 1168 3834 babendum
1193 3779 1267 3856 est,
1295 3762 1395 3862 quod
1422 3764 1576 3835 tertiam
1590 3763 1647 3834 vel
1677 3778 1842 3860 quartam

245 3881 461 3979 poenitentiae
492 3893 630 3980 partem
657 3880 829 3974 relaxant,
853 3882 970 3954 multo
995 3883 1150 3981 amplius
1174 3909 1301 3956 eorum
1324 3881 1437 3983 pietas
1462 3881 1689 3981 pmdicanda
1710 3884 1787 3969 erit,
1814 3888 1843 3956 si

245 3999 433 4074 dimidiam
450 4002 505 4074 vel
524 4017 635 4074 totam
654 4025 695 4072 ex
714 4002 853 4097 integro
870 4001 1120 4100 poenitentiam
1139 4002 1377 4094 dimitterent,
1396 4005 1489 4075 sicut
1510 4002 1616 4074 licere
1639 4002 1705 4075 sibi
1729 4005 1842 4102 proli-

245 4135 376 4206 tentur,
403 4135 440 4192 et
463 4122 620 4193 Domino
644 4143 855 4192 concessum
872 4143 962 4208 esse,
986 4136 1023 4194 et
1038 4123 1139 4219 quasi
1159 4123 1196 4194 in
1218 4120 1383 4194 manibus
1403 4146 1532 4193 eorum
1554 4121 1665 4193 coelos
1682 4146 1757 4193 esse
1775 4149 1842 4220 po·

245 4241 345 4332 sitos,
361 4240 562 4313 secundum
579 4240 797 4313 remissionis
812 4240 866 4313 vel
879 4240 1114 4314 absolutionis
1123 4247 1355 4340 peccatorum
1374 4243 1608 4340 supraposita
1625 4242 1840 4313 testimonia.

246 4361 381 4454 Magnae
410 4358 584 4455 denique¹
603 4361 792 4458 impietatis
820 4386 840 4432 e
871 4361 1052 4432 contrario
1090 4361 1263 4459 arguendi
1292 4360 1477 4450 videntur,
1516 4385 1580 4431 cur
1608 4384 1683 4431 non
1717 4384 1843 4431 omnes

246 4475 425 4571 subjectos
444 4475 492 4549 ab
509 4477 678 4554 omnibus
693 4477 881 4551 absolvant
898 4481 1065 4578 peccatis,
1086 4496 1126 4552 ut
1140 4480 1306 4552 videlicet
1321 4480 1501 4552 neminem
1518 4478 1661 4551 illorum
1679 4480 1842 4552 damnari

246 4593 473 4693 permittant,
498 4596 528 4665 si
553 4597 621 4687 ita,
640 4597 810 4693 inquam,
829 4596 868 4667 in
885 4622 1014 4670 eorum
1033 4613 1206 4696 potestate
1224 4600 1460 4670 constitutum
1476 4614 1548 4692 est,
1569 4601 1842 4697 quaeruluerint

246 4728 394 4813 peccata
415 4713 594 4786 dimittere
621 4714 677 4786 vel
701 4716 872 4807 retinere,
899 4718 956 4789 vel
979 4717 1089 4789 coelos
1115 4718 1172 4790 bis
1194 4717 1324 4817 quibus
1349 4707 1593 4810 decreverint,
1624 4720 1761 4818 aperire
1787 4718 1843 4790 vel

248 4833 436 4924 claudere,
458 4832 558 4931 quod
580 4833 702 4929 utique
726 4832 919 4907 beatissimi
941 4835 1159 4936 praedicandi
1181 4854 1315 4929 essent,
1339 4840 1368 4911 si
1390 4837 1458 4912 bos
1482 4838 1568 4931 sibi,
1595 4862 1677 4911 cum
1695 4836 1840 4926 vellent,

280 5101 399 5163 'terem
411 5114 465 5164 cap.
477 5114 505 5158 u,
519 5115 542 5151 r.
556 5105 579 5153 6.
601 5128 629 5137 -
646 5100 750 5166 ’Jom.,
769 5115 822 5165 cap.
836 5115 882 5166 xx,
894 5115 916 5154 ι.
929 5106 967 5156 23.
1327 5107 1346 5140 ⁰
