4559 6100
412 468 415 475 ’
531 529 579 603 se
1137 466 1260 598 reru
1285 512 1556 598 uramini·

529 680 600 752 hoc
617 692 693 751 erat
706 678 746 751 in
764 675 943 776 principio
960 674 1058 776 apud
1073 679 1209 768 Deum3
1229 677 1352 748 omnia
1369 701 1435 776 per
1450 676 1569 776 ipsum
1586 674 1791 767 factasunt,
1810 687 1847 745 et
1862 673 1941 747 sine
1959 676 2038 775 ipso
2052 677 2112 751 lac·

530 814 609 872 tum
625 814 679 872 est
694 795 785 869 nihil
798 794 901 894 quod
914 786 1048 868 lactum
1062 811 1134 890 est,
1155 796 1191 868 in
1207 797 1286 896 ipso
1303 796 1372 867 vita
1386 809 1476 885 erat,
1496 810 1532 868 et
1544 796 1617 866 vita
1632 807 1708 865 erat
1720 791 1781 864 lux
1793 792 2000 886 hominnm,
2018 810 2053 867 et
2064 796 2114 870 lux

529 919 567 991 in
584 917 742 991 tenebris
758 914 873 1006 lucet,
894 930 931 987 et
947 914 1103 988 tenebrae
1119 939 1199 987 eam
1216 940 1292 987 non
1310 914 1675 1014 comprehenderunt.
1697 916 1741 983 Et
1757 913 1843 1011 quia
1858 915 1977 986 omnis
1992 917 2111 1011 anima,

529 1037 694 1137 quamvis
708 1035 953 1109 testimonium
962 1034 1150 1135 perhibeat
1160 1034 1206 1107 de
1217 1035 1365 1129 lumine,
1378 1060 1453 1107 non
1464 1048 1517 1108 est
1525 1049 1646 1107 tamen
1659 1033 1737 1132 ipsa
1744 1033 1881 1119 lumen,
1896 1034 1958 1106 sed
1968 1035 2114 1111 Verbum

529 1157 608 1245 Dei,
622 1161 735 1247 Deus,
746 1155 870 1228 lumen
883 1168 937 1227 est
946 1179 1086 1246 verum,
1102 1152 1202 1252 quod
1215 1154 1391 1226 illuminat
1403 1179 1550 1226 omnem
1563 1152 1750 1225 hominem
1763 1153 1968 1226 venientem
1980 1155 2017 1226 in
2030 1156 2116 1231 hunc

529 1276 721 1353 mundum.
743 1280 786 1347 Et
799 1275 884 1373 quia
896 1274 934 1345 in
946 1273 1019 1345 hoe
1034 1273 1172 1346 mundo
1187 1289 1275 1365 erat,
1292 1289 1328 1345 et
1340 1271 1495 1346 mundus
1508 1298 1574 1373 per
1585 1273 1703 1371 ipsum
1717 1272 1830 1345 lactus
1844 1288 1910 1364 est,
1924 1288 1961 1346 et
1971 1276 2116 1349 mundus

530 1422 614 1470 eum
630 1421 705 1468 non
723 1395 906 1493 cognovit.
926 1395 1020 1482 Quia
1036 1418 1122 1466 vero
1139 1396 1176 1465 in
1193 1419 1256 1466 sua
1273 1394 1419 1494 propria
1437 1393 1555 1486 venit,
1575 1408 1610 1465 et
1628 1393 1684 1465 sui
1700 1418 1784 1465 eum
1800 1417 1875 1465 non
1893 1411 2114 1494 receperunt,
2239 1416 2242 1422 ⁴

529 1530 710 1615 quotquot
726 1529 846 1586 autem
866 1528 1081 1612 receperunt
1096 1539 1194 1607 eum,
1211 1512 1311 1587 dedit
1324 1514 1375 1586 eis
1387 1527 1600 1613 potestatem
1615 1511 1707 1585 filios
1725 1515 1792 1586 Dei
1809 1511 1887 1585 fieri
1901 1512 2117 1589 credentibus

529 1636 566 1707 in
584 1636 733 1708 nomine
749 1635 839 1733 ejus,
860 1661 936 1707 non
952 1633 1004 1707 ibi
1019 1635 1102 1732 legi.
1118 1639 1208 1708 ltem
1225 1633 1295 1733 legi
1312 1633 1363 1706 ibi
1379 1635 1463 1733 quia
1478 1633 1640 1706 Verbum
1655 1637 1751 1706 Deus
1765 1658 1840 1705 non
1855 1658 1899 1706 ex
1910 1658 2032 1723 carne,
2053 1660 2118 1709 non

529 1781 571 1829 ex
590 1755 777 1854 sanguine,
795 1780 871 1827 non
889 1781 931 1827 ex
948 1754 1135 1828 voluntate
1152 1755 1232 1846 viri,
1246 1779 1364 1853 neque
1378 1779 1422 1827 ex
1432 1752 1617 1826 voluntate
1629 1753 1759 1846 carnis,
1773 1752 1837 1826 sed
1850 1780 1893 1826 ex
1909 1759 1988 1826 Deo
2003 1760 2120 1829 natum

530 1891 596 1948 est.
611 1873 681 1947 Sed
700 1876 785 1973 quia
800 1874 962 1948 Verbum
977 1898 1063 1948 earo
1081 1874 1214 1948 lactum
1231 1890 1303 1968 est,
1322 1889 1359 1946 et
1374 1872 1549 1947 habitavit
1564 1874 1602 1945 in
1620 1871 1745 1962 nobis,
1765 1898 1840 1945 non
1858 1872 1908 1945 ibi
1922 1873 2003 1972 legi.
2023 1858 2120 1947 lnda·

530 1995 609 2093 gavi
623 1995 661 2067 in
671 1994 782 2068 literis
795 1994 876 2088 illis,
898 1995 1020 2067 multis
1035 1993 1153 2067 modis
1167 1995 1316 2085 dictum,
1331 1992 1431 2092 quod
1445 1994 1490 2065 sit
1503 1994 1611 2065 Filius
1622 1993 1659 2065 in
1678 1992 1793 2066 torma
1804 1994 1931 2085 Patris,
1944 2018 2020 2066 non
2034 1994 2122 2093 rapi·

529 2139 613 2186 nam
631 2114 821 2188 arbitratus
838 2140 914 2187 esse
922 2114 1118 2212 ‘coaequalis
1129 2119 1221 2209 Deo,
1238 2114 1324 2213 quia
1336 2112 1545 2186 naturaliter
1560 2112 1716 2212 idipsum
1729 2128 1794 2185 est.
1814 2111 1885 2185 Sed
1903 2113 1989 2212 quia
2002 2129 2123 2187 semet·

528 2235 647 2333 ipsum
671 2235 866 2307 exinanivit
883 2235 1037 2308 formam
1060 2235 1153 2307 servi
1175 2235 1371 2333 accipiens,
1396 2235 1432 2305 in
1450 2232 1722 2305 similitudinem
1745 2232 1938 2304 hominum
1961 2232 2072 2304 lactus
2090 2246 2124 2305 et

529 2353 655 2427 habitu
672 2355 839 2425 inventus
856 2369 895 2425 ut
912 2353 1045 2447 homo,
1063 2353 1266 2427 humiliavit
1280 2353 1511 2452 semetipsum
1525 2353 1638 2425 factus
1656 2352 1831 2426 obediens
1846 2377 1959 2451 usque
1977 2351 2023 2425 ad
2037 2376 2125 2424 mor·

528 2488 622 2562 tem,
641 2487 797 2544 mortem
818 2487 937 2546 autem
958 2473 1096 2568 crucis,
1120 2490 1271 2574 propter
1293 2472 1395 2573 quod
1417 2489 1452 2545 et
1471 2476 1566 2545 Deus
1582 2473 1748 2545 exaltavit
1765 2498 1849 2546 eum
1864 2497 1886 2546 a
1904 2473 2074 2566 mortuis,
2092 2487 2126 2546 et

528 2591 677 2665 donavit
693 2593 726 2664 ei
743 2616 877 2663 nomen
898 2592 1000 2690 quod
1013 2607 1076 2687 ¹est
1098 2617 1207 2692 super
1224 2618 1334 2665 omne
1357 2617 1513 2683 nomen,
1533 2593 1629 2664 utin
1646 2593 1795 2665 nomine
1811 2593 1886 2690 ejus
1904 2616 2013 2665 omne
2034 2617 2126 2690 genu

528 2709 705 2800 flectatur,
720 2711 931 2803 coelestium,
949 2711 1172 2784 terrestrium
1188 2725 1224 2783 et
1236 2710 1477 2805 infernorum,
1494 2725 1531 2783 et
1547 2712 1666 2784 omnis
1680 2713 1803 2809 lingua
1816 2709 2030 2784 confiteatur
2043 2711 2128 2810 quia

530 2830 709 2902 Dominus
736 2834 836 2902 Jesus
862 2831 1024 2903 Christus
1050 2831 1086 2903 in
1106 2831 1220 2927 gloria
1237 2845 1291 2903 est
1313 2835 1379 2903 Dei
1402 2832 1542 2931 patris¹,
1572 2857 1647 2904 non
1673 2832 1809 2905 habent
1831 2831 1883 2904 illi
1906 2830 2002 2903 libri.
2021 2831 2130 2919 Quod

527 2948 625 3019 enim
643 2963 726 3021 ante
739 2949 863 3023 omnia
877 2964 1053 3048 tempora,
1069 2964 1106 3022 et
1118 2975 1226 3050 super
1239 2952 1361 3023 omnia
1373 2966 1539 3051 tempora
1551 2953 1893 3026 incommutabiliter
1912 2965 2035 3025 manet
2049 2955 2129 3024 uni·

527 3069 666 3166 genitus
683 3068 778 3142 lilius
797 3085 879 3142 tuus
893 3084 1089 3142 coaeteruus
1106 3069 1186 3164 tibi,
1203 3086 1239 3143 et
1250 3072 1335 3169 quia
1349 3071 1396 3145 de
1409 3073 1633 3172 plenitudine
1647 3075 1724 3173 ejus
1737 3074 1917 3173 accipiunt
1930 3074 2071 3168 animae,
2091 3088 2132 3146 ut

526 3187 640 3262 beatae
651 3189 737 3283 sint,
751 3206 788 3263 et
801 3190 885 3289 quia
896 3190 1170 3289 participatione
1183 3192 1362 3264 manentis
1373 3192 1410 3264 in
1423 3218 1462 3265 se
1473 3194 1654 3293 sapientiae
1668 3208 1889 3267 renovantur
1898 3209 1940 3267 ut
1955 3194 2133 3292 sapientes

530 3308 615 3400 sint,
634 3324 688 3383 est
706 3308 768 3383 ibi.
790 3311 899 3400 Quod
915 3325 1035 3383 autem
1055 3337 1122 3410 pro
1140 3311 1260 3410 impiis
1278 3328 1443 3386 mortuus
1462 3330 1528 3406 est,
1547 3340 1623 3387 non
1642 3331 1694 3388 est
1711 3313 1775 3387 ibi.
1793 3346 1810 3381 ι

573 3429 614 3499 At
629 3453 717 3501 vero
735 3454 781 3502 ne
798 3428 925 3527 aliquis
942 3456 1046 3502 sexus
1065 3432 1159 3504 inter
1178 3430 1347 3504 homines
1360 3433 1541 3532 sapientiae
1560 3434 1656 3507 sama
1672 3434 1805 3507 caeteris
1820 3447 2028 3533 praestantes
2045 3432 2135 3505 fidei

527 3562 660 3620 nostrae
672 3550 888 3621 testimoniis
903 3549 1006 3644 desit,
1024 3551 1084 3625 illa
1095 3553 1205 3624 etiam
1217 3551 1355 3624 famosa
1369 3552 1498 3651 sibylla
1511 3554 1716 3647 inducatur,
1735 3580 1815 3654 quae
1829 3579 1895 3626 nee
1906 3553 2137 3626 divinitatem

528 3665 657 3759 Verbi,
688 3691 755 3739 nec
780 3666 1061 3762 humanitatem,
1091 3684 1375 3769 necutrumque
1398 3671 1616 3764 adventum,
1647 3699 1716 3747 nec
1742 3688 1934 3771 utrumque
1952 3672 2140 3769 judicium

525 3784 636 3857 Verbi
660 3783 853 3858 scribendo
878 3787 1116 3886 praetermisit.
1147 3788 1309 3861 Primum
1335 3791 1483 3889 quidem
1505 3793 1685 3891 judicium
1716 3817 1789 3893 quo
1812 3792 1942 3889 injuste
1967 3791 2142 3864 Christus

526 3919 579 3977 est
605 3903 786 4001 judicatus
815 3904 851 3976 in
881 3907 1063 4005 passione,
1091 3922 1127 3980 et
1151 3909 1353 3983 secundum
1377 3911 1477 4012 quod
1496 3914 1591 4012 juste
1612 3913 1835 4011 judicaturus
1861 3926 1915 3985 est
1951 3911 2142 3984 mundum

526 4025 728 4122 majestate;
748 4022 794 4097 de
811 4049 883 4123 qua
899 4027 1116 4123 Augustinus
1132 4045 1260 4101 contra
1277 4036 1435 4132 quinque
1453 4033 1620 4106 harcies¹
1639 4061 1648 4106 ε
1671 4032 1898 4106 «Audiamus
1915 4030 2006 4129 quid
2023 4031 2144 4104 etiam

526 4144 656 4242 sibylla
675 4158 774 4217 vates
802 4168 933 4218 eorum
954 4146 1000 4220 de
1025 4148 1155 4221 eodem
1181 4150 1277 4224 dicat
1296 4180 1305 4222 ι
1326 4181 1346 4220 «
1359 4152 1494 4242 Alium,
1522 4154 1663 4251 inquit,
1688 4152 1789 4226 dedit
1812 4152 1990 4225 Dominus
2011 4150 2144 4222 horni-

529 4293 547 4335 ιι
567 4262 677 4336 nibus
693 4262 860 4337 fidelihus
871 4265 1079 4341 colendum.
1096 4300 1114 4336 ι)
1131 4273 1222 4342 ltem
1239 4298 1247 4341 :
1271 4275 1381 4372 «lpse
1395 4288 1500 4346 tuum
1513 4297 1693 4373 cognosce
1707 4273 1905 4345 Dominum
1920 4272 1987 4344 Dei
2001 4271 2150 4342 Filium

529 4414 546 4451 α
569 4408 659 4457 esse.
675 4411 696 4456 n
717 4385 794 4457 alio
810 4384 892 4458 loco
909 4384 1036 4459 Filium
1048 4389 1129 4481 Dei,
1147 4390 1371 4488 symbolum⁸
1387 4393 1558 4493 appellat,
1573 4393 1612 4467 id
1630 4407 1684 4465 est
1698 4391 1958 4484 consiliarium,
1969 4391 2027 4465 uel
2043 4415 2152 4462 eon·

525 4502 658 4576 silium.
677 4507 723 4576 Et
739 4503 918 4605 propheta
933 4505 1035 4579 dicit⁸
1053 4535 1062 4578 t
1087 4510 1316 4584 «Vocabitur
1331 4537 1467 4587 nomen
1485 4514 1562 4612 ejus
1579 4511 1825 4607 Admirabilis,
1848 4510 2103 4589 Consiliarius‚
2124 4537 2152 4579 ιι

409 4669 414 4678 -
524 4624 579 4695 De
611 4647 684 4721 qua
717 4648 860 4698 rursum
887 4625 986 4699 idem
1017 4642 1118 4727 pater
1153 4631 1366 4728 Augustinus
1395 4635 1433 4706 in
1466 4637 1547 4706 Vlll
1580 4632 1624 4705 de
1650 4634 1801 4706 Ciuitate
1830 4634 1903 4705 Dei
1907 4635 1919 4671 ⁸
1947 4658 1955 4701 ι
1986 4634 2103 4720 «Eo,
2128 4657 2158 4698 ι»

524 4742 660 4841 inquit,
684 4758 881 4844 «tempore
898 4746 1065 4821 nonnulli
1090 4748 1256 4848 sibyllam
1275 4752 1496 4853 Erythraeam
1511 4753 1742 4829 vaticinatam
1758 4752 1900 4845 lerunt,
1922 4773 2036 4848 qulam
2055 4748 2162 4847 qui-

552 5051 655 5118 ‚truu.,
669 5066 724 5117 erp.
737 5067 765 5116 ιι,
772 5069 797 5107 r.
812 5057 1005 5121 t.-²Cap.1u‚
1019 5058 1095 5125 opp..
1107 5066 1125 5110 t.
1140 5059 1210 5122 Vlll,
1221 5065 1301 5128 App,
1351 5063 1682 5129 saltumn-usucap.
1696 5057 2084 5128 rx,cap.6.-‘1.tb·XVlll‚v·
2098 5061 2167 5113 23-

524 5134 572 5186 eor.
585 5138 608 5188 ι.
622 5162 651 5174 -
663 5136 718 5188 ἰιι
730 5136 813 5190 runt.
827 5137 922 5190 cumr.
940 5145 966 5189 a
985 5137 1046 5191 sou.
1064 5139 1127 5192 vra.
1147 5143 1301 5208 ιιμιιυιιι,
1353 5143 1429 5209 opp,
1441 5152 1460 5196 t.
1472 5144 1526 5197 ru.
