4559 6100
867 62 1104 136 APPENDIX.
1708 58 1780 130 773

185 217 255 306 gari
270 217 484 307 conspicerem
500 232 538 287 ut
553 214 645 280 facile
661 211 796 302 quilibet
807 211 965 299 judicaret
987 213 1059 279 illos
1079 236 1147 278 non
1164 213 1289 277 Christo
1302 226 1378 276 vota
1395 208 1593 300 persolvere,
1620 206 1678 273 sed
1696 210 1779 274 Bac·

186 332 261 397 cho.
281 332 369 397 Inter
383 333 453 398 brec
467 331 644 397 salutantur
657 330 766 419 cyphi,
783 329 899 419 pocula
914 327 1128 410 celebrantur,
1145 326 1316 393 laudantur
1332 326 1424 406 vina,
1449 322 1633 415 pontificum
1653 338 1781 414 guttura

186 452 368 541 irrigantur.
386 452 478 518 Tunc
494 450 606 540 aliquis
620 450 799 515 Horatiano
814 448 879 515 sale
893 447 1004 514 ludere
1020 446 1144 538 posset¹
1167 471 1175 514 ε

507 646 634 721 Nullam,
650 649 737 723 Vare,
752 665 833 706 sacra
846 646 906 704 vite
919 645 1000 725 prius
1015 645 1125 705 severis
1139 643 1285 705 arborem.

183 830 269 896 Nam
286 828 378 913 illud,
397 828 485 918 quod
500 830 589 897 idem
605 844 700 920 poeta
716 831 751 895 in
768 829 831 895 alio
847 830 988 895 carmine
1005 827 1162 919 promit’,

509 1033 592 1089 Nunc
605 1042 649 1089 est
661 1025 831 1101 bibendum,
845 1047 923 1087 nnnc
936 1024 1010 1106 pede
1022 1025 1115 1086 libero

505 1121 648 1183 Pulsanda
662 1122 797 1181 tellus...

180 1308 230 1372 ibi
257 1309 442 1374 memoriter
475 1308 656 1399 gerebatur.
683 1307 814 1391 Quanto
847 1307 1003 1372 salubrius
1037 1305 1202 1372 audiretur
1229 1305 1331 1371 suavis
1354 1321 1458 1394 poetae
1487 1301 1593 1369 Galli⁸
1627 1304 1781 1368 sententia

182 1425 353 1493 luculentis
370 1427 548 1494 admodum
564 1426 707 1494 versibus
722 1427 863 1518 vigilata.
881 1427 937 1491 Ait
952 1427 1060 1492 enim:

506 1642 580 1703 Vina
591 1641 697 1723 probo,
710 1642 735 1703 si
749 1653 818 1721 pota
829 1640 927 1718 modo,
944 1639 1108 1720 debentque
1122 1641 1252 1721 probari.

588 1739 618 1798 Si
633 1756 694 1797 non
708 1749 776 1816 pota
789 1736 889 1812 modo,
904 1735 971 1795 vina
986 1755 1097 1795 venena
1112 1748 1195 1815 pulo.

180 1920 250 1988 Sed
266 1921 372 1988 lethaei
385 1923 476 1999 potio
488 1922 574 1989 succi
589 1921 777 2014 pontificum
793 1922 893 1988 corda
905 1924 973 2008 jam
989 1920 1168 2011 sepelierat.
1185 1921 1280 1997 Ecce,
1302 1920 1405 2009 inquit
1421 1919 1614 2009 Satyricus‘,

513 2176 751 2196 .........
778 2100 858 2193 Inter
874 2133 980 2214 pocula
998 2144 1133 2213 quaerunt

506 2226 659 2288 Pontifices
674 2227 764 2287 saturi
777 2225 848 2306 quid
861 2226 910 2286 dia
925 2239 1059 2306 poemata
1072 2237 1202 2286 narrent.

182 2441 330 2530 Denique
346 2463 421 2505 cum
445 2441 566 2530 aliquid
582 2441 697 2507 subtile
713 2441 922 2532 divinumque
937 2440 1084 2525 sonabat,
1101 2440 1191 2531 quod
1207 2439 1335 2505 auribus
1349 2437 1585 2531 pontificalibus
1604 2452 1673 2502 erat
1695 2438 1785 2502 inso-

181 2556 294 2638 litum,
320 2556 487 2624 audientes
508 2584 620 2626 omnes
643 2560 881 2627 dissecabantur
903 2562 1054 2629 cordibus
1070 2563 1145 2645 suis,
1171 2576 1203 2626 et
1220 2559 1397 2626 stridebant
1413 2557 1564 2624 dentibus
1581 2558 1615 2620 in
1636 2556 1783 2639 Petrum,

181 2694 218 2744 ct
233 2677 343 2742 oculos
364 2678 459 2769 talpae
474 2680 632 2747 habentes
647 2682 681 2745 in
696 2681 926 2774 philosophum
945 2707 953 2748 ι
972 2684 1061 2765 Hoc,
1085 2684 1252 2772 inquiunt,
1270 2682 1445 2746 sineremus
1462 2681 1567 2744 vivere
1583 2676 1786 2741 monstrum?

182 2794 414 2886 Moventesqne
439 2813 536 2889 caput
560 2801 650 2889 quasi
674 2798 796 2865 Judaei⁶
820 2823 828 2866 ε
852 2831 865 2858 α
880 2801 972 2883 Vah,
994 2777 1160 2891 inquiunt,
1183 2799 1333 2889 eccequi
1356 2798 1489 2864 destruit
1504 2796 1659 2887 templum
1676 2796 1781 2860 Dei.»

182 2914 237 2979 Sic
254 2914 402 3001 judicant
416 2918 514 2983 verba
531 2918 662 2985 luminis
677 2920 773 3002 caeci,
796 2920 840 2985 sic
856 2921 961 2985 virum
976 2920 1121 2986 sobrium
1145 2918 1301 2984 damnant
1316 2918 1413 3000 ebrii,
1439 2919 1483 2983 sic
1498 2933 1611 2982 contra
1630 2938 1787 3005 organum

182 3034 347 3101 Trinitatis
364 3034 523 3104 disserunt
544 3037 658 3105 calices
673 3037 823 3122 facundi,
848 3039 892 3105 sic
911 3056 1025 3106 contra
1041 3040 1217 3131 simplicem
1236 3039 1399 3129 disputant
1421 3036 1564 3116 cornuti,
1583 3036 1627 3100 sic
1642 3050 1787 3099 sanctum

182 3176 292 3236 canes,
310 3154 354 3221 sic
370 3158 557 3247 margaritas
572 3160 663 3248 porci
678 3158 867 3226 corrodunt.
884 3159 936 3224 Sic
948 3158 994 3224 sal
1010 3175 1103 3225 terrae
1119 3158 1307 3224 infatuatur.
1325 3158 1377 3223 Sic
1392 3157 1470 3250 legis
1483 3154 1589 3222 fistula
1605 3153 1784 3219 obturatur.

181 3272 401 3339 Concionatur
420 3276 545 3365 sapiens
565 3274 649 3356 vir⁸‚
673 3277 766 3362 «Qui
783 3279 890 3370 “tangit
910 3278 1015 3369 picem
1038 3277 1258 3369 inquinabitur
1273 3277 1315 3342 ab
1331 3301 1387 3345 ea:
1405 3309 1418 3336 ι
1438 3275 1528 3367 quod
1548 3297 1608 3340 nos
1631 3273 1693 3337 alio
1711 3295 1787 3362 pos-

151 3389 155 3396 ’
182 3412 293 3456 sumus
316 3392 452 3460 reddere
474 3418 586 3479 versu,
612 3396 706 3481 «Qui
732 3398 835 3487 tangit
855 3399 967 3464 vinnm
991 3397 1211 3488 inquinabitur
1236 3398 1278 3463 ab
1302 3421 1354 3466 eo.
1370 3430 1383 3457 n
1411 3398 1540 3463 Bibcrat
1564 3397 1787 3486 episcoporum

181 3509 337 3576 sobrietas
361 3514 550 3605 sanguinem
573 3540 643 3581 nvae
668 3518 936 3602 meracissimum,
961 3521 1049 3606 cujus
1076 3518 1293 3609 integritatem
1309 3542 1393 3609 aqna
1418 3541 1486 3586 non
1511 3516 1785 3608 devirginaverat,

182 3629 260 3718 quia
276 3632 453 3699 secundnm
469 3634 665 3720 Martialem,

505 3841 622 3901 Grande
635 3841 722 3902 nimis
736 3843 829 3903 scelus
843 3856 886 3904 est
903 3863 1017 3904 sacrum
1031 3843 1166 3925 jugulare
1179 3844 1345 3918 Falernum,

583 3938 643 3994 Nec
654 3937 783 3997 Bacchus
796 3939 936 4018 Lymphae
952 3938 1117 4020 conjugium
1130 3939 1266 4019 patitnrl.

180 4135 398 4225 lmplevcrant
407 4143 557 4229 primates
573 4145 661 4212 orbis
672 4148 855 4239 philosophi
866 4151 1002 4239 gutturis
1017 4148 1103 4216 dolia
1115 4172 1172 4215 sna
1186 4148 1293 4213 vivido
1304 4147 1393 4208 vino.
1404 4143 1501 4230 Cujus
1517 4140 1605 4208 calor
1619 4143 1664 4207 ita
1680 4142 1786 4208 inces-

179 4273 268 4322 serat
287 4260 445 4341 cerebris,
464 4263 550 4328 utin
565 4266 670 4329 somni
689 4265 854 4358 letargiam
876 4265 960 4331 oculi
981 4266 1127 4332 omnium
1143 4262 1353 4330 solverentur.
1370 4263 1459 4330 Inter
1472 4263 1544 4328 haec
1564 4277 1656 4328 sonat
1671 4260 1784 4348 lector,

223 4497 285 4561 ¹0d.
298 4510 319 4574 l,
333 4515 372 4565 lt.
385 4538 416 4551 -
429 4514 494 4566 ’ot
505 4512 525 4576 l,
537 4518 578 4567 at.
590 4518 642 4554 -⁸
659 4516 704 4569 fllc
716 4528 782 4569 certe
797 4520 914 4571 alluditur
926 4521 958 4571 ad
1012 4521 1117 4572 rlantur.
1130 4547 1160 4558 -
1174 4520 1292 4575 ‘Perslua
1305 4521 1371 4581 Sat,
1384 4518 1410 4583 l,
1424 4532 1447 4570 v.
1460 4521 1502 4571 tt).
1514 4543 1546 4556 -
1557 4516 1657 4582 tutte,
1674 4531 1729 4583 cap·
1742 4530 1785 4579 xl·

187 4589 281 4642 Gallum
304 4601 401 4656 poetam
423 4607 498 4659 quem
511 4600 598 4648 ceclnlt
616 4596 742 4665 Vlralllus,
762 4603 876 4664 quamvls
892 4603 960 4654 allatl
1013 4604 1091 4656 ult.
1106 4601 1323 4665 -lssecltmn
1337 4614 1395 4665 stit,
1413 4614 1436 4652 r.
1458 4604 1482 4653 l.
1497 4599 1650 4652 -lllersm
1669 4603 1786 4667 prlorest

187 4682 270 4721 sertus
283 4684 329 4725 nee
338 4674 365 4724 ln
380 4673 442 4726 Gelll
454 4690 499 4728 nec
515 4678 540 4729 ln
552 4676 722 4732 Pseudo-Galll
734 4681 876 4743 fragmentls
888 4696 959 4746 repe-
1012 4683 1141 4749 llartlalla,
1154 4682 1175 4748 1,
1190 4687 1237 4746 te,
1249 4685 1411 4748 posterlorem
1423 4683 1509 4734 nnlllbl
1522 4683 1637 4734 rldlmm.
