4559 6100
493 527 583 598 ’472
1092 532 1100 547 '
1120 527 1244 600 PETRI
1267 525 1493 599 ABAELARDI
1616 530 1620 537 ’

509 689 637 772 praeter
657 674 695 747 id
715 674 820 772 quod
835 688 929 746 est.»
951 676 1022 763 Qui
1041 677 1147 749 etiam
1172 677 1306 750 ibidem
1328 678 1446 750 statim
1469 676 1583 773 ipsam
1610 673 1769 747 divinam
1783 671 2038 765 substantiam,
2058 673 2095 744 in

508 795 554 865 eu
576 778 678 892 quod
698 794 805 866 nullis
823 793 1068 866 accidentibus
1089 794 1246 893 subjecta
1270 810 1334 887 est,
1353 809 1537 893 tamquam
1552 804 1887 882 sustentamentum,
1906 793 1998 863 sicut
2014 806 2096 864 sunt

508 926 641 984 eaeterae
669 911 885 1006 substantiae,
914 914 1066 985 sormam
1088 914 1208 1012 potius
1232 937 1341 1010 quam
1357 912 1591 985 substantiam
1620 911 1802 999 nominat,
1830 923 1870 981 ut
1892 909 1967 1004 Jam
1988 935 2094 1008 supra

509 1032 759 1121 meminimus;
778 1057 886 1130 quarn
909 1057 1031 1104 rursus
1046 1033 1082 1103 in
1099 1030 1333 1127 sequentibus
1348 1030 1584 1103 substantiam
1600 1056 1679 1127 quae
1694 1030 1739 1100 sit
1756 1029 1846 1100 ultra
1862 1027 2092 1099 substantiam

507 1172 583 1221 esse
608 1149 807 1248 profitetur,
829 1175 897 1223 nec
917 1152 1063 1248 proprie
1083 1150 1283 1222 secundum
1304 1150 1468 1222 usitatam
1485 1148 1779 1246 significationem
1801 1144 2092 1219 substantiaedici

507 1266 741 1342 substantiam
762 1270 817 1341 bis
834 1267 951 1341 verbis
972 1293 982 1340 ε
1004 1267 1238 1340 «Substantia
1263 1269 1300 1340 in
1322 1266 1383 1339 illo
1406 1282 1550 1341 nonest
1573 1292 1657 1340 vere
1676 1266 1889 1353 substantia,
1918 1264 1981 1336 sed
2002 1266 2092 1337 ultra

497 1374 739 1460 ¹substantiam
759 1404 824 1460 est.
842 1392 933 1460 Cum
948 1388 1112 1477 dicimus,
1131 1387 1261 1485 inquit,
1282 1390 1425 1478 «Deus,
1444 1417 1460 1451 s
1479 1386 1716 1459 substantiam
1733 1382 1879 1482 quidem
1894 1383 2092 1479 significare

506 1505 694 1593 videmur,
710 1508 774 1579 sed
798 1532 877 1579 eam
903 1531 982 1604 qnae
1009 1508 1054 1578 sit
1078 1505 1170 1579 ultra
1198 1504 1444 1577 substantiam.
1472 1508 1564 1576 Cum
1592 1527 1678 1575 vero
1697 1503 1867 1598 «justus»
1888 1500 2090 1599 qualitatem

505 1629 664 1727 quidem,
689 1631 752 1702 sed
781 1632 855 1702 non
881 1628 1151 1718 accidentalem,
1172 1628 1233 1700 sed
1259 1652 1339 1700 eam
1365 1653 1444 1725 quae
1465 1629 1512 1699 sit
1536 1626 1732 1699 substantia
1755 1640 1790 1697 et
1814 1625 1905 1696 ultra
1928 1624 2090 1697 substau-

504 1750 614 1820 tiam.
632 1754 734 1837 ltem,
764 1774 847 1822 cum
873 1750 1024 1821 dicimus
1052 1778 1070 1816 a
1085 1773 1254 1844 maguus,
1272 1779 1290 1814 s
1315 1747 1371 1820 vel
1400 1777 1418 1814 κ
1434 1749 1664 1839 maximus,»¹
1685 1748 1919 1844 quantitatem
1944 1745 2090 1841 quidem

503 1868 702 1965 significare
718 1870 895 1959 videmur,
915 1868 978 1940 sed
1000 1893 1078 1941 earn
1102 1893 1181 1964 quae
1203 1869 1248 1938 sit
1263 1868 1338 1965 ipsa
1355 1866 1551 1939 substantia
1572 1867 1653 1939 talis
1673 1866 1814 1963 qualem
1840 1888 1917 1936 esse
1942 1864 2090 1937 dicimus

503 1985 596 2058 ultra
611 1985 857 2060 substantiam.
874 2019 890 2053 s
909 1988 967 2059 Sic
979 2011 1064 2083 ergo
1083 1963 1224 2058 Boetius
1241 1991 1357 2057 Deum
1373 1985 1606 2084 proprie'dici
1622 1984 1856 2057 substantiam
1876 1998 1993 2079 negat,
2013 2009 2090 2082 quae

503 2105 546 2176 sit
577 2105 711 2177 scilieet
738 2106 974 2178 accidentium
1003 2119 1338 2181 sustentamentum.
1364 2108 1477 2176 itaet
1504 2104 1739 2202 proprietates
1764 2125 1843 2198 quae
1867 2102 1935 2199 ipsi
1962 2101 2088 2177 divine

502 2222 705 2296 substantiae
724 2224 859 2313 insunt,
881 2223 1077 2296 accidentia
1092 2222 1166 2295 sive
1184 2222 1316 2294 formas
1332 2222 1536 2294 substantiae
1552 2220 1622 2293 diei
1636 2246 1711 2293 non
1730 2223 1919 2310 convenit;
1938 2222 2006 2293 sed·
2017 2236 2088 2293 tam

500 2341 667 2414 accidens
688 2342 759 2415 boe
780 2360 928 2434 nomen,
953 2366 1063 2440 quam
1085 2341 1202 2447 forma
1223 2355 1259 2413 et
1285 2350 1417 2415 norem
1440 2341 1798 2438 praedicamentorum
1825 2341 1987 2424 nomina,
2000 2364 2088 2438 quae

499 2460 555 2531 bis
588 2462 732 2534 duobus
758 2462 1006 2549 includuntur,
1035 2462 1179 2560 proprie
1202 2463 1238 2533 in
1264 2461 1372 2534 rebus
1396 2474 1535 2533 tanturn
1569 2460 1694 2532 creatis
1711 2458 1955 2555 accipiuntur.
1987 2458 2087 2531 Unde

473 2580 479 2591 '
499 2593 532 2648 et
551 2582 694 2651 Boetius
714 2582 751 2651 in
767 2579 897 2652 eodem
915 2603 998 2650 cum
1015 2580 1087 2649 ait:
1115 2579 1345 2652 «Substantia
1362 2582 1398 2651 in
1415 2580 1567 2652 illo'non
1586 2602 1668 2651 vere
1686 2575 1893 2664 substantia,
1912 2576 1975 2647 sed
1996 2578 2087 2652 ultra

499 2696 748 2789 substantiam,
762 2726 780 2765 n
800 2698 930 2794 adjecit
946 2696 1078 2787 statim,
1100 2701 1214 2768 «trem
1235 2697 1385 2793 qualitas
1402 2712 1438 2768 et
1451 2711 1576 2769 caetera
1588 2721 1668 2793 quae
1688 2697 1830 2769 evenire
1846 2708 1995 2792 queunt,
2013 2695 2086 2768 boc

474 2828 552 2899 est
577 2814 657 2912 quae
686 2830 836 2914 possunt
861 2813 1044 2905 accidere,
1074 2827 1114 2884 ut
1142 2815 1273 2887 scilicet
1299 2815 1497 2888 accidentia
1526 2816 1703 2907 dicantur,
1734 2816 1770 2887 in
1801 2817 1880 2913 ipso
1904 2839 1986 2886 vere
2010 2840 2085 2887 non

499 2948 595 3005 sunt.
613 2963 631 3002 s
650 2938 740 3006 Cum
758 2936 877 3031 itaque
898 2933 1020 3004 diviua
1036 2930 1230 3005 substantia
1248 2934 1435 3029 singularis
1452 2958 1597 3034 prorsus
1613 2948 1649 3007 et
1661 2935 1768 3006 unica
1791 2935 1855 3025 sit,
1875 2934 1910 3005 in
1927 2948 2085 3032 qua‘tres

498 3077 658 3151 personae
671 3055 884 3142 consistunt,
901 3055 948 3125 ita
965 3068 1003 3125 ut
1017 3059 1240 3152 unaquaeque
1254 3067 1487 3153 personarum
1507 3054 1551 3125 sit
1569 3054 1695 3127 eadem
1712 3055 1854 3152 penitus
1874 3054 2079 3140 substantia,

440 3251 444 3258 .
470 3175 473 3181 ’
497 3197 576 3269 quse
599 3188 707 3246 estet
728 3174 850 3262 altera,
871 3176 939 3245 uec
962 3172 1034 3244 ulla
1054 3173 1097 3243 sit
1118 3175 1274 3271 partium
1295 3189 1355 3245 aut
1379 3173 1575 3244 formarum
1596 3172 1781 3248 diversitas
1805 3171 1900 3270 illius
1918 3173 2082 3272 simplicis

495 3289 596 3383 boni,
623 3294 737 3367 multo
757 3295 877 3365 minus
891 3291 967 3363 baec
983 3315 1137 3389 persona
1157 3292 1255 3364 aliud
1272 3290 1319 3366 ab
1342 3291 1401 3363 illa
1417 3292 1488 3365 diei
1504 3306 1635 3389 potest,
1653 3277 1768 3389 'quain
1785 3294 1949 3364 Socrates
1965 3316 1986 3363 a
2001 3292 2082 3364 Pla·

495 3425 598 3503 tone;
617 3437 701 3485 eum
712 3411 889 3485 ‘videlieet
904 3412 1012 3482 trium
1033 3436 1267 3508 personarum
1282 3434 1355 3483 una
1375 3412 1419 3482 sit
1436 3410 1622 3508 singularis
1638 3412 1810 3500 essentia3
1828 3411 1983 3484 Socratis
1999 3435 2080 3483 vero

495 3544 530 3601 et
560 3531 715 3616 Platonis
738 3531 874 3603 nonsit
898 3529 1022 3602 eadem
1050 3530 1282 3602 essentialiter
1306 3527 1517 3619 substantia,
1543 3529 1608 3606 sed
1634 3530 1746 3625 magis
1771 3529 1933 3608 discretae
1957 3554 2079 3602 eorum

495 3647 701 3722 substantiae
721 3677 729 3721 :
749 3656 797 3721 ita
821 3648 968 3746 quidem
992 3661 1031 3719 ut
1053 3647 1128 3719 baec
1151 3650 1301 3720 essentia
1325 3649 1484 3721 Socratis·
1501 3672 1575 3720 non
1597 3648 1644 3720 sit
1664 3647 1723 3726 illa
1742 3648 1911 3721 Platonis.
1936 3654 1980 3721 dt
1997 3674 2079 3722 vero

495 3764 619 3839 eadem
637 3767 788 3840 essentia
803 3771 951 3865 quaeest
968 3766 1092 3853 Patris,
1113 3765 1240 3837 eadem
1255 3767 1397 3863 penitus
1416 3780 1469 3837 est
1485 3766 1582 3857 Filii;
1601 3765 1727 3844 eadem
1745 3769 1852 3840 etiam
1869 3793 2015 3867 prorsus
2030 3782 2081 3840 est

492 3885 643 3982 Spiritus
664 3888 795 3958 Sancti.
822 3891 894 3958 Nec
911 3886 1030 3956 miuus
1047 3898 1166 3956 tamen
1189 3890 1293 3957 Pater
1313 3885 1404 3978 alius
1428 3902 1500 3971 est,
1521 3886 1559 3958 id
1583 3901 1634 3959 est
1651 3886 1810 3962 diversus
1833 3890 1869 3959 in
1888 3912 2039 3986 persona
2058 3913 2080 3959 a

493 4002 579 4075 Filio
597 4005 671 4077 sive
689 4005 857 4104 aSpiritu
880 4006 1030 4091 Sanet03
1055 4027 1197 4075 necnon
1216 4009 1254 4076 'et
1276 4005 1383 4076 Filius
1400 4031 1420 4077 a
1439 4006 1574 4103 Spiritu
1589 4008 1738 4096 Saneto;
1762 4030 1845 4077 cum
1862 4005 1919 4080 bic
1936 4029 2013 4076 non
2035 4008 2080 4079 sit

491 4119 563 4210 ille,
583 4123 665 4195 licet
690 4123 737 4194 sit
760 4122 849 4193 illud
872 4120 1066 4220 quodille.
1094 4125 1221 4219 Magna
1246 4138 1364 4196 autem
1391 4139 1426 4197 et
1451 4124 1679 4196 subtilissima
1708 4125 1872 4197 discretio
1896 4123 1958 4196 hic
1979 4113 2081 4198 adbi-

489 4238 608 4326 banda
631 4257 696 4332 est,
715 4256 755 4313 ut
774 4266 841 4313 nec
864 4240 1029 4313 identitas
1050 4241 1237 4336 singularis
1264 4242 1479 4332 substantia,
1509 4257 1545 4314 et
1570 4243 1756 4320 individua
1782 4245 1897 4320 unitas
1921 4246 2079 4318 essentia

463 4359 470 4386 ¹
488 4360 748 4457 impedimento
782 4362 827 4431 sit
853 4358 1047 4432 diversitati
1078 4369 1334 4456 personarum,
1367 4375 1403 4432 et
1432 4385 1514 4440 cum
1542 4361 1696 4436 Sabellio
1731 4361 1938 4435 oberrantes
1968 4389 2077 4438 uuam

490 4490 629 4549 tanturn
653 4478 887 4576 profiteamur
908 4501 1119 4576 personam,
1145 4478 1236 4549 sieut
1256 4503 1369 4550 unum
1386 4482 1523 4569 Deum3
1550 4505 1617 4552 nec
1633 4480 1818 4553 diversitas
1840 4505 2077 4578 personarum

490 4595 759 4696 impedimento
777 4598 821 4668 sit
845 4596 1078 4693 singularitati
1104 4596 1333 4691 substantiae,
1362 4611 1398 4677 et
1423 4598 1719 4674 inloveam·1lrii
1746 4614 1975 4690 corruentes,
2004 4616 2075 4674 tres

488 4740 686 4789 asseramus
707 4721 816 4808 Deos,
840 4717 931 4788 sicut
953 4729 988 4787 et
1009 4730 1078 4790 tres
1100 4740 1288 4814 personam
1310 4717 1375 4790 sed
1392 4717 1498 4789 simul
1520 4732 1555 4790 et
1572 4742 1664 4790 uuus
1681 4720 1832 4790 omnino
1853 4720 1891 4791 in
1919 4720 2075 4818 singula·

489 4835 591 4908 ritate
613 4835 817 4909 substantiae
844 4835 888 4908 sit
911 4839 1020 4922 Deus,
1047 4848 1083 4910 et
1100 4849 1196 4906 totus
1218 4836 1292 4933 ipse
1318 4836 1365 4910 sit
1385 4837 1423 4908 in
1448 4837 1565 4910 trium
1583 4861 1816 4936 personarum
1844 4837 2072 4910 discretione.

487 4959 570 5043 Quo
588 4955 625 5027 in
648 4955 728 5027 loeo
750 4953 962 5050 gravisnmae
984 4967 1020 5025 et
1043 4952 1259 5025 difficillimae
1278 4954 1552 5028 Dialectieorum
1574 4958 1786 5054 quaestiones
1801 4971 2009 5029 occurrunt.
2030 4958 2074 5027 Hi

478 5076 619 5184 quippe
645 5100 689 5148 ea
711 5074 845 5148 unitate
871 5072 1029 5145 essentia
1051 5073 1259 5145 Trinitatem
1279 5099 1513 5174 personarum
1540 5076 1783 5175 impugnant:
1812 5101 1853 5150 ac
1880 5100 2003 5150 rursus
2029 5099 2073 5148 ex
