4559 6100
637 517 831 589 EPlTOME
856 513 1126 588 THEOLOGlAE
1150 509 1442 585 eflutsttaNAE.
1767 504 1836 577 581

245 669 416 751 luxuriam,
431 668 557 735 castitas
571 691 642 756 quae
652 667 832 748 libidinem,
851 666 1005 732 sobrietas
1025 689 1096 753 quae
1115 663 1289 755 ingluviem
1306 663 1467 728 refraenat.
1478 661 1551 725 Iste
1562 661 1693 725 vinmes
1708 658 1742 723 in
1762 680 1839 747 proÎ‡

245 768 345 856 speris
360 767 555 835 necessariae.
579 765 750 831 Fortitudo
766 788 842 831 vero
858 765 1002 855 potentia
1017 779 1085 843 est,
1114 785 1187 851 quar
1215 760 1324 827 reddit
1346 761 1489 826 animum
1510 772 1710 823 constantem
1729 771 1841 821 eontra

247 864 391 930 adversa.

841 1086 1024 1178 CAPUT
1058 1085 1253 1175 lllllllll.

720 1308 765 1364 De
777 1303 870 1378 vitiis,
885 1320 950 1382 quae
965 1302 1118 1363 virtutibus
1131 1299 1277 1360 contraria
1291 1290 1369 1359 sunt.

290 1490 387 1555 Nunc
412 1487 575 1570 devitiis,
600 1512 673 1577 quae
697 1488 763 1553 istis
783 1487 953 1553 virtutibus
978 1489 1138 1552 contraria
1163 1501 1248 1567 sunt,
1275 1485 1388 1551 itidem
1409 1482 1609 1549 disseramus.
1636 1482 1845 1573 Unaquaeque

248 1589 347 1653 virtus
371 1586 471 1650 habet
496 1587 609 1651 vitium
637 1587 697 1651 sibi
722 1588 931 1663 contrarium,
960 1602 998 1651 ut
1018 1584 1147 1671 justitiae
1171 1584 1331 1650 contraria
1356 1599 1404 1648 est
1427 1582 1600 1668 injustitia,
1626 1584 1846 1671 temperantiae

249 1683 511 1775 intemperantia,
527 1682 707 1749 fortitudini
724 1682 887 1766 debilitas,
904 1684 1058 1773 quoniam
1073 1682 1163 1747 bono
1179 1704 1219 1746 ex
1236 1681 1419 1746 necessitate
1435 1677 1556 1745 malum
1573 1680 1770 1744 contrarium
1785 1695 1845 1760 est,

250 1784 341 1873 quia,
359 1783 387 1846 si
402 1780 521 1870 aliquid
535 1780 661 1847 bonum
677 1798 739 1863 est,
757 1783 935 1848 necessario
950 1784 1017 1868 ejus
1032 1778 1230 1847 contrarium
1249 1779 1371 1844 malum
1386 1794 1454 1861 est,
1472 1777 1529 1843 sed
1546 1801 1613 1842 non
1631 1779 1845 1859 convertitur3

249 1895 356 1970 potest
371 1878 459 1944 enim
480 1878 567 1943 malo
582 1878 704 1944 malum
723 1879 919 1944 contrarium
935 1903 1016 1946 esse.
1036 1878 1194 1964 Injustitia
1214 1893 1261 1942 est
1275 1877 1389 1941 vitium
1407 1877 1516 1955 animi,
1536 1899 1602 1964 quo
1621 1898 1687 1940 non
1704 1872 1850 1940 redditur

251 1977 423 2065 unicuique
441 1974 529 2063 quod
547 1999 639 2041 suum
660 1993 708 2041 est
723 1993 756 2042 et
771 1975 858 2064 quod
880 1977 1029 2043 debetur.
1047 1977 1104 2040 Est
1123 1974 1220 2065 igitur
1239 1974 1310 2039 talis
1331 1974 1416 2038 mala
1430 1973 1578 2039 voluntas
1595 1974 1748 2059 injustitia
1769 1976 1850 2038 sicut

251 2076 340 2140 bona
356 2089 405 2139 est
416 2074 549 2159 justitia.
570 2075 820 2164 Intemperantia
835 2089 882 2139 est
898 2074 1088 2164 impotentia
1107 2072 1276 2137 resistendi
1292 2071 1433 2136 motibus
1452 2070 1581 2153 illicitis,
1598 2087 1635 2135 ut
1656 2068 1783 2136 luxuria
1804 2088 1851 2136 est

252 2171 412 2238 contraria
429 2171 581 2254 castitati,
597 2171 748 2261 gulositas
764 2171 941 2237 sobrietati.
960 2169 1155 2236 Fortitudini
1170 2192 1248 2235 vero
1271 2168 1418 2234 debilitas
1434 2169 1549 2234 mentis
1566 2183 1613 2234 est
1629 2170 1799 2247 contraria,
1819 2186 1851 2234 et

253 2270 334 2334 sicut
347 2267 538 2358 praedictum
553 2284 611 2351 est,
630 2267 786 2332 fortitudo
805 2269 838 2332 in
856 2267 1008 2349 adversis,
1022 2269 1234 2358 temperantia
1254 2268 1288 2330 in
1310 2268 1470 2357 prosperis
1486 2267 1663 2331 necessaria
1682 2282 1741 2330 est.
1765 2265 1852 2331 Nota

252 2389 342 2447 vero,
364 2365 549 2453 hujusmodi
564 2367 724 2455 potentias
741 2390 807 2430 non
820 2364 890 2431 illas
905 2366 1085 2448 naturales,
1102 2389 1174 2455 quar
1190 2382 1262 2430 actu
1279 2389 1347 2430 non
1361 2365 1491 2444 adsunt,
1508 2364 1559 2429 vel
1580 2380 1665 2429 certe
1688 2365 1715 2429 si
1737 2363 1853 2430 adsunt

253 2462 346 2530 facile
361 2463 498 2528 mobiles
513 2480 598 2545 sunt,
616 2463 672 2529 sed
689 2465 796 2554 potius
809 2487 880 2553 quae
899 2463 1076 2529 secundum
1097 2464 1197 2528 animi
1212 2464 1461 2552 applicationem
1473 2460 1592 2543 insunt,
1607 2478 1644 2527 ut
1659 2463 1718 2527 iste
1738 2463 1854 2528 dicitur

255 2584 376 2642 cursor,
395 2584 462 2626 non
481 2561 570 2650 quod
584 2561 672 2626 illam
687 2561 866 2653 potentiam
881 2561 1071 2627 naturaliter
1085 2562 1216 2642 habeat,
1235 2559 1292 2626 sed
1308 2561 1382 2652 quia
1399 2583 1432 2625 se
1450 2558 1565 2624 adhoc
1576 2559 1742 2649 disposuit.
1760 2560 1855 2625 Multi

255 2681 394 2749 namque
416 2658 594 2724 infidelium
608 2660 666 2724 has
681 2659 842 2725 naturales
863 2658 1023 2750 potentias
1037 2658 1180 2739 habent,
1203 2658 1257 2747 qui
1278 2672 1387 2723 tamen
1403 2656 1573 2721 virtutibus
1589 2673 1714 2739 carent,
1737 2661 1854 2749 quippe

256 2755 299 2822 ad
322 2757 398 2820 istas
421 2778 488 2820 non
512 2779 553 2821 ex
574 2756 745 2822 dilectione
763 2756 974 2848 applicantur.
996 2756 1110 2821 Omnis
1127 2756 1214 2822 euim
1229 2757 1346 2835 virtus,
1368 2771 1406 2820 ut
1424 2753 1573 2835 diximus,
1589 2754 1641 2819 vel
1659 2755 1773 2820 caritas
1794 2773 1852 2837 est,

256 2870 292 2918 ut
305 2876 343 2919 ea
360 2876 432 2943 quae
446 2853 594 2918 voluntas
608 2871 666 2937 est,
682 2854 735 2920 vel
751 2877 790 2921 ex
806 2855 951 2930 caritate,
969 2870 1007 2917 ut
1019 2853 1164 2943 potentia
1180 2853 1252 2918 talis
1269 2877 1340 2942 quas
1356 2876 1396 2918 ex
1412 2851 1582 2917 dilectione
1600 2867 1658 2916 est.
1676 2851 1753 2917 Non
1769 2855 1855 2920 enim

257 2950 349 3014 fortis
359 2948 411 3014 vel
426 2950 551 3016 sobrius
566 2952 617 3017 vel
629 2954 732 3037 justus
744 2952 795 3018 vel
811 2952 940 3017 humilis
955 2951 1006 3017 vel
1021 2953 1093 3017 talis
1104 2940 1231 3033 dicitur,
1248 2951 1309 3015 nisi
1325 2974 1422 3041 quem
1434 2949 1547 3015 caritas
1563 2949 1638 3014 iacit
1650 2948 1701 3014 vel
1713 2952 1856 3016 sobrium

255 3046 307 3114 rel
320 3046 430 3113 talem.

301 3144 380 3208 Viso
396 3142 437 3209 de
452 3146 569 3210 virtute
585 3146 664 3234 quid
679 3146 731 3226 sit,
744 3169 829 3211 nunc
844 3146 923 3235 quid
938 3146 1061 3225 vitium,
1074 3146 1153 3234 quid
1165 3146 1206 3209 sit
1218 3161 1398 3234 peccatum,
1417 3166 1552 3232 quaeque
1564 3146 1649 3208 inter
1661 3167 1700 3209 ea
1712 3145 1753 3210 sit
1765 3143 1858 3213 diffe-

258 3242 374 3321 rentia,
392 3240 569 3306 videamus.
594 3245 651 3307 Est
673 3243 770 3332 igitur
785 3244 900 3307 vitium
920 3244 1084 3332 corruptio
1107 3258 1231 3307 naturae
1247 3242 1330 3324 talis,
1348 3265 1420 3330 quae
1443 3239 1552 3305 reddit
1565 3241 1731 3306 hominem
1747 3243 1855 3331 impo-

259 3354 381 3403 tentem
391 3337 654 3404 resistereillicito
670 3340 784 3420 motui,
802 3338 853 3405 rel
869 3338 1034 3404 uolentem
1050 3341 1164 3428 cuique
1181 3339 1318 3404 reddere
1331 3338 1419 3427 quod
1436 3360 1530 3402 suum
1543 3354 1602 3416 est,
1620 3339 1700 3403 sicut
1713 3339 1855 3405 irascibi-

259 3435 342 3516 litas,
365 3434 503 3514 luxuria,
523 3435 597 3526 gula
615 3453 648 3501 et
666 3452 784 3502 cetera.
802 3437 975 3503 Peccatum
991 3460 1069 3502 vero
1089 3452 1137 3502 est
1152 3435 1233 3502 velle
1253 3437 1361 3515 irasci,
1379 3434 1460 3501 velle
1476 3434 1643 3500 luxuriari.
1661 3436 1745 3501 Hinc
1761 3438 1857 3528 igitur

259 3531 351 3598 facile
366 3532 468 3597 videri
479 3549 596 3621 potest,
614 3536 647 3597 in
664 3533 772 3598 multis
781 3557 848 3599 esse
863 3550 1031 3624 peccatum
1042 3535 1110 3600 sine
1122 3534 1200 3598 vitio
1215 3550 1248 3600 et
1261 3535 1374 3598 vitium
1385 3534 1453 3598 sine
1463 3548 1596 3621 peccato
1614 3533 1717 3597 :sicut
1731 3532 1854 3622 aliquis,

259 3630 314 3720 qui
336 3629 428 3695 facile
447 3628 575 3693 mobilis
597 3648 645 3695 est
661 3631 702 3695 ad
717 3630 935 3712 irascendum,
951 3633 1005 3720 qui
1023 3653 1056 3697 se
1076 3632 1110 3695 in
1126 3646 1253 3696 tantum
1270 3627 1411 3710 cithibet,
1429 3628 1518 3718 quod
1537 3631 1572 3694 in
1592 3629 1742 3695 ardorem
1763 3631 1856 3698 malae

260 3727 434 3792 voluntatis
444 3727 478 3790 in
495 3726 629 3792 alterum
641 3751 709 3793 non
724 3728 883 3817 irrumpit,
893 3727 944 3793 vel
956 3745 1041 3794 certe
1056 3729 1222 3795 materiam
1233 3726 1460 3794 commovendi
1475 3727 1510 3791 in
1522 3727 1657 3794 alterurn
1667 3751 1735 3792 non
1743 3727 1853 3796 babet.

261 3824 354 3890 [dem
378 3823 420 3888 de
443 3822 607 3891 luxurioso
626 3827 805 3911 conjectare
825 3826 910 3891 licet.
932 3826 1028 3891 Multi
1047 3825 1205 3915 siquidem
1225 3840 1318 3905 sunt,
1340 3826 1395 3913 qui
1414 3847 1489 3888 cum
1506 3826 1602 3913 proni
1622 3842 1695 3891 sunt
1715 3825 1758 3891 ad
1779 3829 1855 3899 hoc.

261 3922 460 3987 voluntatem
474 3937 582 3987 tamen
599 3924 764 3988 cohibent.
782 3923 878 3989 Unde
896 3941 930 3989 et
944 3924 1073 4011 majoris
1091 3924 1197 3989 meriti
1214 3925 1248 3988 in
1261 3939 1388 3989 tantum
1405 3944 1471 3988 esse
1488 3920 1751 4012 deprehenditur,
1768 3927 1857 4013 quod

262 4020 397 4085 victores
421 4026 455 4083 in
471 4018 556 4083 lucta
579 4020 772 4086 efficiuntur.
796 4022 878 4086 Sunt
897 4023 995 4087 etiam
1017 4022 1088 4107 alii,
1113 4022 1169 4110 qui
1190 4044 1264 4086 cum
1277 4021 1453 4086 materiam
1475 4022 1614 4086 exterius
1638 4020 1680 4086 ad
1704 4022 1768 4087 boc
1789 4046 1857 4089 non

261 4117 401 4198 babent,
427 4117 485 4181 etsi
501 4116 622 4182 adhoc
639 4118 825 4184 naturaliter
847 4120 942 4209 proni
962 4136 1051 4199 sunt,
1069 4142 1136 4185 non
1154 4135 1263 4184 tamen
1280 4118 1323 4183 ad
1342 4119 1406 4183 boc
1421 4134 1603 4199 moventur,
1620 4135 1657 4183 ut
1677 4135 1751 4183 sunt
1766 4120 1859 4185 multi
1961 4196 1971 4203 â¸

264 4213 305 4280 de
320 4213 540 4279 claustralibus
558 4216 649 4295 viris,
672 4215 713 4281 de
729 4216 876 4281 solitariis
896 4234 929 4282 et
948 4217 1152 4303 hujusmodi.
1173 4217 1225 4281 Sic
1241 4239 1368 4305 quoque
1388 4217 1422 4279 in
1442 4216 1556 4280 ceteris
1571 4216 1663 4282 facile
1683 4233 1731 4282 est
1749 4220 1857 4283 consi-

264 4309 388 4377 derare.
413 4313 470 4376 Est
488 4330 521 4378 et
543 4328 711 4401 peccatum
726 4314 760 4378 in
776 4314 882 4404 aliquo
899 4316 968 4380 sine
983 4315 1080 4396 vitio,
1105 4330 1143 4379 ut
1163 4315 1197 4379 in
1216 4336 1257 4379 eo
1277 4316 1332 4403 qui
1347 4315 1441 4400 hujus
1457 4313 1507 4381 rel
1522 4312 1607 4378 illius
1620 4316 1775 4404 potentias
1791 4340 1858 4381 non

264 4426 323 4491 est,
350 4408 455 4497 aliqua
473 4426 582 4474 tamen
605 4410 719 4500 grandi
742 4435 838 4478 causa
855 4413 1088 4479 interveniente
1108 4411 1152 4478 ad
1172 4414 1255 4477 iram
1272 4413 1324 4477 rel
1343 4411 1541 4478 iracundiam
1558 4429 1789 4479 commovetur.
1807 4414 1859 4481 Sic

265 4506 361 4595 igitur
374 4506 449 4568 vitia
465 4506 499 4569 in
520 4524 642 4573 naturae
662 4511 880 4599 corruptione,
898 4527 1031 4601 peccata
1046 4534 1122 4575 vero
1140 4512 1174 4574 in
1190 4509 1355 4574 voluntate
1371 4510 1559 4590 consistunt,
1580 4531 1618 4573 ac
1632 4532 1690 4599 per
1705 4510 1769 4577 boc
1783 4514 1860 4578 vitia

266 4624 307 4667 ex
321 4602 462 4667 maxima
478 4620 568 4692 parte
584 4629 622 4670 ex
645 4606 867 4694 complexione
887 4608 944 4673 tali
959 4606 1011 4673 vel
1032 4606 1088 4671 tali
1103 4607 1226 4672 babent
1241 4607 1355 4671 inesse.
1372 4606 1470 4672 Unde
1490 4623 1524 4671 et
1539 4607 1676 4673 earnalia
1692 4628 1859 4676 vocantur.

267 4699 348 4764 Sunt
367 4699 453 4764 enim
472 4701 633 4788 quaedam,
652 4725 723 4791 quae
743 4719 869 4768 tanturn
889 4707 1005 4770 animae
1020 4721 1106 4785 sunt,
1128 4721 1166 4769 ut
1181 4704 1340 4792 superbia,
1357 4703 1479 4769 invidia
1500 4719 1533 4769 et
1549 4722 1666 4771 cetera.
1689 4706 1861 4773 Peccatum

267 4795 347 4861 nihil
360 4811 408 4861 est
417 4796 516 4879 aliud,
531 4822 628 4887 quam
639 4802 706 4890 ipsa
721 4801 828 4890 culpa,
848 4824 933 4889 quae,
951 4818 988 4867 ut
1003 4802 1201 4868 ostendimus
1215 4802 1248 4866 in
1264 4801 1384 4882 multis,
1406 4803 1474 4867 sine
1488 4803 1567 4866 vitio
1582 4819 1687 4892 potest
1702 4825 1781 4868 esse.
1803 4806 1862 4871 Est

269 4910 376 4984 autem
395 4893 489 4985 culpa
509 4896 588 4960 nihil
607 4896 706 4976 aliud,
724 4920 820 4986 quam
840 4916 1020 4965 contemtus
1036 4902 1204 4981 creatoris,
1224 4898 1313 4988 quod
1328 4915 1388 4981 est,
1411 4897 1489 4963 dum
1510 4899 1562 4964 rel
1579 4899 1727 4965 volumus
1751 4919 1863 4968 contm

268 4991 508 5076 conscientiam,
526 4994 616 5083 quod
631 4995 662 5060 ei
677 4993 842 5084 displicere
859 4997 975 5063 scimus
991 5013 1025 5063 et
1041 4998 1082 5062 ab
1098 5021 1139 5063 eo
1157 5020 1226 5063 esse
1241 4997 1453 5088 prohibitum,
1470 4995 1522 5062 vel
1537 4996 1705 5076 nolumus,
1727 5000 1817 5087 quod
1834 5002 1865 5068 ei

270 5089 386 5155 sumus
402 5089 527 5179 placere
549 5107 581 5158 et
601 5093 643 5156 ab
666 5115 705 5158 eo
722 5114 789 5159 esse
808 5112 1017 5185 preceptum.
1034 5094 1130 5161 Unde
1152 5117 1214 5161 nee
1232 5096 1266 5160 in
1281 5096 1388 5184 pueris
1409 5115 1469 5160 nec
1491 5095 1524 5158 in
1543 5095 1730 5162 naturaliter
1749 5099 1864 5183 stultis,
