4559 6100
419 562 491 633 282
1019 559 1149 630 PETRI
1174 558 1409 632 ABAEtxttnt

418 706 613 805 adoptivo3
634 705 698 778 sed
720 704 1062 796 «erudimentum»
1083 704 1248 777 videlicet
1263 703 1309 777 ad
1329 718 1482 776 mortem
1498 727 1565 803 pro
1587 703 1695 775 uobis
1712 703 1899 796 omnibus,
1919 704 2014 776 scili·

418 843 473 900 cet
490 850 583 923 quos
595 826 783 924 praescivit,
799 850 875 914 seu,
891 840 931 896 ut
947 824 1085 897 dictum
1103 839 1169 916 est,
1188 823 1471 923 praedestinavit3
1488 837 1528 895 ut
1542 824 1578 894 in
1596 823 1672 921 ejus
1686 826 1860 921 sanguine
1874 838 2015 896 nostro·

418 970 499 1015 rum
517 944 675 1017 maculas
690 943 843 1016 dilueret
861 958 1106 1041 peccatorum.
1126 942 1236 1031 Quod
1248 967 1334 1015 vero
1350 944 1414 1032 ait,
1434 973 1452 1011 a
1469 943 1575 1016 etiam
1592 943 1740 1042 proprio
1757 942 1876 1037 filiu»
1895 945 2014 1016 innuit

417 1068 535 1135 Deum
558 1075 594 1135 et
610 1062 688 1136 aliis
708 1062 887 1162 adoptivis
904 1062 985 1134 filiis
1007 1078 1113 1136 antea
1137 1088 1205 1161 pro
1230 1061 1336 1134 nobis
1361 1086 1436 1133 nou
1455 1063 1674 1161 pepercisse,
1695 1063 1788 1134 sicut
1811 1065 1930 1155 lsaiae,
1951 1087 2011 1137 seu

417 1183 590 1269 leremiae,
606 1181 665 1277 vvel
683 1182 868 1255 nonnullis
884 1180 962 1254 aliis
984 1181 1245 1280 Prophetarum
1266 1181 1328 1279 qui
1351 1179 1398 1253 ad
1419 1181 1596 1279 populum
1616 1183 1683 1253 Dei
1701 1182 1817 1272 missi,
1840 1195 2012 1279 tanquam

418 1318 591 1398 martyres
611 1326 680 1400 pro
696 1301 808 1373 salute
823 1301 1015 1373 hominum
1032 1315 1117 1374 sunt
1133 1300 1256 1373 occisi.
1284 1299 1514 1388 «Quomodo
1532 1326 1607 1373 non
1631 1301 1752 1390 etiam,
1770 1329 1789 1368 a
1814 1301 1852 1374 id
1873 1316 1925 1374 est
1940 1325 2013 1397 qua
2032 1331 2035 1334 ·

417 1421 556 1492 ratione
577 1435 695 1519 potest
716 1420 786 1491 dici
813 1421 912 1492 utin
935 1434 1035 1494 tanto
1061 1419 1108 1492 de
1133 1419 1325 1491 traditione
1351 1417 1414 1491 filii
1437 1419 1492 1491 sui
1514 1419 1614 1493 dono
1640 1444 1714 1492 non
1741 1419 1880 1514 dederit
1906 1419 2012 1492 nobis

417 1541 559 1630 omnia,
594 1553 723 1611 nostrae
747 1540 881 1612 scilicet
902 1539 1006 1613 saluti
1039 1538 1264 1612 necessaria?
1290 1568 1308 1606 a
1325 1539 1413 1625 Quis
1440 1538 1677 1611 accusabitla
1703 1537 2007 1637 Quandoquidem

415 1661 512 1729 Deus
527 1658 573 1729 de
584 1672 707 1730 nostra
720 1659 781 1746 ita,
803 1672 842 1730 ut
858 1657 995 1731 dictum
1013 1672 1078 1749 est,
1097 1657 1270 1731 sollicitus
1287 1671 1340 1728 est
1353 1656 1480 1745 salute,
1499 1656 1601 1754 cujus
1615 1658 1795 1730 accusatio
1812 1658 2009 1755 quidquam

415 1777 585 1849 adversus
602 1803 670 1849 nos
685 1777 849 1888 obtinere
861 1777 1018 1875 poterit?
1030 1775 1213 1874 Numquid
1226 1777 1407 1848 accusatio
1425 1776 1535 1873 ipsius
1550 1777 1617 1849 Dei
1633 1777 1696 1873 qui
1713 1801 1787 1849 non
1800 1777 1918 1849 solum
1935 1802 2007 1850 non

416 1904 571 1983 accusat,
589 1893 851 1983 verumetiam,
871 1906 911 1963 ut
925 1891 1066 1964 dictum
1083 1905 1149 1982 est,
1163 1889 1359 1986 justificati
1376 1891 1464 1961 acsi
1481 1888 1616 1964 diceret
1634 1917 1642 1959 r
1663 1895 1757 1964 Non.
1778 1896 1846 1964 hut
1858 1894 1887 1964 si
1902 1894 2008 1965 etiam

415 2026 600 2083 accusator
612 2026 702 2083 esset
715 2011 794 2107 qui¹
807 2012 845 2081 in
860 2026 982 2082 nostra
999 2009 1302 2082 condemnatione
1320 2010 1524 2110 perstiterit,
1548 2010 1726 2108 numquid
1740 2011 1818 2108 ipse
1833 2010 2005 2103 Christus,

415 2134 476 2227 qui
495 2145 631 2203 tantam
646 2129 751 2203 uobis
766 2128 927 2202 exhibuit
946 2128 1190 2222 dilectionem,
1209 2129 1394 2227 sicutipse
1411 2129 1484 2200 ait¹
1503 2155 1511 2198 ε
1535 2158 1552 2196 a
1568 2129 1741 2226 Majorem
1761 2129 1831 2202 hac
1848 2129 2007 2204 dilectio·

414 2275 513 2343 nem,
532 2266 646 2342 etc.,a
666 2264 706 2321 ut
721 2275 788 2348 pro
814 2265 936 2322 nostra
962 2264 1163 2323 moreretur
1179 2248 1318 2321 salute?
1337 2272 1378 2320 ac
1399 2248 1428 2319 si
1448 2246 1606 2321 diceret:
1629 2253 1723 2322 Non.
1752 2279 1770 2315 α
1790 2255 1867 2324 lmo
1892 2253 1967 2348 qui.
1986 2280 2004 2320 a

414 2370 523 2455 Quasi
539 2369 722 2466 corrigens
736 2368 835 2467 quod
852 2367 1001 2460 dixerat,
1023 2397 1042 2438 a
1053 2370 1116 2466 qui
1134 2383 1298 2439 mortuus
1315 2380 1381 2460 est,
1396 2393 1415 2434 a
1433 2365 1533 2463 quod
1549 2380 1602 2438 est
1623 2365 1852 2460 infirmitatis,
1876 2395 2007 2471 suppo-

415 2484 536 2560 nendo
563 2488 833 2561 resurrectionis
855 2485 1004 2582 gloriam
1028 2488 1065 2558 in
1089 2487 1168 2585 ipso
1188 2485 1294 2558 nobis
1317 2484 1531 2578 exhibitam,
1555 2500 1662 2584 atque
1683 2488 1908 2585 promissam,
1928 2513 2006 2585 quae

414 2632 481 2679 nos
505 2608 542 2678 in
568 2610 668 2680 omni
690 2606 920 2679 tribulatione
942 2607 1096 2677 maxime
1113 2604 1335 2694 consolatur,
1355 2619 1391 2677 et
1411 2605 1587 2702 quoniam
1610 2610 1824 2679 resurrectio
1848 2609 2005 2681 nonnul-

412 2724 532 2798 lorum
562 2727 627 2799 luit
652 2729 782 2799 iterum
806 2741 1034 2798 mortuorum
1058 2726 1150 2796 sicut
1166 2725 1301 2817 Lazari,
1327 2737 1368 2794 ut
1385 2724 1492 2796 etiam
1508 2724 1748 2822 reproborum
1765 2728 1831 2798 erit
1848 2728 1895 2799 ad
1918 2729 2004 2799 sini·

414 2858 524 2917 stram
548 2844 898 2934 constituendorum,
917 2840 1058 2915 subdit:
1081 2842 1183 2931 «Qui
1205 2856 1259 2914 est
1275 2840 1322 2915 ad
1343 2840 1526 2915 dexteram
1542 2844 1654 2937 net»
1675 2843 1782 2918 idest
1804 2845 2004 2920 secundum
2089 2915 2095 2928 ,

412 2964 527 3061 ipsam
548 2965 809 3038 humanitatem
830 2963 1088 3053 resuscitatam,
1111 2962 1148 3033 in
1165 2975 1297 3034 aeterna
1312 2961 1534 3035 beatitudine
1550 2978 1765 3064 perseverat,
1784 2965 1835 3037 ibi
1859 2991 2005 3066 quoque

412 3108 486 3156 non
513 3088 704 3159 immemor
727 3098 857 3158 nostrae
878 3081 1013 3172 salutis,
1043 3081 1106 3153 ubi
1133 3096 1305 3180 tanquam
1327 3081 1522 3156 advocatus
1547 3088 1687 3157 Patrem
1712 3086 1912 3185 interpellat
1937 3113 2003 3187 pro

412 3203 535 3293 nobis,
565 3205 693 3302 ipsam,
711 3203 877 3276 videlicet
895 3202 932 3272 in
950 3225 1024 3298 quo
1042 3215 1140 3273 tanta
1158 3226 1225 3299 pro
1249 3201 1355 3273 nobis
1373 3225 1500 3299 passus
1519 3216 1590 3290 est,
1609 3203 1869 3278 humanitatem
1892 3208 2005 3280 oculis

412 3323 523 3395 Patris
550 3348 691 3422 semper
717 3318 988 3422 praesentando,
1019 3334 1054 3392 et
1084 3321 1135 3391 sic
1158 3344 1226 3391 uos
1253 3322 1286 3393 ei
1313 3335 1487 3419 tanquam
1515 3321 1692 3394 mediator
1720 3326 2000 3399 reconciliando.

412 3442 616 3541 Interpellat
631 3443 748 3540 igitur,
764 3455 805 3513 ut
821 3438 959 3512 dictum
979 3453 1053 3529 est,
1071 3453 1242 3535 tauquam
1254 3440 1347 3512 inter
1364 3464 1431 3512 nos
1445 3455 1480 3511 et
1495 3445 1613 3513 Deum
1628 3441 1769 3516 medius
1783 3445 2001 3536 intercedat,

412 3584 477 3657 per
493 3563 619 3660 ipsam,
639 3577 678 3634 ut
691 3562 825 3634 dictum
845 3573 910 3650 est,
929 3572 1060 3630 nostra
1075 3571 1210 3631 uaturae
1225 3558 1473 3631 substantiam.
1490 3562 1640 3633 Sanctus
1656 3556 1765 3634 etiam
1780 3565 1878 3663 ipsos
1893 3568 2003 3640 inter·

413 3678 539 3750 cedere
557 3694 593 3751 et
610 3704 713 3751 orare
728 3704 795 3778 pro
813 3678 919 3751 nobis
936 3677 1089 3750 dicimus
1102 3677 1233 3750 aflectu
1247 3679 1368 3776 potius
1384 3678 1539 3752 caritatis
1553 3680 1609 3753 vel
1627 3683 1839 3756 meritorum
1854 3711 2002 3760 suorum

412 3795 597 3894 suffragiis,
612 3821 720 3895 quam
735 3798 937 3896 prolatione
950 3797 1059 3868 vocis.
1076 3794 1182 3867 Unde
1196 3809 1232 3866 et
1248 3820 1332 3868 cum
1349 3782 1524 3869 dicimus:
1547 3827 1565 3867 a
1579 3802 1706 3875 Sancte
1725 3807 1839 3892 Petra,
1854 3830 1917 3878 ora
1933 3832 2013 3905 prov

298 3912 304 3929 ²
412 3900 530 4007 nobis,
548 3946 565 3981 a
576 3916 646 3989 rate
657 3931 709 3989 est
720 3940 762 3988 ac
773 3919 803 3988 si
818 3916 993 4007 dicamus,
1007 3943 1025 3981 a
1040 3913 1205 3985 Miserere
1222 3915 1348 4008 nostri,
1368 3918 1477 4006 Deus,
1496 3932 1644 4017 propter
1661 3922 1785 3994 merita
1803 3929 1841 3995 B.
1861 3926 1999 3998 Petri.»

463 4064 480 4103 a
495 4036 583 4123 Quis
599 4060 685 4134 crgo
699 4061 778 4108 nos.
796 4065 813 4104 a
831 4030 1135 4132 Quandoquidem
1150 4033 1257 4104 tantis
1269 4032 1452 4106 beneficiis
1467 4048 1603 4110 tantam
1621 4039 1727 4113 nobis
1744 4042 1892 4139 gratiam
1905 4049 2002 4118 Deus

410 4152 584 4246 exhibuit,
606 4169 642 4227 et
662 4156 698 4226 in
719 4156 835 4253 seipso
850 4150 1090 4239 confirmavit,
1114 4175 1193 4247 quae
1210 4175 1266 4223 res
1289 4176 1358 4224 nos
1378 4153 1524 4226 ulterius
1540 4158 1672 4254 poterit
1687 4160 1840 4234 avellere
1859 4163 1906 4235 ab
1925 4166 2002 4263 ejus

410 4271 625 4346 dilectione?
639 4278 686 4346 hc
702 4274 731 4345 si
747 4271 882 4345 diceret
895 4298 903 4342 :
918 4269 1035 4342 Nulla.
1058 4273 1171 4367 Atque
1188 4268 1226 4341 id
1244 4272 1362 4343 statim
1379 4273 1594 4370 comprobat
1610 4301 1676 4375 per
1691 4303 1734 4352 ea
1750 4304 1828 4376 quae
1847 4284 2001 4357 maxime

407 4392 574 4465 videntur
599 4417 704 4492 posse
719 4392 885 4463 homines
902 4414 922 4461 a
939 4393 1016 4461 Deo
1033 4403 1207 4462 avertere.
1227 4393 1277 4462 Ac
1299 4392 1418 4489 primo
1436 4391 1482 4465 de
1504 4394 1663 4469 adversis
1681 4399 1731 4472 sic
1752 4402 1823 4472 ait:
1845 4401 2001 4476 «Tribu-

407 4509 544 4584 latioia
563 4536 606 4585 ac
629 4513 658 4583 si
674 4509 831 4582 diceret:
852 4512 946 4578 Non.
965 4506 1161 4580 Tribulatio
1185 4507 1316 4581 dicitur
1342 4536 1565 4610 quaecunque
1590 4520 1752 4616 corporis
1776 4518 1920 4594 afflictio
1943 4525 1999 4597 vel

407 4628 627 4722 verberati03
650 4628 826 4724 angustia,
847 4626 978 4697 mentis
996 4628 1168 4719 anxietas,
1191 4641 1231 4699 ut
1252 4642 1391 4723 metus3
1415 4635 1635 4730 persecutio,
1654 4636 1700 4708 de
1716 4638 1798 4711 loco
1814 4640 1861 4716 ad
1876 4638 1998 4716 locum

406 4750 613 4850 propulsio;
633 4746 845 4849 periculum,
866 4746 993 4817 mortis
1012 4761 1223 4845 apparatus,
1243 4747 1393 4846 gladius,
1415 4751 1492 4849 ipsa
1514 4778 1624 4829 mors.
1646 4786 1665 4824 a
1678 4759 1776 4831 Sicut
1792 4762 1964 4860 scriptum
1976 4792 1995 4831 a

405 4871 441 4941 in
458 4869 605 4941 Psalmo
620 4869 726 4940 xmn'
745 4893 753 4936 :
771 4890 813 4939 ac
829 4865 857 4937 si
873 4865 1030 4939 diceret:
1052 4867 1182 4965 Utique
1199 4893 1325 4942 verum
1341 4886 1393 4944 est
1410 4873 1510 4969 quod
1528 4874 1617 4947 nihil
1634 4876 1767 4952 horum
1783 4884 1913 4978 poterit
1928 4908 1997 4956 uos

434 5144 507 5195 'itate
517 5144 630 5196 tubuas.
644 5145 694 5193 Aut
705 5143 729 5193 ri
741 5142 820 5193 ettam
831 5143 1119 5208 creaturarumque,
1130 5144 1267 5208 innostra.
1279 5152 1327 5198 etc.
1336 5170 1367 5184 -·
1378 5147 1533 5214 ’letamen
1541 5164 1580 5214 xv,
1588 5166 1611 5202 r.
1627 5155 1663 5205 u.
1672 5156 1717 5193 --1
1727 5152 1826 5206 Pralm.
1838 5167 1906 5217 auu,
1915 5169 1938 5205 r.
1951 5159 1994 5207 22.
