4559 6100
435 486 509 561 224
1040 484 1168 559 amul
1192 484 1422 559 semitam

435 631 595 731 egressus
612 647 664 708 est
680 659 723 708 ex
741 639 896 734 AEgypto
914 635 1054 733 generis
1075 634 1287 724 masculini,
1314 627 1470 707 universi
1489 630 1680 706 bellatores
1706 631 1775 703 viri
1798 628 1933 702 mortui
1951 641 2034 700 sunt

436 758 472 827 in
500 751 656 849 deserto,
680 777 755 854 per
781 752 1007 853 longissimos
1031 754 1097 826 viae
1120 755 1310 847 circuitus,
1340 753 1404 852 qui
1432 776 1560 825 omnes
1585 750 1789 842 circumcisi
1816 762 1931 822 erant.
1965 752 2033 819 Po-

435 874 542 974 pulus
566 889 686 948 autem
702 875 766 973 qui
784 887 888 950 natus
913 887 968 946 est
988 873 1026 945 in
1045 872 1187 946 deserto
1208 897 1274 973 per
1299 870 1538 969 quadraginta
1562 891 1680 944 annos
1695 869 1833 943 itineris
1858 867 2034 943 latissimae
2113 935 2117 940 ,

435 995 638 1069 solitudinis
656 994 927 1068 incircumcisus
945 991 1026 1083 suit,
1046 990 1166 1064 donec
1180 1006 1519 1065 consummarentur
1535 992 1687 1089 quinon
1705 988 1894 1062 audierant
1906 1011 2034 1060 vocem

435 1115 596 1188 Domini.
615 1119 754 1186 Horum
772 1112 837 1185 filii
852 1113 890 1185 in
907 1112 1031 1185 locum
1047 1126 1295 1184 successerunt
1311 1126 1469 1209 patrum,
1489 1125 1525 1184 et
1540 1111 1741 1183 circumcisi
1759 1123 1842 1182 sunt
1857 1104 2003 1182 a‘Josue
2023 1135 2031 1177 :

436 1235 521 1332 quia
536 1233 628 1307 sicut
644 1235 720 1305 nati
734 1232 875 1308 fuerant
887 1232 926 1304 iu
938 1232 1118 1332 praepntio
1133 1246 1249 1320 erant,
1266 1225 1384 1328 neque
1398 1254 1462 1302 eos
1477 1231 1514 1302 in
1533 1231 1590 1304 ria
1602 1230 1730 1328 aliquis
1746 1227 2030 1302 circumciderat.

437 1359 632 1451 Postquam
657 1366 778 1424 autem
801 1375 929 1424 omnes
947 1351 1150 1426 circumcisi
1166 1363 1272 1443 sunt,
1289 1362 1501 1421 manserunt
1521 1351 1560 1421 in
1589 1348 1717 1422 eodem
1734 1362 1932 1421 castrorum
1950 1345 2031 1419 loco

437 1473 555 1546 donec
578 1485 804 1562 sanarentur,
832 1470 994 1571 dixitque
1020 1470 1201 1543 Dominus
1223 1469 1268 1541 ad
1295 1473 1422 1541 losue¹
1443 1496 1451 1540 ε
1475 1467 1625 1541 «Hodie
1642 1467 1776 1541 abstuli
1795 1465 2031 1567 opprobrium

438 1594 581 1693 AEgypti
598 1617 620 1666 a
638 1591 756 1666 vobis.
773 1621 791 1660 r
809 1592 921 1664 Miror
936 1592 1057 1688 itaque
1077 1591 1273 1687 Origenem
1291 1602 1366 1661 tam
1390 1587 1585 1662 litteratum
1602 1590 1719 1661 virum
1737 1589 1773 1660 in
1790 1588 1861 1660 hac
1876 1586 2035 1660 secunda

437 1713 709 1787 circumcisione
733 1737 798 1811 per
825 1716 932 1783 iosue
958 1710 1050 1783 sacta
1073 1709 1167 1782 adeo
1194 1732 1349 1802 errasse,
1378 1722 1418 1780 ut
1443 1706 1523 1780 eam
1546 1707 1709 1807 superius
1733 1720 1905 1781 assereret
1935 1707 2034 1780 nullo

439 1833 551 1906 modo
563 1834 665 1931 juxta
679 1832 832 1906 litteram
843 1829 920 1904 fieri
937 1830 1109 1929 potuisse.
1123 1832 1245 1917 Quam
1257 1843 1377 1901 tamen
1389 1827 1540 1901 historia
1558 1830 1634 1927 ipsa
1650 1851 1736 1900 moa
1749 1853 1771 1901 a
1783 1832 1892 1901 iosue
1906 1827 2034 1901 iactam

438 1953 583 2051 adjecit,
603 1951 726 2025 dicens
747 1979 755 2023 ε
780 1980 799 2021 a
814 1949 980 2047 Fecitque
995 1947 1093 2046 quod
1106 1949 1261 2045 jusserat
1275 1947 1467 2038 Dominus,
1486 1961 1522 2019 et
1537 1947 1762 2020 circumcidit
1775 1945 1870 2020 filios
1888 1944 2031 2019 lsrael.»

439 2079 543 2147 Nunc
557 2072 603 2146 ad
620 2072 885 2172 expositionem
902 2069 1069 2171 Epistolae
1084 2066 1288 2142 redeamus.
2025 2091 2027 2094 ·

491 2225 508 2260 α
525 2198 572 2267 Ut
591 2194 637 2266 sit
654 2208 754 2293 pater
770 2193 950 2270 omnium.
964 2221 981 2262 r
995 2193 1078 2271 Duo
1094 2188 1246 2289 dixerat,
1265 2191 1367 2296 qnod
1386 2189 1551 2269 videlicet
1568 2189 1720 2267 Abrahae
1737 2192 1775 2265 in
1790 2190 1977 2292 praeputio,
1997 2190 2034 2262 id

438 2329 503 2408 est,
521 2314 611 2387 dnm
633 2316 849 2415 praeputium
865 2314 1032 2411 haberet,
1051 2332 1215 2417 reputata
1232 2332 1287 2390 est
1303 2315 1474 2389 iidessna
1490 2315 1538 2388 ad
1556 2316 1730 2412 justitiam
1739 2364 1750 2401 ,
1774 2327 1947 2410 tauquam
1960 2311 2035 2409 jam

437 2435 665 2533 spiritualiter
690 2436 904 2511 circumciso
920 2468 930 2512 z
949 2453 986 2512 et
1007 2437 1108 2537 quod
1130 2453 1256 2538 postea
1280 2461 1388 2510 carne
1405 2460 1552 2535 quoque
1567 2434 1799 2507 circumcisus
1823 2447 1895 2524 est,
1915 2446 1954 2505 ut
1973 2456 2038 2530 per

438 2554 514 2627 haec
526 2554 601 2628 dno
620 2556 790 2631 videlicet
812 2560 858 2631 sit
881 2575 983 2658 pater
1002 2574 1111 2658 atque
1128 2572 1255 2632 auctor
1275 2557 1411 2629 coeteris
1431 2557 1467 2627 in
1486 2555 1650 2655 exemplo
1671 2568 1706 2626 et
1722 2545 1885 2626 doctrina
1901 2576 2037 2652 propo·

438 2674 551 2767 situs,
587 2689 660 2748 tam
683 2674 729 2747 de
754 2677 928 2774 spirituali
952 2701 1062 2773 quam
1091 2678 1227 2749 carnali
1251 2676 1538 2749 circumcisione.
1574 2677 1620 2744 Et
1640 2673 1713 2746 hoc
1738 2686 1811 2766 est,
1839 2687 1880 2745 ut
1900 2696 2037 2772 praepu-

439 2792 551 2883 tium,
577 2793 615 2864 in
640 2818 715 2891 quo
735 2793 947 2891 justificatus
969 2810 1163 2895 antequam
1188 2796 1419 2868 circumcisus
1443 2796 1488 2866 sit
1509 2807 1612 2893 pater
1634 2792 1877 2883 credentium,
1903 2792 1941 2863 in
1965 2791 2037 2863 hoc

440 2909 575 2984 scilicet
594 2911 694 3008 quod
721 2912 907 2986 credentoe
932 2928 1029 3006 sunt,
1056 2929 1244 3015 reputetur
1269 2916 1377 2987 etiam
1396 2913 1463 2985 illis
1480 2912 1528 2985 ad
1549 2913 1737 3009 justitiam,
1762 2910 1926 3009 quamvis
1945 2910 2037 2982 desit

439 3031 594 3105 exterius
623 3031 778 3130 signum.
811 3064 829 3100 u
853 3036 898 3106 Et
923 3035 969 3108 sit
993 3048 1096 3134 pater
1123 3035 1427 3127 circumcisionis,
1447 3063 1466 3100 »ι
1491 3030 1657 3106 videlicet
1680 3031 1885 3122 exterioris,
1915 3029 1953 3102 id
1982 3045 2036 3103 est

439 3152 578 3250 primns
595 3151 767 3226 omnibus
786 3154 824 3226 in
848 3154 1025 3254 spirituali
1040 3156 1147 3229 simul
1165 3170 1201 3229 et
1219 3155 1353 3229 carnali
1370 3155 1646 3227 circumcisione
1663 3155 1700 3226 in
1723 3152 1888 3252 exemplo
1910 3164 1947 3223 et
1973 3175 2039 3223 an·

439 3273 603 3346 ctoritate
623 3273 845 3373 propositus.
865 3305 883 3342 a
903 3280 984 3347 Non
1001 3275 1058 3348 his
1076 3290 1242 3369 tantum,
1259 3306 1277 3343 s
1296 3274 1429 3348 scilicet
1446 3289 1561 3374 pater,
1592 3303 1610 3341 a
1634 3275 1698 3371 qni
1713 3286 1798 3347 sunt
1812 3296 1856 3344 ex
1878 3272 2039 3343 circum-

438 3393 588 3488 cisione,
607 3424 623 3460 »
644 3393 683 3466 id
705 3408 772 3488 est,
790 3393 924 3491 quibus
940 3409 1116 3494 praecepta
1138 3409 1192 3467 est
1209 3395 1328 3468 carnis
1350 3394 1590 3467 circumcisio.
1615 3393 1721 3466 «Sed
1737 3407 1774 3467 et
1795 3392 1852 3465 his
1876 3392 1940 3489 qui
1963 3414 2039 3461 sec-

438 3527 572 3609 tantur,
594 3529 679 3602 etc.,
698 3542 716 3582 n
736 3513 774 3586 id
796 3515 931 3614 estqui
957 3513 1094 3589 habeut
1117 3514 1229 3588 fidem
1254 3541 1338 3589 cum
1364 3517 1554 3616 praeputio.
1584 3514 1837 3587 Sic'construe
1857 3539 1865 3583 :
1886 3511 2038 3607 Vestigia

438 3632 524 3706 fidei
539 3634 650 3733 patris
666 3633 782 3705 nostri
804 3632 966 3725 Abrahae,
993 3658 1073 3730 quae
1097 3634 1232 3706 scilicet
1257 3634 1346 3708 fides
1369 3651 1422 3708 est
1442 3637 1479 3707 in
1495 3620 1686 3734 praeputio,
1711 3633 1749 3706 id
1766 3645 1821 3705 est
1843 3632 1880 3703 iu
1898 3655 2038 3730 praepu·

439 3752 533 3823 tiatis
547 3776 646 3848 aeque
665 3766 704 3824 ut
718 3753 756 3823 in
773 3751 1005 3823 circumcisis.
1027 3781 1046 3821 a
1061 3756 1140 3824 Non
1161 3753 1259 3825 enim
1275 3778 1341 3853 per
1357 3755 1486 3854 legem.
1503 3785 1520 3822 s
1539 3758 1632 3827 Cum
1648 3754 1813 3853 superius
1834 3749 2039 3824 ostenderet

440 3871 628 3943 hominem
644 3895 690 3943 ex
706 3870 778 3943 fide
797 3872 874 3943 sine
894 3872 1066 3970 operibus
1082 3872 1169 3972 legis
1182 3872 1390 3971 justificari,
1410 3890 1446 3948 et
1466 3899 1532 3974 per
1549 3873 1621 3946 hoc
1638 3872 1937 3972 glorificationem
1952 3870 2040 3965 legis

438 3991 569 4064 ludaeis
585 3990 752 4083 auferret,
773 3990 1003 4065 manifestum
1018 3993 1065 4066 de
1081 3992 1265 4069 Abraham
1282 4009 1384 4094 patre
1400 3998 1563 4096 ipsomm
1582 3995 1800 4093 interposuit
1816 3991 2043 4090 exemplum.

440 4112 544 4185 Unde
560 4137 659 4184 nunc
677 4112 724 4185 ad
747 4110 1044 4209 glorificationem
1063 4113 1150 4212 legis
1172 4114 1418 4188 evacuandam
1434 4117 1638 4207 revertitur,
1656 4138 1699 4187 ac
1715 4117 1745 4187 si
1760 4114 1892 4186 iterum
1913 4135 2040 4211 supra·

439 4232 535 4307 dicta
552 4245 593 4304 ut
609 4256 653 4306 ea
669 4231 801 4333 probet
813 4245 980 4331 repetens
993 4232 1090 4307 dicat
1106 4261 1115 4305 z
1133 4234 1214 4306 Dixi
1228 4236 1392 4334 superius
1404 4260 1463 4307 me
1474 4234 1641 4308 arbitrari
1651 4233 1839 4306 hominem
1851 4228 2039 4328 justificari

438 4377 503 4451 per
528 4350 640 4425 fidem
663 4353 741 4424 sine
766 4351 937 4451 operibus
964 4352 1064 4452 legis,
1090 4353 1192 4452 quod
1214 4354 1351 4453 inipso
1374 4356 1483 4428 etiam
1509 4369 1609 4454 patet
1626 4352 1829 4443 Abraham,
1856 4351 1918 4448 qui
1945 4373 2040 4447 opus

431 4473 637 4545 maximum
650 4473 752 4570 legis,
763 4472 899 4546 scilicet
910 4473 1222 4547 circumcisionem
1237 4499 1311 4548 non
1324 4476 1535 4575 suscipiens,
1547 4476 1668 4573 potius
1678 4498 1744 4574 per
1751 4472 1926 4570 justitiam
1938 4467 2037 4560 fidei,

390 4596 399 4601 ”
439 4616 549 4689 quam
565 4617 630 4691 per
648 4616 741 4691 opus
764 4591 885 4690 ipsum
906 4591 992 4691 legis
1010 4591 1225 4690 justificatus
1247 4609 1314 4686 est,
1332 4609 1369 4667 et
1387 4595 1530 4667 merito.
1551 4598 1632 4666 Non
1655 4593 1753 4665 enim
1769 4617 1836 4692 per
1856 4589 1986 4687 legem,
2004 4587 2042 4661 id

440 4727 494 4786 est
508 4737 573 4813 per
591 4710 740 4810 aliquod
756 4710 855 4807 legis,
875 4710 931 4783 vel
949 4736 1013 4811 per
1034 4711 1280 4788 obedientiam
1298 4715 1399 4813 legis,
1418 4739 1499 4814 quae
1514 4712 1681 4787 nondum
1697 4711 1783 4785 data
1804 4726 1893 4802 erat,
1910 4709 2042 4782 meruit

439 4832 716 4933 promissionem
736 4828 952 4929 haereditatis
972 4833 1150 4931 accipere,
1172 4833 1237 4907 sed
1256 4859 1320 4933 per
1338 4864 1356 4904 a
1377 4833 1553 4931 justitiam
1570 4830 1669 4927 fidei,
1685 4863 1702 4898 »ι
1723 4831 1762 4904 id
1779 4846 1834 4905 est
1849 4855 1914 4931 per
1931 4827 2042 4903 fidem

475 5114 479 5139 ¹
500 5109 582 5172 lusor,
599 5125 652 5174 cap.
668 5125 693 5171 r,
704 5125 726 5162 r.
743 5115 766 5163 9.
