4559 6100
661 588 956 662 lN'l'llODUC'l'lO
981 587 1041 663 to
1067 588 1370 664 THEOLOGIAM.
1766 594 1813 665 97
1833 616 1841 642 ²

218 735 392 806 unitatem
414 731 607 806 divinitatis
636 737 674 807 in
694 735 808 810 tribus
829 736 897 809 illis
914 739 1078 837 personis
1098 739 1292 834 assignari;
1314 739 1367 810 sin
1394 753 1514 810 autem
1539 739 1755 837 intelligatur
1775 756 1816 813 ut

217 851 356 925 dicatur
380 851 548 925 divinitas
571 854 681 953 ipsius
702 854 758 928 vel
774 860 863 954 ejus,
884 858 976 930 sicut
991 857 1058 930 Dei
1074 855 1265 930 invisibilia
1280 858 1390 956 ipsius
1407 857 1461 929 vel
1482 858 1592 930 virtus
1610 861 1700 955 ejus,
1717 875 1814 935 recte

218 997 370 1069 quoqne·
384 997 469 1044 cum
492 973 624 1046 dicitur
640 973 809 1048 divinitas
823 977 946 1075 ipsius,
968 974 1004 1048 id
1026 990 1092 1069 est,
1108 977 1184 1075 ipse
1200 980 1297 1049 Deus
1313 977 1417 1097 cujtp
1433 990 1516 1048 sunt
1534 976 1593 1048 illa
1606 977 1810 1072 invisibilia,

218 1111 253 1165 et
269 1094 326 1167 illa
342 1097 467 1185 virtus,
492 1099 588 1168 Deus
605 1112 707 1197 peter
722 1098 941 1194 intelligitur.
962 1098 1159 1186 Quomodo
1175 1112 1293 1172 autem
1312 1097 1516 1198 philosophi
1529 1098 1624 1171 banc
1643 1124 1813 1198 persona·

219 1239 299 1286 rum
310 1213 580 1289 distinctionem
593 1217 631 1288 in
645 1240 716 1290 una
729 1216 926 1290 divinitatis
936 1219 1101 1310 essentia,
1113 1243 1179 1317 per
1187 1216 1456 1290 similitudinem
1465 1217 1613 1313 alicujus
1623 1217 1813 1291 mundane

218 1345 398 1421 creaturae,
414 1345 451 1402 et
465 1354 592 1402 eorum
605 1357 684 1429 quae
697 1334 733 1403 in
746 1334 824 1431 ipsa
836 1338 924 1404 sunt
934 1347 1110 1425 creatura,
1127 1334 1299 1429 vestigare
1314 1345 1485 1431 poterunt
1499 1346 1609 1430 atque
1626 1333 1812 1405 invenire?

218 1450 331 1521 Facile
344 1448 455 1522 credo
465 1452 596 1549 poterit
609 1452 779 1550 assignari
788 1453 824 1524 in
835 1451 891 1524 bis
903 1476 982 1549 quae
995 1476 1038 1523 ex
1052 1454 1200 1525 materia
1214 1467 1251 1525 et
1267 1451 1394 1542 forma,
1410 1450 1467 1523 vel
1484 1450 1531 1524 ad
1542 1450 1813 1524 similitudinem

217 1571 370 1640 materiae
379 1583 415 1641 et
429 1570 552 1642 lormae
564 1569 731 1643 dixerunt
741 1570 1060 1644 consistereVerbi
1069 1575 1190 1644 causa¹
1201 1602 1209 1642 ι
1222 1576 1281 1642 AEs
1291 1570 1438 1669 quidem
1449 1584 1502 1642 cst
1515 1572 1607 1643 inter
1618 1586 1809 1663 creaturas,

216 1689 254 1757 in
266 1687 475 1785 quoartisex
486 1713 640 1788 operans
653 1705 688 1762 et
699 1690 864 1788 imaginis
880 1691 982 1787 regiae
999 1690 1153 1762 sormam
1165 1691 1382 1790 exprimens,
1395 1690 1531 1786 regium
1542 1688 1624 1761 lacit
1641 1690 1808 1787 sigillum,

36 1896 37 1909 ἵ
138 1874 141 1878 ,
218 1806 315 1903 qnod
324 1808 458 1880 scilicet
472 1808 518 1881 ad
529 1808 733 1906 sigillandas
749 1808 881 1900 literas,
896 1835 979 1882 cum
997 1836 1089 1910 opus
1100 1811 1219 1905 luerit,
1231 1835 1319 1883 cerae
1333 1810 1571 1908 imprimatur.
1587 1813 1647 1881 Est
1659 1810 1766 1905 igitur
1774 1811 1810 1881 in

217 1925 328 2022 sigillo
343 1927 405 1999 illo
419 1929 537 2026 ipsum
553 1953 600 1999 aes
617 1929 840 2016 materia,·ex
857 1955 932 2028 quo
951 1930 1082 2003 factum
1102 1946 1175 2024 est3
1192 1930 1305 2027 figura
1323 1950 1407 2002 vero
1423 1928 1500 2026 ipsa
1517 1928 1680 2025 imaginis
1693 1929 1809 2024 regiae,

218 2046 433 2143 lormaejus3
444 2048 564 2146 ipsum
574 2072 660 2120 vero
672 2048 825 2146 sigillum
835 2073 877 2121 ex
886 2049 944 2122 his
953 2049 1098 2122 duobus
1110 2051 1335 2123 materiatum
1346 2062 1453 2147 atque
1461 2049 1654 2120 formatum
1666 2046 1809 2137 dicitur,

219 2165 346 2262 quibus
360 2166 602 2240 videlicetsibi
620 2168 917 2255 convenientibus
930 2169 1049 2268 ipsum
1068 2184 1121 2242 est
1139 2170 1379 2268 compositum
1397 2182 1504 2265 atque
1521 2167 1732 2265 perlectum.
1757 2163 1810 2236 Nil

219 2286 352 2383 qnippe
374 2301 428 2357 est
453 2283 608 2384 sigillum
624 2312 733 2385 quam
748 2313 796 2360 aes
811 2288 860 2361 ita
880 2288 1090 2362 formatum.
1112 2288 1152 2361 ld
1171 2290 1292 2386 itaque
1306 2285 1536 2359 essentialiter
1551 2299 1604 2357 est
1615 2287 1733 2384 ipsum
1749 2310 1808 2376 aes,

221 2402 321 2499 quod
337 2418 390 2476 est
406 2406 548 2478 materia
564 2408 646 2480 aerei
660 2407 776 2505 sigilli,
797 2422 833 2480 et
848 2408 1004 2504 sigillum
1023 2410 1140 2508 ipsum
1158 2408 1260 2503 cujus
1276 2422 1329 2478 est
1349 2405 1509 2495 materia,
1528 2429 1611 2475 cum
1629 2418 1747 2475 tamen
1774 2404 1811 2474 in

219 2524 293 2594 suis
303 2525 576 2622 proprietatibus
589 2528 636 2601 ita
650 2529 721 2599 sint
735 2526 917 2620 distincta,
934 2541 974 2598 ut
990 2524 1088 2599 aliud
1103 2526 1147 2597 sit
1163 2525 1351 2624 proprium
1369 2524 1459 2615 aeris,
1480 2520 1578 2593 aliud
1592 2522 1673 2593 aerei
1692 2494 1808 2616 sigilli,

217 2657 251 2712 et
261 2644 424 2740 quamvis
431 2643 527 2717 idem
537 2647 607 2718 sint
618 2645 863 2735 essentialiter,
875 2644 1027 2744 sigillum
1038 2661 1158 2718 tamen
1168 2659 1221 2717 est
1231 2669 1363 2717 aereum
1373 2668 1415 2715 ex
1428 2656 1511 2733 aere,
1523 2640 1598 2714 non
1609 2664 1809 2713 aesexaereo

218 2763 342 2859 sigillo,
360 2778 396 2836 et
409 2789 456 2837 aes
472 2780 526 2838 est
538 2768 686 2839 materia
697 2768 777 2839 aerei
793 2766 909 2864 sigilli,
930 2791 1005 2839 non
1023 2764 1178 2864 sigillum
1195 2766 1285 2837 aeris.
1305 2766 1377 2837 Nec
1387 2762 1462 2835 ullo
1480 2761 1591 2834 modo
1604 2787 1650 2833 aes
1661 2762 1810 2832 materia

218 2883 269 2955 sni
286 2884 397 2982 ipsius
409 2912 486 2959 esse
499 2891 629 2986 potest,
645 2891 810 2986 quamvis
824 2890 869 2960 sit
883 2889 1030 2961 materia
1045 2888 1162 2983 sigilli,
1177 2885 1277 2984 qnod
1288 2900 1340 2958 est
1353 2885 1470 2984 ipsum
1483 2882 1810 2975 aes;noueni1naes

219 3029 258 3074 ex
273 3029 341 3077 aere
355 3006 408 3097 fit,
428 3009 520 3080 sicut
536 3007 690 3105 sigillum
706 3034 750 3084 ex
764 3033 833 3082 aere
847 3024 900 3082 est
916 3008 1162 3101 constitutum,
1176 3023 1211 3082 et
1223 3006 1386 3105 quamvis
1403 3002 1498 3077 idem
1515 3003 1561 3075 sit
1576 3002 1722 3074 materia
1736 3001 1812 3100 ipsa

221 3125 317 3221 quod
330 3143 385 3198 est
401 3130 642 3221 materiatum,
667 3155 895 3228 nequaquam
921 3145 1042 3203 tamen
1061 3131 1097 3201 in
1122 3129 1237 3226 sigillo
1254 3128 1316 3200 illo
1334 3127 1561 3199 materiatum
1576 3137 1631 3196 est
1648 3122 1808 3210 materia,

218 3245 271 3316 vel
288 3248 436 3319 materia
448 3261 500 3319 est
514 3249 752 3322 materiatum.
772 3255 879 3322 Facto
895 3264 1015 3322 autem
1029 3251 1074 3321 ex
1088 3273 1157 3321 aere
1170 3247 1298 3343 sigill0,
1311 3247 1386 3342 jam
1398 3245 1584 3341 sigillabile
1594 3256 1659 3330 est,
1674 3242 1746 3312 hoc
1759 3252 1811 3312 est

218 3379 339 3461 aptum
362 3367 409 3438 ad
440 3367 689 3464 sigillandum,
718 3370 783 3441 etsi
806 3368 971 3442 nondum
997 3368 1042 3439 sit
1068 3366 1253 3439 actualiter
1278 3364 1445 3460 sigillans.
1474 3367 1564 3435 Cum
1601 3375 1720 3433 antem
1749 3384 1812 3456 per

218 3485 337 3581 ipsum
354 3486 495 3583 sigillari
516 3511 636 3560 ceram
656 3490 843 3586 contingit,
868 3489 995 3584 jamin
1014 3511 1085 3560 una
1104 3487 1182 3557 aeris
1196 3483 1393 3556 substantia
1410 3483 1478 3553 tria
1494 3493 1578 3552 sunt
1593 3477 1811 3577 proprietate

218 3602 376 3697 diversa,
394 3631 439 3678 aes
456 3606 620 3679 videlicet
638 3609 774 3707 ipsum,
794 3606 979 3705 sigillabile
999 3622 1034 3678 et
1061 3604 1230 3701 sigillans.
1255 3607 1342 3692 Quae
1361 3599 1507 3699 quidem
1531 3600 1624 3670 inter
1643 3622 1681 3669 se
1704 3597 1755 3668 sic
1773 3623 1810 3668 se

218 3721 365 3817 babent,
385 3741 474 3797 utex
486 3751 556 3798 aere
571 3729 616 3799 sit
629 3728 762 3800 factum
776 3726 974 3824 sigillabile,
990 3728 1062 3798 boc
1078 3741 1131 3798 est
1149 3723 1318 3820 sigillum,
1344 3736 1380 3794 et
1396 3747 1440 3794 ex
1455 3745 1525 3792 aere
1541 3716 1646 3790 simul
1664 3729 1702 3788 et
1716 3715 1810 3814 sigil-

218 3840 312 3915 labili
329 3847 516 3942 contingat
531 3844 607 3918 fieri
623 3847 791 3946 sigillans.
812 3851 856 3918 Et
871 3870 914 3919 ex
931 3871 1001 3918 aere
1017 3847 1154 3945 quippe
1171 3843 1272 3941 quod
1291 3857 1367 3915 erat
1384 3842 1549 3941 primitus
1567 3838 1613 3909 ad
1634 3836 1705 3908 boc
1723 3860 1809 3935 pro-

218 3960 379 4056 ductum,
401 3977 453 4035 est
465 3964 590 4064 ¹ipsum
609 3990 655 4037 aes
672 3980 711 4038 ut
725 3965 909 4065 sigillabile
926 3980 1030 4054 esset,
1051 3964 1183 4039 deinde
1201 3974 1241 4035 nt
1256 3962 1356 4061 quod
1369 3987 1416 4033 aes
1432 3955 1617 4056 sigillabile
1630 3957 1706 4053 jam
1720 3971 1808 4044 erat,

218 4080 371 4176 sigillans
388 4081 500 4156 lieret.
519 4086 576 4157 Sic
592 4086 700 4181 igitur
724 4110 809 4158 cum
824 4087 950 4159 eadem
967 4087 1013 4159 sit
1029 4085 1181 4157 essentia
1197 4082 1275 4154 aeris
1291 4096 1326 4154 et
1345 4079 1538 4176 sigillabilis
1555 4092 1588 4150 et
1606 4074 1808 4173 sigillantis,

218 4225 294 4296 qnae
308 4202 374 4274 tria
389 4205 605 4303 proprietate
622 4203 763 4277 diversa
779 4219 884 4295 sunt;
904 4206 953 4279 ita
968 4205 1041 4277 lraec
1058 4206 1124 4277 tria
1144 4202 1297 4274 invicem
1313 4199 1379 4272 sibi
1392 4213 1477 4271 sunt
1490 4196 1697 4293 conjuncta,
1716 4209 1757 4266 ut
1768 4219 1812 4266 ex

219 4343 282 4391 aere
298 4320 494 4417 sigillabile,
511 4339 545 4395 et
566 4349 608 4395 ex
628 4349 698 4395 aere
716 4338 751 4396 et
768 4322 942 4421 sigillabili
958 4324 1062 4396 simul
1081 4322 1237 4420 sigillans
1252 4319 1382 4392 babeat
1400 4342 1506 4391 suum
1524 4340 1613 4388 esse.
1633 4318 1722 4402 Quae
1735 4315 1814 4412 qui·

219 4437 298 4510 dem
316 4441 440 4512 omnia
454 4443 483 4513 si
500 4441 547 4513 ad
555 4442 683 4514 divinae
693 4444 872 4528 Trinitatis
883 4442 1085 4516 doctrinam
1094 4440 1263 4537 congruis
1271 4436 1568 4537 proportionibus
1578 4432 1810 4524 reducantur,-

220 4556 316 4630 iacile
331 4574 390 4631 est
405 4561 530 4653 nobis,
558 4587 601 4634 ex
629 4563 713 4661 ipsis
736 4561 1039 4662 philosophorum
1067 4560 1306 4652 documentis,
1326 4553 1725 4658 pseudo-Philosophus
1748 4553 1810 4650 qui

216 4678 479 4766 nos‘inlestant,
503 4681 675 4755 refellere.
691 4684 789 4754 Sient
813 4682 910 4754 enirn
927 4706 968 4753 ex
985 4705 1053 4752 aere
1067 4680 1223 4777 sigillum
1247 4693 1300 4752 est
1315 4701 1459 4760 aereum,
1480 4690 1515 4747 et
1538 4698 1582 4746 ex
1609 4674 1687 4771 ipso
1719 4696 1832 4769 quo-1

213 4797 414 4871 dammodo
433 4815 633 4896 generatur,
651 4802 700 4874 ita
716 4827 760 4874 er
772 4804 850 4900 ipsa
860 4803 926 4874 Dei
943 4802 1052 4900 patris
1066 4800 1263 4873 substantia
1279 4798 1386 4871 Filius
1402 4794 1513 4868 habet
1528 4818 1618 4886 esse,
1638 4807 1673 4864 et
1684 4814 1812 4863 secun·

211 4915 304 4988 dum
320 4916 392 4990 boc
407 4943 451 4992 ex
464 4920 543 5018 ipso
560 4919 689 4992 dicitur
699 4922 851 5018 genitus.
867 4926 914 4993 Ut
924 4922 1020 4993 enim
1037 4946 1080 4995 ex
1096 4920 1331 5020 suprapositis
1342 4914 1557 5013 jamdudum
1573 4909 1808 4999 ostendimus,

252 5193 259 5220 ¹
273 5190 362 5241 Conna
375 5193 438 5243 hanc
449 5194 631 5245 slmtlltndlnenr
650 5196 704 5244 rtde
723 5208 777 5258 qne
788 5197 886 5258 scripsit
896 5195 922 5245 S.
935 5194 1073 5245 Bernardus
1084 5196 1109 5245 ln
1119 5190 1228 5258 Epistola
1241 5193 1273 5242 ad
1291 5187 1466 5240 lnnoeentlnm.
1652 5271 1691 5328 13

339 5303 363 5339 ιι
