4559 6100
473 538 519 609 lli
1068 525 1195 601 Plil’lll
1219 524 1456 602 ABAELARDI

466 680 614 753 Genesis
627 677 795 769 exordio,
814 681 931 749 Deum
949 681 1092 750 Patrem
1104 691 1140 750 et
1157 676 1287 748 Filium
1303 691 1339 749 et
1354 675 1526 773 Spiritum
1540 688 1705 747 sanctum
1720 690 2000 768 commemorat,
2017 689 2058 748 ut

466 821 689 897 quaecunque
715 820 743 883 a¹
760 801 837 870 Deo
856 795 934 869 fieri
961 809 1101 886 narrat,
1127 797 1267 894 egregie
1295 794 1387 869 lacta
1414 794 1621 867 credantur.
1639 796 1731 866 Cum
1751 794 1849 867 enim
1868 794 1958 866 ait¹:
1980 821 1999 863 u
2015 797 2055 865 ln

464 918 642 1017 principio
665 917 798 989 creavit
818 920 914 988 Deus
939 915 1070 989 coelum
1091 930 1128 988 et
1157 930 1310 1008 terram,
1334 945 1351 982 s
1375 911 1659 1013 etpostmodum
1679 912 1848 1009 adjecit':
1868 912 2057 1013 «Spiritus

465 1037 611 1108 Domini
626 1034 806 1109 serebatur
821 1059 930 1133 super
939 1057 1068 1130 aquas,
1089 1061 1108 1102 ιι
1125 1033 1287 1107 divinam
1301 1034 1510 1106 Trinitatem
1525 1032 1713 1129 diligenter
1725 1032 1908 1131 expressit,
1924 1032 1962 1103 iu
1976 1035 2056 1106 Deo

464 1155 610 1253 quidem
625 1170 785 1227 creatore
800 1160 939 1226 Patrem
957 1152 1164 1243 insinuans,
1180 1151 1253 1225 hoc
1275 1168 1329 1225 est
1350 1152 1510 1225 divinam
1527 1175 1816 1225 commemorans
1832 1153 2052 1250 potentiam,

465 1301 529 1373 per
545 1299 655 1372 quam
671 1298 791 1347 creare
808 1272 933 1345 omnia
948 1272 994 1344 de
1010 1272 1124 1344 nihilo
1139 1272 1312 1369 potuerit3
1327 1295 1547 1370 quamquam
1561 1272 1669 1345 etiam
1682 1294 1757 1343 non
1773 1270 1971 1366 incongrue
1984 1269 2056 1342 hoc

461 1418 595 1468 nomen
612 1425 629 1460 ι
642 1398 738 1465 Deus
749 1421 766 1460 ιι
780 1394 881 1489 juxta
889 1392 1075 1492 propriam
1085 1392 1417 1490 interpretationem
1427 1393 1557 1483 innuit,
1573 1389 1674 1489 quod
1687 1388 1760 1462 hoc
1777 1388 1942 1461 videlicet
1954 1392 2057 1487 quusi

461 1518 551 1609 θεός,
572 1514 681 1586 idest
700 1513 1094 1612 timorinterpretetur,
1113 1534 1199 1582 cum
1222 1513 1390 1610 potestati
1412 1511 1612 1585 reverentia
1629 1509 1768 1583 timoris
1784 1509 1940 1582 maxime
1955 1508 2072 1583 exhi·¹

460 1631 598 1704 beatur.
622 1631 773 1713 Nomine
801 1655 888 1703 vero
914 1616 1082 1730 principii
1102 1631 1231 1702 Filium
1255 1630 1432 1728 designat,
1455 1629 1494 1702 id
1519 1643 1573 1702 est
1595 1628 1755 1702 divinam
1784 1628 1962 1703 rationem
1991 1652 2055 1703 seu

460 1752 688 1848 sapientiam,
699 1751 736 1821 in
751 1774 897 1848 quaper
906 1748 1172 1848 providentiam
1189 1751 1427 1848 cunctaprius
1436 1749 1631 1821 consistere
1639 1745 1913 1846 quodammodo
1922 1744 2057 1821 habue-

458 1886 563 1961 ruut,
581 1885 689 1967 atque
707 1869 844 1941 ibidem
859 1870 1029 1968 incipere,
1049 1869 1260 1967 priusquam
1276 1870 1313 1942 iu
1331 1868 1499 1940 ellectum
1515 1868 1635 1966 operis
1648 1866 1878 1939 ducerentur.
1899 1865 2003 1939 Unde
2018 1880 2056 1938 et

459 1989 679 2086 Evangelista
695 1989 741 2062 de
756 1988 876 2062 Verbo
890 1989 1003 2060 Patris
1013 1987 1226 2062 disserens':
1240 2020 1257 2054 ι
1272 1989 1381 2077 Quod
1400 1988 1534 2060 sactum
1550 2001 1646 2077 est,n
1660 1985 1791 2082 inquit,
1805 1985 1968 2083 «inipso
1982 1985 2056 2058 vita

457 2122 547 2181 erat.
565 2132 583 2176 n
603 2108 662 2181 Sic
679 2123 716 2180 et
730 2108 933 2182 Macrobius
956 2107 1144 2180 Platonem
1159 2106 1358 2199 insecutus,
1375 2120 1533 2179 mentem
1550 2107 1635 2200 Dei,
1653 2128 1763 2203 quam
1779 2105 1886 2178 Greci
1902 2118 1971 2176 νοῦν
1986 2128 2054 2202 ap·

456 2226 608 2324 pellant,
628 2227 819 2323 originales
840 2249 962 2298 rerum
988 2226 1142 2325 species,
1167 2251 1248 2324 quae
1272 2224 1365 2300 ldeae
1388 2224 1491 2298 dictae
1517 2238 1622 2318 sunt,
1641 2224 1828 2298 continere
1853 2224 2016 2295 meminit
2027 2227 2053 2315 ⁸,

456 2362 651 2444 antequam
675 2347 801 2438 etiam,
829 2347 948 2443 inquit
975 2345 1196 2436 Priscianus,
1226 2347 1438 2443 incorpora
1458 2344 1669 2443 prodirent,
1693 2342 1766 2416 huc
1793 2343 1905 2415 estin
1929 2340 2055 2416 effecta

455 2489 608 2562 operum
619 2465 865 2562 provenirent.
881 2464 1032 2562 Spiritus
1044 2487 1132 2536 vero
1149 2464 1297 2537 Domini
1315 2477 1438 2562 aperte
1457 2463 1629 2562 Spiritum
1642 2477 1809 2535 sanctum
1823 2461 1996 2554 insinuat,
2014 2460 2053 2534 id

453 2599 507 2654 est
520 2584 648 2655 divinae
663 2585 781 2680 gratiae
795 2582 1017 2677 bonitatem,
1034 2583 1134 2680 juxta
1148 2582 1244 2654 hanc
1260 2581 1409 2679 quidem
1422 2581 1629 2679 diligentem
1644 2580 1833 2680 Prophetae
1848 2581 2054 2656 considera·

454 2704 603 2792 tionem,
623 2702 700 2798 qui,
721 2700 863 2773 eumad
880 2700 1113 2774 excellentem
1125 2699 1286 2773 hominis
1297 2700 1517 2773 creationem
1532 2714 1683 2774 ventum
1698 2716 1804 2793 esset,
1820 2700 1971 2800 provide
1984 2700 2056 2774 hoc

454 2843 547 2918 opus
581 2819 708 2891 ceteris
740 2822 1001 2917 anteponens⁸,
1027 2833 1066 2891 et
1089 2817 1194 2915 quasi
1219 2821 1314 2918 prae⁶
1327 2820 1454 2891 ceteris
1483 2817 1765 2910 commendans,
1787 2818 2056 2892 distinctionem

453 2941 636 3037 patenter*
650 2938 829 3011 Trinitatis
843 2937 986 3029 fecerit,
1001 2937 1067 3011 ubi
1079 2934 1247 3011 videlicet
1261 2959 1283 3009 a
1297 2935 1450 3010 domino
1465 2937 1588 3037 potius
1601 2937 1739 3011 dictum
1757 2942 1828 3011 est'
1838 2967 1857 3007 ι(
1872 2939 2056 3012 Faciamus

452 3056 658 3150 hominem,
680 3087 698 3123 ι)
726 3079 838 3155 quam
865 3056 1015 3132 faciam:
1037 3085 1056 3127 u
1075 3057 1122 3131 ad
1149 3057 1364 3155 imaginem,
1386 3086 1405 3125 u
1429 3056 1565 3155 inquit,
1588 3086 1606 3126 a
1626 3072 1664 3131 et
1687 3056 1961 3131 similitudinem
1988 3082 2055 3131 no·

452 3190 582 3268 stram3
606 3206 623 3242 »
650 3175 768 3247 virum
795 3175 945 3274 quidem
970 3174 1016 3250 ad
1044 3176 1257 3274 imaginem,
1291 3173 1480 3249 mulierem
1500 3199 1587 3249 vero
1612 3176 1660 3249 ad
1684 3174 1971 3252 similitudinem.
1993 3178 2055 3248 Vir

453 3295 588 3394 quippe
601 3296 703 3392 juxta
726 3294 983 3394 Apostolum⁹,
1008 3296 1129 3391 imago
1147 3296 1214 3369 Dei
1236 3310 1308 3385 est,
1332 3318 1409 3368 non
1433 3293 1575 3368 mulier.
1595 3295 1668 3369 Sed
1684 3294 1778 3370 sicut
1797 3295 1852 3367 vir
1869 3295 1987 3392 imago
2000 3310 2055 3368 est

454 3414 543 3504 Dei,
565 3415 614 3486 ita
632 3428 668 3487 et
688 3414 817 3487 mulier
839 3415 958 3513 imago
972 3413 1104 3488 dicitur
1120 3416 1202 3488 viri.
1221 3418 1344 3511 imago
1360 3414 1497 3513 quippe
1512 3437 1678 3513 expressa
1694 3413 1844 3511 alicujus
1855 3413 2052 3488 similitudo

452 3547 622 3627 vocatur,
640 3534 835 3606 similitudo
853 3548 974 3606 autem
997 3533 1069 3606 dici
1089 3545 1229 3631 potest,
1246 3534 1312 3606 etsi
1333 3557 1409 3604 non
1426 3533 1582 3605 multum
1598 3533 1636 3607 id
1653 3534 1756 3631 cujus
1778 3548 1832 3606 est
1854 3533 2051 3606 similitudo

454 3652 641 3749 exprimat.
668 3653 731 3722 Vir
760 3653 881 3748 itaque
905 3651 952 3726 ad
981 3650 1175 3745 imaginem
1202 3650 1382 3722 Trinitatis
1406 3664 1460 3723 est
1485 3650 1619 3743 factus,
1647 3653 1832 3751 quiaque
1858 3651 2051 3749 perfectior

455 3767 622 3839 conditus
649 3782 703 3839 est
722 3791 833 3864 quam
851 3767 999 3858 mulier,
1017 3767 1206 3866 descriptae
1231 3768 1364 3840 summi
1388 3766 1480 3841 boni
1503 3769 1716 3867 perfectioni
1739 3766 1890 3843 similior
1909 3769 2047 3863 existit3

456 3888 519 3981 qui
533 3899 569 3957 et
585 3908 650 3983 per
664 3898 877 3983 potestatem
893 3900 968 3959 tam
982 3884 1124 3958 mulieri
1134 3909 1246 3984 quam
1261 3886 1395 3958 caeteris
1406 3886 1600 3961 mundanis
1615 3888 1781 3987 praelatus
1794 3902 1848 3961 est
1863 3890 2048 3980 creaturis,

456 4018 493 4076 et
514 4027 579 4102 per
604 4004 814 4100 sapientiam
837 4003 1001 4102 dignior,
1020 4017 1057 4077 et
1077 4029 1144 4103 per
1171 4028 1334 4078 amorem
1354 4003 1402 4078 ad
1428 4028 1470 4078 ea
1490 4005 1622 4105 quibus
1642 4006 1817 4106 perfectio
1831 4020 1887 4080 est
1900 4009 2052 4106 pronior

456 4122 599 4194 exstitit.
623 4126 720 4193 Bene
735 4137 772 4195 et
787 4147 872 4195 eum
887 4147 909 4196 a
926 4137 1093 4222 serpente
1110 4149 1186 4196 non
1208 4147 1287 4196 esse
1310 4122 1519 4215 seductum,
1539 4149 1623 4198 cum
1646 4125 1878 4199 seduceretur
1899 4125 2048 4216 mulier,

456 4253 602 4313 testatur
615 4240 806 4337 Apostolus
816 4244 853 4333 ¹⁰3
873 4243 937 4339 qui
951 4257 1073 4314 tamen
1088 4265 1213 4315 amore
1229 4240 1386 4315 mulieris
1402 4256 1584 4339 gustatum
1599 4245 1633 4317 ei
1650 4243 1806 4317 fructum
1822 4245 2049 4343 porrigentis,

456 4384 539 4432 cum
564 4382 645 4429 eam
667 4360 878 4432 contristare
902 4360 1037 4453 nollet,
1057 4361 1095 4434 in
1118 4359 1436 4457 transgressionem
1460 4364 1682 4462 prorumpit,
1704 4362 1859 4462 amplius
1869 4362 1926 4442 ,de
1944 4365 2051 4437 mue

455 4474 609 4550 ricordia
624 4476 691 4548 Dei
708 4502 817 4575 quam
835 4492 1019 4576 oporteret
1032 4503 1274 4579 presumens,
1293 4503 1403 4576 quem
1424 4481 1471 4553 ad
1494 4482 1756 4578 ignoscendum
1775 4482 1914 4556 Mem
1930 4484 2050 4554 existi·

457 4594 594 4687 mahat,
612 4617 679 4692 pro
697 4609 771 4668 tam
794 4596 864 4668 levi
879 4621 959 4694 quae
974 4599 1008 4670 ei
1022 4597 1212 4670 videbatur
1234 4598 1387 4687 offensa,
1408 4599 1439 4670 si
1451 4601 1717 4699 quoquomodo
1736 4599 1963 4674 commissam
1978 4598 2048 4672 sibi

455 4712 651 4792 aDomino
680 4740 754 4788 non
779 4714 1032 4789 scandalizaret
1058 4715 1262 4811 mulierem,
1281 4718 1476 4817 praescrtim
1500 4744 1585 4793 cum
1611 4720 1688 4793 liaeo
1713 4719 1772 4818 pie
1794 4717 1924 4815 magis,
1940 4741 2050 4817 quam

487 4949 493 4975 ⁸
507 4945 604 5005 Genea,
615 4957 668 5005 cap.
682 4957 700 5000 ι,
712 4956 735 4991 ι.
749 4940 922 5001 t.-’1ttct‚‚
933 4953 956 4989 r.
970 4940 1044 4990 2.—³
1055 4936 1226 4999 Joau.,cao.t,
1278 4960 1311 4975 -
1322 4936 1380 4988 ’Sic
1398 4938 1458 4990 eon
1472 4937 1532 4989 tut.
1555 4939 1678 4992 Potentes·
1697 4942 1771 4995 amb.
1788 4945 1840 4981 -⁸
1854 4942 1952 5001 Gener„
1964 4951 2019 5002 cap.
2031 4952 2051 4998 t,

456 5037 479 5074 r.
499 5027 527 5082 3,
540 5027 565 5076 t.
582 5050 611 5060 -
623 5024 631 5053 ⁴
644 5021 670 5071 ln
689 5021 776 5071 somn.
799 5018 878 5084 Scin,
896 5020 940 5068 ltb.
959 5017 985 5078 l,
1003 5029 1056 5079 cap.
1080 5028 1114 5066 rx.
1124 5017 1175 5051 -⁵
1186 5013 1226 5064 Stc
1280 5031 1301 5068 r.
1313 5021 1353 5071 26.
1363 5044 1395 5055 -
1407 5023 1416 5052 ⁸
1427 5021 1448 5081 1,
1460 5018 1648 5084 coriatamap.
1662 5035 1694 5081 u,
1707 5025 1821 5075 ’,μω
1831 5024 1854 5084 1,
1867 5022 1942 5082 qim„
1953 5033 2008 5082 ηρ,
2019 5031 2046 5080 u,

458 5102 517 5152 Cod.
526 5100 589 5154 Vlct
603 5102 738 5164 imponens
748 5099 818 5149 Ami).
829 5126 858 5135 -
869 5099 878 5129 ⁶
889 5099 928 5147 sle
942 5096 1001 5147 Cod.
1012 5094 1074 5144 Vict
1087 5095 1140 5144 Pro
1153 5094 1225 5145 Amb.
1279 5108 1302 5144 r.
1317 5097 1352 5146 14.
