4559 6100
640 572 832 647 ΕΡΙἸῸΜΕ
857 570 1126 644 TfluotnfflAE
1150 571 1440 645 eflfllstltNAE.
1766 567 1830 638 581

245 723 412 788 unctiones
429 723 575 812 suscepit,
590 722 664 810 quia
675 744 732 787 rex
742 738 777 787 et
787 718 936 787 sacerdos
951 736 1031 787 erat.
1044 721 1125 786 Duae
1142 720 1286 788 similiter
1296 738 1441 811 personas
1452 734 1637 810 unguuntur
1646 718 1681 782 in
1692 717 1836 798 ecclesia,

245 836 349 885 reret
365 818 524 900 sacerdos,
541 841 605 884 una
620 821 736 906 major,
756 816 855 885 altera
871 819 989 883 minor.
1011 817 1120 883 Minor
1133 841 1243 885 veroa
1256 820 1378 903 majore
1393 815 1604 895 benedicitur,
1620 831 1657 880 ut
1667 813 1839 905 Apostolus

246 919 302 984 ait.
320 920 359 982 ln
376 917 527 983 unctione
543 917 639 1006 igitur
653 916 774 1006 pedum
792 918 898 982 minor
912 937 1059 1006 persona,
1077 915 1112 981 id
1128 932 1187 991 est,
1205 914 1365 992 sacerdos,
1382 916 1416 978 in
1433 915 1583 979 unctione
1595 913 1706 1002 capitis
1720 915 1834 998 major,

246 1015 280 1079 id
299 1032 359 1088 est,
384 1037 441 1079 rex
461 1013 625 1103 ligari-atur.
644 1014 748 1079 David
764 1014 879 1093 ctiam,
897 1015 952 1104 qui
967 1013 1000 1077 in
1016 1014 1132 1078 Christi
1147 1012 1249 1103 ligura
1264 1013 1445 1102 praecessit,
1467 1026 1580 1077 unctus
1594 1010 1689 1077 fuisse
1712 1008 1837 1100 legitur,

245 1112 349 1199 primo
365 1113 398 1175 in
415 1109 513 1177 domo
523 1112 649 1201 patrisa
667 1111 824 1192 Samuele,
842 1111 984 1177 secundo
996 1133 1091 1199 super
1104 1125 1230 1200 partem
1241 1109 1350 1187 Israel,
1367 1110 1462 1174 tertio
1479 1129 1573 1198 super
1584 1123 1701 1172 totum.
1715 1104 1840 1171 Eodem

246 1231 374 1298 quoque
389 1206 489 1275 modo
501 1210 717 1298 unusquisque
728 1209 923 1273 Christianus
935 1225 985 1274 ter
999 1207 1142 1298 ungitur,
1160 1206 1265 1295 primo
1278 1206 1321 1272 ad
1335 1207 1587 1278 inchoationem.
1605 1205 1640 1270 in
1651 1203 1842 1293 baptismate

245 1305 373 1385 scilicet,
391 1306 448 1372 ubi
462 1322 594 1394 peccata
610 1306 827 1388 dimittuntur,
845 1304 987 1371 secundo
1003 1305 1037 1369 in
1048 1301 1305 1386 confirmatione,
1318 1303 1375 1371 ubi
1391 1303 1479 1370 dona
1495 1303 1604 1394 gratiae
1620 1300 1840 1381 conferuntur,

245 1404 339 1468 tertio
354 1405 390 1468 in
405 1404 506 1485 exitu,
522 1403 579 1469 ubi
593 1403 645 1469 vel
661 1406 783 1487 omnia,
801 1405 828 1469 si
843 1427 907 1493 qua
922 1420 997 1469 sunt
1012 1418 1155 1493 peccata,
1173 1402 1225 1467 rel
1241 1425 1355 1469 eorum
1369 1402 1511 1468 maxima
1524 1424 1598 1492 pars
1614 1399 1750 1466 deletur.

288 1499 473 1566 Videndum
490 1501 596 1590 igitur,
619 1526 692 1591 quat
712 1524 780 1583 res,
799 1524 871 1591 quae
893 1502 934 1566 sit
948 1499 1089 1566 efficacia
1104 1501 1199 1585 hujus
1214 1501 1421 1574 sacramenti.
1438 1516 1547 1566 utrum
1566 1497 1654 1565 idem
1673 1499 1713 1562 sit
1729 1519 1791 1575 res,
1810 1512 1843 1559 et

245 1596 403 1680 efficacia,
421 1622 463 1663 an
478 1597 585 1688 potius
600 1598 684 1664 inter
698 1621 732 1664 se
749 1598 883 1665 diversa.
902 1597 955 1664 Ad
971 1597 1061 1687 quod
1076 1596 1274 1690 dicendum,
1295 1598 1385 1687 prod
1404 1595 1554 1687 quasdam
1570 1609 1841 1661 sacramentorum

245 1695 279 1757 in
300 1695 364 1760 hoc
379 1696 592 1777 conveniunt,
610 1696 699 1785 quod
714 1695 864 1762 videlicet
880 1695 942 1761 alia
957 1713 1006 1762 est
1024 1718 1137 1761 eorum
1154 1693 1293 1762 efficacia
1311 1712 1345 1763 et
1365 1694 1454 1761 aliud
1473 1716 1586 1760 eorum
1601 1715 1664 1758 res.
1684 1689 1841 1774 Quaedam

246 1813 323 1855 vero
339 1792 373 1856 in
387 1792 452 1857 hoc
469 1791 662 1882 discrepem,
678 1809 792 1883 utpote
806 1793 983 1883 baptismus
995 1792 1085 1859 idem
1095 1793 1195 1859 habet
1204 1815 1275 1858 rem
1287 1810 1320 1859 et
1331 1791 1496 1858 effectum.
1513 1791 1754 1856 Sacramentum
1764 1811 1841 1852 vero

245 1885 352 1953 altaris
367 1911 434 1953 non
450 1889 495 1953 sic
510 1911 543 1954 se
559 1890 669 1957 habet.
688 1891 769 1955 Gum
785 1890 873 1956 enim
888 1890 976 1957 idem
991 1891 1032 1956 sit
1046 1912 1097 1956 res
1114 1906 1148 1955 et
1163 1889 1252 1979 quod
1267 1890 1377 1971 efficit,
1392 1904 1502 1954 tamen
1519 1886 1605 1954 aliud
1620 1884 1718 1953 efficit
1733 1908 1840 1951 sacra·

244 1999 389 2050 mentum
414 1985 532 2065 altaris,
558 1986 599 2052 de
621 2011 685 2075 qua
710 1987 851 2053 efficacia
870 1988 1013 2077 superius
1037 1986 1236 2053 ostendimus
1251 1986 1456 2066 sufficienter,
1479 2003 1512 2052 et
1536 1985 1598 2050 alia
1622 1999 1670 2050 est
1689 2006 1740 2049 res
1760 1984 1837 2067 ejus.

245 2080 394 2147 Similiter
408 2099 442 2147 et
463 2084 557 2168 hujus
571 2086 761 2150 sacramenti
782 2084 843 2150 alia
862 2101 911 2151 est
926 2108 977 2150 res
995 2099 1030 2150 et
1048 2085 1110 2150 alia
1126 2083 1278 2151 efficacia.
1295 2086 1359 2150 Res
1375 2083 1501 2165 eadem,
1519 2107 1590 2173 quae
1606 2099 1639 2147 et
1653 2081 1840 2146 sacramenti
1940 2086 1946 2099 ⁶

245 2177 363 2243 altaris.
390 2179 475 2244 Nam
499 2202 566 2244 non
588 2181 652 2245 hoc
672 2196 924 2263 sacramentum,
953 2180 1042 2270 quod
1072 2179 1223 2273 figuratl,
1237 2168 1304 2248 ‘sed
1332 2180 1472 2247 ostendit
1496 2182 1616 2247 factum
1640 2201 1719 2245 esse.
1749 2177 1841 2241 Prius

244 2273 402 2362 siquidem
419 2291 468 2341 est
487 2276 600 2365 aliquis
620 2277 803 2343 membrum
821 2279 948 2356 Christi,
972 2278 1061 2368 quod
1078 2277 1114 2343 fit
1132 2279 1168 2344 in
1182 2280 1355 2369 baptismo,
1383 2301 1481 2367 quam
1505 2277 1549 2343 ad
1566 2275 1841 2342 consecrationem

245 2370 351 2437 altaris
372 2372 515 2439 accedat.
541 2373 692 2440 Similiter
714 2390 788 2440 ante
809 2391 858 2442 est
879 2376 1062 2442 membrum
1087 2376 1215 2457 Christi,
1244 2398 1342 2465 quam
1357 2375 1402 2440 sic
1424 2390 1596 2466 ungaratur.
1619 2372 1681 2439 Per
1701 2369 1841 2462 singulos

244 2490 372 2557 quoque
388 2493 497 2536 seusus
511 2471 581 2537 haec
596 2472 705 2538 unctio
720 2470 789 2537 fieri
805 2472 915 2555 debet,
930 2489 967 2538 ut
981 2495 1181 2563 quaecunque
1195 2474 1339 2539 sensibus
1354 2487 1429 2538 sunt
1443 2487 1637 2562 perpetrata,
1655 2493 1696 2534 ex
1708 2483 1778 2535 toto
1789 2469 1841 2534 vel

245 2585 284 2629 ex
301 2567 440 2631 maxima
455 2584 546 2657 parte
566 2569 780 2635 remittantur.
800 2571 850 2636 De
865 2571 1034 2636 iteratione
1050 2571 1227 2637 secuudum
1243 2569 1381 2636 diversas
1396 2569 1643 2635 consuetudines
1664 2566 1720 2632 liat
1734 2565 1840 2633 eccle·

244 2660 374 2728 siarum
391 2664 530 2730 lacobus
545 2666 829 2733 enimcumdicat:
843 2666 1104 2757 lufirmaturquis
1118 2669 1153 2732 in
1163 2667 1267 2748 vobis,
1277 2667 1411 2733 inducat
1425 2666 1626 2756 presbyteros
1638 2663 1791 2746 ecclesie,
1808 2681 1841 2728 et

245 2774 391 2848 uugtrant
400 2783 488 2844 eum,
504 2776 536 2826 et
550 2762 634 2828 bene
647 2762 793 2843 habebit,
809 2786 877 2830 non
888 2763 1015 2831 videtur
1025 2765 1209 2854 prohibere,
1221 2764 1300 2853 quin
1309 2779 1483 2853 repetatur.
1495 2764 1543 2829 De
1555 2763 1730 2848 majoribus
1740 2761 1838 2841 enim,

245 2869 280 2918 ut
295 2855 454 2947 baptismo
472 2859 715 2926 confirmatione
731 2877 764 2927 et
779 2861 886 2928 altaris
901 2878 1114 2946 sacramento,
1136 2861 1259 2928 dictum
1273 2860 1478 2944 est,uullum
1492 2874 1726 2927 sacramentum
1740 2859 1840 2925 reite·

244 2951 394 3019 randum.
418 2955 530 3044 Neque
547 2956 662 3024 eadem
680 2959 784 3024 hostia
807 2975 1010 3026 consecratur
1026 2958 1094 3038 bis,
1115 2982 1190 3025 cum
1207 2974 1315 3025 nmen
1331 2957 1418 3025 idem
1440 2981 1556 3050 corpus
1573 2957 1747 3024 abeodem
1773 2955 1839 3022 fre·

244 3068 379 3136 quenter
397 3069 552 3119 sumatur.

853 3281 1036 3372 CAPUT
1083 3281 1232 3374 xxxt.

337 3488 381 3546 De
395 3487 521 3569 conjugii
535 3504 715 3551 sacramento
728 3505 757 3551 et
771 3492 851 3571 quod
864 3513 924 3553 non
939 3494 1051 3554 confert
1063 3489 1184 3574 aliquod
1197 3493 1320 3570 donum,
1337 3493 1411 3554 sicut
1424 3504 1520 3553 cetera
1535 3491 1654 3552 faciunt.
1672 3495 1746 3550 Item

952 3591 988 3653 de
1001 3592 1131 3652 munte.

288 3767 320 3833 N
321 3790 384 3834 unc
401 3772 443 3836 de
458 3773 607 3865 conjugio
625 3773 797 3842 dicendum
812 3793 877 3860 est,
894 3777 983 3867 quod
1005 3777 1135 3869 quidem
1150 3794 1383 3845 sacramentum
1400 3789 1458 3856 eat,
1477 3776 1535 3843 sed
1552 3800 1619 3842 non
1636 3775 1762 3842 confert
1777 3775 1838 3841 ali·

244 3866 333 3955 quod
349 3866 488 3952 donum,
512 3870 593 3936 sicut
608 3888 714 3938 cetera
738 3872 870 3956 faciunt,
893 3874 950 3941 sed
971 3891 1081 3943 tamen
1102 3876 1179 3941 mali
1199 3875 1379 3942 remedium
1395 3891 1454 3942 est.
1479 3875 1581 3940 Datur
1602 3876 1690 3940 enim
1710 3891 1841 3964 propter

244 3964 509 4032 incontinentiam
524 3967 770 4052 refrenandam,
788 3971 877 4038 unde
892 3974 994 4064 magis
1005 3974 1048 4039 ad
1059 3973 1294 4065 indulgentiam
1305 3974 1455 4064 pertinet.
1469 3973 1522 4039 Sic
1537 3989 1644 4039 autem
1659 3971 1838 4039 diffinitur:

243 4063 426 4153 conjugium
450 4079 498 4130 est
516 4066 613 4132 maris
634 4084 667 4134 et
688 4066 827 4136 foeminae
848 4068 1015 4137 foederatio
1038 4072 1192 4163 legitima,
1219 4086 1351 4162 propter
1375 4095 1473 4162 quam
1497 4070 1572 4138 licet
1587 4072 1632 4137 eis
1653 4072 1721 4137 sine
1746 4072 1839 4162 culpa

243 4159 453 4227 commisceri.
475 4162 656 4230 Foederatio
669 4188 747 4231 vero
763 4166 825 4233 alia
843 4185 891 4236 est
906 4169 947 4235 de
961 4170 1111 4262 conjugio
1127 4170 1366 4252 contrahendo,
1384 4186 1421 4235 ut
1437 4186 1497 4254 est,
1515 4169 1646 4262 quando
1661 4170 1837 4259 promittit,

243 4255 331 4344 quod
348 4279 420 4324 eam
441 4259 573 4350 accipiat
595 4262 655 4327 sibi
672 4283 821 4343 uxorem,
839 4265 900 4331 alia
916 4265 1070 4358 conjugii,
1087 4282 1125 4331 ut
1140 4265 1272 4358 quando
1289 4263 1366 4333 dicit
1383 4291 1392 4332 ε
1407 4267 1518 4337 Tradu
1540 4291 1592 4332 me
1608 4268 1667 4332 tibi
1684 4265 1726 4332 ad
1747 4290 1839 4332 usum

243 4355 345 4419 tarnis
359 4376 455 4439 meoe,
479 4357 524 4422 ita
540 4373 588 4439 ut,
605 4360 760 4448 quamdiu
774 4362 901 4445 vixeris,
917 4386 984 4429 non
999 4381 1054 4430 me
1071 4362 1125 4428 alii
1145 4366 1351 4455 conjungam.
1369 4363 1411 4430 Et
1425 4367 1495 4432 hec
1511 4364 1677 4431 foederatio
1694 4364 1840 4455 adprime

243 4447 319 4515 facit
337 4455 534 4545 conjugium.
557 4454 729 4522 Sciendum
743 4481 822 4525 vero
838 4475 897 4541 est,
920 4460 1009 4550 quod
1030 4462 1064 4526 in
1078 4462 1144 4528 hoc
1158 4478 1360 4529 sacramento
1375 4462 1478 4528 multa
1494 4462 1572 4527 olim
1589 4461 1718 4527 farciunt
1732 4463 1836 4546 licita,

243 4569 315 4634 quae
328 4548 428 4615 modo
446 4551 531 4616 licita
547 4575 614 4618 non
629 4570 714 4632 sunt,
733 4556 808 4644 quia
821 4557 856 4621 iu
869 4557 970 4623 veteri
984 4573 1175 4624 testamento
1191 4559 1309 4625 licebat
1322 4560 1382 4623 uni
1396 4558 1513 4625 multas
1529 4583 1645 4626 uxores
1658 4560 1790 4643 habere,
1803 4578 1840 4626 ut

242 4644 377 4735 populus
392 4648 452 4713 Dei
468 4665 648 4741 augeretur,
664 4650 721 4717 sed
737 4673 805 4717 non
819 4653 945 4719 mulieri
960 4653 1078 4720 multos
1092 4656 1192 4738 viros,
1209 4655 1284 4745 quia
1301 4655 1411 4721 multae
1427 4674 1561 4747 possunt
1575 4681 1615 4723 ex
1629 4682 1696 4724 uno
1712 4658 1838 4725 foecun-

243 4739 324 4819 dari,
348 4742 405 4809 sed
421 4768 488 4811 non
505 4769 569 4812 una
588 4768 629 4812 ex
647 4748 769 4814 multis.
791 4748 886 4815 Nunc
901 4773 979 4816 vero
1000 4774 1068 4816 non
1088 4751 1180 4838 licet,
1200 4753 1275 4842 quia
1290 4752 1428 4843 populus
1444 4755 1504 4820 Dei
1524 4770 1633 4821 auctus
1654 4770 1713 4820 est.
1732 4756 1837 4822 Etiam

241 4853 318 4905 tunc
333 4841 461 4936 regibus
477 4868 544 4909 non
559 4844 677 4911 licebat
696 4845 829 4930 multas,
846 4846 1016 4913 sedunam
1033 4848 1171 4933 habere,
1186 4865 1224 4916 ut
1239 4850 1373 4917 subditis
1389 4852 1452 4917 suis
1467 4851 1636 4942 providere
1650 4867 1791 4942 possent.
1806 4854 1839 4920 Si

243 4937 329 5002 enirn
344 4939 460 5007 multas
474 4941 644 5024 haberent,
662 4966 774 5008 earum
791 4943 1004 5012 sollicitudine
1020 4945 1146 5013 animus
1161 4947 1371 5039 impediretur
1387 4965 1420 5015 et
1440 4950 1484 5015 ita
1498 4950 1604 5016 minus
1618 4948 1835 5039 providerent.

275 5162 298 5212 1.
315 5161 407 5227 Supple
421 5163 503 5218 Facit.
