4559 6100
457 559 529 631 att
1059 556 1180 629 PETRI
1205 551 1435 627 ABAELARDI

456 707 627 805 justitiam
649 719 804 778 vestram
829 703 962 778 faciatis
988 729 1111 779 coram
1137 704 1348 779 hominibus
1372 717 1413 776 ut
1439 701 1632 776 videamini
1662 703 1709 777 ab
1736 704 1800 776 eis.
1818 735 1836 770 »
1861 708 2053 780 Possumus

459 828 567 900 etiam
588 827 637 898 ita
656 825 790 897 variare
811 824 954 922 signum
976 840 1012 898 et
1033 825 1270 924 signaculum,
1287 837 1327 896 ut
1339 824 1561 898 circumcisio
1579 825 1656 922 ipsa
1676 823 1820 898 alterius
1837 826 1891 899 rei
1911 827 2052 923 signum

460 950 518 1039 sit,
544 945 688 1019 alterius
703 968 790 1015 vero
814 944 1035 1042 signaculum
1062 947 1232 1043 :signum
1255 944 1404 1042 quidem
1426 944 1470 1016 sit
1485 942 1680 1016 causalium
1703 942 1850 1018 Abrahae
1872 945 2049 1038 filiorum,

461 1078 496 1136 et
513 1061 735 1159 signaculum
760 1061 1015 1159 spiritualium;
1036 1065 1212 1163 cumipse
1236 1076 1310 1137 tam
1324 1059 1530 1133 tudaeorum
1547 1056 1747 1132 secundum
1765 1082 1925 1153 carnem,
1945 1085 2051 1159 quam

463 1183 657 1256 Gentilium
671 1206 736 1280 per
750 1179 872 1275 fidem,
887 1197 989 1281 pater
1000 1183 1045 1254 sit
1058 1185 1286 1257 constitutus.
1299 1187 1344 1254 Et
1357 1180 1506 1279 quippe,
1522 1178 1622 1275 juxta
1635 1183 1873 1278 ttaymooem,
1888 1183 2053 1280 signacu-

464 1304 539 1376 lum
564 1301 666 1398 quasi
693 1299 847 1396 sigillum
864 1300 963 1397 quod
984 1300 1090 1373 alicui
1106 1303 1159 1374 rei
1175 1302 1393 1403 imprimitur
1410 1313 1451 1373 ut
1465 1298 1593 1390 lateat,
1617 1312 1725 1396 atque
1746 1299 1829 1376 ideo
1848 1299 1940 1373 bone
1961 1302 2053 1375 rele-

467 1423 621 1496 rendum
644 1419 784 1491 videtur
804 1419 850 1490 ad
872 1419 1072 1517 spirituales
1094 1419 1188 1494 filios
1208 1421 1360 1496 Abrahae
1375 1444 1417 1492 ex
1434 1417 1610 1492 Gentibus
1627 1418 1791 1510 futuros,
1810 1419 1871 1517 qui
1887 1419 2052 1493 noudum

466 1544 698 1647 apparebant.
714 1543 946 1616 circumcisio
967 1544 1108 1642 itaque,
1125 1570 1205 1643 quae
1228 1547 1264 1618 in
1284 1547 1365 1645 ipso
1386 1543 1556 1642 iucoepit,
1581 1557 1618 1616 et
1637 1543 1674 1615 in
1691 1543 1826 1616 carnali
1841 1543 1919 1640 ejus
1933 1558 2054 1642 poste·

464 1668 567 1740 ritate
584 1677 638 1735 est
655 1677 848 1755 reservata,
873 1677 947 1734 tam
970 1663 1112 1759 signum
1135 1689 1244 1763 quam
1271 1663 1496 1760 signaculum
1519 1662 1599 1755 tuit,
1625 1662 1710 1760 quia
1730 1677 1766 1735 et
1790 1685 1959 1760 peream
1982 1662 2054 1740 dis-

467 1779 722 1878 tinguebantur
762 1804 784 1851 a
827 1779 961 1851 caeteris
999 1781 1143 1878 populis
1174 1779 1239 1853 filii
1270 1779 1419 1853 Abrahae
1443 1778 1634 1870 carnales,
1677 1792 1713 1850 et
1750 1778 2056 1876 praesignabantur

466 1901 577 1973 luturi
594 1925 637 1972 ex
651 1898 826 1971 Gentibus
843 1897 905 1969 dlii
921 1898 998 1995 ejus
1013 1899 1225 1996 spirituales,
1241 1902 1304 1999 qui
1315 1898 1479 1974 videlicet
1495 1895 1683 1997 perfidem
1700 1898 1939 1972 imitarentur.
1952 1899 2056 1977 Unde

465 2036 501 2093 et
516 2020 611 2093 bene
628 2020 773 2111 ismael,
794 2043 902 2117 quern
918 2020 1117 2092 secuudum
1133 2044 1299 2106 carnem,
1325 2044 1401 2092 non
1418 2017 1619 2092 secundum
1632 2018 1799 2090 virtutem
1817 2017 1979 2092 miraculi
1994 2046 2054 2117 ge·

465 2134 564 2224 nuit,
591 2131 822 2203 circumcisus
846 2130 973 2227 legitur
981 2134 1003 2220 ¹,
1027 2155 1092 2228 per
1115 2130 1214 2228 quod
1233 2129 1398 2203 videlicet
1416 2128 1614 2204 carnalium
1629 2126 1782 2200 Abrahae
1806 2127 1961 2202 filiorum
1986 2132 2054 2203 cir·

465 2260 637 2334 cumcisio
656 2259 858 2355 signaretur
880 2258 1034 2331 exterior
1049 2282 1254 2356 perquam,
1273 2273 1312 2330 ut
1329 2257 1466 2330 dictum
1483 2270 1555 2347 est,
1571 2256 1722 2329 carnalis
1740 2256 1847 2330 lsrael
1862 2282 2056 2356 cognosce·

467 2395 577 2454 retur.
597 2384 694 2451 lsaac
709 2403 796 2451 vero
814 2379 877 2476 qui
895 2392 1019 2478 postea
1035 2393 1140 2451 natus
1157 2393 1223 2473 est,
1246 2379 1395 2451 Gentilis
1415 2378 1540 2478 populi
1558 2391 1683 2476 postea
1698 2377 1818 2454 vocnt
1835 2378 2056 2476 spiritualem

464 2500 601 2573 avitiis
626 2498 935 2570 circumcisionem
961 2498 1146 2596 exprimit,
1174 2522 1282 2596 quam
1305 2513 1341 2570 et
1367 2496 1538 2596 proselyti
1560 2494 1776 2593 figurabant.
1806 2500 1913 2571 Recte
1937 2501 2058 2598 itaque

466 2618 657 2720 Apostolus
689 2619 830 2714 signum
860 2632 897 2690 et
933 2617 1155 2713 signaculum
1181 2617 1401 2715 distinguens
1437 2629 1612 2715 quantum
1649 2616 1694 2688 ad
1726 2614 1869 2691 Judaeus
1900 2620 2057 2694 carnales

467 2736 616 2812 Abrahae
633 2736 740 2827 filios,
757 2750 793 2807 et
808 2734 967 2808 Gentiles
984 2735 1078 2808 filios
1093 2736 1253 2832 ejusdem
1273 2738 1382 2810 etiarn
1398 2736 1611 2835 spirituales,
1630 2734 1721 2808 dixit
1736 2737 1900 2837 primitus
1916 2739 2057 2836 siguum

466 2856 764 2945 circumcisionis,
790 2854 827 2926 id
848 2869 901 2926 cst
917 2854 1058 2951 siguum
1076 2856 1228 2927 carnalis
1250 2855 1370 2948 lsrael,
1393 2879 1458 2955 pcr
1478 2854 1579 2953 quod
1599 2854 1763 2930 videlicet
1784 2855 1942 2955 populus
1957 2856 2016 2931 ille
2038 2884 2058 2930 a

467 2976 602 3050 caeteris
628 2971 923 3071 distinguebatur,
948 2988 985 3046 et
1018 2988 1102 3074 post
1123 2972 1275 3047 modum
1299 2974 1522 3081 signaculum
1541 2973 1684 3073 justitiae
1709 2972 1814 3066 fidei,
1840 2998 1920 3072 quae
1943 2990 1998 3051 est
2019 2977 2058 3051 iu

466 3097 658 3197 praeputio,
686 3094 723 3166 id
749 3109 801 3167 est
825 3109 1089 3168 sacramentum
1117 3096 1308 3194 spiritualis
1331 3094 1630 3188 circumcisionis,
1654 3114 1764 3192 (fuam
1788 3093 1902 3173 solam
1924 3093 2060 3171 habent

469 3216 592 3289 fideles
615 3240 658 3287 ex
681 3212 857 3286 Gentibus
879 3212 1032 3289 collecti.
1052 3219 1174 3297 Potest
1196 3216 1303 3287 etiam
1326 3214 1547 3312 signaculum
1567 3216 1672 3312 quasi
1693 3238 1900 3315 expressum
1919 3216 2061 3312 signum

468 3335 629 3434 intelligi,
643 3335 742 3432 juxta
764 3333 865 3432 quod
887 3335 923 3405 in
946 3332 1054 3407 laude
1070 3349 1242 3434 apostatae
1263 3334 1380 3430 angeli
1404 3334 1549 3407 dicitur¹
1568 3364 1576 3405 ε
1592 3363 1610 3403 κ
1624 3340 1677 3408 Τιι
1700 3335 1922 3432 signaculum
1938 3336 2061 3409 simili·

467 3456 613 3549 tudinis,
630 3469 698 3527 etc.
715 3483 733 3523 n
754 3459 821 3526 Per
832 3453 904 3526 hoc
919 3455 1054 3553 quippe
1067 3454 1349 3526 circumcisionis
1364 3453 1508 3552 signum
1521 3455 1674 3529 maxime
1685 3455 1803 3552 justus
1815 3479 1858 3528 ac
1871 3455 2061 3554 spiritualis

467 3575 579 3646 homo
605 3574 833 3673 exprimitur,
859 3575 922 3671 qui
952 3572 1197 3675 voluptatibus
1226 3574 1344 3647 caruis
1369 3586 1518 3672 propter
1546 3577 1663 3647 Deum
1687 3575 1888 3668 renuntiat,
1915 3589 1953 3647 et
1975 3600 1998 3649 a
2023 3601 2061 3649 se

467 3693 543 3765 illas
567 3706 746 3790 amputat,
768 3716 848 3788 quae
870 3691 1023 3765 maxime
1044 3692 1081 3761 in
1101 3689 1250 3762 renibus
1264 3688 1500 3764 dominantur
1519 3707 1555 3765 et
1576 3718 1641 3791 per
1654 3694 1821 3790 genitalia
1837 3709 2056 3766 exercentur.

469 3815 587 3883 Potest
608 3825 644 3882 et
666 3812 890 3907 signaculum
911 3809 1013 3907 quasi
1034 3807 1290 3881 diminutivum
1310 3811 1424 3913 accipi
1441 3835 1463 3884 a
1481 3811 1596 3909 siguo,
1615 3812 1653 3884 id
1671 3826 1726 3885 est
1748 3812 1906 3910 primum
1922 3813 2062 3911 signum

467 3930 608 4027 justitia
639 3929 802 4002 Abrahae.
832 3933 912 4001 Nou
941 3929 1037 4000 enim
1067 3943 1143 4001 erat
1171 3954 1343 4027 magnum
1365 3931 1461 4005 illam
1487 3932 1678 4005 cuticulam
1703 3932 1752 4005 ad
1779 3933 1971 4031 imperium
1996 3935 2062 4007 Dei

470 4064 674 4149 amputare,
702 4048 749 4122 ad
778 4049 1087 4149 comparationem
1112 4074 1240 4122 eorum
1266 4076 1345 4149 quae
1366 4067 1490 4150 postea
1511 4053 1709 4151 spirituales
1732 4051 1882 4124 Abrahae
1908 4052 1969 4127 lilii
1990 4069 2063 4128 um

470 4171 643 4268 Martyres
667 4193 775 4268 quarn
800 4169 927 4273 reliqui
949 4168 1069 4241 Sancti
1089 4194 1156 4267 pro
1180 4169 1322 4243 Christo
1346 4172 1602 4244 sustinuerunt.
1633 4176 1754 4245 Potest
1772 4172 1876 4246 etsie
1896 4172 2062 4268 distingui

470 4289 611 4386 signum
642 4304 679 4361 et
705 4285 950 4386 signaculum,
984 4301 1023 4360 ut
1052 4288 1154 4384 quod
1185 4290 1327 4387 siguum
1357 4315 1528 4388 ntagnum
1560 4306 1614 4364 est
1645 4293 1682 4364 in
1713 4315 1822 4364 carne
1851 4304 1924 4364 tarn
1955 4291 2063 4364 bouis

471 4407 637 4481 videlicet
659 4432 767 4506 quarn
795 4407 898 4483 malis
920 4430 1136 4501 commune,
1161 4432 1311 4507 parvum
1330 4425 1384 4483 est
1406 4411 1550 4508 signum
1569 4411 1725 4508 justitiae,
1743 4411 1828 4506 quia
1852 4409 1957 4508 pauci
1979 4424 2065 4483 sunt

470 4529 534 4625 qui
559 4528 708 4603 Abrahae
729 4531 778 4601 ita
800 4553 865 4628 per
888 4528 1062 4625 justitiam
1076 4527 1298 4624 cohaereant,
1318 4532 1410 4603 sicut
1424 4556 1490 4630 per
1506 4555 1665 4603 carnem.
1692 4531 1842 4628 Signum
1867 4531 1988 4629 itaque
2011 4544 2065 4603 est

471 4649 670 4721 secundum
695 4673 861 4738 carnem,
890 4647 955 4720 sed
980 4647 1220 4746 signaculum,
1245 4650 1283 4722 id
1306 4665 1378 4739 est,
1405 4675 1558 4751 parvum
1575 4652 1718 4750 signum
1739 4649 1939 4724 secuudum
1956 4650 2065 4749 justi·

368 4753 371 4757 ⁵
472 4769 582 4860 tiam,
602 4769 687 4867 quia
711 4769 747 4840 in
777 4767 897 4840 multis
917 4766 1065 4839 Abrahae
1089 4770 1240 4865 posteris
1265 4771 1464 4844 secundum
1482 4796 1627 4844 carnem
1645 4787 1699 4845 est
1714 4771 1919 4860 dilatatum,
1938 4769 2002 4845 sed
2026 4770 2063 4841 in

473 4889 596 4987 paucis
612 4886 811 4962 secundum
827 4887 1000 4985 justitiam
1018 4902 1255 4962 contractum.
1276 4891 1380 4965 Unde
1397 4890 1492 4965 bene
1508 4890 1595 4965 dicit
1609 4893 1751 4989 siguum
1768 4888 2062 4980 circumcisionis,

503 5158 509 5188 ¹
524 5156 619 5216 Genu,
632 5167 688 5218 crp.
700 5169 760 5221 xnr,
772 5172 796 5211 r.
806 5161 846 5211 26.
859 5183 887 5196 —
899 5160 908 5190 ²
918 5157 1018 5225 Ereta,
1028 5173 1084 5224 cap.
1095 5173 1184 5224 xxun,
1195 5175 1219 5213 r.
1233 5163 1270 5213 ιι
