4559 6100
512 615 673 688 Ettttct
697 615 777 687 SEU
803 616 941 687 LlBER‘
957 614 1109 688 uictus
1137 612 1295 687 :sct'to
1321 614 1519 688 TEIPSUM.
1778 611 1850 686 623

255 766 392 838 sionem
411 765 598 858 adulterii,
621 788 732 863 quam
748 764 1030 863 superfluitatem
1046 764 1131 859 cibi,
1149 765 1206 836 lex
1227 766 1365 857 divina,
1395 780 1435 836 nt
1452 762 1616 855 arbitror,
1636 763 1851 859 docerenos

254 899 384 983 potest,
411 909 490 982 quae
517 883 563 957 ad
595 883 691 956 aliud
718 883 943 982 puniendum
977 883 1114 956 nullam
1139 910 1256 985 poenae
1283 884 1556 957 satisfactionem
1583 883 1750 975 instituit3
1779 881 1850 954 hoc

255 1030 341 1077 vero
366 1031 442 1077 non
464 1003 621 1103 qualibet
638 1028 758 1103 poena,
780 1003 842 1076 sed
860 1028 1008 1076 summae
1032 1005 1158 1076 mortis
1181 1005 1374 1077 afflictione
1394 1004 1559 1077 damnari
1579 1002 1748 1075 decrevit.
1767 1005 1849 1091 Quo

254 1128 350 1196 enim
372 1125 525 1197 charitas
548 1124 716 1224 proximi,
741 1148 853 1222 quam
873 1124 1064 1223 Apostolus
1083 1155 1100 1188 «
1117 1124 1378 1222 plenitudinem
1392 1123 1479 1221 legis
1508 1154 1526 1189 a
1556 1121 1675 1215 dicit¹,
1699 1121 1854 1220 amplius

253 1243 405 1335 laeditur,
425 1245 538 1341 magis
555 1258 683 1317 contra
699 1267 779 1316 earn
796 1245 913 1341 agitur
929 1259 964 1316 et
981 1241 1134 1342 amplius
1151 1257 1331 1341 peccatur.

302 1364 458 1453 Quodsi
479 1364 527 1437 ad
549 1363 647 1437 bunc
668 1364 820 1437 modum
840 1363 989 1461 singulis
1008 1362 1209 1437 venialibus
1226 1364 1360 1462 pariter
1381 1378 1417 1435 et
1438 1360 1684 1434 criminalibus
1703 1361 1856 1458 peccatis

251 1483 407 1556 invicem
435 1485 591 1575 collatis,
619 1483 726 1557 simul
749 1485 858 1557 etiam
880 1499 955 1556 tarn
978 1485 1046 1557 ista
1068 1484 1192 1557 omnia
1220 1505 1329 1581 quarn
1350 1482 1410 1561 illa
1433 1482 1599 1555 conferre
1623 1481 1789 1567 velimus,
1816 1493 1855 1550 ut

252 1604 405 1676 omnino
433 1603 567 1678 scilicet
594 1603 795 1677 satisfacere
823 1605 1017 1697 ideamus,
1051 1627 1279 1701 nequaquam
1309 1601 1459 1699 refugio.
1490 1607 1673 1675 Ponamus
1701 1626 1786 1698 ergo
1816 1616 1854 1673 ut

252 1722 381 1820 alitpuis
401 1744 534 1822 magno
556 1724 675 1797 studio
696 1724 743 1797 ah
761 1723 931 1801 omnibus
948 1722 1146 1799 venialibus
1161 1736 1285 1795 careat
1305 1724 1459 1821 peccatis
1482 1738 1518 1795 et
1541 1720 1640 1793 nulla
1655 1720 1854 1795 criminalia

250 1857 353 1915 curet
376 1844 501 1936 vitare,
527 1858 563 1916 et
583 1868 667 1916 cum
685 1843 743 1917 illa
760 1846 883 1916 omnia
900 1858 1042 1934 caveat,
1061 1843 1133 1915 hoc
1150 1857 1363 1941 praesumat3
1387 1844 1468 1940 quis
1487 1867 1572 1915 eum
1595 1842 1631 1912 in
1651 1840 1723 1912 boc
1739 1840 1853 1912 levius

250 1985 399 2058 peccare
411 1962 601 2059 judicabit,
621 1978 685 2036 aut
702 1963 888 2039 meliorem
901 1987 995 2054 esse,
1015 1963 1045 2034 si
1060 1963 1135 2035 hac
1151 1987 1355 2061 praecavens
1371 1963 1431 2035 illa
1451 1957 1637 2037 incurrat?
1652 1960 1852 2033 Collatione

251 2081 371 2179 itaque
401 2082 494 2157 facta
514 2098 589 2157 nm
612 2084 851 2182 singulorum,
876 2097 917 2155 nt
938 2081 1109 2169 diximus,
1136 2106 1248 2178 quarn
1273 2084 1438 2154 omnium
1459 2082 1566 2155 simm
1588 2082 1743 2155 invicem
1769 2106 1852 2179 pec·

249 2217 435 2294 catorum,
462 2204 599 2301 liquere
626 2204 793 2295 arbitror,
822 2226 899 2277 non
929 2203 1058 2274 melius
1085 2201 1144 2274 vel
1177 2202 1323 2299 majoris
1338 2201 1568 2301 perfectionis
1596 2225 1672 2274 esse
1700 2200 1851 2273 venialia

250 2337 395 2418 peccata
420 2348 561 2412 cavere,
589 2346 699 2421 quam
723 2322 938 2395 criminalia.
966 2323 1108 2419 Siquis
1134 2337 1268 2414 tamen,
1295 2332 1386 2399 cum·
1405 2322 1465 2395 illa
1489 2324 1647 2421 primum
1672 2321 1848 2411 vitaverit,

249 2441 325 2514 haec
340 2442 588 2541 postmodum,
613 2458 653 2515 ut
667 2457 824 2542 oportet,
838 2442 950 2514 vitare
965 2442 1133 2534 valuerim
1152 2443 1190 2514 in
1206 2443 1278 2517 hoc
1295 2442 1441 2541 quidem
1462 2441 1576 2515 fateor
1589 2442 1758 2519 virtutem
1773 2441 1849 2537 ejus

250 2560 297 2631 ad
321 2562 578 2660 perlectionem
604 2563 827 2660 pervenisse;
856 2585 925 2633 nec
952 2574 1073 2634 tamen
1098 2561 1181 2634 ideo
1207 2563 1430 2661 posteriora,
1460 2561 1652 2659 inquibus
1679 2584 1849 2633 consum·

248 2682 359 2752 natio
374 2683 513 2755 virtutis
535 2683 716 2773 consistit,
737 2696 822 2754 sunt
845 2680 1026 2780 prioribus
1047 2681 1284 2779 preferenda,
1308 2707 1378 2754 nec
1394 2695 1495 2755 tanta
1511 2679 1750 2753 retributione
1767 2695 1850 2759 sunt

248 2798 369 2897 digna.
394 2804 494 2900 Saepe
524 2825 682 2898 mmque
698 2801 736 2872 iu
756 2801 966 2900 operatione
982 2800 1131 2897 alicujus
1145 2800 1287 2877 aedificii
1303 2804 1423 2875 minus
1447 2806 1559 2897 agunt
1582 2801 1644 2898 qni
1660 2798 1849 2898 perficiunt

248 2920 379 3018 ipsum,
404 2944 514 3018 quam
534 2922 596 3019 qui
615 2934 721 2993 antea
744 2921 883 3019 operati
905 2935 1001 3013 sunt,
1023 2922 1143 3019 etqui
1170 2937 1329 2994 esberno
1351 2945 1468 2993 assere
1481 2921 1519 2991 in
1535 2920 1850 2992 consummatione

246 3040 366 3138 operis
384 3041 503 3140 posito
521 3041 639 3141 ipsum
654 3039 857 3140 perficiunt,
879 3056 919 3115 ut
934 3040 985 3113 sic
1004 3039 1141 3118 v(lomus
1160 3041 1318 3141 perfecta
1334 3040 1409 3132 fiat,
1433 3039 1618 3140 quaedum
1639 3039 1847 3140 imperfecta

247 3160 326 3253 fait,
347 3161 478 3232 domus
494 3185 587 3259 opus
602 3186 680 3234 non
697 3175 786 3233 erat.

295 3277 466 3351 Sufficere
481 3279 555 3350 huc
571 3302 685 3376 mque
700 3278 858 3351 arbitror
881 3304 950 3351 nos
965 3277 1013 3351 ad
1029 3281 1274 3376 cognitionem
1291 3284 1449 3381 peccati,
1468 3295 1644 3379 quanmm
1666 3281 1846 3351 memoriae

247 3399 417 3490 occurrit,
442 3397 637 3492 laborasse,
652 3413 695 3471 ut
707 3423 753 3470 eo
776 3398 904 3471 melius
920 3399 1040 3472 caveri
1057 3400 1181 3497 possit,
1205 3426 1281 3498 qno
1299 3400 1503 3497 diligentius
1524 3400 1708 3498 cognitum
1723 3398 1842 3470 fuerit.

246 3517 330 3590 ttati
354 3518 488 3617 quippe
513 3519 639 3594 notitia
661 3519 760 3615 justo
784 3516 908 3592 deesse
933 3543 1007 3591 non
1035 3533 1173 3618 potest,
1194 3545 1262 3593 nec
1285 3545 1411 3595 cavere
1436 3523 1517 3620 quis
1538 3520 1663 3592 vitium
1688 3519 1759 3592 nisi
1783 3544 1845 3591 co·

246 3638 386 3732 gnitum
407 3636 513 3710 valet.

861 4002 1051 4092 catur
1092 4002 1233 4093 xvlt.

784 4220 828 4276 De
854 4230 1040 4297 peccatoram
1067 4216 1314 4286 reconciliatione.

295 4401 337 4469 Et
358 4401 531 4497 quoniam
556 4401 699 4501 plagam
723 4403 852 4475 animae
875 4404 1172 4497 munstravimus,
1195 4403 1392 4476 curationis
1415 4400 1614 4474 remedium
1637 4400 1846 4476 studeamus

245 4519 454 4610 ostendere3
474 4521 572 4594 unde
588 4522 677 4594 illud
695 4523 927 4621 Hieronymi:
944 4553 961 4592 u
975 4522 1170 4613 Omedice,
1181 4524 1210 4596 si
1221 4524 1354 4624 peritus
1368 4547 1418 4610 es,
1430 4523 1521 4594 sicut
1530 4521 1680 4620 posuisti
1695 4543 1842 4595 causam

245 4636 381 4731 morbi,
401 4641 450 4713 ita
474 4640 592 4713 indica
617 4640 793 4714 sanitatis!
817 4647 943 4715 »Cum
968 4644 1075 4741 igitur
1089 4642 1275 4743 peccando
1297 4646 1415 4715 Deum
1431 4641 1662 4735 offendimus,
1675 4647 1845 4740 'superest

243 4756 375 4855 quibus
399 4760 431 4831 ei
452 4760 572 4832 modis
594 4761 818 4835 reconciliari
833 4763 1023 4861 possimus.
1049 4767 1133 4836 Tres
1150 4766 1271 4861 itaque
1292 4778 1376 4836 suut
1396 4762 1433 4834 in
1449 4761 1741 4837 reconciliatione
1757 4785 1843 4859 pec·

241 4879 372 4951 catoris
387 4878 434 4952 ad
450 4884 579 4972 Deum,
601 4882 811 4954 Paenitentia
825 4883 972 4973 scilicet,
993 4883 1195 4975 Confessio,
1214 4882 1428 4960 satisfactio.

277 5204 375 5265 'llum.,
392 5219 446 5268 cap.
464 5219 517 5265 nn,
534 5220 557 5254 r.
571 5210 610 5258 10.
