4559 6100
768 511 1025 585 annonoon
1050 512 1311 586 mntsrnnt
1637 479 1645 490 ’
1773 516 1846 592 tta

250 663 426 741 sumtibus
451 664 624 758 eruditos,
652 677 689 735 et
713 663 812 761 quod
832 665 869 736 in
898 663 1096 738 corbonam
1123 688 1192 763 pro
1220 677 1370 762 peccato
1396 665 1547 765 quilibet
1575 689 1712 767 pauper
1730 679 1842 740 totam

248 787 483 862 substantiam
511 783 701 858 effundens
725 781 917 877 obtulerat,
944 784 1017 858 boc
1042 786 1078 856 in
1106 782 1347 857 Saturnalium
1373 786 1571 886 sportulam
1593 802 1630 860 et
1652 787 1840 881 lsrnerrae,

248 923 311 982 aut
336 909 373 980 in
402 922 541 981 sumtus
566 904 803 991 domesticos,
827 917 891 976 aut
914 903 951 976 in
977 902 1124 977 sordida
1144 917 1263 977 scorta
1284 907 1459 978 converti.
1478 937 1495 975 s
1517 907 1616 980 Idem
1632 907 1670 980 in
1693 907 1841 1006 epistola

249 1026 300 1099 ad
320 1026 548 1100 Eustochium
570 1024 765 1121 virginem¹
786 1048 794 1094 τ
817 1027 933 1112 «Quae
954 1024 1234 1096 communicatio
1254 1022 1344 1096 lucis
1365 1024 1412 1097 ad
1431 1026 1618 1100 tenebras?
1643 1026 1732 1116 Quis
1758 1051 1843 1100 eon·

248 1171 372 1220 sensus
396 1146 527 1220 Christi
552 1145 600 1218 ad
623 1143 755 1216 Belial?
784 1145 881 1232 Quid
908 1144 990 1218 lacit
1020 1170 1104 1217 cum
1132 1143 1300 1244 psalterio
1326 1147 1517 1240 Horatius,
1545 1172 1629 1220 cum
1647 1148 1840 1243 Evangelio

248 1269 362 1358 llaro,
382 1291 466 1340 cum
479 1263 654 1366 Apostolo
680 1263 859 1335 Cicerola
888 1264 959 1352 Qui
982 1265 1088 1337 etiam
1111 1264 1229 1336 statim
1244 1265 1282 1337 in
1308 1263 1435 1339 eadem
1461 1267 1612 1366 epistola
1634 1292 1672 1340 se
1693 1284 1842 1367 propter

247 1382 440 1459 lectionem
479 1385 636 1458 Plutonis
665 1407 728 1455 seu
759 1382 912 1455 aliorum
942 1383 1245 1482 pbilosophorum
1273 1383 1404 1482 quibus
1430 1385 1658 1481 intendebat,
1693 1413 1776 1461 cum
1808 1389 1842 1461 ei

247 1528 366 1578 sermo
389 1505 621 1605 propheticus
648 1503 806 1575 incultus
829 1503 1016 1596 horreret,
1046 1518 1189 1604 raptum
1219 1506 1256 1577 in
1286 1506 1413 1604 spiritu
1441 1507 1547 1581 luisse
1576 1522 1659 1581 ante
1683 1507 1840 1582 tribunal

248 1623 396 1697 districti
421 1624 551 1722 judicis
581 1623 724 1713 asserit,
755 1617 818 1693 ubi
847 1623 1087 1720 iuterrogatus
1112 1623 1360 1697 conditionem
1388 1651 1510 1718 suam,
1541 1627 1776 1700 christianum
1804 1654 1842 1702 se

247 1769 325 1817 esse
346 1745 543 1846 respondit.
574 1743 638 1816 Cui
664 1742 723 1815 ille
749 1741 811 1839 qui
837 1742 1063 1841 praesidebat,
1088 1744 1269 1837 Mentiris,
1295 1745 1365 1837 ait,
1393 1746 1650 1820 Ciceronianus
1674 1772 1734 1838 es,
1764 1773 1839 1821 non

247 1863 486 1955 Christianus;
516 1893 533 1934 a
550 1861 615 1935 ubi
639 1862 737 1935 enim
763 1862 870 1935 luerit
886 1862 1075 1936 thesaurus
1100 1878 1195 1953 tuus,
1223 1861 1295 1935 illic
1320 1877 1356 1935 et
1379 1889 1443 1937 cor
1459 1869 1592 1938 tuum‘.
1609 1894 1627 1935 n
1647 1868 1717 1956 Qui
1743 1866 1843 1940 deni·

249 2009 320 2082 que
345 1999 424 2083 post
441 1984 555 2058 multa
571 1982 695 2072 verba,
715 2005 821 2079 prece
838 1982 1076 2054 assistentium
1094 1995 1316 2075 sanctorum,
1342 1997 1378 2055 et
1397 1986 1499 2082 quasi
1519 1984 1586 2058 sub
1604 1985 1842 2062 obtestatione

248 2104 481 2197 sacramenti,
508 2103 608 2200 quod
636 2125 835 2199 numquam
863 2103 1016 2200 amplius
1041 2101 1225 2174 saeculares
1249 2102 1362 2175 libros
1385 2105 1533 2201 legeret,
1565 2106 1622 2176 vir
1650 2106 1841 2205 impetrare

249 2224 369 2323 potuit
391 2222 649 2319 indulgentiam
666 2243 857 2320 perquam
881 2221 1059 2294 evaderet.
1078 2220 1184 2293 Unde
1209 2235 1244 2295 et
1268 2220 1438 2294 Rabanus
1462 2223 1506 2294 de
1521 2229 1706 2298 Pressuras
1718 2229 1807 2299 Eccl
1824 2270 1839 2285 ·

249 2345 404 2416 rinsticis
425 2356 527 2441 parte
547 2341 718 2415 secunda.
752 2369 769 2408 α
794 2340 971 2437 legimus,
997 2340 1127 2438 inquit,
1158 2339 1205 2413 de
1231 2345 1270 2412 B.
1296 2342 1531 2441 Hieronymo,
1559 2345 1730 2440 qnoniam
1755 2371 1838 2420 com

248 2461 381 2535 librum
416 2463 548 2559 legeret
573 2460 756 2534 Ciceronis
786 2459 831 2531 ab
858 2459 992 2557 Angelo
1025 2473 1213 2559 correptus
1240 2474 1313 2550 est,
1344 2485 1389 2534 eo
1416 2461 1517 2560 quod
1543 2462 1758 2537 christianus
1787 2469 1842 2540 vir

248 2605 472 2681 paganorum
498 2580 698 2655 intenderet
719 2579 910 2677 figmentis.
928 2610 945 2646 s
966 2578 1123 2651 lsidorus
1141 2582 1409 2652 Sententiarum
1424 2580 1518 2654 libro
1542 2585 1605 2674 Ill,
1629 2609 1711 2684 cap.
1734 2591 1838 2659 saw:

251 2731 269 2771 u
282 2701 368 2775 ldeo
388 2699 603 2801 prohibetur
619 2698 834 2772 christianus
850 2699 966 2797 legere
985 2698 1155 2794 figmenta
1170 2712 1373 2797 poetarum,
1397 2701 1484 2799 quia
1500 2726 1565 2800 per
1582 2701 1843 2781 oblectamenta

249 2822 412 2895 inanium
438 2819 641 2894 fabularum
658 2833 817 2892 mentem
834 2818 962 2890 excitat
978 2814 1025 2889 ad
1042 2817 1274 2890 incitamenta
1289 2817 1493 2892 libidinum.
1514 2813 1593 2894 Non
1610 2823 1708 2896 enim
1725 2825 1843 2899 solum

251 2941 357 3016 thura
380 2939 567 3016 offerendo
591 2939 815 3013 daemonibus
841 2937 1068 3029 immolatur;
1098 2936 1164 3010 sed
1189 2937 1298 3010 etiam
1323 2962 1451 3012 eorum
1474 2940 1569 3016 dicta
1595 2941 1764 3018 libentius
1789 2971 1846 3021 ca·

250 3062 398 3164 piendo.
417 3091 435 3130 n
453 3068 562 3135 item:
583 3059 770 3133 «Cavendi
791 3074 877 3133 sunt
901 3059 983 3131 libri
1001 3059 1200 3156 gentilium,
1229 3072 1265 3132 et
1288 3075 1435 3159 propter
1455 3087 1616 3136 amorem
1640 3080 1845 3140 sanctarum

250 3182 510 3281 scripturarum
546 3176 696 3252 vitandi.
735 3176 1023 3276 simplicioribus
1049 3177 1175 3249 litteris
1212 3199 1288 3249 non
1327 3193 1380 3249 est
1413 3181 1679 3278 praeponendus
1717 3209 1845 3260 succus

251 3301 489 3399 grammatice
513 3299 616 3387 artis3
643 3298 810 3370 meliores
831 3298 929 3368 enim
955 3308 1039 3366 sunt
1067 3295 1291 3390 grammatici
1315 3320 1426 3393 quam
1452 3297 1619 3371 haeretici.
1648 3303 1844 3377 Gramma-

254 3424 406 3495 ticorum
433 3419 597 3492 doctriua
620 3429 738 3515 potest
753 3418 860 3488 etiam
884 3413 1059 3513 prolicere
1081 3413 1129 3485 ad
1151 3413 1276 3505 vitam,
1296 3413 1383 3487 dum
1404 3415 1507 3488 luerit
1523 3419 1561 3489 in
1578 3418 1744 3493 meliores
1760 3448 1845 3498 usus

253 3553 460 3614 assumta.»
487 3543 539 3609 Ex
567 3533 721 3608 concilio
739 3536 785 3606 tv
803 3532 1047 3630 Cartaginensi
1069 3556 1150 3631 cap.
1171 3558 1208 3603 rx
1229 3559 1238 3602 ε
1261 3534 1491 3633 «Episcopus
1515 3536 1700 3634 gentilium
1731 3540 1843 3616 libros

254 3684 328 3734 non
349 3659 455 3756 legat,
482 3656 732 3730 haereticorum
757 3667 877 3728 autem
903 3677 971 3752 pro
997 3652 1205 3724 necessitate
1228 3666 1265 3724 et
1290 3667 1464 3753 tempore.
1484 3684 1503 3724 »
1522 3648 1717 3752 Gregorius
1744 3663 1844 3734 Desi-

255 3781 357 3853 derio
380 3777 597 3879 episo0p0⁸r
620 3772 818 3847 «Pervenit
838 3772 886 3845 ad
904 3796 973 3843 nos
994 3770 1250 3844 fraternitatem
1273 3785 1373 3844 tuam
1397 3776 1666 3871 grammaticam
1690 3778 1844 3876 quibus-

253 3901 339 3974 dam
354 3920 556 3999 exponere3
574 3919 685 3994 quam
703 3894 845 3966 remita
863 3890 1012 3964 moleste
1027 3892 1263 3990 suscepimus,
1282 3914 1325 3964 ae
1344 3916 1468 3965 sumus
1486 3893 1716 3969 vehementer
1731 3922 1847 4000 asper·

255 4020 343 4108 nati,
366 4032 406 4091 ut
428 4041 470 4090 ea
485 4040 565 4115 quae
585 4014 685 4114 prius
700 4012 796 4086 dicta
819 4012 960 4084 lucrant
982 4011 1019 4082 in
1041 4010 1213 4108 gemitum
1240 4024 1275 4081 et
1298 4011 1474 4084 tristitiam
1499 4028 1742 4090 verteremus:
1762 4021 1848 4117 quia

255 4162 330 4211 uno
356 4161 395 4210 se
420 4160 483 4209 ore
507 4159 591 4208 cum
614 4134 712 4207 lovis
735 4130 902 4205 laudibus
926 4128 1057 4202 Christi
1088 4127 1214 4202 laudes
1240 4153 1315 4201 non
1344 4134 1523 4230 capiunt:
1551 4147 1587 4205 et
1611 4159 1721 4233 quam
1742 4162 1848 4234 grave

256 4257 522 4354 nefandumque
548 4254 593 4328 sit
617 4254 828 4354 episcopam
853 4275 982 4325 canere
1009 4274 1089 4348 quae
1113 4273 1182 4322 nee
1200 4247 1294 4322 laico
1323 4246 1490 4348 religioso
1512 4256 1743 4347 conveniant,
1772 4258 1847 4358 ipse

256 4376 458 4450 considera.
476 4405 494 4442 u
515 4372 620 4447 Unde
642 4387 678 4446 et
704 4373 804 4445 Plato
827 4372 901 4471 ipse
922 4394 1006 4442 oum
1030 4368 1183 4441 civitatis
1206 4383 1302 4441 recte
1329 4368 1539 4443 ordinandae
1566 4372 1722 4447 traderet
1749 4376 1848 4458 insti·

258 4497 447 4585 tutionem,
474 4506 601 4593 poetas
626 4516 648 4565 a
675 4490 877 4564 civitatibus
901 4486 1096 4586 ejiciendos
1119 4511 1197 4559 esse
1217 4485 1387 4580 decrevit,
1408 4488 1501 4561 sicot
1523 4491 1559 4563 iu
1584 4495 1614 4563 ΙΙ
1640 4491 1685 4565 de
1701 4497 1849 4568 Ciuitate

257 4612 330 4687 oet
349 4613 476 4688 beatus
496 4613 711 4711 Augustinus
738 4609 795 4682 bis
818 4608 937 4682 verbis
961 4608 1242 4680 commemorat¹
1269 4632 1278 4678 z
1301 4611 1384 4678 «An
1413 4609 1516 4700 forte,
1543 4611 1680 4709 inquit,
1711 4598 1850 4687 Platoni

258 4735 377 4833 potius
402 4735 521 4834 palma
540 4730 661 4807 danda
685 4744 751 4822 est,
779 4731 843 4826 qui
859 4751 943 4802 cum
968 4727 1106 4800 ratione
1132 4726 1303 4799 formaret
1326 4725 1442 4825 qualis
1466 4750 1543 4803 esse
1561 4732 1685 4804 civitas
1705 4731 1849 4824 debeat,

292 5047 370 5112 ὀρρ.
384 5043 460 5110 tlt,
473 5058 499 5108 p.
513 5046 539 5107 t,
552 5044 600 5094 eol.
614 5044 661 5099 uu
673 5038 788 5091 Gustata.
800 5036 834 5099 ll,
847 5052 903 5103 esp.
915 5051 981 5102 n,r.
992 5033 1192 5099 tt.-¹1mn,
1204 5048 1260 5100 esp.
1272 5048 1306 5097 u,
1318 5048 1342 5088 r.
1354 5039 1426 5088 tt·
1437 5036 1520 5102 ⁸⁰99·
1531 5046 1549 5089 t.
1564 5035 1607 5103 vt,
1620 5042 1742 5103 pass-
1752 5040 1854 5107 tm,

258 5129 302 5179 ra.
313 5125 358 5188 xl,
369 5141 410 5192 ep.
422 5128 463 5181 tt.
475 5152 508 5166 -
518 5128 528 5160 ⁸
539 5124 594 5177 tu.
606 5122 639 5188 ll,
648 5136 702 5188 erp.
715 5134 767 5175 stt.
