4559 6100
870 12 1108 86 APPENDlX.
1723 16 1789 90 78⁴

188 166 365 233 Pulchrum
381 148 512 255 quidem
528 181 577 231 est
590 181 626 231 et
639 164 803 229 tinnulum
820 163 910 254 quod
924 164 1106 230 Bernardus
1122 163 1284 263 loquitur,
1301 162 1358 231 sed
1376 163 1417 230 de
1432 164 1495 231 alio
1513 166 1632 235 sudore
1647 169 1791 260 precium

190 307 374 375 nomenque
399 303 546 353 venatur.
567 284 759 351 Ambrosius
787 285 874 350 enim
898 286 968 350 haec
992 285 1089 351 verba
1111 285 1292 376 syllabatim
1316 287 1350 349 in
1375 288 1574 375 querimonia
1597 289 1650 354 illa
1674 292 1793 379 posuit,

187 427 286 492 quam
304 403 344 469 de
362 426 490 468 excessu
506 403 610 491 Satyri
628 402 722 467 amici
737 401 786 466 sui
803 401 959 471 mulcebri
976 401 1191 490 dealbatoque
1207 401 1290 491 stylo
1306 402 1468 493 procudit.
1486 406 1598 495 Itaque
1615 405 1794 472 Bernardus

189 523 225 586 in
238 525 303 589 hoo
318 523 447 614 planctu
464 522 548 587 adeo
566 537 613 587 est
624 523 815 604 vehemens,
836 520 918 587 adeo
934 524 1094 612 pertinax,
1112 520 1195 587 adeo
1207 523 1310 604 vivus,
1325 538 1361 586 ut
1369 521 1487 613 legenti
1504 524 1634 590 cuilibet
1649 542 1797 592 constans

190 644 243 724 sit,
266 668 341 710 eum
360 667 428 709 non
444 666 537 708 veros
553 641 645 708 lletus
667 642 784 726 edere,
806 641 863 708 sed
880 642 979 708 verba
1000 642 1115 731 quibus
1135 642 1204 707 veri
1224 658 1352 731 questus
1373 643 1594 733 exprimantur
1613 645 1792 713 effundere.

188 765 292 830 Aiunt
312 781 420 830 tamen
443 765 575 854 quidam
599 764 731 848 insulsi,
755 762 937 829 seductorio
958 765 1025 850 ejus
1044 763 1163 853 linguoe
1185 761 1407 829 moderamine
1434 764 1576 849 seducti,
1603 768 1658 856 qui
1682 790 1798 857 corpus

186 886 360 951 verborum
388 884 543 977 diligunt,
573 878 715 950 animam
743 899 851 948 autem
879 885 1012 949 rationis
1038 900 1213 973 spernunt,
1241 907 1317 950 eum
1341 899 1408 949 tam
1431 884 1581 953 facundia
1604 886 1734 951 sublimi
1760 888 1796 952 in

184 1003 338 1071 lamentis
354 1005 416 1071 illis
426 1006 486 1088 uti,
500 1023 537 1070 ut
554 1004 641 1070 nulla
656 1003 822 1069 modernae
838 1004 1030 1094 eloquentiae
1046 1003 1179 1070 facultas
1193 1006 1223 1069 ei
1238 1004 1343 1070 valeat
1359 1008 1531 1095 exaequari.
1549 1005 1661 1072 Ofalsi
1670 1006 1815 1093 judices'

187 1125 400 1216 eloquentiae,
419 1149 500 1215 quos
523 1126 653 1214 projicit
673 1123 761 1188 vocis
777 1140 891 1189 ventus
913 1107 950 1189 ul
971 1124 1137 1215 pulverem
1158 1150 1175 1189 a
1198 1125 1280 1191 facie
1301 1128 1405 1189 terrae!
1424 1128 1581 1210 Quoenam
1598 1128 1645 1192 ibi
1664 1142 1797 1192 senten·

185 1247 307 1312 tiaram
322 1245 389 1312 vis?
413 1270 485 1336 quae
504 1246 621 1335 pocula
639 1243 820 1309 rationum?
835 1244 938 1310 Totus
959 1245 994 1309 in
1015 1245 1121 1311 verbis
1142 1245 1292 1329 fluctuat,
1318 1260 1351 1312 et
1365 1269 1453 1313 mors
1473 1247 1601 1313 ridiculi
1621 1246 1796 1338 syllogismi

186 1383 314 1435 rotatur
328 1368 362 1433 iu
380 1366 514 1432 circulo.
532 1364 629 1431 Unde
640 1378 752 1457 poeta,
769 1363 982 1447 Citharoedus,
1000 1365 1104 1454 inquit
1115 1362 1141 1449 ‘‚

509 1565 632 1626 Ridetur
645 1567 734 1627 corda
751 1566 803 1646 qni
816 1583 931 1644 semper
944 1561 1062 1624 oberrat
1075 1563 1189 1626 eadem.

185 1756 276 1821 Laeta
297 1754 472 1819 verborum
494 1756 639 1845 gramina
663 1769 731 1819 sata
758 1753 992 1843 instrangulant
1015 1754 1259 1820 sententiarum.
1283 1753 1350 1818 Aut
1379 1754 1512 1820 fortasse
1540 1752 1627 1820 idem
1652 1751 1796 1822 dicendo

184 1874 417 1965 multipliciter,
439 1874 570 1939 Ulixem
594 1873 746 1939 simulare
766 1872 906 1938 volebat.
932 1875 981 1939 De
1005 1898 1070 1964 quo
1091 1874 1244 1963 scriptum
1266 1889 1315 1939 est
1340 1896 1348 1939 τ

508 2086 561 2150 llle
572 2089 682 2150 referre
695 2088 744 2148 alii
758 2109 835 2169 saepe
848 2088 959 2149 solebal
971 2087 1060 2153 idem.

184 2297 252 2365 Sed
268 2323 336 2365 non
350 2299 468 2365 talibus
487 2301 704 2370 instrumentis
726 2325 875 2374 mortuus
893 2292 1073 2388 suscitatur,
1096 2329 1157 2375 nec
1180 2299 1371 2394 eloquentiae
1392 2298 1558 2388 prestigiis
1575 2298 1641 2362 rita
1660 2313 1794 2363 mortuo

184 2438 401 2512 comparatur.
417 2422 514 2489 Unde
536 2424 702 2511 cujusdam
724 2428 897 2495 distichum
918 2428 1044 2520 egregie
1066 2441 1188 2492 sonat:
1283 2472 1296 2493 .

506 2631 566 2689 Cur
580 2630 686 2689 dantur
702 2633 810 2692 frustra
823 2653 877 2711 pro
891 2631 1013 2690 Psalmis
1025 2629 1156 2690 carmina
1171 2628 1312 2708 pulchra?

588 2723 657 2783 Plus
669 2724 819 2803 prodesset
830 2723 857 2784 ei
871 2738 925 2799 ter,
939 2725 1076 2783 miserere
1091 2722 1159 2781 mei.
1233 2729 1241 2742 '

183 2926 284 3011 Quod
304 2929 331 2993 si
352 2904 499 2996 dolorem
520 2955 615 2998 suum
635 2932 851 3000 delinimentis
867 2930 1026 2997 facundiae
1046 2927 1254 3018 remedioque
1271 2925 1420 2995 carminis
1442 2947 1617 3015 evaporare
1638 2899 1788 3011 nolebat,

182 3072 243 3114 cur
269 3073 337 3115 non
359 3048 472 3116 saltem
495 3075 592 3144 super
613 3055 677 3121 hoc
702 3056 870 3147 proprium
891 3052 1061 3144 separatim
1084 3048 1273 3141 opusculum
1294 3044 1476 3115 condebat?
1500 3044 1569 3113 Nec
1592 3044 1743 3127 deerant,
1773 3068 1792 3110 a

182 3169 301 3257 quibus
321 3171 393 3236 talis
414 3174 556 3238 materie
576 3178 717 3241 mutuari
737 3192 843 3269 posset
862 3173 1039 3264 exemplar.
1061 3171 1207 3237 Socrates
1226 3187 1365 3236 mortem
1385 3168 1435 3234 sui
1453 3165 1629 3232 Alcibiadis
1644 3165 1792 3255 philoso-

178 3291 268 3379 phici
291 3294 410 3382 vigoris
425 3294 573 3361 ubertate
593 3313 738 3364 testatur.
758 3297 851 3363 Plato
872 3295 1001 3361 Alexim
1015 3316 1154 3383 puerum
1180 3294 1233 3358 cui
1262 3291 1433 3357 amatorias
1455 3285 1676 3360 cantiunculas
1695 3308 1790 3352 com·

180 3418 346 3498 posuerat,
368 3412 484 3504 insigni
501 3414 596 3480 titulo
617 3415 706 3483 ducit
723 3416 765 3482 ad
781 3414 953 3484 tumulum.
969 3414 1081 3480 Taceo.
1090 3413 1323 3504 Pythagoram,
1339 3409 1557 3495 Demetrium,
1576 3404 1791 3490 Carneadem,

179 3527 413 3615 Posidonium,
437 3532 655 3626 reliquosque,
678 3560 818 3627 quorum
840 3534 1030 3602 excellentia
1050 3531 1174 3599 Graecia
1194 3531 1355 3621 superbit,
1379 3531 1450 3618 qui,
1474 3542 1555 3593 teste
1575 3528 1790 3615 Hieronymo,
1895 3583 1902 3600 .

180 3646 315 3716 diversis
330 3652 456 3736 seculis,
474 3654 605 3721 diversis
620 3657 710 3723 libris
726 3656 927 3723 diversorum
944 3655 1086 3721 lamenta
1103 3654 1248 3719 minuere
1269 3669 1344 3718 suut
1356 3651 1476 3716 conati.
1489 3650 1648 3716 Praetereo
1663 3648 1793 3710 Anaxa-

178 3791 270 3857 goras
285 3771 450 3838 laudatam
468 3798 595 3866 semper
612 3778 816 3861 sententiam,
836 3778 892 3867 qui
907 3775 1027 3842 cumei
1045 3774 1253 3841 nunciaretur
1270 3770 1372 3841 filium
1389 3771 1507 3852 obisse,
1530 3767 1606 3838 lletu
1621 3787 1788 3856 represso:

176 3886 351 3969 Sciebam,
368 3891 493 3980 inquit,
516 3918 570 3960 me
589 3899 735 3987 genuisse
759 3896 942 3964 mortalem.
965 3897 1008 3961 Et
1026 3912 1062 3961 ut
1083 3895 1253 3985 peregrina
1275 3894 1428 3958 omittens
1453 3887 1495 3953 ad
1517 3904 1626 3951 nostra
1647 3885 1790 3966 veniam,
1847 3881 1851 3890 ’

175 4006 315 4088 Tullius,
338 4008 457 4099 eloquii
477 4015 604 4078 romani
620 4018 779 4084 maximus
802 4033 926 4098 auctor,
946 4014 1196 4082 consolatorium
1212 4010 1378 4078 *demone
1400 4008 1457 4074 filii
1471 4007 1521 4071 sui
1534 4004 1653 4070 librum
1671 4001 1788 4088 edidit,

175 4128 235 4192 cni
254 4129 407 4219 preclara
424 4154 618 4222 magnorum
632 4136 776 4202 virorum
797 4151 1010 4202 monumenta
1027 4134 1116 4225 quasi
1135 4133 1240 4200 stellas
1258 4132 1412 4196 micantes
1434 4126 1603 4216 impressit.
1624 4119 1790 4212 Hieronyss

174 4270 254 4314 mus
277 4250 382 4316 dolori
401 4275 499 4341 quem
523 4252 565 4320 de
584 4272 690 4324 morte
711 4255 886 4346 Nepotiani
902 4270 1108 4344 conceperat,
1129 4250 1292 4348 plausibili
1307 4248 1454 4315 medetur
1477 4246 1619 4335 eloquio.
1641 4243 1787 4310 Ambro-

174 4365 262 4450 sius,
279 4367 321 4433 de
338 4391 402 4456 quo
416 4369 568 4459 praefatus
584 4394 674 4454 sum,
693 4367 775 4440 duos
790 4371 891 4444 libros
906 4369 947 4437 de
964 4394 1094 4446 excessu
1110 4368 1219 4436 dilecti
1240 4368 1289 4434 sui
1306 4366 1409 4457 Satyri
1426 4362 1516 4430 suavi
1531 4360 1613 4452 stylo
1627 4359 1786 4428 edisserit.

218 4614 224 4644 ¹
236 4609 364 4678 nonnius,
378 4615 408 4665 dt
418 4618 473 4672 Art.
486 4617 570 4682 Post,
585 4631 609 4670 t.
626 4620 681 4671 856.
