4559 6100
755 560 1010 634 renouauit
1037 560 1311 636 cttttlst'ttrtt.
1758 562 1830 638 t53

240 733 333 811 quos
351 708 501 785 devotos
522 708 570 784 ad
594 709 862 806 inquisitionem
885 709 1043 781 veritatis
1066 707 1303 809 percipiendae
1325 707 1533 801 viderimus,
1566 722 1606 782 ut
1626 708 1677 783 eis
1696 709 1832 784 scilicet

240 855 304 930 per
327 833 482 904 rationes
501 830 702 904 satisfacere
721 829 948 920 studeamus,
972 834 1096 901 Petrus
1120 829 1259 927 apostol
1267 855 1308 901 us
1330 828 1502 901 admonet
1526 827 1671 901 dicens¹
1697 856 1706 900 ε
1730 833 1833 903 «Do-

239 949 380 1025 minum
410 965 531 1024 autem
557 949 739 1021 Christum
765 947 985 1022 sanctificare
1010 949 1145 1047 parati,
1176 972 1318 1046 semper
1342 947 1389 1021 ad
1413 946 1700 1021 satisfaciendum
1731 951 1831 1023 omni

239 1072 401 1169 poscenti
425 1094 489 1142 vos
509 1069 686 1142 rationem
703 1069 749 1142 de
763 1094 899 1168 eaquae
918 1068 1078 1163 invehis
1095 1082 1149 1141 est
1169 1067 1241 1141 fide
1259 1082 1295 1140 et
1318 1092 1394 1166 spe.
1412 1096 1431 1136 u
1447 1071 1491 1139 Et
1507 1066 1739 1166 coapostolus
1757 1067 1833 1165 ejus

240 1188 415 1261 Paulus’:
438 1217 456 1257 u
468 1191 608 1280 Sermo,
628 1188 757 1287 inquit,
774 1203 889 1262 vester
908 1188 945 1260 in
962 1188 1073 1285 gratia
1089 1187 1257 1260 conditus
1278 1187 1323 1259 sit
1338 1187 1425 1275 sale,
1444 1202 1483 1258 ut
1505 1186 1624 1259 sciatis
1645 1186 1832 1284 quomodo

240 1321 405 1406 oporteat
428 1332 495 1379 vos
518 1308 714 1405 unicuique
734 1307 967 1407 respondere.
994 1336 1013 1376 u
1039 1305 1143 1379 Aliud
1168 1306 1303 1405 quippe
1326 1321 1378 1378 est
1400 1304 1622 1378 conferendo
1646 1306 1833 1380 veritatem

240 1426 435 1525 inquirere,
464 1424 561 1499 aliud
586 1425 803 1525 disputando
824 1425 1044 1501 contendere
1071 1425 1118 1499 ad
1140 1425 1428 1499 ostentationem.
1456 1425 1548 1498 lllnd
1570 1424 1704 1524 quippe
1722 1424 1833 1498 devo·

240 1545 348 1619 donis
370 1560 423 1618 est
443 1544 604 1619 studium
621 1546 667 1618 ad
680 1544 972 1635 edificationem
994 1546 1067 1619 hoc
1082 1544 1246 1618 elationis
1261 1545 1415 1643 impetus
1432 1544 1477 1616 ad
1496 1543 1760 1642 gloriationem.
1779 1545 1832 1619 lbi

240 1664 425 1741 scientiam
445 1690 555 1764 quarn
570 1689 646 1736 non
662 1665 840 1739 habemns
860 1667 1043 1766 percipere
1064 1666 1228 1758 nitimur,
1250 1663 1310 1735 hie
1331 1688 1410 1737 eam
1432 1678 1612 1737 ostentare
1632 1689 1741 1763 quam
1765 1691 1833 1739 nos

240 1782 372 1858 habere
394 1783 625 1857 confidimns.
651 1789 734 1872 Quo
754 1786 852 1858 enirn
874 1799 927 1859 est
949 1786 1180 1859 excellentius
1203 1784 1347 1856 scientia
1369 1782 1521 1875 bonurn,
1544 1782 1680 1855 facilius
1694 1783 1741 1856 ad
1763 1783 1833 1857 ela·

241 1903 375 1976 tionem
399 1903 518 1991 trahit,
542 1903 646 2001 juxta
662 1902 749 1977 illud
768 1903 956 2003 Apostoli⁸,
976 1904 1162 1978 «seientia
1177 1903 1290 1993 inflat,
1315 1901 1441 1975 caritas
1455 1900 1618 1975 aedifreat.
1638 1934 1655 1968 ι
1676 1901 1780 1975 Unde
1797 1919 1834 1976 et

241 2044 391 2119 magnus
419 2022 477 2095 ille
506 2035 668 2121 apostata
690 2022 850 2119 angelus,
879 2023 942 2121 qui
969 2048 1036 2122 pro
1066 2022 1195 2121 majori
1222 2020 1490 2120 perspicacitate
1519 2020 1832 2119 intelligendarum

239 2161 449 2218 naturarum
470 2169 590 2216 rerum
616 2145 743 2218 ceteris
764 2168 786 2217 a
805 2146 981 2244 propheta
1005 2147 1170 2245 praelatus
1193 2160 1267 2234 est,
1291 2159 1327 2217 et
1350 2170 1423 2243 prae
1444 2145 1554 2217 nimia
1577 2146 1731 2218 seientiae
1749 2146 1833 2219 illu-

239 2265 438 2338 minatione
472 2264 633 2336 Lucifero
658 2279 908 2363 comparatus,
935 2265 1077 2338 dicente
1103 2265 1302 2366 prophetar‘
1324 2291 1333 2335 ι
1359 2295 1377 2332 u
1391 2268 1441 2335 Tu
1472 2264 1611 2336 Lucifer
1639 2266 1700 2361 qui
1726 2289 1833 2338 mane

239 2383 461 2477 oriebaris,»
478 2399 563 2473 etc,
582 2397 719 2481 quanto
738 2383 864 2480 majori
889 2384 1078 2483 preditum
1101 2383 1273 2482 sapientia
1289 2407 1327 2454 se
1343 2382 1541 2481 conspexit,
1571 2395 1671 2455 tanto
1697 2383 1834 2458 facilius

239 2502 416 2601 altiusque
433 2504 616 2597 intumuit,
638 2519 674 2577 et
689 2518 887 2602 prostratus
908 2503 1065 2577 deterius
1085 2504 1170 2576 ruit.
1195 2507 1316 2601 Cujus,
1336 2503 1374 2574 ni
1396 2499 1511 2584 fallor,
1530 2504 1721 2601 imaginem
1741 2505 1834 2577 inter

240 2622 425 2695 universos
443 2620 682 2722 philosophos
702 2622 878 2695 dialectici
900 2622 969 2724 sihi
984 2623 1056 2694 hoe
1076 2637 1237 2721 tempore
1252 2620 1449 2712 vindicant,
1468 2623 1570 2719 quasi
1596 2622 1706 2718 magis
1731 2646 1831 2720 egre·

241 2739 334 2833 giam
353 2736 474 2836 adepti
495 2736 782 2836 philosophiam,
799 2738 884 2835 quia
903 2737 1014 2832 magis
1033 2736 1236 2810 verbosam.
1256 2736 1314 2821 Hi,
1335 2736 1501 2833 inquam,
1527 2750 1599 2809 tam
1618 2742 1695 2810 Deo
1712 2737 1831 2810 infesti

240 2880 350 2952 quam
376 2855 585 2929 hominibus
606 2857 755 2953 ingrati,
773 2857 866 2929 sieut
886 2858 1060 2955 scripturn
1074 2859 1169 2929 est⁸:
1189 2855 1285 2927 «Vir
1302 2854 1487 2952 linguosus
1507 2881 1582 2929 uon
1599 2854 1772 2953 dirigetur
1796 2858 1832 2930 iu

240 2992 348 3065 terra,
364 2990 433 3048 ete.
449 3003 467 3043 >r
481 2978 526 3047 Et
542 2975 702 3048 Boetius:
716 2975 782 3047 «Si
798 3000 968 3072 arrogans
979 2990 1045 3070 est,
1059 2975 1190 3074 inquit,
1202 2973 1351 3047 odiosus
1364 2988 1431 3046 est.
1451 2978 1501 3046 Ex
1517 2976 1719 3073 arrogantia
1737 2977 1832 3050 enirn

240 3087 393 3185 quisque
409 3085 450 3158 lit
468 3085 628 3159 odiosus.
641 3114 658 3152 u
678 3091 759 3158 Haee
776 3086 936 3184 quidem,
958 3088 1076 3159 omnis
1090 3088 1228 3185 peceati
1244 3087 1398 3176 initium,
1419 3086 1586 3183 angelum
1605 3077 1776 3185 primnm',
1797 3101 1835 3160 ut

240 3204 407 3298 diximus,
426 3206 546 3277 statim
571 3228 593 3278 a
613 3203 818 3276 Conditoris
843 3205 898 3276 sui
925 3206 1076 3297 visione,
1103 3204 1175 3277 hoc
1200 3219 1253 3277 est
1280 3229 1301 3276 a
1324 3229 1405 3277 vera
1429 3203 1651 3278 beatitudine
1673 3207 1831 3304 expulit:

240 3349 320 3423 quae
344 3324 436 3395 sieut
458 3324 559 3396 illum
576 3337 776 3421 apostatare
801 3322 896 3414 feeit,
922 3324 972 3395 ita
993 3337 1028 3395 et
1044 3323 1178 3395 multos
1195 3325 1228 3394 ei
1248 3322 1370 3396 adhuc
1394 3347 1460 3421 per
1480 3323 1645 3396 haeresim
1667 3325 1829 3421 acquirit.

241 3448 321 3516 Non
342 3443 439 3515 enirn
457 3442 658 3539 ignorantia
675 3442 881 3515 haereticum
898 3442 994 3532 facit,
1013 3439 1078 3514 sed
1090 3440 1269 3540 superbia,
1288 3456 1329 3514 ut
1346 3443 1375 3514 si
1390 3443 1471 3540 quis
1486 3442 1651 3515 videlicet
1666 3467 1710 3516 ex
1725 3445 1833 3519 novi·

242 3575 314 3636 tate
347 3561 466 3659 aliqua
496 3585 629 3634 nomen
665 3560 735 3633 sibi
762 3584 971 3661 comparare
999 3559 1228 3650 desiderans,
1258 3560 1404 3658 aliquod
1436 3561 1641 3634 inusitatum
1675 3563 1834 3661 proferre

240 3680 424 3777 gloriatur,
449 3679 549 3777 quod
568 3680 739 3754 adversus
763 3705 890 3753 omnes
914 3684 1119 3780 importune
1137 3679 1332 3753 defendere
1352 3680 1492 3770 nititur,
1513 3694 1552 3752 ut
1573 3682 1737 3779 superior
1754 3706 1834 3755 om·

241 3798 349 3872 nibus
369 3800 545 3893 videatur,
566 3812 629 3871 aut
651 3824 697 3871 ne
714 3799 897 3872 confutata
915 3800 1090 3872 sententia
1104 3822 1181 3893 sua,
1205 3799 1352 3872 inferior
1370 3799 1504 3872 caeteris
1521 3798 1709 3872 habeatur.
1731 3800 1835 3874 Unde

242 3919 457 4016 Augustinus
484 3919 521 3990 in
547 3916 640 3990 libro
675 3915 718 3988 de
749 3917 909 3990 unliuta
932 3916 1101 3991 credendi
1123 3916 1331 3991 haereticum
1364 3917 1552 4014 diligenter
1578 3917 1830 3994 describens‘:

244 4066 261 4103 ι
276 4038 467 4128 haereticus
478 4035 571 4137 [est],
585 4038 713 4135 inquit,
729 4051 767 4108 ut
782 4061 863 4109 mea
878 4036 948 4109 fert
963 4038 1100 4136 opinio,
1119 4038 1183 4134 qui
1199 4035 1347 4133 alicujus
1360 4037 1567 4136 temporalis
1578 4038 1775 4129 commodi,
1795 4055 1833 4113 et

242 4157 395 4230 maxime
413 4157 532 4254 gloriae
548 4159 838 4256 principatusque
852 4157 907 4230 sui
924 4158 1048 4253 gratia,
1067 4156 1172 4230 falsas
1190 4171 1226 4230 et
1239 4181 1352 4231 novas
1369 4157 1560 4256 opiniones
1574 4157 1631 4229 vel
1648 4159 1761 4255 gignit
1777 4160 1834 4233 vel

240 4278 412 4374 seqnitur.
430 4306 448 4344 n
477 4276 576 4348 Idem
603 4277 639 4348 in
658 4301 742 4348 xvur
764 4274 808 4347 de
834 4278 983 4349 Caritate
1005 4278 1117 4349 Dei':
1151 4277 1255 4365 «Qui
1280 4277 1317 4349 in
1345 4277 1501 4350 Ecclesia
1522 4277 1658 4373 aliquid
1680 4303 1831 4375 pravum

239 4395 395 4494 sapiunt,
418 4397 447 4468 si
462 4397 615 4467 correcti
633 4397 893 4468 contumaciter
918 4397 1098 4486 resistunt,
1123 4411 1160 4468 et
1176 4421 1240 4468 sua
1263 4396 1430 4495 pestifera
1452 4394 1620 4492 dogmata
1641 4395 1835 4470 emendare

240 4512 384 4602 uolunt,
409 4513 473 4587 sed
495 4529 532 4587 et
553 4513 747 4587 defendere
763 4515 969 4614 persistunt,
988 4513 1145 4588 haeretici
1164 4516 1268 4589 fiunt.
1286 4545 1304 4583 u
1333 4520 1421 4587 Item
1437 4514 1533 4587 idem
1550 4516 1586 4587 in
1613 4515 1764 4615 epistola
1788 4517 1840 4588 ad

242 4636 432 4730 Optatam:
454 4635 521 4704 «Si
537 4633 584 4705 de
600 4634 881 4732 anima-inquit,
905 4635 1063 4708 falsitatis
1084 4636 1233 4708 assertio
1253 4633 1465 4733 proferatur,
1493 4648 1529 4708 et
1546 4636 1715 4709 fallacitas
1734 4660 1836 4709 men·

240 4749 382 4842 dacem,
399 4764 435 4823 et
446 4751 601 4826 falsitatis
615 4753 821 4852 importuna
841 4751 1002 4826 defensio
1019 4753 1226 4828 haereticum
1243 4754 1338 4827 facit.
1349 4751 1479 4826 »Idem
1493 4779 1601 4852 super
1624 4754 1830 4826 Generim':

274 5063 355 5121 'Pete
368 5068 394 5129 1,
404 5081 460 5132 cap.
472 5080 514 5130 nr,
526 5082 548 5117 r.
564 5070 600 5121 15.
617 5092 644 5105 -
654 5067 776 5130 ’(ῖοῑοιεη
787 5082 842 5132 exp.
858 5082 893 5131 rr,
903 5080 928 5118 ι.
942 5070 968 5121 o.
981 5095 1008 5106 -
1064 5069 1176 5122 ‘Protea
1183 5083 1285 5134 cxxxix,
1294 5083 1320 5120 ι.
1329 5070 1455 5122 ra-me
1464 5069 1579 5121 utilitate
1585 5069 1709 5133 credendi,
1719 5083 1773 5132 cap.
1784 5082 1832 5124 r.-

240 5146 375 5200 ’conara
388 5150 473 5214 t,eap.
485 5163 540 5213 ιιιι,
553 5163 576 5201 r.
592 5151 614 5202 l.
627 5175 656 5188 -
671 5148 748 5214 ‘lsa.,
760 5162 815 5213 cap.
828 5161 878 5213 ιιι,
891 5162 913 5200 r.
929 5151 968 5204 n.
980 5175 1009 5188 -
1063 5149 1139 5215 resp.
1150 5163 1218 5203 u.-
1227 5147 1596 5213 numerarentur.
1609 5163 1663 5213 cap.
1675 5164 1711 5202 rx.
