4559 6100
490 519 563 594 res
686 497 690 506 ‘
1089 523 1498 598 rmnimminoi·

491 685 526 743 et
550 670 661 769 ignem
687 683 772 742 sunt
795 684 830 742 et
852 668 991 762 lucidae,
1010 670 1102 744 duos
1128 672 1367 767 sublimiores,
1392 674 1654 747 continentium
1682 675 1828 772 scilicet,
1848 677 1883 751 id
1910 692 1974 768 est,
1991 700 2077 748 con·

491 789 793 888 templativorum,
817 790 879 886 qni
899 789 1009 861 divini
1033 792 1167 863 amoris
1191 793 1272 889 igne
1290 792 1536 865 vehementius
1557 793 1707 883 fervent,
1731 810 1768 867 et
1787 796 2074 896 praedicatorum,

490 910 552 1006 qni
577 909 665 981 alios
690 908 855 981 doctrina
879 933 943 981 sua
964 908 1192 982 illuminant:
1212 935 1278 1009 per
1300 933 1446 983 arenam
1462 935 1548 984 vero
1568 913 1676 985 maris
1698 915 1993 1013 conjugatorum,
2016 913 2086 1011 qui.

491 1028 592 1124 quasi
609 1028 646 1098 in
661 1029 751 1100 mari
767 1043 802 1100 et
818 1029 856 1099 in
873 1027 1032 1100 humidis
1047 1027 1226 1121 habitant,
1237 1029 1384 1102 luxuriae
1397 1028 1635 1127 indulgentes,
1647 1046 1683 1104 et
1699 1032 1966 1106 mundanarum
1982 1030 2078 1105 solli·

490 1145 691 1219 citudinum
716 1149 811 1220 curis
837 1148 1025 1242 fluctuant,
1049 1161 1084 1221 et
1111 1172 1234 1221 earum
1255 1149 1531 1223 amaritudinem
1546 1150 1698 1248 graviter
1719 1151 1887 1226 tolerant.
1905 1149 2076 1243 Credidit,

490 1266 659 1364 inquam,
682 1298 699 1338 n
719 1283 755 1340 et
773 1293 847 1340 non
865 1283 917 1341 est
932 1266 1133 1341 infirmatus
1147 1269 1186 1341 in
1210 1268 1296 1364 fide,
1313 1298 1332 1338 u
1352 1270 1391 1342 id
1408 1285 1474 1365 est,
1494 1296 1570 1343 non
1588 1271 1656 1343 fnit
1671 1273 1817 1346 remissa
1831 1273 1867 1344 in
1884 1272 2004 1369 aliquo
2023 1270 2079 1343 vel

490 1385 617 1460 debilis
641 1386 730 1462 fides
752 1389 828 1486 ejus
850 1404 1182 1487 quantumcumque
1203 1388 1406 1463 differretur
1430 1391 1634 1490 promissio,
1651 1390 1707 1465 vel
1730 1390 1957 1490 impossibilis
1984 1387 2079 1462 vide

491 1520 604 1598 retur;
630 1508 693 1581 sed
712 1533 812 1606 eque
831 1507 978 1581 firmiter
994 1508 1146 1581 credidit
1167 1509 1205 1581 id
1220 1509 1319 1605 quod
1335 1524 1461 1584 contra
1477 1524 1642 1585 naturam
1664 1535 1741 1584 esse
1763 1511 1906 1610 penitus
1929 1507 2075 1599 sciebat,

491 1624 583 1698 sicut
600 1627 688 1701 illud
704 1628 805 1726 quod
821 1654 886 1728 per
902 1644 1067 1701 naturam
1083 1625 1161 1700 fieri
1177 1629 1277 1728 prius
1292 1643 1571 1728 exspectaverat.

542 1774 561 1815 ε
572 1751 645 1820 Νεε
660 1747 900 1824 consideravit
916 1772 1049 1847 corpus
1064 1774 1170 1822 suum
1181 1762 1401 1839 emortuum,
1419 1777 1437 1818 n
1455 1748 1490 1822 id
1511 1764 1576 1843 est,
1596 1774 1670 1822 non
1684 1748 1837 1822 attendit
1853 1749 2080 1849 impossibili·

489 1878 598 1938 tatem
621 1893 693 1941 suae
719 1883 853 1941 naturae
880 1868 936 1942 vel
958 1869 1091 1963 uxoris,
1120 1868 1184 1941 sed
1208 1869 1406 1969 potentiam
1431 1870 1685 1967 promittentis.
1709 1872 1849 1967 Corpus
1874 1883 2079 1941 emortuum

489 1979 587 2078 dicit,
607 1988 645 2060 id
659 2003 725 2077 est,
747 1989 898 2060 omnino
912 1988 988 2086 jam
1004 2013 1069 2088 per
1082 2002 1248 2061 naturam
1265 1989 1446 2087 impotens
1463 1987 1509 2061 ad
1521 1989 1788 2085 generationem
1802 2013 1881 2086 quae
1889 1989 2081 2085 promitte-

488 2103 606 2178 batur.
633 2110 767 2199 «Cum,
783 2137 801 2176 n
820 2108 859 2180 id
881 2122 946 2197 est,
970 2109 1133 2206 quamvis
1153 2109 1229 2205 jam
1246 2108 1321 2207 ipse
1339 2106 1538 2197 Abrabam,
1561 2136 1580 2175 o
1594 2105 1667 2180 sere
1690 2122 1782 2179 esset
1798 2120 1944 2179 centum
1961 2130 2079 2178 anno·

488 2250 587 2318 rum,
605 2257 623 2295 n
641 2226 679 2298 id
697 2242 748 2299 est
769 2228 967 2323 nonaginta
986 2250 1131 2299 novem.
1156 2255 1173 2296 ‹
1192 2230 1237 2298 Et
1254 2241 1456 2300 emortuam
1474 2225 1617 2298 vidvam
1635 2228 1744 2317 Sarae,
1765 2255 1783 2294 n
1804 2224 1850 2299 ad
1868 2249 1962 2322 opus
1981 2226 2079 2296 simi·

486 2345 569 2418 liter
590 2347 842 2442 generationis,
868 2361 941 2418 tam
961 2360 1109 2445 propter
1129 2359 1347 2419 senectutem
1372 2344 1507 2417 scilicet
1529 2367 1640 2441 quarn
1670 2357 1820 2441 propter
1843 2341 2074 2416 sterilitatem.

486 2468 530 2536 Et
554 2466 701 2540 attende
724 2490 809 2539 cnm
833 2467 882 2539 ait
902 2465 948 2537 de
969 2464 1161 2557 Abrabam,
1187 2491 1271 2538 eum
1294 2466 1365 2539 fere
1386 2478 1531 2536 centum
1553 2486 1630 2536 esse
1651 2485 1845 2554 annorum,
1863 2462 1981 2534 innuit
1996 2488 2078 2535 euin

486 2601 634 2684 propter
647 2598 786 2658 aetatem
802 2600 954 2675 tantum,
977 2611 1052 2657 non
1066 2601 1214 2684 propter
1227 2585 1445 2657 sterilitatem
1459 2582 1506 2655 ad
1522 2581 1767 2677 generandum
1781 2580 1929 2654 minime
1946 2581 2076 2677 valere,

486 2727 551 2772 nec
574 2719 693 2775 tamen
718 2717 793 2775 tam
811 2704 991 2800 impotens
1011 2701 1057 2774 ad
1078 2702 1323 2798 generandum
1340 2700 1519 2773 Abraham
1536 2699 1739 2772 credendus
1761 2713 1832 2794 est,
1850 2701 1913 2798 qui
1936 2716 2077 2775 mortua

485 2822 573 2890 Sara
597 2834 723 2918 postea
745 2819 940 2891 Cetburam
959 2819 1078 2910 duxit,
1104 2819 1151 2891 de
1174 2843 1247 2917 qua
1264 2819 1356 2891 filios
1379 2821 1571 2916 generavit.
1599 2820 1741 2919 Quippe
1761 2820 1881 2918 potuit
1897 2820 1934 2891 in
1948 2809 2079 2917 juven-

485 2938 565 3011 cula
588 2938 624 3013 id
650 2953 777 3011 natura
802 2938 910 3027 senis,
935 2938 1035 3036 quod
1059 2962 1134 3010 non
1159 2939 1277 3035 potuit
1298 2939 1335 3010 in
1359 2939 1478 3012 vetule
1500 2952 1537 3011 et
1561 2938 1683 3011 sterili.
1711 2919 1882 3027 Quod'et
1901 2940 1984 3012 satis
2000 2942 2080 3039 ipsa

485 3058 596 3133 verba
611 3058 771 3158 Apostoli
784 3057 1035 3132 determinant.
1051 3062 1129 3131 Non
1148 3057 1246 3131 enim
1262 3059 1311 3133 ait
1324 3057 1532 3159 simpliciter
1547 3073 1752 3133 emortuum
1769 3085 1900 3161 corpus
1912 3058 2076 3153 Abrabae,

484 3180 548 3252 sed
572 3180 691 3253 statim
713 3180 886 3277 adjunxit,
908 3208 925 3248 «
944 3195 980 3252 et
996 3193 1199 3253 emortuam
1217 3180 1360 3254 vulvam
1377 3183 1483 3271 Sarae,
1505 3207 1524 3249 »
1548 3195 1588 3251 ut
1605 3205 1670 3279 per
1685 3180 1956 3278 adjunctionem
1983 3183 2080 3254 Sarae

485 3300 665 3373 Abraham
689 3299 1012 3400 impossibilitatem
1036 3300 1220 3393 ostendat,
1243 3315 1279 3373 et
1304 3325 1388 3373 cum
1410 3302 1498 3373 Sara
1513 3299 1660 3393 scilicet,
1685 3324 1760 3372 non
1787 3324 1871 3373 oum
1897 3300 1978 3373 alia.
1998 3305 2078 3374 Non

390 3470 394 3477 -
482 3421 625 3519 repetiit
650 3422 850 3518 negativam
868 3421 1181 3517 conjunctionem,
1206 3419 1268 3493 sed
1292 3419 1533 3521 copulativam
1554 3421 1781 3520 interposuit.
1805 3424 1886 3493 Non
1911 3422 2009 3493 enim
2031 3422 2079 3493 ita

484 3542 574 3614 dixit
594 3571 602 3613 :
622 3547 702 3613 Non
720 3541 959 3613 consideravit
976 3566 1108 3641 corpus
1133 3566 1238 3614 snum
1254 3556 1481 3632 emortuum,
1501 3564 1569 3612 nec
1587 3554 1788 3612 emortuam
1804 3540 1951 3614 vulvam
1970 3545 2076 3615 Sarae.

484 3662 554 3734 Sed
574 3662 693 3761 potius
713 3662 762 3733 ita
783 3659 957 3757 adjunxit,
980 3690 997 3728 u
1022 3674 1057 3732 et
1080 3673 1282 3733 emortuam
1298 3659 1442 3733 vulvam
1460 3664 1565 3732 Sarae.
1584 3689 1602 3726 n
1621 3663 1672 3730 Ex
1690 3683 1765 3756 quo
1783 3659 1929 3759 intelligi
1946 3663 2077 3751 innuit,

486 3807 553 3854 nec
574 3804 871 3878 unumquemque
892 3804 958 3877 per
978 3804 1015 3852 se
1034 3778 1081 3852 ad
1098 3778 1343 3875 generandum
1363 3780 1507 3878 penitus
1532 3803 1608 3850 esse
1630 3778 1893 3877 impotentem,
1913 3780 1976 3852 sed
1991 3805 2080 3853 con·

481 3902 647 3996 junctum
667 3902 835 3972 invicem.
857 3898 1065 3972 Notandum
1080 3923 1168 3971 vero
1187 3897 1288 3995 quod
1312 3896 1388 3970 haec
1406 3898 1597 3994 promissio
1617 3926 1625 3968 :
1649 3928 1666 3963 α
1679 3898 1737 3969 Sic
1755 3901 1822 3972 erit
1838 3924 1961 3972 semen
1978 3914 2082 3973 tuum

485 4022 575 4093 sicut
591 4020 698 4094 stellae
711 4021 792 4093 ooeli
804 4034 841 4092 et
853 4021 943 4091 sicut
955 4042 1064 4092 arena
1080 4019 1237 4106 maris‚»
1257 4042 1331 4089 non
1348 4018 1529 4091 invenitur
1542 4016 1634 4089 iacta
1651 4017 1757 4088 fnisse
1769 3998 1920 4090 Abrabae
1932 4020 2081 4118 quando

484 4143 517 4211 ei
533 4142 732 4240 promissus
748 4155 801 4213 est
823 4145 932 4230 Isaac,
957 4139 1020 4212 sed
1042 4153 1234 4237 postquam
1250 4137 1352 4235 juxta
1372 4151 1590 4236 praeceptum
1612 4137 1758 4208 Domini
1782 4136 1895 4210 voluit
1910 4163 1994 4211 eum
2012 4141 2079 4212 im·

484 4260 620 4332 molare
647 4262 817 4333 Domino.
836 4260 894 4331 Sic
914 4260 1011 4331 enim
1032 4259 1207 4357 scriptum
1230 4260 1321 4328 est¹:
1343 4261 1444 4329 «Per
1462 4269 1595 4329 memet
1615 4256 1735 4355 ipsum
1748 4255 1878 4353 juravi,
1897 4256 1983 4327 dicit
2006 4262 2080 4330 Do·

485 4381 618 4469 minus,
646 4382 731 4478 quia
754 4379 868 4452 iecisti
893 4403 969 4451 rem
992 4378 1101 4470 banc,
1131 4402 1199 4450 neo
1221 4377 1410 4476 pepercisti
1432 4374 1507 4448 filio
1534 4390 1599 4447 tuo
1618 4375 1802 4472 unigenito
1824 4389 1970 4475 propter
1997 4401 2076 4467 me3

484 4498 699 4571 benedicam
715 4497 794 4588 tibi,
811 4514 846 4570 et
865 4495 1110 4595 multiplicabo
1130 4520 1252 4569 semen
1273 4506 1375 4567 tuum
1399 4496 1490 4567 sicut
1507 4494 1623 4567 stellas
1639 4493 1741 4583 coeli,
1766 4510 1802 4567 et
1817 4494 1915 4568 velut
1930 4520 2079 4570 arenam

484 4642 563 4715 quae
587 4619 693 4689 estin
716 4602 835 4690 littore
852 4617 1006 4690 maris.»
1025 4617 1165 4688 Scimus
1189 4613 1337 4713 quidem
1360 4628 1555 4712 antequam
1583 4613 1708 4687 ismael
1724 4614 1832 4686 etiam
1850 4630 1956 4689 natus
1972 4633 2076 4709 esset,

485 4744 601 4810 Deum
631 4737 781 4810 Abrahae
818 4737 1022 4834 promisisse
1048 4736 1098 4807 sic
1125 4733 1201 4807 sore
1229 4758 1350 4807 semen
1379 4736 1455 4832 ejus
1483 4731 1746 4807 innumerabile
1775 4735 1867 4808 siout
1893 4736 2079 4833 pulverem

482 4874 598 4950 terrae,
619 4873 654 4931 et
670 4858 737 4930 alia
753 4856 831 4928 vioe
848 4868 973 4952 postea
989 4854 1080 4926 sicut
1098 4852 1216 4927 stellas
1240 4854 1333 4926 coeli.
1361 4854 1432 4928 Sed
1450 4853 1538 4927 nibil
1555 4853 1601 4927 de
1617 4876 1727 4926 arena
1742 4856 1851 4927 maris
1869 4869 1957 4927 tuno
1973 4854 2077 4928 addi·

534 5135 631 5198 Genes,
642 5148 695 5198 cap.
711 5147 771 5194 nn,
785 5146 808 5183 v.
825 5135 862 5184 16.
