4559 6100
482 549 554 622 882
1086 552 1215 625 PE'l'lll
1242 555 1476 629 ABAELlaol

482 698 691 798 praedictum
719 703 863 774 musicae
889 702 1100 802 capitulum,
1120 719 1158 776 et
1175 705 1334 778 inveniet
1350 707 1539 805 quomodo
1559 709 1777 807 Pythagoras
1798 707 1940 780 ebrium
1962 710 2082 784 adole-

482 838 641 896 scentem
651 823 719 895 sub
733 824 874 921 Phrygii
884 824 984 896 modi
996 849 1088 897 sono
1101 827 1302 921 incitatum,
1317 828 1488 927 spondero
1501 831 1707 902 succinente
1718 829 1875 902 reddidit
1884 831 2078 922 mitiorem,

481 958 517 1016 et
543 945 599 1016 sui
625 959 846 1043 compotem.
875 951 964 1018 Nam
982 971 1073 1018 cnm
1096 962 1280 1039 scortum,
1303 950 1431 1046 inquit,
1455 952 1490 1026 in
1516 951 1634 1022 rivalis
1653 950 1764 1022 domo
1789 966 1878 1023 esset
1903 951 2077 1039 clausum,

481 1079 590 1162 atque
607 1063 667 1136 ille
684 1064 805 1136 furens
825 1064 977 1136 domum
1003 1066 1107 1139 vellet
1128 1066 1332 1159 amburere,
1354 1073 1512 1167 cnmqn’e
1535 1071 1716 1166 Pitagoras
1733 1070 1914 1143 stellarum
1933 1095 2077 1164 cursus,

482 1200 521 1255 ut
549 1186 582 1257 ei
610 1211 690 1258 mos
717 1200 933 1278 nocturnus,
964 1187 1176 1284 inspiceret,
1207 1188 1267 1260 ubi
1294 1190 1464 1262 intellexit
1492 1216 1582 1262 sono
1612 1192 1714 1287 Frigii
1745 1190 1844 1263 modi
1872 1192 2077 1282 incitatum,

480 1307 602 1379 multis
620 1307 821 1379 amicornm
842 1307 1152 1380 admonitionibus
1170 1332 1192 1380 a
1217 1307 1377 1381 facinore
1399 1311 1555 1383 noluisse
1579 1310 1762 1403 desistere,
1781 1314 1909 1383 mutari
1928 1311 2078 1383 modum

480 1428 650 1527 praecepit
668 1442 774 1526 atque
796 1429 844 1500 ita
868 1428 1019 1501 furentis
1039 1431 1201 1501 animum
1226 1430 1464 1503 adulescentis
1486 1432 1531 1503 ad
1550 1447 1680 1504 statum
1704 1434 1833 1504 mentis
1849 1434 2078 1531 pacatissimae

482 1550 705 1646 temperavit.
737 1549 898 1620 lnveniet
925 1551 1033 1620 etiam
1057 1549 1160 1646 qnod
1188 1575 1271 1621 cnm
1300 1550 1474 1624 vinolenti
1502 1551 1748 1625 adolescentes
1774 1552 1945 1623 tibiarum
1970 1554 2077 1625 etiam

477 1683 601 1758 cantu,
622 1683 662 1739 ut
674 1667 728 1760 fit,
740 1669 911 1760 instincti,
932 1669 1091 1742 mulieris
1108 1670 1249 1768 pudicae
1269 1670 1362 1742 sores
1378 1671 1595 1767 frangerent,
1615 1656 1859 1745 ammonuisse
1878 1672 2074 1761 tibicinam,

481 1802 520 1858 ut
546 1787 757 1886 spondaeum
775 1804 932 1881 caneret,
961 1790 1143 1887 Pitagoras
1159 1790 1291 1862 dicitur
1311 1819 1319 1862 ε
1343 1792 1544 1889 quodcum
1564 1791 1623 1865 illa
1641 1793 1798 1883 fecisset,
1818 1786 1982 1865 tarditate
1999 1818 2078 1865 mo·

481 1907 612 1980 dorum
629 1923 665 1980 et
680 1910 849 2005 gravitate
874 1911 1035 1981 canentis
1062 1910 1206 1996 illorum
1231 1912 1409 1984 furentem
1429 1912 1663 2011 petulantiam
1688 1913 1913 1985 consedasse.
1935 1913 2078 1985 Videbit

480 2025 616 2098 ibidem
644 2042 679 2099 et
706 2027 895 2125 quomodo
920 2031 1124 2128 Terpander
1159 2047 1267 2128 atque
1294 2034 1377 2104 Ario
1410 2034 1556 2105 Lesbios
1591 2048 1698 2131 atque
1732 2039 1836 2105 lones
1867 2035 2079 2131 gravissimis

480 2147 618 2220 morbis
643 2163 769 2221 cantus
793 2149 955 2247 eripuere
973 2150 1139 2248 praesidio
1152 2178 1163 2238 ;
1189 2176 1331 2224 necnon
1350 2167 1386 2223 et
1410 2152 1562 2249 qualiter
1587 2154 1756 2225 Ismenias
1772 2152 1963 2224 Thebanus
1990 2158 2077 2223 Boe-

481 2268 613 2340 tiorum
631 2268 807 2368 pluribus,
827 2294 919 2366 quos
938 2271 1070 2342 sciatici
1090 2270 1227 2342 doloris
1245 2288 1424 2346 tormenta
1442 2273 1634 2360 vexabant,
1658 2272 1776 2344 modis
1801 2272 1913 2344 lertur
1932 2288 2076 2345 cunctas

478 2385 685 2462 abstersisse
707 2389 901 2462 molestias.
923 2389 990 2462 Ubi
1014 2392 1122 2463 etiam
1140 2392 1375 2491 Empedocles
1397 2419 1480 2465 cum
1499 2394 1574 2490 ejus
1596 2393 1777 2492 hospitem
1794 2392 1941 2488 quidam
1961 2392 2076 2490 gladio

476 2503 694 2577 furibundus
722 2505 928 2597 invaderet,
966 2507 1143 2579 inflexisse
1176 2509 1328 2580 modum
1358 2509 1513 2581 canendi
1536 2510 1678 2597 dicitur,
1708 2523 1815 2606 atque
1841 2508 2076 2581 adolescentis

477 2623 700 2697 iracundiam
729 2640 957 2722 temperasse.
988 2629 1027 2696 ln
1054 2640 1196 2699 tantum
1220 2654 1326 2719 vero,
1357 2630 1472 2726 inquit
1499 2631 1655 2718 Boetius,
1689 2629 1812 2727 priscae
1841 2628 2078 2726 philosophiae

478 2742 606 2814 studiis
627 2743 680 2813 vis
701 2744 845 2814 musicae
865 2744 951 2814 artis
968 2744 1147 2831 innotuit,
1168 2761 1208 2816 ut
1230 2748 1417 2841 Pitagorici
1442 2773 1525 2819 cnm
1544 2748 1692 2819 diurnas
1711 2749 1747 2819 in
1772 2771 1900 2820 somno
1917 2746 2077 2818 resolve-

478 2875 561 2931 rent
585 2885 701 2949 curas,
726 2860 944 2958 quibusdam
966 2863 1155 2935 'cantilenis
1172 2878 1369 2955 uterentur,
1390 2881 1429 2938 ut
1454 2868 1504 2938 eis
1520 2866 1610 2938 lenis
1627 2882 1662 2938 et
1687 2868 1826 2965 quietus
1851 2891 1961 2965 sopor
1985 2866 2077 2936 irre·

478 2996 591 3079 peret.
618 2987 740 3080 ltaque
762 2983 958 3081 experrecti
982 2983 1058 3057 aliis
1074 2984 1292 3084 quibusdam
1317 2988 1437 3060 modis
1460 3003 1645 3087 stuporem
1669 2989 1786 3061 somni
1808 2987 2077 3061 confusionem-

476 3125 550 3196 que
579 3102 794 3200 purgabant.
828 3102 868 3174 ld
897 3106 1068 3176 nimirum
1097 3107 1248 3178 scientes
1278 3108 1378 3205 quod
1417 3123 1547 3181 nostrae
1575 3124 1650 3181 tota
1683 3110 1810 3181 animae
1843 3109 2077 3206 corporisque

477 3245 655 3321 compago
680 3222 816 3295 musica
835 3225 1063 3322 coaptatione
1079 3240 1115 3298 et
1128 3228 1254 3321 juncta
1271 3229 1327 3299 sit.
1354 3233 1442 3300 Nam
1462 3245 1501 3301 ut
1516 3254 1593 3301 sese
1609 3230 1772 3326 corporis
1789 3228 1936 3301 affectus
1951 3227 2073 3315 habet,

472 3343 526 3415 ita
546 3344 654 3414 etiam
678 3343 803 3442 pulsus
826 3344 945 3417 cordis
971 3346 1130 3418 motibus
1156 3349 1363 3440 incitantur,
1387 3349 1487 3446 quod
1510 3348 1644 3421 scilicet
1667 3349 1893 3421 Democritus
1910 3348 2076 3446 Ypocrati

477 3462 620 3535 medico
646 3462 836 3537 tradidisse
859 3464 982 3554 lertnr,
1005 3491 1088 3538 cum
1112 3492 1195 3539 eum
1217 3469 1319 3564 quasi
1343 3470 1523 3561 insanum,
1549 3470 1688 3540 cunctis
1705 3468 1844 3540 civibus
1860 3467 1897 3540 id
1923 3468 2074 3566 opinan-

477 3582 584 3675 tibus,
608 3583 646 3653 in
671 3582 836 3655 custodia
860 3585 1030 3658 medendi
1054 3610 1161 3659 causa
1180 3589 1320 3659 viseret.
1349 3587 1420 3661 Sed
1437 3614 1612 3686 quorsum
1637 3589 1738 3661 istic?
1756 3590 1841 3686 quia
1862 3611 1937 3659 non
1959 3601 2075 3685 potest

476 3701 634 3774 dubitari
657 3704 745 3798 quin
769 3718 899 3775 nostrae
922 3707 1052 3777 animae
1082 3720 1118 3777 et
1139 3708 1302 3805 corporis
1325 3723 1436 3780 status
1459 3709 1596 3782 eisdem
1622 3707 1897 3806 quodammodo
1921 3732 2075 3806 propor-

476 3818 636 3891 tionibus
662 3820 827 3893 videatur
850 3847 927 3896 esse
949 3825 1185 3922 compositus,
1211 3827 1343 3921 quibus
1365 3828 1593 3901 harmonicas
1610 3827 1875 3900 modulationes
1900 3827 2075 3925 posterior

474 3937 674 4037 disputatio
690 3940 861 4036 conjungi
877 3941 1112 4041 copularique
1129 3946 1354 4019 monstrabit.
1376 3947 1484 4035 Quod
1503 3948 1532 4019 si
1554 3974 1680 4046 parum
1705 3946 1871 4020 fidelibus
1887 3947 2075 4018 videantur

475 4082 557 4156 quae
573 4059 673 4155 juxta
697 4059 934 4160 philosophos
950 4060 995 4134 de
1009 4064 1139 4137 virtute
1159 4064 1313 4138 diximus
1332 4067 1554 4156 harmonica,
1576 4069 1644 4140 nisi
1660 4082 1696 4141 et
1711 4091 1818 4141 sacra
1835 4068 1873 4139 id
1889 4068 2074 4165 scripturae

473 4178 681 4249 testimonio
717 4180 998 4273 confirmemus3
1039 4200 1206 4257 occurrat
1241 4187 1422 4258 memoriae
1448 4189 1601 4285 qualiter
1635 4190 1761 4288 spiritu
1790 4187 1886 4260 malo
1919 4189 1956 4258 in
1989 4185 2073 4257 Saul

474 4298 646 4391 irruente,
669 4314 788 4371 actum
804 4316 857 4374 est
873 4303 1033 4376 virorum
1052 4305 1285 4403 prudentium
1302 4306 1451 4378 consilio
1469 4310 1542 4381 vim
1560 4309 1777 4381 harmonicae
1794 4307 1974 4379 suavitatis
1995 4329 2072 4375 non

475 4418 735 4513 ignorantium,
762 4436 800 4492 ut
819 4425 969 4496 vesaniae
993 4438 1099 4496 tantae
1126 4426 1277 4497 stimulis
1300 4427 1463 4499 Davidici
1487 4428 1627 4501 moduli
1644 4427 1887 4501 mederentur.
1908 4422 2012 4495 Unde
2038 4439 2073 4495 et

475 4535 711 4636 postmodum
737 4541 790 4611 vir
817 4544 896 4614 Deo
923 4544 1051 4642 plenus
1079 4569 1163 4616 cum
1192 4544 1239 4616 ad
1266 4544 1377 4617 divini
1403 4548 1519 4619 cultus
1544 4548 1753 4644 religionem
1783 4541 2072 4644 amplificandam

475 4657 651 4755 templum
676 4658 852 4733 aedificare
879 4661 1097 4762 disponeret,
1127 4665 1285 4761 psalmos
1308 4667 1371 4764 qui
1396 4667 1672 4741 decantarentur
1694 4666 1911 4764 composuit,
1934 4679 1972 4736 et
1996 4687 2072 4735 om·

472 4777 575 4849 nium
602 4779 823 4852 musicorum
847 4783 1169 4875 instrumentorum
1196 4810 1327 4882 genera
1358 4789 1606 4884 congregavit,
1636 4803 1675 4859 ut
1703 4801 1778 4858 tam
1802 4809 1936 4856 vocum
1964 4807 2072 4880 quarn

473 4925 648 4974 sonorum
671 4907 918 4978 consonantiis
941 4907 1069 4981 rudem
1092 4906 1249 4982 alliceret
1265 4910 1463 5008 populum,
1481 4936 1547 5010 per
1568 4936 1647 5010 quae
1668 4925 1773 4983 antea
1797 4908 2016 4981 diabolicum
2033 4908 2072 4978 in

466 5021 634 5121 reprobo
659 5049 742 5122 rege
761 5028 940 5124 mitigarat
961 5042 1196 5101 tormentum.
1221 5036 1271 5102 Ex
1298 5056 1372 5128 quo
1394 5033 1573 5132 praecipue
1595 5031 1747 5105 traditur
1771 5054 1882 5129 quam
1898 5027 2070 5101 naturalis

472 5141 600 5217 aoimae
618 5144 664 5216 sit
682 5143 895 5221 harmonica
910 5146 1125 5242 modulatio,
1145 5172 1225 5248 quae
1238 5152 1286 5225 ita
1302 5166 1469 5226 naturam
1489 5159 1566 5252 ejus
1582 5152 1755 5225 suavitate
1774 5151 1830 5224 sni
1850 5169 2073 5251 componere
