4559 6100
752 561 1008 636 THEOLOGIA
1032 563 1306 637 cuutsrttttt.
1755 562 1828 634 tte

234 733 317 808 que
339 724 445 801 sunt3
473 725 580 809 atque
593 711 645 784 eis
663 726 794 785 cuncta
819 713 991 785 veraciter
1014 711 1204 805 discernit,
1228 713 1287 785 cui
1312 736 1356 786 ea
1377 736 1522 810 quoqne
1546 736 1626 810 quae
1647 707 1722 784 non
1747 727 1829 785 sunt

234 831 338 930 quasi
363 832 550 929 presentia
570 833 751 923 assistunt,
777 830 875 904 unde
896 846 932 905 et
952 833 1168 906 enumeratis
1183 832 1290 906 donis
1305 831 1456 933 Spiritus
1471 833 1561 929 ejus,
1583 832 1660 931 ipse
1677 831 1829 929 Spiritus

239 950 396 1024 scientiae
410 974 486 1022 esse
500 949 644 1023 dicitur.
662 951 762 1023 Sicut
774 965 892 1023 autem
911 951 996 1024 mali
1016 976 1166 1050 quoque
1182 952 1327 1024 seientia
1341 951 1440 1023 bona
1456 966 1522 1043 est,
1549 948 1595 1023 ad
1622 948 1828 1022 evitandum

237 1068 369 1142 scilicet
397 1070 533 1143 malum
561 1071 778 1160 neeessaria3
802 1071 849 1142 ita
867 1085 1080 1169 potestatem
1106 1072 1215 1144 etiam
1243 1071 1328 1144 mali
1348 1069 1484 1143 bonam
1514 1093 1591 1141 esse
1613 1082 1765 1161 constat,
1794 1084 1830 1140 ct

235 1188 280 1261 ad
300 1187 585 1287 promerendum
607 1191 855 1263 necessariam.
877 1190 1027 1264 sienim
1043 1214 1192 1290 peccare
1207 1214 1283 1261 nou
1308 1212 1509 1288 possemus,
1539 1187 1628 1260 nibil
1653 1211 1728 1259 non
1744 1211 1830 1285 pec·

234 1306 353 1381 cando
378 1332 683 1407 promereremur,
704 1323 741 1381 et
765 1310 799 1381 ei
823 1311 886 1408 qui
908 1309 1062 1384 liberum
1085 1335 1161 1384 non
1184 1307 1295 1383 habet
1317 1307 1516 1398 arbitrium,
1537 1305 1678 1379 nullum
1705 1330 1748 1378 11
1773 1305 1830 1379 his

235 1449 316 1525 quae
339 1442 486 1500 coactns
510 1429 581 1525 agit
598 1427 753 1501 debetur
767 1429 967 1527 praemium.
991 1434 1034 1501 tt
1059 1453 1145 1501 vero
1166 1454 1187 1501 e
1210 1443 1350 1522 contra,
1371 1442 1410 1500 ut
1425 1427 1476 1499 ait
1497 1424 1710 1525 propheta¹,
1732 1454 1750 1493 1
1766 1425 1829 1522 qui

235 1545 353 1645 potuit
370 1546 568 1643 transgredi
584 1562 619 1620 et
636 1571 712 1619 non
732 1562 785 1619 est
799 1563 1059 1646 transgressus,
1080 1548 1196 1622 lacere
1218 1549 1326 1641 mala,
1342 1562 1378 1620 et
1396 1571 1471 1619 non
1490 1545 1571 1618 lecit
1590 1571 1598 1615 ε
1618 1543 1703 1616 ideo
1719 1539 1828 1616 stabi·

235 1663 297 1737 lita
321 1679 405 1737 sunt
428 1664 527 1738 bona
553 1666 646 1739 illins
673 1667 710 1738 in
737 1667 908 1739 Domino.
927 1695 945 1736 1
977 1671 1029 1738 Er
1054 1666 1110 1739 his
1145 1669 1265 1765 itaque
1293 1665 1471 1763 liquidum
1497 1677 1573 1755 est,
1605 1662 1740 1734 nullam
1766 1676 1828 1733 aut

235 1783 419 1857 scientiam
453 1800 515 1857 aut
541 1799 754 1884 potestatem
779 1786 911 1860 malam
949 1811 1046 1880 csse,
1075 1800 1406 1884 quantumcumque
1436 1785 1508 1856 sint
1540 1781 1634 1854 mala
1663 1781 1829 1854 exercitia

236 1905 407 2001 ipsarum,
428 1929 510 1977 cnm
529 1920 564 1978 et
579 1910 677 1979 Deus
692 1931 838 1978 omnem
858 1905 992 1978 tribuat
1009 1906 1207 1996 seientiam,
1225 1921 1260 1979 et
1276 1930 1421 1978 omnem
1437 1903 1582 1977 ordinet
1596 1914 1824 2000 potestatem.

235 2022 305 2110 Qui
328 2023 437 2096 etiam
458 2022 505 2096 de
525 2037 696 2123 potestate
718 2024 929 2123 iniquissimi
954 2025 1055 2096 Pilati
1075 2022 1247 2097 adversus
1268 2048 1306 2096 se
1329 2025 1400 2097 ait¹
1417 2050 1426 2094 ε
1441 2027 1523 2096 Nou
1538 2011 1690 2094 haberes
1708 2020 1747 2092 in
1770 2044 1829 2092 me

234 2154 461 2237 potestatem,
489 2144 558 2214 nisi
581 2129 708 2217 danim
731 2142 795 2215 tibi
817 2156 909 2215 esset
933 2141 1136 2241 desuper.»
1155 2142 1463 2240 Scientiasitaque
1484 2138 1742 2240 approbamus,
1765 2138 1828 2211 sed

234 2258 380 2331 fallaciis
399 2259 624 2333 abutentium
641 2263 849 2335 resistimus.
871 2265 950 2333 Nou
975 2262 1087 2353 enirn,
1112 2275 1202 2334 teste
1216 2262 1344 2351 Tidlio,
1367 2261 1598 2334 mediocriter
1614 2272 1747 2349 errant,
1766 2259 1829 2355 qui

235 2402 277 2451 11
302 2378 389 2450 vitio
415 2379 573 2452 hominis
589 2381 771 2454 scientiam
788 2379 949 2480 culpant.
972 2381 1030 2452 Sic
1053 2380 1251 2454 enimcum
1268 2379 1315 2454 de
1337 2379 1617 2480 reprehensione
1636 2401 1828 2475 argumen-

235 2497 409 2571 tationem
432 2498 469 2569 in
500 2498 688 2571 Rhetorica
712 2500 871 2585 doceret,
895 2500 945 2572 ait
969 2500 1063 2572 inter
1078 2513 1205 2572 caetera
1229 2526 1272 2571 :e
1297 2503 1378 2572 Non
1395 2498 1497 2572 adid
1514 2495 1613 2596 quod
1634 2496 1829 2569 instituitur

234 2615 569 2689 accommodabitur
591 2618 711 2717 aliqua
728 2643 812 2718 pars
835 2619 1168 2716 argumentationis,
1195 2619 1225 2691 si
1249 2643 1307 2691 111
1329 2643 1373 2691 11
1399 2618 1559 2691 hominis
1581 2617 1668 2688 vitio
1689 2615 1828 2714 vitupe-

237 2731 389 2826 rabitur,
407 2749 447 2807 nt
463 2736 490 2808 si
510 2733 591 2834 quis
606 2736 809 2810 doctrinam
827 2762 869 2812 ex
887 2735 1035 2836 alicujus
1050 2738 1149 2811 docti
1166 2738 1260 2810 vitiis
1277 2736 1529 2836 reprehendat.
1545 2766 1563 2804 1
1577 2725 1828 2807 Nullosautem

236 2855 343 2927 saeris
359 2854 483 2927 litteris
505 2855 664 2929 eruditos
679 2858 845 2954 ignorare
860 2855 1027 2949 arbitror,
1047 2857 1128 2957 plus
1144 2857 1181 2929 in
1199 2879 1298 2930 sacra
1316 2855 1480 2929 doctrina
1496 2854 1696 2955 spirituales
1712 2853 1825 2945 viros,

234 2996 278 3045 11
304 2974 383 3073 ipso
404 2975 558 3046 scientiae
576 2976 711 3071 studio,
738 3001 849 3076 quam
871 3001 915 3050 11
938 2975 1120 3073 religionis
1143 2976 1271 3048 merito
1290 2975 1495 3076 proiecisse,
1520 2989 1555 3047 et
1580 2997 1655 3072 quo
1680 2973 1830 3072 quisque

235 3108 441 3166 sanctorum
469 3109 551 3167 ante
576 3098 850 3169 conversionem
876 3119 977 3169 suam
1001 3097 1214 3194 ampliorem
1240 3097 1464 3169 saecularium
1489 3095 1688 3167 litterarum
1712 3094 1829 3165 scien·

237 3211 323 3284 tiam
349 3211 543 3304 habuerat,
574 3228 657 3312 post
688 3215 962 3289 conversionem
990 3239 1092 3287 suam
1123 3239 1208 3287 eum
1233 3213 1386 3312 amplius
1412 3214 1450 3285 in
1476 3228 1599 3285 sancta
1627 3210 1829 3283 eruditione

236 3329 399 3405 valuisse.
426 3331 555 3405 Paulus
578 3334 713 3433 quippe
728 3332 923 3433 apostolus,
951 3333 1033 3406 lieet
1055 3358 1129 3405 non
1153 3332 1271 3429 major
1287 3333 1416 3404 merito
1437 3355 1545 3429 quam
1566 3334 1693 3402 Petrus
1708 3329 1828 3401 videa·

235 3462 314 3540 tnr3
333 3449 517 3523 consessor
532 3453 747 3549 Augustinus
762 3477 872 3551 quam
887 3454 1060 3524 Martinus
1079 3481 1087 3523 z
1107 3464 1209 3523 tauto
1228 3464 1346 3523 tamen
1360 3464 1510 3548 uterque
1526 3450 1637 3523 altero
1652 3442 1828 3542 majorem

234 3569 272 3639 in
289 3567 453 3641 doctrina
478 3572 627 3668 gratiam
649 3586 732 3671 post
748 3572 1021 3645 conversionem
1038 3569 1183 3659 habuit,
1203 3583 1338 3668 quanto
1358 3583 1464 3641 11111
1478 3566 1615 3665 majore
1630 3567 1828 3639 litterarum

235 3688 381 3760 seientia
405 3688 576 3787 pollebat.
600 3695 649 3762 Ex
673 3715 747 3789 qno
763 3691 942 3790 praecipue
958 3690 1183 3762 saecularium
1203 3710 1350 3786 quoque
1374 3688 1572 3761 litterarum
1593 3685 1752 3758 studium
1770 3682 1827 3756 di·

236 3806 319 3878 rina
343 3805 610 3906 dispensatione
626 3808 873 3884 commendari
888 3808 1058 3900 arbitror,
1082 3833 1158 3880 non
1174 3807 1291 3880 solum
1310 3832 1375 3906 per
1387 3806 1576 3879 utilitatem
1592 3827 1700 3903 quam
1717 3804 1830 3876 conti·

237 3940 337 4019 nent,
360 3907 486 3999 verum
506 3952 553 4000 ne
574 3953 595 4000 a
616 3927 722 4001 donis
744 3929 821 4026 ejus
846 3929 968 4002 alienae
989 3928 1210 4017 viderentur,
1237 3926 1266 3999 si
1288 3925 1335 3998 ad
1360 3924 1501 3997 nullum
1521 3926 1572 3997 eis
1593 3921 1828 3995 commodum

235 4059 442 4118 verteretur.
471 4048 644 4120 Novimus
667 4063 784 4121 tamen
810 4063 846 4122 et
872 4048 919 4121 ab
937 4048 1106 4148 apostolo
1131 4046 1269 4119 dictum
1295 4045 1399 4142 quia'
1417 4075 1434 4114 1
1450 4044 1596 4117 scientia
1618 4041 1731 4135 inflat,
1749 4072 1767 4108 »
1790 4042 1828 4114 id

236 4176 288 4235 est
315 4164 520 4264 superbiam
547 4182 706 4263 generat.
733 4166 802 4239 Sed
828 4192 872 4239 11
895 4165 968 4239 hoe
991 4166 1169 4265 praecipue
1193 4163 1291 4237 bona
1316 4187 1393 4236 esse
1419 4163 1657 4246 convincitur,
1685 4161 1769 4258 quia
1791 4162 1828 4232 in

236 4282 372 4355 malum
396 4283 571 4384 superbiae
596 4287 782 4359 conscium
807 4286 863 4359 sui
888 4283 1010 4357 trahit.
1046 4285 1145 4356 Sicut
1166 4284 1264 4356 enirn
1287 4281 1463 4356 nonnulla
1492 4296 1576 4355 sunt
1601 4279 1723 4371 bona,
1749 4302 1830 4378 quac

235 4403 381 4476 nonnisi
405 4427 448 4475 11
470 4403 567 4476 malo
590 4408 837 4503 proveniunt:
858 4406 908 4477 ita
932 4404 1107 4476 nonnulla
1132 4418 1218 4476 suut
1241 4403 1334 4476 mala
1355 4428 1434 4502 qnae
1458 4428 1503 4475 ex
1528 4401 1628 4475 bono
1654 4401 1830 4497 originem

235 4519 402 4614 trahunt,
435 4523 646 4621 poenitentia
671 4527 828 4624 quippe,
858 4548 920 4596 seu
946 4522 1180 4596 correctionis
1206 4523 1398 4595 satisfactio
1427 4546 1512 4594 cum
1537 4520 1643 4594 bonae
1665 4520 1755 4613 sint,
1780 4521 1829 4593 ita

234 4638 371 4713 malum
389 4640 520 4713 lactum
537 4642 768 4736 comitantur,
788 4656 828 4714 11
844 4642 989 4715 nonnisi
1007 4640 1054 4714 ab
1068 4666 1113 4714 eo
1133 4641 1233 4714 nasci
1248 4642 1400 4740 possint.
1419 4645 1448 4711 E
1464 4641 1647 4714 contrario
1663 4638 1830 4739 superbia

235 4758 468 4833 sive‘invidia
487 4786 571 4833 cum
597 4762 669 4835 sint
687 4761 863 4861 pessima,
884 4761 1068 4833 nonnisia
1090 4760 1197 4833 bonis
1222 4760 1363 4832 initium
1383 4758 1534 4852 liabent.
1561 4764 1674 4831 Nemo
1699 4759 1832 4855 qnippe

236 4877 303 4949 nisi
329 4901 373 4951 ex
397 4876 504 4953 bonis
523 4903 603 4976 quae
623 4905 660 4954 se
680 4880 815 4955 habere
830 4881 1028 4976 cognoscit,
1050 4881 1087 4951 in
1104 4876 1308 4978 snperbiam
1329 4877 1523 4969 extollitur,
1549 4891 1586 4949 11
1605 4901 1713 4949 nemo
1731 4873 1830 4948 alteri

268 5167 273 5194 ¹
286 5160 366 5227 sset,
379 5176 434 5227 esp.
442 5175 513 5229 mr,
524 5178 550 5217 1.
564 5162 742 5227 111-ηοω,
752 5176 806 5226 esp.
817 5176 869 5226 11,
881 5177 905 5215 1.
919 5164 956 5215 11.
970 5188 1000 5202 -
1011 5164 1021 5197 ¹
1032 5161 1146 5217 61111111.
1158 5161 1183 5227 t,
1199 5174 1253 5225 rap.
1272 5172 1361 5225 11111.
1377 5163 1398 5212 t.

1670 5255 1706 5309 57
