4559 6100
738 575 993 650 tfluotoota
1027 576 1305 652 ClllllS'l'thd.
1747 571 1818 646 433

227 756 305 805 eam
328 751 450 802 veram
472 727 643 824 intelligat
663 727 888 826 sapientiam,
915 724 961 798 de
980 752 1051 824 qua
1072 727 1228 800 lacobus
1244 723 1428 825 apostolus
1453 722 1557 796 dieit¹
1578 750 1586 793 :
1616 753 1632 788 ιι
1649 726 1735 812 Quae
1755 722 1820 795 de-

110 869 115 880 ·
227 875 369 923 sursum
384 862 436 920 est
449 849 622 946 sapientia
643 847 800 945 primum
819 843 950 944 pudica
966 845 1113 944 quidem
1129 861 1196 937 est,
1220 844 1351 917 deinde
1369 842 1531 943 pacifica.
1552 872 1569 908 n
1590 846 1638 914 hc
1655 843 1684 913 si
1700 856 1823 941 aperte

227 969 349 1043 dicat:
371 966 673 1066 Contemplationi
698 965 891 1064 studioque
916 965 1123 1038 divinorum
1148 964 1302 1037 idoneus
1325 988 1400 1036 non
1415 978 1481 1053 est,
1509 962 1571 1060 qui
1593 961 1822 1034 continentiae

227 1090 335 1161 vitam
360 1113 435 1159 non
455 1087 601 1184 arripit,
624 1101 663 1157 ut
678 1085 770 1157 liber
791 1109 813 1157 a
835 1087 1044 1180 gravissimo
1066 1086 1189 1158 uxoris
1207 1085 1308 1181 jugo,
1332 1097 1368 1157 et
1389 1083 1530 1181 quietus
1547 1107 1569 1155 a
1586 1096 1639 1154 tot
1658 1094 1694 1152 et
1716 1082 1823 1152 tantis

227 1209 479 1304 conjugiorum
494 1206 665 1280 molestiis
687 1207 794 1278 vivat.
813 1208 964 1278 Servum
979 1230 1110 1305 nempe
1129 1230 1167 1278 se
1183 1203 1293 1277 efficit
1312 1206 1376 1303 qui
1391 1228 1430 1276 se
1440 1202 1593 1275 vinculis
1614 1202 1823 1301 nuptiarum

227 1328 402 1422 astringit,
422 1327 630 1425 propriique
647 1327 755 1398 etiam
770 1327 947 1424 corporis,
963 1327 1065 1423 juxta
1081 1326 1307 1423 Apostolum,
1330 1338 1544 1422 potestatem
1560 1322 1708 1413 amittit,
1736 1335 1777 1392 ut
1793 1320 1824 1391 si

228 1445 448 1543 quandoque
473 1447 619 1517 etiamn
638 1444 767 1517 saeeulo
783 1446 945 1517 converti
965 1443 1012 1517 ad
1031 1444 1240 1540 religionem
1267 1442 1432 1530 voluerit,
1461 1467 1573 1514 uxore
1591 1440 1819 1540 prohibente,

228 1589 302 1636 non
326 1566 449 1663 possit.
470 1565 588 1657 Unde,
616 1578 654 1636 ut
677 1565 726 1637 ait
754 1565 994 1662 Hieronymus
1019 1565 1057 1635 in
1081 1564 1201 1662 primo
1226 1566 1361 1635 Contra
1378 1565 1627 1651 Jorr'nr‘unum,
1654 1559 1743 1634 illud
1771 1574 1824 1632 est

230 1684 429 1781 Apostoli’:
453 1688 609 1756 «Senos
635 1699 783 1756 vocatus
805 1685 864 1757 es?
888 1709 963 1756 non
992 1684 1038 1755 sit
1064 1682 1128 1755 tibi
1157 1708 1263 1772 curae,
1293 1681 1355 1755 sed
1381 1697 1416 1755 et
1443 1684 1472 1754 si
1496 1697 1600 1782 potes
1614 1681 1704 1753 liber
1731 1679 1820 1768 fieri,

229 1803 340 1899 magis
355 1817 466 1896 utere,
479 1835 497 1870 s
510 1803 582 1874 hoc
592 1818 658 1896 est,
670 1805 777 1876 etiam
791 1804 821 1875 si
837 1802 962 1894 habes,
980 1803 1110 1901 inquit,
1131 1826 1292 1890 uxorem,
1305 1816 1340 1874 et
1357 1802 1408 1893 illi
1421 1802 1582 1899 alligatus
1594 1827 1644 1892 es,
1664 1815 1699 1873 et
1715 1798 1824 1871 solvis

230 1920 406 2016 debitum,
424 1936 460 1994 et
488 1947 562 1995 non
584 1922 695 1995 habes
720 1925 772 1995 tui
799 1925 962 2023 corporis
985 1936 1212 2022 potestatem,
1240 1936 1347 2019 atque
1373 1936 1413 1994 ut
1437 1922 1656 1994 manifestius
1680 1920 1821 2017 loquar,

230 2066 353 2115 servus
380 2044 500 2114 uxoris
515 2067 567 2136 es,
592 2043 667 2114 noli
684 2058 833 2142 propter
854 2042 926 2115 hoc
947 2042 1081 2115 habere
1101 2042 1293 2133 tristitiam,
1323 2068 1391 2115 nec
1410 2042 1455 2114 de
1476 2043 1604 2114 amissa
1625 2040 1832 2136 virginitate

229 2166 398 2260 suspires,
414 2161 477 2233 sed
492 2162 601 2234 etiam
616 2163 647 2235 si
664 2178 766 2260 potes
782 2187 905 2235 causas
922 2162 1059 2261 aliquas
1070 2163 1232 2235 invenire
1245 2162 1397 2249 discidii,
1414 2175 1454 2233 ut
1465 2161 1629 2234 libertate
1645 2158 1825 2259 pudicitiae

230 2280 436 2378 perfruaris,
456 2282 531 2353 noli
555 2281 705 2354 salutern
726 2297 825 2355 tuam
848 2308 931 2355 oum
953 2285 1097 2355 alterius
1120 2283 1264 2355 interitu
1286 2307 1457 2380 quaerere,
1481 2295 1550 2354 eto.
1575 2279 1684 2370 Quod
1704 2295 1826 2351 autern

230 2400 497 2499 Theophrastus
519 2427 665 2500 quoque
690 2428 769 2475 eam
792 2428 870 2501 quae
891 2403 1079 2476 desursum
1102 2418 1156 2476 est
1176 2405 1386 2503 sapientiam
1410 2402 1633 2494 intellexerit,
1658 2424 1730 2497 qua
1751 2399 1826 2496 jam

230 2537 334 2619 gustu
346 2522 659 2622 contemplationis
673 2525 718 2597 de
730 2529 807 2597 Deo
817 2549 942 2624 sapere
952 2525 1087 2622 aliquid
1105 2527 1308 2625 incipimus,
1328 2527 1365 2598 in
1376 2524 1507 2598 eodem
1523 2525 1636 2623 aperit
1649 2520 1821 2621 capitulo,

231 2641 294 2713 uhi
318 2643 517 2742 sapientem
542 2667 740 2741 numquam
769 2645 887 2716 solum
909 2644 1093 2743 perhibet,
1119 2671 1229 2745 quem
1255 2671 1396 2746 semper
1417 2660 1481 2718 aut
1500 2669 1584 2717 cum
1605 2640 1829 2741 sapientibus

232 2761 412 2853 conterre,
432 2777 494 2836 aut
512 2788 595 2835 cum
613 2767 692 2837 Deo
710 2764 811 2863 loqui
826 2766 962 2837 asserit.
985 2769 1130 2864 Deque
1154 2767 1220 2839 ista
1245 2767 1485 2863 Hieronymus
1506 2766 1543 2837 in
1561 2761 1692 2834 eodem
1709 2762 1828 2861 primo

234 2884 368 2954 Contra
395 2885 626 2955 lucinianum
652 2883 746 2957 libro
776 2911 785 2954 ι
820 2916 838 2951 ιι
857 2889 1001 2976 Fertur,
1026 2887 1165 2983 inquit,
1200 2886 1368 2959 aureolus
1398 2884 1634 2984 Theophrasti
1666 2881 1757 2955 liber
1783 2879 1829 2953 de

233 3003 380 3102 nuptiis,
399 3004 436 3074 in
449 3029 524 3102 quo
540 3005 665 3103 quaerit
680 3029 726 3077 an
741 3005 796 3077 vir
808 3007 950 3104 sapiens
966 3005 1075 3079 ducat
1093 3030 1255 3080 uxorem.
1275 3011 1318 3079 Et
1334 3031 1417 3079 cum
1436 3004 1618 3079 definisset
1634 3003 1664 3075 si
1681 3000 1829 3102 pulchra

201 3214 207 3223 .
233 3137 337 3214 esset,
355 3122 495 3194 sibene
513 3138 665 3215 morata,
684 3125 714 3195 si
730 3125 891 3197 honestis
908 3126 1131 3223 parentibus,
1158 3129 1187 3199 si
1210 3128 1287 3225 ipse
1302 3151 1413 3199 sanus
1425 3140 1461 3198 et
1477 3125 1599 3217 dives,
1619 3124 1671 3196 sic
1687 3124 1830 3221 sapien·

234 3254 305 3312 tem
322 3242 413 3313 inire
436 3242 630 3340 aliqnando
655 3243 946 3335 matrimonium,
965 3246 1086 3317 statim
1111 3245 1260 3317 intulit:
1287 3250 1369 3316 ttaec
1388 3258 1507 3317 autem
1531 3268 1613 3315 raro
1638 3244 1675 3313 in
1693 3242 1827 3339 nuptiis

234 3362 400 3433 universa
422 3361 659 3433 concordant.
680 3367 761 3433 Non
783 3376 836 3433 est
852 3364 958 3459 igitur
978 3388 1070 3436 uxor
1091 3363 1257 3437 ducenda
1280 3364 1444 3464 sapienti.
1467 3363 1628 3434 Primum
1648 3361 1745 3432 enim
1761 3360 1830 3430 im·

234 3479 349 3577 pediri
372 3480 490 3553 studia
513 3480 831 3581 philosophorum,
854 3507 922 3555 nec
941 3504 1045 3582 posse
1066 3482 1168 3556 libris
1184 3496 1221 3557 et
1239 3485 1344 3556 uxori
1364 3483 1498 3583 pariter
1522 3482 1697 3554 inserviri.
1719 3479 1832 3552 Multa

235 3623 312 3671 esse
328 3626 408 3698 quae
424 3616 671 3674 matronarum
690 3600 814 3673 usibus
832 3606 1031 3676 necessaria
1049 3621 1145 3695 suut,
1165 3605 1328 3703 pretiosae
1347 3617 1480 3694 vestes,
1501 3626 1643 3694 aurum,
1664 3625 1826 3699 gemmae,

140 3804 143 3809 Ι
235 3733 417 3818 sumptus,
437 3722 585 3811 ancillae,
604 3721 780 3822 supellex,
803 3723 909 3794 variae
923 3724 1069 3815 lecticae,
1096 3738 1135 3797 et
1156 3724 1280 3796 esseda
1297 3723 1478 3796 deaurata.
1499 3721 1638 3795 Deinde
1655 3745 1720 3819 per
1737 3735 1831 3794 totas

236 3855 361 3912 noctes
383 3841 531 3939 garrulae
551 3845 856 3940 conquestiones:
875 3843 941 3915 llla
964 3846 1125 3917 ornatior
1148 3844 1311 3943 procedit
1336 3846 1373 3916 in
1394 3843 1595 3943 publicum,
1617 3841 1692 3914 haec
1712 3840 1833 3914 hono·

237 3974 334 4031 ratur
356 3959 402 4032 ab
426 3960 608 4049 omnibus,
637 3988 704 4059 ego
730 3962 866 4036 misella
892 3962 1082 4062 despicior.
1106 3968 1181 4037 Cur
1199 3964 1395 4065 aspiciebas
1419 3964 1599 4036 vicinam?
1625 3961 1723 4051 Quid
1747 3986 1830 4034 cum

237 4079 364 4152 ancilla
377 4080 606 4178 loquebaris?
625 4087 678 4154 lle
692 4083 771 4154 loro
782 4083 929 4155 veniens
939 4084 1026 4180 quid
1039 4086 1205 4159 attulisti?
1218 4091 1297 4158 Non
1309 4085 1466 4157 amioum
1479 4083 1612 4156 habere
1624 4107 1828 4181 possumus,

238 4223 312 4271 non
337 4201 512 4274 sodalem.
538 4202 689 4274 Alterius
711 4226 887 4297 amorem,
910 4230 1018 4276 suum
1042 4204 1169 4277 odium
1193 4207 1405 4304 suspicatur.
1433 4206 1469 4276 Si
1493 4203 1720 4276 doctissimus
1743 4227 1831 4302 prae·

238 4334 364 4418 ceptor
381 4322 417 4392 in
436 4321 596 4418 qualibet
612 4322 755 4395 urbium
776 4323 898 4413 suerit,
922 4349 989 4396 nec
1006 4350 1156 4398 uxorem
1181 4325 1401 4422 relinquere,
1428 4349 1496 4397 uec
1515 4349 1599 4396 cum
1623 4324 1761 4395 sarcina
1780 4323 1832 4395 ire

238 4461 440 4535 possumus.
470 4444 665 4539 Pauperem
691 4443 784 4514 alere
808 4441 953 4516 difficile
974 4458 1039 4538 est,
1061 4444 1207 4517 divitem
1233 4444 1325 4516 serre
1348 4458 1580 4516 tormentum.
1606 4442 1707 4515 adde
1731 4441 1832 4540 quod

237 4561 336 4634 nulla
354 4578 408 4635 est
432 4566 552 4636 uxoris
573 4564 714 4657 electio,
738 4566 801 4638 sed
817 4567 1088 4667 qualiscumque
1113 4567 1312 4659 obvenerit,
1339 4566 1519 4640 habenda.
1540 4568 1577 4638 Si
1598 4566 1783 4659 iracunda,
1803 4567 1832 4638 si

239 4682 352 4774 latua,
381 4685 410 4755 si
433 4684 619 4776 deformis,
643 4688 672 4757 si
695 4687 866 4786 superba,
886 4690 916 4761 si
941 4687 1080 4779 foetida,
1106 4688 1362 4787 quodcumque
1388 4688 1465 4759 vitii
1488 4703 1555 4780 est,
1583 4703 1665 4786 post
1690 4687 1832 4784 nuptias

240 4801 424 4875 discimus.
452 4808 595 4901 Equus,
615 4807 749 4893 asinus,
775 4805 853 4892 bOS,
880 4810 998 4901 canis,
1023 4823 1059 4880 et
1077 4809 1242 4880 vilissima
1262 4809 1443 4907 mancipia
1458 4805 1658 4905 probantur
1674 4807 1772 4906 prius
1797 4820 1833 4877 et

239 4922 290 4994 sic
316 4937 504 5015 emuntur,
525 4924 602 4997 sola
624 4950 716 4997 uror
739 4949 814 4999 uon
841 4926 1054 5018 ostenditur,
1080 4951 1128 5000 ne
1151 4941 1233 5000 ante
1255 4926 1440 5026 displiceat
1460 4949 1570 5024 quam
1588 4925 1752 4999 ducatur.
1772 4928 1833 4996 At·

275 5200 280 5229 ¹
299 5197 349 5249 tac.
360 5235 367 5258 ‚
380 5211 434 5262 cap.
444 5211 481 5260 ιιι,
493 5211 516 5249 ι.
527 5200 566 5251 tr.
577 5200 629 5238 —2
641 5198 754 5253 count.
764 5200 787 5266 1,
798 5213 852 5265 esp.
865 5213 910 5265 ur,
920 5213 945 5252 ι.
955 5204 996 5254 2¹.

360 5306 385 5345 n
