4559 6100
662 499 706 571 ΙΝ
732 497 978 573 Ertsrotntt
1002 436 1065 573 Au
1090 499 1315 576 achinus.
1715 501 1786 574 167
1879 610 1881 621 .

192 649 338 751 Spiritus
362 647 440 746 ipse
460 645 583 721 habet.
604 650 662 721 Sic
688 663 859 722 construe
879 676 888 721 e
910 654 1029 724 ADeo
1047 656 1150 725 Patre
1173 667 1209 726 et
1232 655 1390 726 Domino
1415 656 1497 727 Jesu
1526 652 1686 743 Christo,
1705 656 1784 725 Deo

194 777 288 844 Patre
303 782 428 841 nostro
441 767 542 858 dion,
562 784 636 841 tam
654 770 801 842 Domini
824 771 956 843 scilicet
978 775 1062 845 lesu
1078 772 1208 845 Christi
1225 778 1330 847 Patre
1354 798 1464 871 quam
1492 773 1618 845 nostri.
1641 772 1733 843 Hinc
1750 788 1785 845 et

193 894 261 991 ipse
277 888 385 961 Filius
395 892 513 960 Deum
532 893 673 961 Patrem
690 904 764 962 tam
783 915 889 962 suum
908 915 1018 989 quam
1037 907 1203 965 nostrum
1221 892 1376 992 appellat
1397 892 1564 964 dicens¹:
1588 891 1784 962 «Ascendo

193 1010 234 1083 ad
256 1013 401 1081 Patrem
418 1032 539 1080 meum
557 1022 594 1081 et
618 1012 757 1081 Patrem
774 1023 947 1082 vestrum.
969 1042 986 1077 »
1002 1011 1100 1083 lllius
1114 1013 1262 1129 <guidem
1280 1037 1345 1110 per
1360 1027 1547 1103 naturam,
1563 1009 1677 1081 nostri
1698 1033 1784 1080 vero

193 1155 253 1229 per
264 1128 513 1227 adoptionem.
533 1131 585 1198 Ex
602 1152 677 1226 quo
693 1130 847 1201 maxime
871 1130 1021 1226 gratiam
1042 1132 1109 1203 Dei
1136 1156 1219 1228 erga
1241 1156 1309 1204 nos
1330 1129 1578 1222 commendat,
1596 1151 1784 1228 perquam

194 1246 311 1321 fratres
323 1246 499 1319 efficimur
514 1259 549 1319 et
561 1246 765 1321 cohaeredes
777 1249 925 1321 Domini
939 1252 1020 1321 Jesu
1039 1249 1179 1323 Christi.
1198 1251 1274 1323 Filii
1286 1252 1347 1348 qui
1361 1249 1516 1322 dicimur
1531 1272 1595 1347 per
1608 1271 1784 1335 amorem,

127 1377 129 1381 ’
194 1383 226 1441 et
239 1367 352 1463 magis
369 1390 479 1464 quam
496 1390 562 1464 per
584 1368 751 1439 timorem
772 1367 995 1464 subjicimur.
1012 1371 1212 1441 Dominum
1231 1374 1351 1442 lesum
1372 1369 1479 1459 dicit,
1497 1368 1583 1466 quia
1599 1367 1630 1438 ei
1646 1364 1787 1438 assidua

193 1503 224 1560 et
239 1502 415 1586 perpetua
431 1485 586 1559 debetur
603 1486 827 1581 obedientia,
846 1488 939 1561 sicut
955 1489 1114 1562 Domino
1131 1513 1153 1562 a
1169 1490 1297 1582 servis,
1312 1490 1411 1587 juxta
1439 1487 1539 1586 quod
1566 1486 1730 1584 superius
1753 1499 1787 1554 et

192 1630 386 1679 seservum
401 1604 505 1677 dixit.
1244 1594 1263 1641 ¹

145 1784 148 1793 .
240 1727 441 1798 «Primum
456 1724 617 1821 quidem.
641 1755 657 1795 s
678 1731 730 1799 Ne
746 1728 927 1825 praemissa
949 1728 1113 1826 Epistolae
1146 1727 1310 1800 salutatio
1340 1727 1451 1823 magis
1474 1750 1516 1797 ex
1543 1726 1732 1797 occasione
1752 1740 1788 1796 et

194 1845 451 1920 consuetudine
476 1844 659 1918 scribendi
685 1848 861 1946 Epistolas
888 1871 997 1944 quam
1022 1873 1065 1920 ex
1090 1846 1220 1920 ellectu
1247 1848 1402 1919 caritatis
1432 1844 1571 1944 prolata
1586 1844 1784 1932 videretur,

193 1978 394 2063 quantaene
410 1964 581 2037 charitate
593 1965 828 2065 amplectatur
842 1968 1020 2053 annectit,
1037 1966 1160 2039 dicens
1176 1992 1213 2039 se
1230 1968 1386 2067 primum
1401 2020 1410 2057 ‚
1425 1965 1463 2038 id
1475 1980 1528 2038 est
1540 1966 1707 2053 maxime,
1720 1989 1786 2062 pro

193 2084 425 2156 conversione
436 2097 472 2155 et
488 2081 560 2155 lide
579 2086 844 2176 Romanorum,
863 2091 940 2158 Deo
970 2086 1098 2183 gratias
1128 2110 1253 2181 agere,
1278 2110 1365 2184 cum
1377 2109 1445 2184 pro
1476 2082 1644 2155 omnibus
1667 2099 1786 2155 tamen

193 2204 370 2275 conversis
384 2202 423 2274 id
434 2201 640 2277 laciendum
652 2205 709 2277 sit.
729 2206 930 2304 Oportebat
949 2207 1056 2277 etiam
1070 2205 1238 2301 gratiam,
1259 2229 1369 2302 quam
1385 2204 1421 2274 in
1441 2228 1503 2274 eos
1518 2202 1712 2301 Apostolus
1728 2201 1788 2273 ha·

192 2321 321 2410 bebat,
339 2322 436 2420 prius
446 2346 532 2394 eum
545 2322 753 2417 ostendere;
770 2340 810 2396 ut
826 2349 910 2397 cum
924 2350 985 2397 eos
1002 2324 1156 2421 graviter
1173 2323 1409 2423 postmodum
1430 2321 1727 2422 reprehenderet,
1745 2347 1788 2393 ex

193 2464 314 2513 amore
330 2441 366 2511 id
379 2442 514 2513 lactum
528 2440 786 2538 intelligerent,
806 2459 841 2515 et
865 2443 1033 2515 libentius
1051 2443 1127 2538 ejus
1152 2443 1411 2514 correctionem
1427 2441 1484 2512 vel
1501 2439 1787 2513 admonitionem

192 2559 421 2658 susciperent.
440 2560 551 2648 Quasi
577 2585 662 2657 ergo
680 2560 922 2655 blandiend0,
949 2587 1051 2634 more
1066 2561 1204 2633 solertis
1222 2561 1391 2653 oratoris,
1410 2559 1510 2657 prius
1525 2583 1588 2630 eos
1603 2558 1729 2647 allicit,
1749 2573 1789 2629 ut

193 2678 237 2752 ad
252 2677 475 2751 audiendum
489 2681 701 2753 attentiores
717 2704 759 2753 ac
782 2680 979 2753 benevolos
1002 2706 1065 2754 eos
1087 2681 1200 2776 magis
1221 2679 1360 2754 reddat.
1380 2679 1518 2750 Gratias
1538 2676 1646 2750 alicui
1662 2701 1786 2774 agere,

193 2813 320 2897 estpro
330 2797 508 2873 beneficio
524 2799 572 2871 ab
588 2824 632 2872 eo
649 2802 756 2896 gratis
772 2802 903 2874 collato
915 2827 999 2874 eum
1008 2801 1175 2894 laudare,
1196 2799 1431 2889 benedicere,
1451 2796 1663 2895 glorificare.
1680 2828 1697 2864 α
1712 2803 1789 2868 Deo

194 2941 273 2990 meo
284 2943 351 3017 per
368 2922 489 2990 lesum
506 2918 701 2991 Christum.
720 2948 738 2988 r
755 2925 832 2994 lloc
845 2935 898 2993 est
914 2923 977 3018 qui
995 2920 1083 2992 mihi
1100 2920 1276 3019 propitius
1289 2919 1401 2991 factus
1414 2931 1487 3011 est,
1503 2918 1594 2988 sicut
1607 2931 1641 2987 ct
1656 2919 1789 2989 caeteris

194 3038 439 3136 peccatoribus
451 3063 517 3138 per
523 3038 652 3112 Filium
666 3065 772 3112 suum
784 3039 1052 3141 redemptorem
1062 3066 1103 3113 ac
1113 3038 1349 3112 mediatorem
1362 3052 1537 3109 nostrum.
1551 3035 1644 3108 Vel«
1660 3038 1789 3132 gratias

193 3181 258 3253 ago
271 3188 290 3226 υ
308 3182 373 3255 per
387 3163 508 3231 lesum
526 3158 727 3244 Christum,
748 3161 833 3258 quia
850 3161 887 3233 id
904 3161 1037 3234 lactum
1054 3184 1131 3232 esse
1147 3158 1195 3231 de
1212 3157 1447 3229 conversione
1465 3159 1711 3242 Romanorum
1725 3181 1790 3254 per

193 3276 372 3349 Christum
385 3302 626 3375 recognosco,
644 3303 719 3352 non
737 3306 803 3379 per
818 3295 978 3353 nostram
994 3280 1162 3353 virtutem
1179 3279 1252 3349 sive
1269 3291 1479 3348 caeterorum
1494 3273 1698 3346 hominum.
1719 3276 1790 3362 Qui

193 3396 297 3467 etiam
312 3398 350 3467 in
363 3395 508 3469 laudem
524 3399 591 3469 Dei
606 3422 666 3471 me
681 3399 855 3472 idoneum
874 3423 916 3472 ex
935 3424 995 3470 me
1012 3423 1087 3470 esse
1103 3423 1178 3468 non
1194 3419 1433 3492 recognosco,
1446 3393 1509 3466 sed
1525 3417 1568 3465 ex
1586 3393 1696 3488 gratia
1712 3393 1789 3464 Filii

192 3515 265 3610 ejus
276 3515 337 3587 cui
348 3515 534 3589 deservio:
550 3517 596 3590 de
604 3517 696 3609 hoc,
711 3519 858 3615 inquam
870 3574 879 3604 ‚
891 3518 1020 3615 gratias
1030 3541 1111 3615 ago.
1132 3548 1148 3582 e
1162 3517 1255 3604 Quia
1267 3514 1355 3585 fides
1371 3528 1489 3586 vestra
1505 3511 1749 3584 annuntiatur.
1770 3545 1785 3578 s

193 3637 268 3706 Hoc
277 3648 345 3727 est,
355 3633 558 3733 divulgatur
573 3636 620 3709 ad
636 3637 779 3710 laudem
796 3638 862 3709 Dei
876 3693 884 3728 ,
898 3636 992 3708 etad
1009 3635 1214 3734 exemplum
1227 3633 1471 3706 conversionis
1487 3631 1640 3705 aliorum
1657 3631 1694 3701 in
1713 3644 1789 3704 toto

193 3752 351 3846 mundo,
361 3738 405 3826 'id
414 3769 480 3845 est,
495 3754 702 3853 ubicunque
714 3771 891 3830 terrarum
908 3757 965 3828 rel
980 3756 1017 3826 in
1032 3755 1188 3827 maxima
1199 3768 1300 3852 parte
1318 3778 1454 3826 earum.
1473 3756 1556 3840 Quo
1574 3776 1662 3823 vero
1678 3753 1791 3849 magis

192 3885 300 3944 notus
315 3886 394 3944 erat
413 3876 595 3946 Romanus
608 3875 766 3974 populus
783 3876 885 3973 quasi
901 3890 1010 3975 caput
1022 3877 1131 3948 totius
1149 3874 1292 3958 mundi,
1313 3871 1425 3968 magis
1443 3870 1576 3967 ubique
1589 3872 1790 3944 innotesce·

191 3987 278 4063 bant
293 4015 376 4089 quae
392 3992 490 4091 apud
508 3996 688 4066 Romanos
711 3993 867 4085 fiebant3
886 4009 922 4067 et
946 4019 1020 4093 quo
1045 3993 1247 4093 superiores
1266 4004 1386 4084 erant,
1411 3992 1522 4086 magis
1548 3989 1712 4088 exemplo
1736 3993 1790 4062 sui

191 4124 340 4184 ceteros
355 4109 403 4182 ad
420 4113 692 4185 conversionem
709 4113 923 4187 invitabant.
937 4113 1041 4186 Unde
1057 4113 1298 4203 Quintilianus
1313 4111 1358 4183 de
1375 4113 1472 4182 Caeco
1486 4136 1498 4180 .·
1513 4139 1530 4175 a
1545 4113 1646 4197 Quo,
1658 4108 1787 4206 inquit,

190 4227 236 4299 ad
254 4228 423 4301 altiorem
444 4231 596 4329 quisque
614 4232 764 4305 honoris
782 4233 934 4329 gradum
951 4230 1173 4322 extenditur,
1193 4232 1304 4327 magis
1319 4232 1358 4302 in
1377 4227 1582 4328 exemplum
1599 4231 1791 4327 spectanti-

190 4345 259 4420 bm
269 4363 381 4448 patet.
392 4377 411 4417 n
427 4353 516 4422 ltem
533 4377 542 4422 z
560 4382 578 4417 α
594 4356 677 4425 Haec
690 4353 850 4425 conditio
864 4354 1092 4452 superiorum
1108 4366 1174 4446 est,
1190 4367 1229 4424 ut
1243 4351 1420 4449 quidquid
1433 4351 1580 4438 iaciunt,
1598 4350 1791 4448 praecipere

188 4468 397 4543 videantur.
411 4500 431 4537 r
444 4475 495 4543 Ex
504 4471 561 4544 his
573 4473 721 4571 quidem
733 4489 769 4546 et
777 4472 1025 4546 consimilibus
1040 4471 1200 4572 Apostoli
1213 4472 1330 4545 verbis
1342 4528 1352 4565 ,
1364 4471 1496 4569 quibus
1513 4470 1598 4542 dicit
1612 4493 1650 4542 se
1666 4471 1795 4566 gratias

189 4590 271 4660 Deo
284 4612 395 4687 agere
411 4615 477 4688 per
494 4581 615 4665 lesum
633 4593 828 4685 Christum,
846 4593 1019 4684 Ecclesia,
1039 4592 1077 4664 ni
1096 4592 1212 4683 fallor,
1236 4592 1272 4664 in
1291 4591 1593 4664 consuetudinem
1607 4589 1733 4682 duxit,
1755 4603 1794 4660 ut

190 4705 230 4776 io
248 4706 553 4785 celebrationibus
575 4714 762 4787 Missarum
779 4737 863 4786 cum
885 4717 963 4788 Deo
989 4713 1083 4785 Patri
1106 4713 1226 4811 gratiae
1241 4712 1463 4803 reseruntur,
1485 4709 1541 4783 vel
1557 4710 1596 4782 in
1613 4709 1698 4807 ipsis
1715 4733 1794 4781 ora·

190 4824 336 4900 tionum
350 4830 584 4927 petitionibus
599 4857 741 4934 semper
754 4834 995 4933 adjungatur:
1015 4862 1033 4903 u
1048 4840 1117 4906 Per
1136 4833 1336 4906 Dominum
1356 4846 1521 4905 nostrum
1543 4833 1664 4900 lesum
1682 4825 1792 4898 Chri-

225 5098 323 5167 ·Jom,
333 5115 389 5167 cap.
402 5115 446 5168 xx,
458 5119 482 5157 v.
494 5107 533 5158 tr.
