4559 6100
491 552 540 624 42
1088 544 1217 616 Paret
1242 543 1476 617 lantiunt

491 693 677 793 quomodo
693 692 919 767 abstrahatur
929 715 954 764 a
967 714 1135 791 eorpore,
1154 706 1191 763 et
1203 715 1278 765 non
1296 690 1402 763 vellet
1417 695 1513 763 Deus
1528 689 1738 762 oontristare
1749 710 1836 763 enm
1851 692 1890 763 in
1905 689 2085 765 desiderio

492 806 579 901 ejus,
600 805 736 877 invenit
752 803 939 875 hominem
956 803 1184 901 peregrinum
1204 802 1383 897 jacentem
1399 801 1437 875 in
1451 800 1570 900 platea
1585 813 1773 897 agrotum,
1799 824 1874 873 non
1890 800 2085 875 habentem

492 924 554 1019 qui
569 924 603 995 ei
619 944 743 996 curam
760 921 960 995 adhiberet.
990 926 1137 1015 Etcum
1158 921 1313 993 venisset
1332 919 1425 994 hora
1439 917 1668 993 dormitionis
1680 918 1771 1016 ejus,
1789 920 1968 1019 conspicit
1978 920 2086 994 irater

492 1042 551 1115 ille
571 1041 783 1114 Michaelem
796 1054 834 1112 et
846 1039 1051 1123 Gabrielem
1064 1038 1322 1119 descendentes
1339 1052 1486 1137 propter
1501 1038 1659 1110 animam
1676 1036 1766 1134 ejus.
1787 1042 1830 1110 [tt
1843 1038 1974 1113 sedens
1991 1062 2087 1112 unus

493 1186 511 1231 a
531 1160 677 1253 dextris,
694 1173 731 1232 et
746 1160 836 1233 alius
853 1183 877 1232 a
896 1159 1153 1256 sinistrisque,
1171 1156 1348 1254 rogabant
1365 1157 1526 1230 animum
1542 1156 1620 1253 ejus
1636 1169 1676 1228 ut
1692 1156 1936 1253 egrederetur,
1957 1171 1993 1230 et
2007 1181 2083 1230 non

494 1278 613 1352 exibat
627 1278 728 1374 quasi
740 1278 868 1351 nolens
884 1277 1086 1374 relinquere
1101 1300 1234 1375 eorpus
1250 1296 1369 1348 suum.
1385 1276 1484 1348 Bixit
1496 1289 1618 1348 autem
1633 1273 1779 1348 Gabriel
1790 1275 1839 1347 ad
1854 1275 2081 1349 Michaelem:

498 1428 515 1465 s
529 1405 675 1471 Assuum
682 1398 758 1493 jem
771 1398 930 1471 animam
941 1398 1045 1470 istam
1059 1410 1290 1468 utexeamus.
1306 1394 1559 1468 »Cuillichael
1573 1391 1758 1493 respoudit
1772 1421 1780 1464 :
1793 1424 1813 1461 a
1828 1395 1920 1467 Jussi
1930 1419 2086 1468 sumusa

495 1517 653 1588 Domino
669 1530 707 1587 ut
724 1515 801 1587 sine
820 1514 948 1587 dolore
965 1513 1142 1609 ejiciatur,
1161 1512 1317 1610 ideoque
1334 1538 1410 1587 non
1426 1534 1615 1612 possumus
1632 1534 1716 1585 eum
1733 1511 1768 1583 vi
1785 1512 1938 1587 avellere
1953 1537 2048 1587 eam.
2064 1542 2084 1581 x

494 1633 711 1705 Exclamavit
725 1657 814 1728 ergo
828 1631 980 1705 Michael
993 1654 1123 1729 magna
1136 1652 1226 1704 soce
1243 1631 1387 1705 dieemz
1409 1661 1427 1701 «
1442 1632 1610 1720 Domine,
1630 1630 1719 1727 quid
1736 1631 1789 1704 vis
1803 1631 1850 1704 de
1865 1634 1985 1707 anima
2002 1630 2084 1720 bac,

397 1774 402 1779 ·
495 1752 677 1848 quianon
700 1751 894 1848 acquiescit
909 1749 1015 1823 nobis
1038 1764 1078 1824 ut
1095 1750 1357 1849 egrerliaturis
1378 1751 1485 1823 Venit
1505 1763 1626 1823 autem
1655 1749 1688 1822 ei
1714 1775 1811 1823 vox:
1838 1755 1962 1823 «Ecce
1982 1752 2086 1823 mitto

497 1868 1051 1964 Davidcumcythara,etomnes
1061 1869 1250 1968 psallentes
1259 1868 1492 1960 Hierusalem,
1504 1868 1704 1943 utaudiens
1712 1868 1947 1967 psalmumad
1959 1892 2088 1943 vocem

498 1987 1076 2087 ipsorumegtediatur.»Cumque
1086 1988 1350 2061 descendissent
1362 1988 1935 2061 omnesiucircuituanimaeillius
1942 2004 2089 2062 cantan-

499 2120 551 2179 tes
566 2107 722 2203 hymnis,
742 2105 792 2179 sic
806 2108 970 2187 exsiliens
995 2107 1117 2179 anima
1139 2107 1200 2181 ills
1224 2107 1371 2181 seditio
1390 2106 1556 2180 manibus
1577 2106 1770 2195 Michaelis,
1787 2121 1825 2179 et
1839 2121 2021 2207 assumpta
2036 2123 2090 2181 est

498 2250 583 2297 oum
594 2225 741 2321 gaudio.
755 2230 850 2297 Bene
863 2227 982 2323 itaque
998 2224 1219 2325 Philosophi,
1231 2225 1306 2299 imo
1318 2227 1495 2299 Dominus
1509 2250 1573 2325 per
1586 2249 1648 2297 eos
1662 2218 1700 2297 id
1714 2226 1860 2300 forsitan
1870 2228 2088 2326 ignorantes,

499 2358 572 2421 tam
589 2345 656 2443 ipsi
671 2344 800 2416 animae
812 2343 956 2435 mundi,
976 2369 1086 2442 quam
1100 2344 1347 2443 superioribus
1360 2344 1575 2419 firmamenti
1591 2343 1751 2442 partibus
1767 2346 1916 2421 nimiam
1932 2370 1975 2419 ac
1991 2371 2089 2419 sum·

497 2487 594 2537 mem
615 2462 872 2537 modulationis
893 2464 1104 2539 maritatem
1129 2465 1322 2559 assignant,
1349 2478 1389 2537 ut
1406 2476 1541 2563 quauta
1555 2486 1657 2561 pace,
1674 2478 1810 2562 quanta
1823 2465 1984 2539 iruanmr
2000 2490 2090 2539 con·

497 2581 633 2670 sordis,
655 2605 765 2678 qsram
787 2581 991 2678 diligentius
1017 2598 1166 2681 possent
1187 2582 1439 2682 exprimerent,
1464 2597 1500 2655 et
1522 2605 1631 2679 quam
1654 2581 1882 2656 concorditer
1903 2597 2032 2656 cunum
2053 2586 2090 2657 in

500 2699 638 2771 arundo
661 2698 785 2771 divina
807 2699 991 2797 disponit¹
1015 2699 1177 2791 bonitas,
1206 2724 1317 2797 quam
1344 2701 1392 2772 illi
1421 2702 1578 2775 animam
1602 2690 1743 2795 mundi,
1771 2703 1900 2775 veritas
1919 2702 2090 2800 Spiritum

498 2831 676 2913 sanctum,
694 2830 735 2888 ut
754 2816 892 2888 dictum
919 2830 986 2907 est,
1006 2817 1182 2890 nominat.
1207 2819 1296 2906 Quis
1313 2820 1433 2912 etiam,
1452 2818 1685 2917 sidiligenter
1700 2820 1904 2911 attenderit,
1922 2823 2092 2895 nonani·

501 2934 698 3007 madvertet
707 2936 732 3023 ¹,
749 2933 838 3030 qnid
858 2935 904 3007 de
926 2933 1061 3008 coelesti
1080 2935 1236 3009 dixerint
1257 2935 1448 3011 hmmonia
1469 2963 1548 3036 quae
1565 2940 1602 3010 in
1619 2938 1862 3037 superioribus
1879 2938 2094 3014 firmamenti

501 3053 661 3150 partibus
687 3054 905 3126 incessanter
921 3054 1089 3128 resonat?
1113 3039 1198 3127 cum
1222 3056 1381 3129 coelestes
1396 3056 1559 3130 videlicet
1574 3059 1727 3157 Spiritus
1746 3085 1790 3132 ex
1807 3054 1948 3134 medua
1965 3060 2093 3134 divinae

502 3172 692 3269 majestatis
708 3173 859 3262 ebione,
890 3188 925 3246 et
950 3195 1091 3246 summa
1107 3172 1262 3245 invicem
1280 3176 1474 3248 eoncordia
1492 3175 1659 3273 ligentur,
1678 3191 1713 3250 et
1728 3179 1766 3252 in
1782 3178 1859 3275 ejus
1876 3203 1986 3276 quem
2001 3205 2093 3254 con·

363 3327 367 3334 ·
496 3291 655 3388 spiciunt
673 3290 811 3382 laudm,
819 3295 896 3391 jugi
911 3306 948 3364 et
961 3290 1131 3366 ineffabili
1147 3292 1382 3367 exsultatione
1396 3292 1485 3366 illud
1502 3293 1705 3384 decantent,
1723 3297 1824 3395 quod
1839 3298 1939 3394 juxa
1954 3303 2094 3376 &aiam
2230 3355 2235 3370 .

501 3407 689 3507 Seraphim
702 3408 762 3484 die
774 3433 817 3482 ao
828 3409 1257 3490 nocteconclamarenon
1275 3413 1453 3486 cessant':
1469 3441 1487 3481 u
1501 3415 1664 3504 Sanctus,
1678 3417 1842 3503 Sanctus,
1858 3419 2008 3491 Sanctm
2022 3423 2096 3492 Do-

499 3527 620 3600 minus
639 3529 734 3600 Deus
749 3526 923 3613 Sabaoth,
939 3543 1011 3601 etc.
1033 3558 1054 3596 x
1068 3530 1279 3626 Superiores
1296 3531 1416 3627 itaque
1432 3531 1511 3604 coeli
1531 3531 1587 3604 vel
1604 3531 1820 3608 firmamenti
1837 3551 1955 3636 partes
1970 3537 2096 3610 beatos

502 3643 570 3716 hoa
584 3645 736 3742 Spiritus
757 3645 814 3716 vel
832 3669 960 3718 eorum
976 3647 1203 3719 mansionem
1224 3648 1465 3745 intelligimus,
1484 3675 1577 3747 quos
1594 3651 1702 3726 etiam
1719 3668 1854 3752 septem
1870 3655 2095 3751 planetarum

503 3763 664 3850 nomine,
682 3775 830 3860 propter
842 3761 1089 3844 ‚excellentiam
1104 3763 1273 3838 claritatis
1295 3767 1455 3863 ipsorum
1476 3794 1568 3866 quos
1584 3771 1811 3869 spiritualiter
1827 3772 1949 3845 divina
1966 3775 2092 3868 gratia,

503 3903 583 3976 que
602 3878 819 3978 septiformis
836 3879 978 3969 dicitur,
1005 3879 1196 3973 illuminat,
1221 3907 1298 3956 nen
1319 3884 1516 3982 incongrue
1539 3888 1741 3987 designasse
1763 3890 1941 3964 videntur.
1966 3893 2040 3982 Qui
2061 3909 2098 3965 et

504 3994 597 4069 isene
611 3997 710 4096 apud
726 4001 865 4072 Esaiam
885 3997 1085 4097 Seraphim,
1106 3999 1145 4072 id
1164 4013 1218 4072 est
1241 4002 1463 4098 incendium,
1485 4031 1529 4078 ex
1548 4007 1616 4082 bac
1638 4009 1811 4110 spirituali
1836 4009 2099 4088 illuminatione

505 4116 625 4230 gratiae
646 4115 683 4188 in
706 4135 867 4190 amorem
881 4118 960 4204 Dei·
970 4116 1124 4192 maxime
1145 4140 1316 4193 succensa
1331 4140 1600 4222 nuncupantur.
1631 4130 1802 4227 Superior
1823 4143 1945 4204 autem
1968 4151 2099 4203 eorum

506 4234 644 4310 mansio
660 4248 734 4309 tam
745 4234 918 4333 dignitate
934 4260 1044 4334 quam
1060 4238 1240 4337 positione
1255 4238 1408 4315 dicenda
1424 4243 1577 4335 videtur,
1594 4269 1616 4318 a
1634 4270 1708 4343 qua
1721 4247 1760 4320 hi
1773 4249 1836 4346 qui
1860 4247 2100 4346 superbierint

505 4353 543 4424 in
565 4351 662 4426 hunc
685 4354 919 4450 caliginosum
938 4369 975 4427 et
999 4354 1153 4430 densum
1171 4377 1292 4430 aerem
1307 4358 1444 4433 detrusi
1460 4362 1642 4456 dicuntur,
1667 4367 1730 4463 qui
1751 4366 1823 4440 loci
1840 4390 1985 4464 quoque
2000 4370 2099 4466 posi·

505 4471 602 4543 tione
620 4472 779 4562 inferior,
804 4474 895 4546 sicut
919 4472 1179 4548 inhabitatione
1199 4476 1369 4570 deterior,
1392 4480 1521 4554 inferni
1541 4487 1688 4560 nonnus
1707 4510 1782 4557 non
1798 4486 2097 4559 inconvenienter

504 4590 619 4688 smipi
644 4606 771 4690 potest.
803 4596 896 4664 Bene
912 4606 948 4666 et
967 4592 1062 4666 beati
1078 4596 1230 4693 Spiritus
1245 4596 1295 4669 illi
1308 4598 1383 4671 sive
1398 4625 1553 4698 superna
1571 4627 1698 4676 eorum
1715 4609 1854 4678 mansio
1869 4604 2098 4679 firmamento

507 4723 749 4819 eomparatur,
773 4720 835 4816 qui
848 4722 984 4793 cerna
1000 4744 1066 4820 per
1084 4722 1289 4820 superbiam
1314 4728 1597 4819 eormenntnst,
1620 4729 1693 4804 hoc
1710 4731 1749 4803 in
1761 4756 1838 4804 suae
1864 4731 2042 4806 fidelitatis
2062 4746 2099 4805 et

509 5023 719 5153 &gisem
734 5023 795 5077 (tot.
813 5022 1139 5080 Vtut-’ammas
1156 5026 1218 5080 ons.
1235 5029 1296 5083 ilict.
1315 5057 1344 5071 -
1359 5034 1454 5096 ³1sss',
1471 5049 1526 5100 sap.
1544 5035 1760 5099 rusa-‘Sta
1775 5036 1912 5092 coellet.
1934 5038 2101 5090 amesa
