4559 6100
467 465 543 536 752
1070 462 1199 534 Putat
1227 463 1466 536 ABAEttttut

468 612 675 710 categoricae
691 610 856 685 habentis
873 610 1093 708 disjunctum
1116 611 1320 709 subjectum
1345 638 1388 686 ae
1405 614 1434 684 si
1450 610 1590 685 dicatur
1617 638 1625 683 :
1650 611 1736 684 «hic
1752 610 1809 684 vel
1828 610 1886 684 ille
1903 615 2033 705 currit,
2054 647 2073 682 n

467 734 515 804 ita
538 746 573 804 et
598 756 682 806 curn
705 730 871 817 dicitur:
899 732 1087 827 «intelligo
1112 732 1264 806 alterum
1290 734 1441 804 istorum
1464 758 1622 826 currere,
1638 760 1655 800 n
1676 730 1731 805 vel
1751 761 1768 800 n
1785 732 1868 805 dico
1884 732 2073 807 bominem

466 875 610 923 currere
626 851 834 948 quemdam,
854 882 872 918 ι)
891 851 965 923 duo
983 853 1067 923 suut
1082 876 1205 924 sensns
1221 852 1258 923 in
1277 852 1425 949 singulis
1446 878 1455 922 ε
1480 878 1573 923 unus
1596 850 1764 948 quidem,
1790 851 1889 949 quod
1912 853 2073 953 intelligo

465 971 566 1069 quod
590 971 678 1043 alter
698 973 830 1061 currit,
855 973 912 1043 vel
936 972 1036 1069 quod
1061 971 1144 1043 dico
1170 970 1269 1068 quod
1293 971 1440 1068 quidam
1465 972 1597 1064 currit,
1617 971 1707 1043 alius
1732 971 1833 1070 quod
1850 972 2007 1070 intelligo
2024 975 2073 1052 de

464 1088 577 1163 altero
593 1091 694 1188 quod
713 1092 835 1180 currit3
855 1090 927 1163 boc
941 1105 992 1163 est
1009 1092 1062 1163 vel
1080 1090 1179 1161 bunc
1195 1090 1355 1186 intelligo
1367 1114 1525 1180 currere,
1542 1091 1599 1162 vel
1616 1091 1716 1162 illum
1732 1091 1893 1187 intelligo
1910 1118 2068 1187 currere,

465 1210 521 1283 vel
540 1210 622 1282 dieo
639 1211 802 1282 similiter
819 1210 864 1282 de
881 1210 1041 1308 quodam
1059 1208 1159 1308 quod
1176 1210 1300 1281 currit.
1321 1214 1363 1280 Et
1386 1208 1586 1281 secundum
1602 1210 1761 1308 priorem
1777 1235 1920 1283 sensum
1938 1237 2069 1285 conce·

464 1329 625 1402 <lendum
644 1329 814 1428 estquod
836 1329 1075 1427 quaerebatur,
1102 1343 1138 1400 et
1158 1353 1232 1399 non
1259 1327 1458 1400 secundum
1476 1327 1640 1401 alterum.
1659 1329 1728 1401 Sed
1747 1343 1781 1401 et
1798 1328 1969 1423 fortasse,
1985 1357 2069 1405 eum

377 1510 382 1522 .
465 1450 598 1523 dicitur
609 1481 626 1519 v
639 1466 808 1523 neutrum
823 1448 982 1548 intelligo
999 1473 1171 1522 currere»
1192 1447 1246 1519 vel
1267 1446 1433 1519 «nullum
1451 1447 1638 1521 hominem
1654 1448 1737 1521 dieo
1754 1474 1909 1539 currere,
1921 1480 1938 1517 n
1950 1449 2069 1548 plures

463 1585 547 1642 sunt
563 1596 688 1643 sensus
704 1571 740 1641 in
759 1568 921 1666 singulis,
942 1593 1035 1640 unus
1055 1567 1204 1665 quidem
1222 1565 1455 1639 affirmativus
1478 1583 1514 1640 et
1537 1567 1612 1640 duo
1638 1570 1805 1668 negativi.
1834 1570 1870 1642 si
1896 1570 1993 1642 enim
2017 1572 2066 1644 ita

463 1691 658 1796 accipiatur
678 1726 692 1802 ².
707 1727 725 1767 ι(
738 1696 898 1794 intelligo
918 1696 1019 1795 quod
1036 1710 1162 1770 neuter
1175 1696 1315 1767 currit»
1337 1694 1393 1767 vel
1407 1693 1517 1766 «dieo
1535 1696 1635 1793 quod
1653 1696 1773 1769 nullus
1791 1699 1914 1787 currit,
1932 1728 1949 1764 n
1969 1698 2067 1770 allie-

463 1820 616 1926 mativus
633 1833 685 1891 est
700 1842 841 1892 sensus.
861 1819 898 1888 Si
912 1842 997 1889 vero
1012 1818 1061 1889 ita
1077 1816 1179 1916 quod
1191 1847 1209 1885 v
1223 1816 1559 1913 nentrumintelligo
1575 1841 1733 1909 currere,
1750 1846 1767 1885 a
1779 1816 1851 1889 boe
1862 1832 1936 1890 est:
1959 1848 1977 1884 α
1991 1844 2064 1892 non

463 1938 621 2035 intelligo
638 1937 739 2036 quod
753 1939 840 2010 alter
856 1939 978 2029 currit,
989 1967 1007 2006 n
1019 1937 1077 2009 vel
1093 1939 1164 2010 ita:
1179 1962 1324 2034 «neque
1341 1934 1499 2033 intelligo
1510 1935 1609 2008 hunc
1624 1961 1767 2009 currere
1786 1962 1904 2034 neque
1920 1935 2031 2030 illum,
2044 1970 2062 2007 n

463 2057 538 2130 duo
563 2072 647 2130 sunt
670 2058 826 2154 negativi
851 2083 992 2148 sensus3
1023 2071 1058 2129 et
1083 2057 1223 2156 primus
1249 2055 1398 2154 quidem
1421 2080 1547 2127 sensus
1572 2071 1625 2128 est
1652 2057 1850 2153 negationis
1876 2057 2065 2131 dividentis

461 2177 538 2275 ejus
555 2177 801 2250 affirmationis
823 2201 931 2275 quam
955 2202 1063 2275 supra
1088 2176 1341 2248 concessimus.
1368 2174 1536 2246 Similiter
1553 2175 1868 2248 determinandum
1885 2191 1939 2249 est
1953 2180 1999 2252 de
2018 2203 2062 2250 eo

462 2298 563 2398 quod
583 2298 721 2384 dietum
740 2313 794 2369 est
813 2324 821 2368 :
845 2297 1016 2369 «nullum
1034 2296 1221 2368 hominem
1239 2296 1322 2368 dico
1340 2319 1496 2368 currere.
1515 2323 1533 2362 n

511 2418 621 2506 Quod
638 2443 724 2491 vero
749 2417 939 2516 quaesitum
961 2432 1013 2490 est
1030 2431 1150 2489 utrum
1167 2441 1251 2487 eum
1267 2415 1398 2487 dicitur
1416 2413 1610 2486 «chimera
1627 2439 1705 2510 quae
1722 2431 1776 2488 est
1798 2416 1879 2489 alba
1894 2448 1912 2484 n
1935 2418 2062 2491 intelli-

461 2563 542 2635 gam
565 2538 771 2611 clrimaeram
788 2563 868 2635 quae
886 2551 938 2609 est
953 2536 1056 2626 alba,
1076 2536 1176 2610 nullo
1197 2533 1309 2607 modo
1335 2533 1612 2607 eoncedendum
1638 2549 1709 2625 est,
1728 2537 1811 2608 licet
1827 2537 1862 2609 id
1879 2562 2003 2610 vermn
2019 2540 2062 2610 sit

460 2658 561 2756 qnod
587 2657 743 2729 habeam
768 2656 968 2729 intellectus
992 2656 1100 2752 hujus
1126 2655 1327 2727 orationis:
1350 2685 1367 2721 α
1381 2654 1548 2726 chimera
1573 2678 1654 2751 quae
1676 2670 1730 2726 est
1753 2654 1847 2729 alba.
1868 2685 1885 2723 n
1904 2656 1986 2729 Tale
2011 2672 2063 2730 est

459 2779 557 2850 enim
576 2803 584 2847 z
608 2776 792 2874 «intelligo
808 2777 975 2849 chimaera
990 2800 1068 2872 quae
1085 2790 1140 2847 est
1151 2774 1274 2866 alba,»
1293 2773 1379 2845 acsi
1397 2772 1561 2845 dicatur:
1586 2802 1604 2840 n
1615 2772 1734 2846 babeo
1752 2791 2060 2875 conceptumque

459 2897 624 2993 excogito
650 2897 854 2969 chimaeram
879 2911 914 2968 et
936 2897 1013 2994 ipsa
1038 2910 1091 2967 est
1116 2894 1246 2967 alba.»
1267 2894 1303 2964 Si
1327 2906 1448 2965 antem
1473 2892 1613 2965 dicatur
1640 2893 1832 2992 «intelligo
1856 2894 2058 2967 chimaeram

459 3015 607 3090 albam»
639 3040 761 3090 verum
788 3041 863 3090 esse
888 3029 1027 3115 potest,
1053 3016 1083 3087 si
1106 3013 1271 3087 videlicet
1295 3012 1450 3085 habeam
1478 3012 1699 3087 intellectum
1724 3015 1831 3113 hujus
1857 3016 2056 3089 orationis:

462 3166 480 3205 n
497 3136 664 3210 cbimaera
681 3150 734 3209 est
750 3136 844 3209 alba.
861 3166 878 3205 n

508 3257 600 3331 lllud
617 3273 736 3331 autem
756 3258 1032 3332 concedendum
1056 3258 1177 3356 aliquo
1193 3258 1307 3331 modo
1324 3259 1463 3331 videtur
1479 3257 1591 3354 quod,
1610 3282 1693 3329 cum
1712 3256 1820 3330 audio
1837 3257 1909 3330 hoc
1927 3283 2056 3331 nomen

462 3402 568 3449 «non
595 3378 849 3475 intelligibile»
869 3378 1029 3477 intelligo
1051 3403 1126 3449 non
1145 3377 1385 3476 intelligibile,
1406 3377 1477 3449 hoc
1495 3391 1547 3448 est
1572 3375 1690 3449 habeo
1715 3377 1822 3451 talem
1843 3393 2058 3477 conceptum

458 3497 587 3594 inquo
605 3501 767 3594 excogito
785 3499 920 3596 aliquid
934 3512 1105 3595 tanquam
1125 3522 1200 3568 non
1215 3497 1449 3593 intelligibile.
1468 3495 1841 3590 nominabatur,
1863 3528 1879 3562 e
1900 3498 2057 3595 intelligo

457 3641 534 3690 non
551 3618 786 3715 intelligibile,
801 3647 819 3686 n
832 3618 903 3691 hoc
921 3632 974 3690 est
988 3647 1005 3686 v
1018 3616 1135 3688 habeo
1151 3616 1371 3689 intellectum
1382 3616 1427 3689 de
1437 3616 1559 3714 aliquo
1575 3631 1611 3689 et
1626 3642 1700 3688 non
1715 3631 1833 3716 potest
1849 3617 1939 3689 illud
1955 3618 2055 3690 intel·

458 3736 536 3834 ligi,
553 3766 571 3805 n
592 3738 718 3811 falsum
734 3753 786 3811 est
808 3740 979 3829 omnine,
1002 3751 1038 3809 et
1054 3737 1209 3809 fortassis
1227 3735 1286 3809 bic
1302 3750 1356 3808 est
1371 3737 1483 3833 magis
1498 3736 1665 3835 proprius
1676 3761 1813 3810 sensus.
1832 3736 1902 3810 Sed
1920 3752 1955 3812 et
1972 3763 2053 3810 eum

458 3856 609 3931 dicimus
629 3889 646 3926 v
661 3883 736 3930 non
755 3858 931 3931 divisibile
948 3855 1046 3931 aliud
1068 3857 1154 3949 hoc,
1171 3853 1269 3929 aliud
1284 3855 1384 3947 illud,
1402 3886 1419 3924 n
1438 3858 1467 3928 si
1485 3857 1565 3953 quis
1588 3856 1637 3928 ob
1655 3856 1727 3929 hoc
1743 3856 1839 3930 dicat
1857 3855 1959 3955 quod
1983 3881 2054 3929 non

458 3976 634 4049 divisibile
652 3975 835 4071 dividitur,
857 4003 932 4050 non
948 3978 1087 4049 videtur
1104 3977 1255 4047 omnino
1273 4001 1379 4047 verus
1395 4001 1470 4048 esse
1484 4000 1621 4049 sensus.
1642 3978 1810 4050 Similiter
1826 3992 1863 4049 et
1877 3978 1906 4048 si
1923 3976 2053 4068 dicam,

460 4128 478 4163 α
499 4099 663 4168 Socrates
679 4111 732 4168 est
749 4122 823 4169 non
841 4096 1076 4197 predicabilis
1092 4095 1137 4167 de
1154 4093 1341 4193 pluribus,
1360 4126 1377 4162 n
1397 4094 1453 4168 vel
1474 4125 1490 4161 v
1511 4095 1679 4193 estquod
1697 4121 1772 4168 non
1788 4097 1996 4195 praedicatur
2010 4095 2056 4166 de

330 4278 336 4286 .
456 4213 633 4315 pluribus,
651 4247 668 4282 >2
689 4230 724 4287 et
741 4216 902 4290 similiter
920 4218 1034 4289 Plato.
1052 4216 1089 4285 Si
1105 4213 1189 4286 ideo
1206 4212 1368 4285 dieamus
1385 4239 1459 4285 non
1479 4212 1717 4311 praedicabilis
1736 4216 1782 4288 de
1799 4215 1979 4315 pluribus,
1998 4212 2056 4286 vel

456 4333 641 4433 quodnon
652 4336 865 4433 praedicatur
880 4335 925 4408 de
942 4333 1104 4435 pluribus
1121 4332 1305 4432 praedicari
1319 4331 1364 4403 de
1382 4332 1559 4430 pluribus,
1577 4333 1677 4405 nullo
1697 4333 1811 4406 modo
1828 4331 1993 4407 veredici
2004 4334 2055 4404 vi·

455 4455 578 4550 detur;
597 4458 625 4528 si
644 4481 729 4529 vero
746 4455 936 4551 addamus,
955 4456 1026 4531 boc
1044 4451 1244 4528 universale
1261 4476 1337 4527 non
1354 4451 1531 4525 divisibile
1548 4451 1732 4547 dividitur,
1751 4452 1807 4526 vel
1824 4452 1897 4525 hoe
1914 4455 2055 4525 univer·

455 4577 527 4649 sale
553 4599 628 4647 non
653 4574 879 4674 praedicabile
906 4575 951 4647 de
975 4573 1138 4673 pluribus
1164 4569 1377 4670 praedicatur
1400 4571 1446 4644 de
1471 4570 1651 4671 pluribus,
1674 4572 1810 4646 additio
1833 4573 1909 4645 haee
1931 4596 2054 4645 verum

456 4721 565 4794 quem
584 4696 805 4769 intendimus
822 4694 978 4767 ostendit
995 4717 1153 4764 sensum.

506 4818 639 4904 Quaerit
666 4831 701 4887 et
726 4815 815 4887 illud
833 4814 990 4885 fortassis
1015 4810 1157 4910 aliquis,
1183 4825 1305 4883 utrum
1327 4810 1475 4908 quando
1496 4812 1655 4908 intelligo
1682 4811 1905 4903 chimaeram,
1926 4827 1961 4885 et
1977 4812 2054 4885 talis

455 4950 509 5008 est
524 4961 649 5009 sensus
672 4935 772 5033 quod
787 4933 904 5007 babeo
927 4949 1144 5031 conceptum
1160 4929 1383 5027 hujusmodi,
1399 4933 1511 5028 possit
1528 4932 1599 5003 dici
1619 4931 1720 5030 quod
1736 4932 1894 5032 intelligo
1910 4932 2053 5005 chimae-

455 5081 548 5148 ram,
569 5057 632 5155 qui
656 5071 708 5128 est
732 5056 946 5129 intellectus.
965 5058 1099 5128 Verum
1115 5052 1250 5151 quippe
1274 5065 1327 5125 est
1349 5051 1449 5148 quod
1470 5051 1589 5125 habeo
1607 5068 1825 5153 conceptum
1847 5051 2052 5151 hujusmodi
