4559 6100
508 77 552 142 ab
567 77 635 161 ejus
649 88 780 163 pertore
795 73 920 139 mentio
935 72 1055 138 exulat.
1072 73 1158 137 Cum
1174 89 1283 139 autem
1299 74 1385 139 Deus
1399 70 1556 153 irascitur,
1566 93 1625 161 per
1639 70 1790 162 ingenita
1804 70 1958 167 bonitatis
1969 69 2123 138 affluen-
2245 86 2246 151 ,

506 194 587 260 tiam
601 192 827 261 misericordia
842 191 1041 271 reeordatur.
1062 180 1266 258 lleeordatur
1283 215 1350 257 nou
1364 191 1434 256 siue
1449 189 1628 273 oblivione,
1645 190 1703 281 qui
1718 191 1862 257 irascitur
1877 192 1945 259 siue
1960 214 2123 257 eommo-

507 314 596 380 tioae
609 332 745 405 magnus
761 314 919 380 Dominus
946 328 1068 392 noster,
1087 311 1142 401 qui
1157 313 1203 378 sie
1218 328 1322 378 tentat
1336 333 1474 393 summa,
1493 327 1531 375 ut
1541 334 1652 376 curam
1666 310 1856 377 inferiorum
1871 335 1938 377 uon
1954 309 2119 402 negliget.

374 470 380 483 ,
507 419 612 506 Hujus
633 421 808 512 imaginem
824 418 984 497 semrduri,
1003 419 1097 505 hujus
1119 435 1153 485 te
1169 418 1340 509 oportebat
1354 418 1486 509 vestigia
1505 418 1581 483 totis
1595 418 1763 483 montibus
1782 417 1974 508 amplexari,
1994 432 2033 482 ut
2050 415 2123 481 osl-

416 554 427 581 ⁸
509 540 585 619 rulo
600 562 697 631 quem
713 540 834 630 forcipe
850 540 966 607 tulerat
980 539 1123 630 Angelus
1140 538 1182 605 de
1199 539 1309 620 altari,
1332 560 1485 629 purgares
1504 537 1625 603 vitium·
1633 536 1796 604 labiorum
1812 538 1912 604 Petri.
1928 537 2000 602 Nee
2015 537 2120 627 iguo-

506 682 580 725 rare
598 661 650 746 jus
666 675 736 724 erat
748 674 781 724 te
799 659 965 724 hominem
981 681 1065 741 esse,
1083 680 1181 748 quem
1200 675 1234 726 et
1249 658 1352 750 culpae
1371 656 1532 723 lubricum
1547 657 1674 723 trabere
1690 655 1733 723 ad
1748 680 1897 746 posnam,
1919 672 1954 721 et
1968 654 2120 721 medicus

508 780 615 869 gratia
629 801 780 869 reparare
795 792 901 868 posset
917 775 1119 845 adveniam.

554 897 612 963 His
627 899 672 963 ita
687 896 842 982 decursis,
863 897 1023 963 silentium
1043 899 1181 988 imperat
1200 896 1364 988 prolixitas
1381 897 1546 963 orationis.
1574 897 1617 961 Et
1631 895 1785 985 quoniam
1798 918 1862 961 vox
1881 893 1999 960 lassata
2019 892 2119 958 refri-

509 1017 591 1106 gerii
613 1034 742 1107 portum
760 1020 828 1103 jam
852 1018 992 1108 expetit,
1020 1017 1065 1083 ob
1088 1016 1300 1084 recreandum
1324 1017 1465 1084 hectoris
1488 1015 1651 1083 fastidium
1675 1015 1801 1082 debitus
1824 1015 1931 1106 primo
1955 1013 2119 1081 volumini

510 1136 665 1202 terminus
689 1136 846 1228 affigetur,
864 1152 901 1202 ut
919 1134 960 1202 ad
994 1160 1034 1203 ea
1051 1161 1125 1228 quas
1139 1137 1343 1229 promisimus
1360 1112 1533 1203 enodanda
1548 1133 1697 1233 secundi¹
1715 1135 1878 1203 luctamen
1894 1134 2019 1200 laboris
2038 1133 2118 1199 offi-

509 1254 627 1321 ciosius
643 1255 840 1348 uoriugatm.

1292 1970 1344 2045 ΙΙΙ

957 2287 1253 2379 EPISTOLA
1293 2286 1669 2381 BERENGARII

1098 2602 1142 2658 Ad
1152 2604 1308 2679 episcopum
1322 2604 1515 2660 blimeteusem.

512 2840 594 2907 rant
613 2858 643 2906 et
659 2845 785 2906 Domino
800 2860 854 2905 suo
875 2846 928 2921 6.,
941 2845 1106 2906 blimatensi
1128 2845 1277 2949 episcopo,
1299 2846 1389 2927 pleno
1412 2844 1544 2920 dierum,
1571 2844 1764 2927 berengerius
1793 2843 1930 2905 renotari
1953 2856 1987 2906 ut
2011 2844 2121 2925 equile

1162 2947 1347 3010 Jureumtem
1361 2954 1457 2998 suum.

556 3225 595 3289 In
612 3224 686 3290 loeo
700 3222 840 3289 barbaro
856 3246 972 3314 corpus
987 3248 1097 3291 meum
1113 3249 1132 3291 a
1147 3224 1324 3294 latronibus
1340 3241 1389 3291 est
1402 3222 1613 3307 liberrimum,
1629 3225 1687 3293 sed
1704 3226 1832 3320 spiritus
1848 3248 1940 3292 meus
1955 3221 2044 3314 apud
2059 3246 2116 3289 ros

511 3340 546 3406 in
572 3340 647 3407 looo
670 3359 780 3408 sancto
805 3341 1013 3433 periclitatur.
1038 3345 1243 3436 Quapropter
1263 3346 1298 3410 in
1313 3343 1412 3411 totius
1435 3344 1523 3411 orbis
1545 3361 1717 3435 conspectu
1738 3345 1832 3410 vobis
1854 3343 2008 3409 baculum
2033 3365 2116 3408 mee

510 3461 644 3552 porrigo
666 3459 872 3542 defensionis,
895 3478 932 3526 ut
954 3481 1138 3530 sanctorum
1161 3464 1272 3530 dentes
1292 3463 1442 3531 mordere
1463 3488 1532 3530 nou
1553 3463 1711 3545 audeant,
1733 3488 1830 3554 quem
1849 3461 1934 3530 vesci
1956 3433 2115 3552 spiraculo

389 3643 393 3648 .
510 3580 586 3646 ritae
610 3582 767 3673 permittit
792 3581 981 3648 uuerdeutia
1004 3582 1197 3674 gladiorum.
1221 3584 1269 3649 Sis
1292 3586 1398 3682 igitur
1412 3581 1532 3676 Ulyxes
1551 3607 1635 3653 mete
1653 3609 1774 3669 causae,
1795 3601 1833 3650 ut
1856 3585 1948 3650 cirre
1970 3583 2115 3672 qitamvis

509 3698 575 3766 filia
597 3701 690 3785 Solis,
707 3703 760 3788 jus
775 3724 885 3768 meum
908 3703 1032 3794 magico
1048 3726 1211 3769 murmure
1228 3727 1295 3769 uon
1312 3704 1430 3772 audeat
1448 3705 1637 3788 immutare,
1654 3722 1691 3771 ut
1707 3705 1795 3771 sidus
1813 3727 1895 3770 meae
1911 3702 2114 3768 conscientie

507 3842 574 3884 nou
585 3821 685 3912 possit
700 3820 1018 3915 invidiadenigrare.
1038 3822 1145 3888 Minus
1160 3840 1246 3890 oerte
1263 3823 1420 3909 dolerem,
1442 3824 1469 3891 si
1485 3823 1593 3891 fauces
1607 3823 1674 3916 lupi
1689 3819 1840 3916 biberent
1855 3845 1967 3891 meum
1983 3822 2114 3911 sangui-

509 3960 597 4023 nem,
616 3964 713 4031 quam
728 3942 755 4006 si
767 3942 877 4008 ovium
894 3941 1045 4008 dentibus
1060 3931 1095 4008 in
1111 3942 1210 4009 frusta
1225 3946 1398 4012 minuerer.
1415 3937 1546 4038 Corrige
1560 3946 1669 4038 igitur,
1686 3941 1801 4010 Pastor
1815 3939 1917 4032 bone,
1934 3959 2008 4007 tuas
2023 3962 2111 4023 ores,

508 4082 550 4124 ue
573 4053 686 4126 contra
700 4084 754 4127 me
773 4059 902 4146 balent,
920 4063 996 4152 quia
1014 4087 1084 4129 nou
1102 4086 1175 4130 sum
1196 4064 1289 4156 lupus
1303 4066 1469 4150 insidians,
1494 4065 1553 4133 sed
1568 4064 1657 4133 cauis
1676 4080 1848 4156 protegens
1870 4085 1978 4128 ovem.
1997 4060 2112 4126 Frenis

505 4177 639 4246 taudem
652 4197 757 4248 vestro
775 4179 885 4247 farore
899 4183 1039 4248 sermoni
1053 4182 1126 4249 vela
1143 4183 1270 4266 levabo,
1284 4203 1318 4252 et
1331 4187 1415 4253 inter
1429 4181 1660 4253 oblatrantium
1674 4183 1856 4275 linguarum
1873 4177 1994 4272 Scyllas
2009 4178 2113 4245 firmae

506 4296 638 4364 rationis
652 4299 786 4391 remigio
803 4299 975 4392 navigabo.
995 4302 1137 4392 Imponit
1152 4302 1290 4393 plurima
1307 4304 1376 4372 dim
1391 4329 1473 4374 meae
1489 4329 1636 4397 persouae
1650 4304 1797 4396 religiosa
1815 4323 1951 4384 manus,
1971 4316 2005 4368 et
2020 4322 2115 4366 sacro

539 4519 684 4574 ¹Seeuudru
698 4523 1024 4588 subterseminans
1038 4535 1053 4576 u
1067 4524 1412 4590 mmsmsoepmsest,
1428 4525 1825 4589 utaxepbtalnaqueutlntat
