4559 6100
469 501 538 573 182
1069 502 1200 574 Pli'l'lll
1227 498 1462 574 xssAEtluut

466 651 586 724 anima
602 650 677 748 ipsa
694 674 759 748 per
774 673 950 748 corporea
964 651 1153 725 sustinebit
1168 650 1345 724 membra.
1367 656 1438 722 Nec
1455 664 1576 723 tamen
1593 674 1678 722 enm
1699 673 1743 721 ex
1767 646 1982 747 corporibus
2002 675 2062 746 ge·

465 773 621 843 minetur
635 770 836 842 animarum
854 770 966 867 gloria
986 773 1042 844 vel
1061 797 1181 871 poena,
1208 772 1291 844 ideo
1314 772 1493 869 geminam
1520 770 1624 841 istam
1649 767 1799 865 gloriam
1827 767 1884 841 vel
1917 789 2060 867 poenam

465 890 619 989 simplici
641 889 851 987 angelorum
879 892 934 963 vel
950 891 1158 964 damonum
1187 889 1307 990 gloriae
1330 889 1387 961 vel
1414 914 1529 988 poenae
1550 887 1784 986 praeferimus,
1802 889 1866 986 qui
1881 912 2062 987 corporeae

466 1034 540 1082 non
557 1022 642 1082 sunt
653 1025 801 1083 naturae.
819 1010 928 1098 Quod
945 1036 1046 1102 vero,
1067 1026 1107 1083 ut
1119 1012 1257 1084 dictum
1276 1025 1342 1102 est,
1361 1008 1437 1082 sola
1464 1009 1584 1082 anima
1602 1007 1724 1081 doleat
1744 1008 1800 1080 vel
1822 1009 1964 1101 sentiat,
1994 1011 2060 1110 ipsi

464 1155 610 1228 quoque
632 1146 797 1202 asserunt
812 1132 939 1203 sancti.
961 1130 1066 1205 Unde
1083 1134 1299 1230 Augustinus
1317 1130 1361 1201 de
1383 1133 1531 1201 Ciuitate
1554 1132 1633 1221 nei,
1652 1126 1717 1199 lib.
1735 1132 1821 1220 XX,
1839 1153 1872 1200 c.
1893 1134 1959 1200 11¹:
1983 1160 2001 1196 «ι
2024 1133 2060 1203 Si

465 1249 733 1323 consideremus
750 1250 969 1345 diligentius,
986 1249 1093 1323 dolor
1108 1252 1172 1348 qui
1192 1250 1325 1323 dicitur
1340 1250 1503 1348 corporis
1519 1248 1632 1345 magis
1649 1247 1697 1320 ad
1714 1248 1871 1320 animam
1891 1250 2056 1347 pertinet.

466 1372 600 1443 Animae
619 1385 673 1443 est
690 1371 787 1443 euim
804 1370 942 1463 dolere,
962 1394 1038 1442 non
1055 1370 1239 1468 corporis,
1259 1372 1366 1442 ctiam
1388 1368 1534 1468 quando
1551 1369 1584 1440 ei
1601 1368 1751 1441 dolendi
1768 1393 1874 1441 causa
1889 1370 2022 1441 exsistit
2039 1395 2060 1443 a

463 1514 630 1589 corpore,
656 1514 739 1562 cum
766 1491 803 1561 in
825 1514 870 1562 eo
886 1490 969 1562 loco
986 1490 1098 1579 dolet,
1117 1490 1182 1562 ubi
1202 1489 1342 1562 laeditur
1365 1513 1510 1587 corpus.
1532 1518 1550 1557 >r
1579 1488 1680 1561 Idem
1704 1513 1814 1587 super
1838 1490 2003 1561 Genesim
2018 1493 2056 1563 ἐ

466 1640 484 1675 a
496 1609 636 1681 Sentire
652 1633 727 1681 non
745 1624 798 1682 est
813 1612 989 1709 corporis,
1009 1609 1072 1683 sed
1088 1610 1216 1682 animae
1232 1635 1298 1709 per
1314 1634 1461 1708 corpus.
1477 1641 1495 1676 2>
1514 1613 1619 1681 ltem:
1640 1637 1658 1677 a
1674 1614 1797 1706 Neque
1813 1610 1911 1680 enim
1927 1632 2059 1709 corpus

463 1731 582 1819 sentit,
601 1730 665 1802 sed
682 1732 803 1803 anima
819 1756 884 1831 per
900 1710 1046 1831 corpus.
1070 1759 1088 1800 »
1115 1731 1214 1804 Idem
1235 1731 1286 1801 ad
1305 1734 1517 1802 Dioscorum
1533 1731 1570 1802 iu
1589 1754 1631 1802 ea
1646 1729 1855 1828 Epistola':
1888 1758 1905 1799 a
1923 1733 1976 1802 Tu
2000 1755 2058 1803 me

463 1848 777 1926 innumerabilium
794 1851 1079 1949 quaestionum...
1091 1855 1173 1924 Non
1192 1852 1297 1947 igitur
1308 1852 1438 1950 accipit
1450 1852 1593 1923 animus
1606 1875 1628 1922 a
1639 1873 1792 1949 corpore
1803 1847 1861 1921 vel
1875 1873 2082 1922 summum*

462 1968 601 2042 bonum
618 1971 676 2042 vel
691 1984 831 2069 partem
844 1972 1002 2069 aliquam
1017 1973 1149 2043 summi
1167 1971 1267 2043 boni.
1289 1976 1367 2043 Hoc
1389 1971 1452 2069 qui
1473 1995 1550 2043 non
1572 1970 1709 2062 vident,
1735 1970 1853 2041 caecati
1874 1983 1958 2040 sunt
1981 1969 2057 2043 dul·

462 2088 589 2161 cedine
604 2090 801 2162 carnalium
817 2091 1059 2189 voluptatum,
1077 2115 1187 2189 quam
1201 2116 1242 2162 ex
1257 2090 1454 2189 indigentia
1470 2089 1629 2162 sanitatis
1637 2089 1759 2161 venire
1772 2111 1848 2159 non
1858 2088 2052 2162 intuentur.

461 2209 599 2308 Sanitas
619 2223 740 2280 autem
759 2209 916 2307 perlecta
941 2211 1103 2309 corporis
1128 2209 1189 2282 illa
1207 2223 1366 2282 extrema
1389 2209 1499 2281 totius
1524 2208 1681 2280 hominis
1706 2205 1952 2280 immortalitas
1976 2209 2053 2281 erit.

460 2330 545 2399 Tam
559 2330 696 2424 potenti
713 2330 809 2400 euim
827 2342 955 2401 natura
974 2333 1072 2401 Deus
1095 2329 1178 2401 lecit
1195 2330 1367 2422 animam,
1388 2342 1428 2400 ut
1440 2353 1484 2401 ex
1501 2328 1578 2424 ejus
1593 2327 1799 2427 plenissima
1819 2327 2053 2421 beatitudine,

460 2469 539 2541 quae
555 2447 592 2516 in
611 2444 682 2518 fine
698 2462 904 2545 temporum
918 2447 1048 2519 sanctis
1063 2448 1296 2546 promittitur,
1309 2447 1488 2520 redundet
1503 2448 1610 2519 etiam
1620 2448 1656 2519 iu
1670 2446 1876 2519 inferiorem
1892 2463 2054 2523 naturam

460 2589 539 2661 quae
554 2579 609 2636 est
624 2591 768 2665 corpus,
788 2591 863 2638 non
875 2566 1062 2637 beatitudo
1075 2591 1156 2664 qum
1171 2566 1319 2639 fruentis
1334 2582 1370 2639 et
1386 2566 1614 2663 intelligentis
1630 2581 1683 2638 est
1694 2568 1855 2666 propria,
1870 2567 1934 2640 sed
1946 2568 2056 2666 pleni·

461 2680 550 2754 tudo
568 2684 726 2756 sanitatis
743 2700 780 2755 et
795 2685 1076 2782 incorruptionis
1092 2685 1208 2782 vigor.
1224 2713 1243 2753 u

513 2801 657 2873 «ludaei
683 2803 842 2900 primum
864 2816 900 2874 et
919 2804 1045 2876 Graeci.
1065 2834 1083 2870 s
1104 2803 1268 2876 Judaeum
1292 2818 1398 2877 vocat
1422 2830 1570 2879 omnem
1590 2806 1720 2905 scripto
1758 2807 1835 2901 lege
1867 2805 2052 2899 edoctum,

460 2924 624 2993 Graecum
647 2945 817 3016 omnem,
849 2923 1035 3019 gentilium
1057 2948 1160 2996 more
1175 2923 1476 3022 philosophorum
1499 2928 1562 3024 qui
1587 2926 1700 2998 Graeci
1728 2925 1886 3017 luerunt,
1915 2925 2054 2997 ratione

460 3040 663 3139 praeditum,
686 3040 725 3113 id
747 3056 800 3114 est
816 3042 969 3116 naturali
985 3043 1063 3142 lege
1082 3044 1217 3143 optime
1234 3044 1447 3117 instructum
1465 3076 1475 3136 ;
1498 3071 1655 3144 quorum
1683 3071 1756 3144 quo
1778 3044 1894 3142 major
1909 3059 1963 3117 est
1978 3044 2052 3118 dis-

459 3161 584 3253 cretio,
600 3161 716 3257 major
733 3175 786 3232 est
799 3162 1044 3260 transgressio.
1071 3166 1114 3234 Et
1136 3162 1220 3235 ideo
1238 3165 1287 3235 ait
1305 3191 1347 3233 :a
1371 3165 1483 3237 ludaei
1507 3180 1543 3238 et
1565 3167 1679 3237 Graeci
1704 3166 1875 3265 primum,
1900 3196 1918 3231 u
1942 3163 1981 3237 id
2001 3180 2054 3236 est

458 3279 635 3372 maxime3
658 3309 676 3349 a
695 3283 878 3380 operantis
896 3282 1046 3369 malum,
1062 3311 1079 3350 n
1096 3282 1134 3354 id
1147 3297 1199 3355 est
1211 3282 1463 3382 delinquentis,
1475 3285 1745 3385 comparatione
1756 3284 1890 3357 scilicet
1902 3285 2053 3357 aliorum

457 3397 647 3471 hominum
662 3401 763 3497 quasi
778 3399 982 3474 brutorum.
1006 3403 1160 3474 «Gloria
1175 3418 1295 3476 autem
1312 3419 1348 3476 et
1364 3404 1497 3477 honor.
1518 3433 1536 3473 u
1566 3405 1705 3502 Re‘petit
1726 3405 1906 3502 justorum
1935 3427 2056 3475 remu·

457 3520 683 3591 nerationem
707 3544 817 3617 quam
843 3523 1030 3619 praemisit,
1050 3535 1091 3594 ut
1113 3521 1161 3595 ad
1186 3547 1265 3594 eam
1289 3525 1416 3622 saepius
1439 3537 1677 3597 memoratam
1698 3547 1767 3594 nos
1787 3522 1960 3596 accendat
1979 3546 2055 3595 am·

458 3637 564 3733 plius.
584 3642 712 3709 Pacem
731 3638 879 3736 quidem
891 3638 990 3728 dicit,
1013 3664 1087 3711 non
1106 3642 1222 3712 solum
1241 3642 1399 3739 quietem
1426 3642 1473 3715 ab
1499 3643 1726 3716 infestatione
1749 3643 1966 3716 exteriorum
1983 3642 2056 3713 ini·

459 3755 648 3843 micorum‚
668 3779 795 3828 verum
820 3757 928 3828 etiam
945 3758 1181 3830 concordiam
1199 3758 1296 3832 illam
1312 3762 1457 3861 spiritus
1471 3778 1508 3835 et
1523 3763 1654 3856 carnis,
1674 3776 1715 3833 ut
1734 3763 1772 3834 in
1793 3761 1895 3834 nullo
1908 3760 2054 3833 ulterius

456 3897 540 3945 caro
552 3874 691 3971 spiritui
704 3875 910 3968 reluctetur,
930 3876 1372 3979 omnibuspmrsussmitis
1384 3882 1580 3956 camalium
1591 3883 1859 3981 suggestionum
1868 3878 2051 3953 molestiis.

460 3992 615 4065 «Judaeo
635 3995 792 4092 primum
809 4009 845 4066 et
860 3968 985 4069 Graeco
1005 3996 1156 4088 bouum,
1169 4026 1187 4065 u
1205 3998 1338 4073 scilicet
1356 4005 1565 4103 «operanti
1582 4033 1599 4070 s
1620 4008 1703 4092 Quo
1715 4002 1812 4075 enim
1831 4002 1889 4074 isti
1902 4000 2055 4099 amplius

457 4137 641 4185 summum
653 4112 795 4186 bonnm
806 4116 1006 4188 Dominum
1019 4117 1077 4190 vel
1092 4117 1227 4217 scripto
1235 4118 1294 4192 vel
1304 4120 1444 4193 ratione
1461 4137 1720 4218 cognoverant,
1732 4120 1930 4220 amplius
1899 4144 1976 4216 ejus
1988 4141 2056 4190 vo-

456 4230 585 4306 luntati
598 4232 719 4305 sobrie
731 4234 889 4307 sinendo
901 4234 1136 4309 inherebant.
1155 4264 1174 4306 n
1191 4238 1349 4310 Ptimum
1365 4268 1383 4307 r
1401 4239 1523 4339 itaque
1536 4255 1573 4313 et
1582 4241 1655 4313 hoc
1665 4241 1748 4313 loeo
1759 4265 1828 4341 pro
1841 4269 1859 4308 a
1871 4236 2052 4310 maxime»

456 4352 681 4451 supraponit.
693 4355 801 4426 «Non
813 4369 866 4427 est
878 4354 2054 4457 enim.»Dixitgeneraliteraomninatqueirrdillerenter⁴,nullam

455 4468 589 4543 faciens
606 4471 846 4547 differentiam
860 4476 1106 4550 retributionis
1119 4501 1162 4549 ex
1179 4478 1349 4575 dignitate
1370 4504 1618 4579 personarum.
1648 4484 1691 4552 Et
1716 4480 1858 4573 merito,
1877 4476 2054 4576 quianon

455 4604 508 4662 est
525 4616 763 4690 personarum
777 4596 938 4695 acceptio
950 4596 1047 4695 apud
1063 4600 1192 4690 Deum,
1207 4598 1279 4672 lroc
1293 4614 1359 4692 est,
1378 4625 1566 4701 nunquam
1578 4601 1740 4674 divinum
1750 4598 1926 4698 judicium
1936 4596 2056 4668 minus

454 4707 613 4808 aliquem
631 4711 682 4784 ibi
701 4714 806 4812 punit
821 4713 879 4786 vel
895 4716 1007 4813 magis
1017 4715 1192 4813 glorificat
1205 4743 1273 4819 pro
1288 4720 1409 4818 aliqua
1426 4720 1597 4819 dignitate
1620 4719 1678 4792 vel
1705 4718 1926 4812 excellentia,
1944 4738 2055 4816 quam

486 5018 775 5083 lemltblllllcap
792 5033 831 5082 ru
849 5021 925 5087 opp„
947 5028 967 5072 t
989 5020 1088 5073 1111
1106 5022 1182 5076 tu
1200 5022 1312 5088 llleap
1337 5039 1370 5087 rr,
1396 5027 1474 5092 opp„
1493 5025 1620 5078 t.—lll.
1630 5025 1923 5091 ⁸upur.cx,.,m109p
1941 5022 2059 5074 t..ll-

455 5098 615 5151 ‘antonus
627 5100 783 5163 Differenter.
831 5152 838 5162 ,
