4559 6100
449 536 519 611 196
1048 537 1178 621 PETRI
1202 539 1439 619 ABAELARDI

444 685 663 785 praevidebat
677 710 756 787 quae
769 688 924 764 bonade
942 691 1043 764 malis
1056 692 1133 790 ejus
1147 710 1240 767 esset
1255 696 1331 794 ipse
1348 695 1518 768 facturus.
1534 720 1552 761 n
1572 696 1660 764 ltem
1678 704 1762 791 post
1777 688 1916 789 aliqua:
1937 720 1955 757 α
1970 692 2039 766 Ne·

444 807 622 904 queenim
636 812 733 914 Deus
750 809 876 905 ullum,
896 836 971 886 non
989 811 1072 887 dico
1096 813 1321 911 angelorum,
1349 813 1412 888 sed
1436 813 1493 887 vel
1517 812 1709 885 bominum
1735 825 1901 903 creasset,
1931 836 2039 911 quem

443 925 578 998 malum
593 952 669 1000 esse
685 928 846 1002 loturum
860 933 1072 1031 praescisset,
1093 934 1161 1005 nisi
1178 934 1311 1032 pariter
1327 949 1449 1007 nosset
1470 932 1603 1033 quibus
1624 957 1687 1004 eos
1708 930 1891 1004 bonorum
1916 931 2041 1006 usibus

443 1047 747 1121 commendaret¹.
767 1082 785 1116 α
810 1050 909 1124 ldem
935 1052 974 1123 in
999 1052 1225 1125 Encbiridzb¹
1245 1081 1253 1123 ε
1275 1085 1293 1120 α
1313 1060 1435 1152 Neque
1461 1055 1559 1130 enim
1580 1057 1676 1126 Deus
1702 1052 1934 1149 omnipotens
1955 1076 2040 1124 cum

443 1189 583 1238 summe
609 1165 727 1240 bonus
743 1170 800 1256 sit,
823 1168 898 1243 ullo
919 1170 1032 1244 modo
1053 1172 1186 1245 sineret
1214 1173 1299 1245 mali
1324 1171 1460 1271 aliquid
1482 1196 1558 1246 esse
1579 1172 1618 1244 in
1642 1168 1813 1269 operibus
1837 1170 1937 1263 suis3
1969 1171 2038 1242 nisi

443 1286 667 1385 usqueadeo
683 1304 774 1362 esset
795 1290 1026 1391 omnipotens
1042 1307 1079 1365 et
1094 1292 1230 1384 bonus,
1249 1307 1289 1366 ut
1302 1293 1395 1366 bene
1412 1292 1542 1366 laceret
1559 1305 1595 1363 et
1612 1290 1659 1362 de
1679 1288 1788 1362 malo.
1805 1320 1822 1356 a

495 1410 701 1503 «Quorum,
722 1437 740 1477 n
757 1409 891 1483 scilicet
909 1436 976 1485 nos
991 1410 1332 1511 blasphemantium,
1348 1412 1467 1505 idest,
1487 1436 1562 1484 non
1588 1424 1662 1482 tam
1685 1433 1753 1508 pro
1777 1408 2037 1481 existimatione

443 1549 507 1597 sua
522 1550 632 1624 quam
645 1543 795 1628 propter
807 1554 875 1603 nos
892 1529 1199 1631 blasphemandos
1215 1532 1253 1604 id
1270 1531 1480 1605 dicentium.
1495 1531 1594 1605 Adeo
1608 1553 1766 1626 namque
1782 1527 1875 1602 mala
1891 1552 2038 1627 quoque

442 1670 463 1717 a
479 1649 557 1719 Deo
573 1646 666 1720 bene
683 1649 844 1723 ordinari
859 1650 1063 1743 datumst,
1083 1667 1124 1725 ut
1139 1652 1212 1726 hoc
1227 1654 1336 1726 etiam
1353 1653 1492 1749 gentilis
1507 1650 1567 1724 ille
1580 1648 1819 1749 philosophus
1840 1648 1940 1721 Plato
1958 1672 2036 1720 ma·

326 1805 335 1814 -
442 1763 568 1839 nileste
586 1768 767 1866 professus
783 1771 840 1865 sit,
855 1771 1000 1845 dicens:
1023 1771 1148 1845 «Nihil
1164 1773 1262 1845 enim
1279 1770 1332 1863 lit,
1350 1773 1451 1870 cujus
1466 1786 1586 1845 ortum
1605 1794 1681 1844 non
1698 1768 1855 1866 legitima
1878 1792 1986 1841 causa
2001 1783 2037 1840 et

441 1885 534 1957 ratio
549 1889 738 1985 praecedat.
761 1917 779 1957 n

493 2007 620 2095 «Quid
634 2033 733 2106 ergo.
751 2039 768 2078 n
785 2011 865 2083 Dixi
884 2012 1007 2084 talium
1021 2036 1089 2084 nos
1103 2011 1431 2112 blasphemantium
1444 2011 1578 2109 justam
1594 2034 1671 2082 esse
1689 2007 1975 2100 damnationem,
1993 2032 2035 2082 ex

441 2149 515 2222 quo
531 2150 598 2198 nos
615 2129 769 2202 maxime
784 2130 1057 2205 commendasse
1071 2131 1248 2224 videmur,
1264 2132 1366 2232 quasi
1383 2131 1470 2205 tales
1491 2131 1602 2204 simus
1623 2153 1667 2202 ex
1683 2126 1814 2201 nostris
1830 2128 1978 2215 meritis,
1997 2128 2034 2198 in

440 2242 571 2341 quibus
588 2246 676 2319 nihil
694 2249 740 2320 sit
752 2247 1088 2349 blasphemandum.
1111 2252 1235 2340 «Quid
1249 2276 1348 2347 ergo,
1363 2280 1381 2316 n
1400 2250 1437 2323 id
1450 2264 1517 2340 est,
1531 2275 1621 2322 num
1634 2246 1723 2347 quid
1732 2261 1851 2345 potest
1864 2244 1936 2318 dici
1952 2247 2035 2345 quia

440 2365 673 2462 praecellimus
688 2366 777 2439 tales
799 2367 893 2464 juste
915 2369 1156 2461 damnandos,
1174 2370 1295 2463 idest,
1319 2396 1362 2445 ex
1380 2372 1535 2471 propriis
1550 2368 1686 2442 meritis
1705 2381 1741 2439 et
1759 2380 1882 2439 nostra
1905 2368 2035 2440 virtute

439 2482 620 2579 digniores
637 2510 762 2559 sumus
774 2488 842 2561 illis
859 2488 874 2558 l
900 2521 917 2555 α
936 2493 1206 2588 Nequaquam»
1226 2490 1290 2562 sed
1306 2492 1426 2589 potius
1442 2516 1486 2564 ex
1504 2495 1581 2563 Deo
1599 2511 1709 2587 quam
1725 2511 1772 2559 ex·
1787 2485 1894 2558 nobis
1915 2501 1980 2577 est,
2004 2489 2033 2559 si

439 2602 628 2701 quidboni
645 2603 833 2699 habemus,
846 2609 936 2681 sicut
953 2623 988 2681 et
1003 2609 1041 2679 in
1058 2609 1291 2707 sequentibus
1304 2612 1366 2683 ait.
1382 2612 1475 2699 Quia
1490 2635 1564 2683 non
1583 2624 1636 2681 est
1652 2607 1805 2680 volentis
1821 2631 1939 2704 neque
1955 2632 2034 2679 cur·

437 2723 560 2812 rentis,
580 2722 642 2795 sed
659 2726 859 2799 miserentis
874 2727 954 2818 Dei,
973 2729 1057 2826 quia
1073 2728 1150 2825 ejus
1162 2728 1409 2802 misericordia
1424 2728 1603 2802 sufficiens
1620 2725 1731 2800 estad
1746 2726 1898 2799 salutem
1915 2728 2034 2825 potius

436 2865 546 2939 quam
564 2857 686 2915 nostra
704 2843 876 2936 valitudo,
894 2848 1067 2945 quoniam
1090 2871 1133 2920 ex
1149 2847 1256 2921 nobis
1274 2873 1402 2921 omnes
1424 2849 1530 2922 simul
1556 2845 1752 2946 culpabiles
1777 2869 1912 2938 sumus,
1941 2845 2033 2918 sicut

436 2961 599 3061 superius
615 2962 838 3037 ostendimus
855 2980 929 3038 tam
944 2966 990 3039 de
1006 2966 1135 3039 ludaeis
1150 2992 1260 3066 quam
1276 2994 1318 3040 ex
1334 2968 1511 3042 Gentibus
1527 2992 1654 3041 omnes
1667 2963 1923 3038 inexcusabiles
1939 2988 2027 3036 esse.

436 3083 479 3152 Et
497 3079 570 3153 hoc
587 3096 653 3172 est,
675 3111 692 3151 c
706 3086 847 3157 Causati
864 3087 962 3158 enim
978 3111 1116 3178 sumus,
1132 3117 1151 3156 n
1170 3086 1207 3160 id
1224 3102 1288 3183 est,
1309 3090 1410 3188 quasi
1426 3090 1462 3161 in
1474 3112 1620 3161 causam
1637 3083 1841 3160 accusando
1862 3084 2033 3157 traximus

436 3214 508 3271 tam
524 3205 543 3270 J
547 3200 667 3273 udaeos
678 3226 789 3300 quam
797 3207 951 3299 Graecos,
971 3230 1064 3303 quos
1080 3208 1315 3306 sapientiores
1331 3232 1409 3281 esse
1425 3208 1608 3281 convenit.
1622 3210 1785 3278 «Omnes
1800 3202 1868 3276 sub
1883 3218 2031 3302 peccato

434 3343 522 3407 esse,
542 3352 559 3386 a
578 3319 615 3392 id
632 3336 698 3413 est,
714 3337 749 3394 et
766 3349 847 3397 reos
865 3350 942 3399 esse
958 3341 995 3399 et
1010 3351 1126 3426 poenae
1142 3326 1298 3421 debitos,
1318 3342 1489 3427 tanquam
1504 3342 1792 3425 transgressores.
1811 3328 1854 3396 Et
1868 3324 1940 3396 hoc
1952 3326 2031 3422 qui·

435 3439 517 3512 dem
545 3441 592 3514 ad
613 3442 817 3538 generalem
841 3447 1032 3519 revertitur
1057 3448 1314 3539 invectionem,
1333 3446 1506 3545 colligens
1533 3472 1577 3520 ex
1603 3446 1787 3544 scripturis
1814 3444 2026 3536 testimonia,

434 3560 565 3658 quibus
579 3585 705 3634 omnes
717 3566 850 3662 pariter
865 3590 948 3638 reos
961 3580 998 3639 et
1013 3567 1271 3641 inexcusabiles
1288 3570 1489 3641 convincat.

485 3709 501 3748 ‹
524 3682 623 3752 Sicut
638 3683 811 3780 scriptum
832 3698 897 3756 est.
921 3717 938 3752 a
957 3690 997 3758 ln
1017 3684 1158 3758 Psalmo
1175 3687 1343 3760 videlicet
1360 3691 1448 3760 cuv⁸
1470 3714 1478 3757 :
1502 3718 1519 3755 a
1536 3688 1630 3776 Quia
1647 3711 1722 3759 non
1740 3701 1793 3759 est
1807 3687 1924 3783 justus
1938 3685 2030 3782 quis·

433 3823 556 3896 quam,
571 3812 640 3870 etc.
656 3828 674 3866 n
696 3799 855 3874 Psalmus
871 3805 932 3877 hic
946 3804 1008 3877 ubi
1025 3806 1230 3878 testimonia
1247 3807 1323 3880 haec
1345 3806 1441 3908 apud
1460 3831 1527 3880 nos
1542 3808 1786 3898 continentur,
1804 3806 1906 3903 quasi
1924 3828 2029 3901 gene·

433 3918 545 3991 ralem
561 3918 802 3992 invectionem
818 3921 901 3995 lacit
917 3924 954 3996 in
971 3928 1174 4024 omnesqui
1194 3941 1335 4027 tempus
1351 3952 1423 4000 suae
1439 3927 1650 4001 visitationis
1666 3950 1742 3998 non
1758 3939 2026 4021 cognoscentes,

432 4040 533 4136 quasi
550 4064 617 4138 pro
635 4038 903 4116 abominatione
927 4043 1133 4119 habueruut
1156 4049 1352 4121 Dominum
1373 4072 1440 4147 pro
1460 4047 1619 4119 humana
1636 4045 1884 4143 redemptione
1903 4045 2029 4117 incar-

432 4159 510 4230 nari
526 4172 562 4231 et
579 4161 665 4258 pati.
688 4160 791 4234 Unde
806 4176 842 4235 et
858 4163 941 4236 alibi
959 4166 1055 4238 idem
1071 4167 1308 4265 Apostolus⁸z
1332 4198 1349 4234 α
1369 4171 1441 4240 Nos
1461 4182 1582 4241 autem
1599 4164 1832 4264 predicamus
1848 4162 2028 4236 Christum

432 4276 656 4368 crucifixum,
676 4280 805 4354 ludaeis
830 4284 977 4380 quidem
1001 4286 1225 4379 scandalum,
1253 4286 1418 4387 gentibus
1440 4301 1558 4360 autem
1576 4285 1775 4358 stultitiam.
1794 4312 1812 4351 u
1829 4283 1885 4356 ait
1909 4284 2028 4380 itaque

434 4396 593 4470 Psalmus
605 4426 614 4470 ε
633 4428 650 4466 v<
667 4400 760 4473 Dixit
777 4402 961 4501 insipiens,
980 4435 997 4472 a
1014 4404 1053 4477 id
1069 4421 1121 4478 est
1134 4407 1298 4480 animalis
1309 4400 1436 4500 homo,
1455 4408 1517 4504 qui
1535 4431 1609 4478 non
1626 4406 1778 4505 percipit
1795 4427 1838 4475 ea
1850 4425 1931 4501 quae
1943 4416 2029 4474 suut

432 4516 582 4614 Spiritus
599 4519 678 4610 Dei,
694 4518 739 4592 de
753 4546 885 4595 arcano
899 4523 1065 4598 videlicet
1085 4524 1149 4598 illo
1174 4541 1303 4599 nostrae
1323 4527 1559 4626 reparationis
1577 4524 1759 4623 mysterio,
1777 4547 1862 4595 cum
1881 4518 2029 4593 infirmi·

433 4649 541 4707 tatem
558 4642 729 4737 assumpti
742 4641 901 4716 hominis
916 4644 1128 4743 inspiceret:
1145 4676 1162 4715 «
1179 4652 1259 4719 Non
1273 4661 1325 4720 est
1341 4651 1478 4738 Deua»
1491 4646 1578 4718 dixit
1592 4645 1652 4718 bic
1664 4644 1810 4742 quidem
1822 4666 1897 4715 non
1910 4639 2028 4714 verbis

432 4756 598 4852 negando
616 4759 883 4854 tantummodo,
902 4763 994 4836 sicut
1012 4769 1135 4837 Petrus
1153 4791 1237 4838 eum
1253 4765 1434 4864 negando,
1472 4764 1587 4839 sedet
1604 4762 1729 4853 corde,
1756 4762 1842 4860 quia
1861 4761 1928 4832 etsi
1950 4784 2027 4832 cve·

432 4872 535 4966 didit,
561 4877 633 4949 hoc
652 4893 719 4972 est,
748 4881 949 4980 paucissimi
975 4899 1011 4955 et
1032 4886 1134 4982 quasi
1155 4885 1244 4957 nulli
1269 4901 1353 4959 sunt
1372 4886 1434 4983 qui
1447 4885 1532 4981 justi
1557 4897 1654 4975 sunt,
1682 4881 1720 4954 id
1743 4896 1809 4975 est,
1832 4880 2027 4979 unicuique

467 5153 878 5225 arliocomenus-²021).
892 5171 927 5222 n,
940 5160 1019 5231 opp,
1033 5170 1052 5212 ι.
1066 5161 1105 5225 vt,
1115 5162 1163 5214 cot.
1177 5164 1230 5215 tta.
1245 5190 1272 5204 -·
1284 5168 1294 5201 ⁸
1304 5162 1402 5218 Pactu.
1415 5175 1469 5223 cxv,
1484 5178 1508 5214 v.
1520 5165 1558 5216 tt.
1567 5191 1597 5202 -
1607 5162 1617 5195 '·
1629 5162 1639 5212 Ι
1652 5158 1785 5224 conata,
1799 5171 1855 5223 cap.
1868 5170 1887 5219 r,
1899 5170 1921 5205 r.
1937 5158 1976 5205 23.
