4559 6100
534 87 581 153 ihi
604 102 636 151 te
658 87 849 176 expectabo.
872 85 1017 170 Quodsi
1041 86 1152 152 abbati
1173 103 1231 152 tuo
1255 85 1467 174 inobediens,
1485 86 1575 178 quod
1590 87 1696 154 faeere
1719 111 1787 153 nen
1813 86 1954 171 dubitas,
1978 88 2139 174 extiteris,

512 288 514 291 ι
533 207 729 296 ubicumque
751 222 910 273 terrarum
931 206 1073 289 latueris,
1089 222 1122 272 te
1136 205 1307 296 quesitum
1322 206 1497 273 inveniam.
1517 205 1692 290 Quomodo
1714 230 1792 273 vero
1815 222 1898 273 stare
1921 222 2029 297 potest
2054 208 2141 296 qued

534 325 641 391 dixisti
663 341 735 391 toto
755 349 808 391 me
830 325 955 392 mundo
975 325 1160 416 expulsum,
1186 348 1260 390 cum
1283 340 1317 390 et
1336 326 1452 409 Roma,
1482 350 1554 415 quae
1576 324 1691 392 mundi
1709 342 1806 417 caput
1826 341 1892 407 est,
1918 348 1971 391 me
2004 324 2142 393 libenter

533 445 689 534 excipiat,
707 460 740 510 et
764 444 963 511 audiendum
985 444 1135 510 libentius
1157 443 1368 533 amplectatur
1387 460 1420 510 et
1437 444 1548 511 audito
1565 445 1771 511 libentissime
1794 443 2012 533 obsequatur?
2027 444 2140 535 Neque

532 585 609 628 vero
635 564 832 629 Turonensis
857 563 990 630 eeclesia
1012 564 1065 629 rel
1086 562 1248 646 Leucosia,
1270 562 1327 627 ubi
1353 561 1395 628 ad
1418 562 1517 654 pedes
1546 586 1637 630 meos
1658 564 1802 655 magistri
1831 564 1880 627 tui
1911 561 2139 652 discipulerum

531 684 776 749 minimus'tam
801 682 858 750 diii
882 684 1044 767 resedisti,
1080 700 1135 749 aut
1161 683 1328 748 Bituntina
1355 682 1486 749 ecclesia
1518 685 1552 749 in
1586 683 1703 773 quibus
1728 683 1912 748 canonicus
1926 705 2016 766 sum,
2051 700 2139 750 extra

530 801 690 868 mundum
712 818 798 885 sunt,
821 827 893 893 quae
909 827 962 868 me
986 825 1099 868 omnes
1121 818 1156 868 et
1176 817 1372 869 venerantur
1394 818 1426 868 et
1452 803 1574 885 ferent,
1592 818 1625 867 et
1650 798 1739 891 quod
1764 800 1838 866 dico
1866 799 2010 866 discendi
2032 802 2137 870 studio

530 920 670 986 libenter
691 921 863 1011 accipiunt.
881 923 932 986 Ex
946 922 1041 1007 hujus
1056 922 1154 1012 igitur
1172 921 1249 986 dicti
1264 902 1519 987 manifestissima
1539 921 1676 986 falsitate
1697 936 1804 986 cetera
1822 919 1989 986 literarum
2010 937 2137 988 marrim

530 1057 714 1107 commenta
743 1065 784 1107 ex
810 1042 959 1131 aequitate
983 1041 1063 1106 falsa
1091 1064 1158 1107 esse
1191 1040 1366 1127 judicanda
1385 1057 1472 1107 sunt.
1499 1042 1576 1106 Non
1597 1042 1769 1107 minimum
1793 1056 1902 1106 autem
1926 1039 2022 1107 doleo
2052 1041 2136 1131 quod

529 1158 692 1227 bonerum
707 1179 945 1253 persecutorem
960 1184 1014 1226 me
1030 1159 1151 1225 dixisti.
1169 1160 1258 1226 licet
1274 1162 1362 1226 enim
1376 1162 1484 1227 bonus
1500 1184 1568 1227 non
1584 1162 1656 1243 sim,
1672 1161 1778 1226 bones
1793 1176 1902 1229 tamen
1915 1159 2059 1250 singulos
2074 1184 2134 1251 que

529 1280 634 1346 debeo
655 1284 780 1348 honere
803 1305 930 1372 semper
946 1298 1116 1347 veneratus
1139 1304 1222 1346 sum.
1246 1283 1314 1347 Hos
1339 1298 1448 1347 autem
1466 1304 1547 1371 quos
1568 1281 1805 1373 inexemplum
1825 1282 1942 1363 trahis,
1967 1279 2133 1346 deminum

528 1398 677 1465 videlicet
709 1401 901 1467 Anselmum
926 1401 1189 1467 Cantuariensem
1221 1417 1254 1465 et
1283 1401 1463 1467 liebertum
1489 1399 1590 1466 bonae
1610 1401 1684 1465 ritae
1705 1401 1849 1490 bonique
1873 1400 2052 1465 testimonii
2074 1402 2132 1466 ho·

527 1519 630 1584 mines
654 1542 820 1610 nunquam
842 1536 1054 1611 persequutus
1074 1543 1165 1601 siim,
1188 1518 1265 1585 licet
1285 1519 1433 1609 quaedam
1449 1543 1563 1585 eorum
1588 1518 1673 1584 dicta
1702 1536 1735 1586 ct
1757 1520 1841 1586 facta
1869 1519 2131 1610 reprehendenda

526 1636 708 1705 rideantur.
733 1640 802 1704 Neo
823 1641 953 1721 mirum,
974 1640 1050 1728 quia
1063 1639 1210 1706 videmus
1230 1662 1317 1705 nunc
1334 1662 1393 1730 per
1413 1637 1579 1729 speculum
1600 1640 1634 1702 iii
1652 1640 1833 1729 aenigmate.
1856 1639 1971 1727 Neque
1990 1640 2080 1703 enim
2100 1641 2131 1705 hi

527 1756 594 1824 due
615 1761 773 1849 sapientes
789 1776 822 1825 et
836 1759 975 1851 religiosi
996 1760 1057 1824 viri
1074 1762 1204 1846 majoris
1219 1760 1325 1824 meriti
1344 1782 1400 1824 seii
1424 1759 1588 1848 sapientiae
1604 1775 1679 1824 sunt
1694 1759 1790 1824 Petro
1807 1758 2027 1848 apostolerum
2042 1760 2130 1848 prin·

526 1877 597 1967 cipe
615 1894 647 1943 et
669 1896 809 1969 martyre
830 1878 986 1969 glorioso,
1009 1896 1041 1945 et
1056 1880 1154 1946 beato
1170 1880 1331 1969 Cypriane
1348 1878 1602 1968 Carthaginiensi
1623 1879 1772 1969 episcopo
1793 1877 1927 1944 doctore
1949 1879 2130 1943 suavissime

525 2010 559 2060 et
583 2013 723 2086 martyre
750 1997 993 2089 gloriosissime,
1020 2000 1055 2063 in
1080 2001 1170 2084 cujus
1191 1997 1341 2063 laudibus
1360 1998 1474 2063 beatus
1501 1999 1690 2087 leronymus
1715 1996 1862 2062 exultans
1889 1997 1934 2062 ait
1961 1999 2130 2062 :1Beatiis

524 2098 702 2205 Cyprianus
712 2118 812 2181 instar
828 2117 924 2183 fontis
938 2119 1098 2208 purissimi
1114 2117 1216 2183 dulcis
1231 2117 1353 2183 incedit
1368 2132 1401 2182 et
1416 2114 1560 2206 placidus
1576 2131 1635 2198 est,
1653 2130 1702 2196 et,
1719 2139 1794 2181 cum
1810 2132 1897 2182 totus
1913 2116 1953 2181 sit
1964 2117 1999 2180 in
2016 2118 2130 2181 exhor·

523 2234 645 2298 tatione
673 2236 846 2317 virtutum,
872 2237 906 2299 in
927 2237 1159 2326 persecutionis
1185 2237 1348 2327 angustiis,
1377 2236 1554 2326 Scripturas
1576 2258 1643 2301 neu
1672 2235 1813 2301 deseruit
1840 2235 1975 2301 divinas.
1990 2266 2004 2293 »
2034 2235 2129 2301 Unde

523 2351 717 2418 Prudentius
734 2353 775 2419 de
789 2354 982 2443 martyribus
1002 2378 1010 2418 ε
1031 2384 1046 2411 α
1056 2355 1170 2418 Omnis
1186 2377 1297 2420 amans
1312 2354 1473 2419 Christum
1490 2371 1546 2419 tua
1558 2353 1656 2445 leget,
1667 2353 1783 2420 doctor
1797 2355 1966 2443 Cypriane,
1976 2353 2123 2442 scripta.»

522 2471 587 2535 Iste
609 2487 718 2537 tamen
739 2488 831 2538 tanto
854 2489 1039 2539 sanctorum
1063 2475 1233 2563 preconio>
1247 2474 1281 2538 in
1301 2473 1438 2539 sublime
1464 2471 1621 2538 deductus
1641 2474 1733 2539 aliter
1757 2473 1798 2539 de
1821 2472 2013 2565 baptismate
2031 2472 2128 2538 sensit

522 2590 749 2658 haereticorum
773 2608 868 2681 atque
891 2593 990 2683 ipsius
1013 2594 1136 2683 scriptis
1158 2594 1287 2682 reliquit
1311 2617 1408 2682 quain
1433 2608 1544 2684 postea
1570 2594 1684 2659 veritas
1709 2592 1865 2683 prodidit.
1892 2593 1989 2658 Unde
2016 2591 2125 2657 beatus

521 2711 719 2801 Augustinus
734 2712 769 2774 in
783 2710 867 2776 lihro
879 2711 920 2776 de
934 2713 1101 2801 Baptismo
1117 2713 1163 2778 sic
1178 2712 1344 2801 loquitur:
1366 2714 1507 2779 «Visum
1518 2729 1566 2778 est
1581 2712 1774 2802 quibusdam
1789 2712 1923 2803 egregiis
1939 2711 2026 2794 viris,
2045 2713 2125 2777 inter

522 2851 602 2917 quos
635 2831 795 2920 precipue
818 2829 934 2897 heatus
961 2833 1136 2922 Cyprianus
1161 2830 1340 2915 eminebat,
1364 2856 1432 2898 non
1453 2855 1521 2899 esse
1554 2831 1641 2922 apud
1661 2833 1829 2897 haereticos
1842 2829 1895 2895 vel
1909 2827 2126 2896 schismaticos

520 2946 717 3038 baptismum
735 2951 863 3015 Christi.
887 2950 1038 3016 Reddens
1058 2975 1136 3043 ergo
1158 2950 1302 3017 debitam
1318 2953 1533 3018 reverentiam
1551 2949 1748 3041 dignumque
1768 2951 1947 3032 honorem,
1971 2966 2124 3039 quantum

520 3067 633 3152 valeo,
654 3068 788 3159 pacifice
810 3072 961 3161 episeopo
981 3088 1014 3137 et
1039 3071 1180 3163 glorioso
1201 3073 1335 3161 martyri
1352 3072 1526 3161 Cypriane,
1545 3070 1651 3137 audeo
1673 3087 1783 3137 tamen
1805 3069 1912 3136 dicere
1937 3069 2030 3136 aliter
2053 3093 2125 3136 eum

520 3189 652 3253 sensisse
666 3188 707 3253 de
723 3190 929 3255 schismaticis
949 3207 982 3256 et
1008 3192 1165 3257 hereticis
1187 3190 1388 3280 baptizandis
1411 3214 1509 3279 quain
1529 3177 1644 3281 postea
1665 3188 1795 3281 prodidi
1818 3214 1886 3256 non
1908 3214 1950 3256 ex
1970 3212 2045 3255 mea
2070 3188 2123 3255 sed

519 3306 674 3372 universae
690 3308 829 3374 ecclesiae
846 3312 1002 3376 sententia
1021 3311 1157 3402 plenarii
1172 3311 1301 3377 concilii
1316 3312 1505 3376 auctoritate
1521 3309 1686 3377 roborata.
1701 3343 1714 3369 ι
1725 3311 1878 3402 Princeps
1893 3334 1971 3376 vero
1983 3327 2121 3401 ⁴aposto·

518 3428 626 3495 lerum
650 3417 775 3515 Petrus,
801 3433 876 3522 quia
896 3451 1007 3525 gentes
1037 3434 1080 3501 ad
1099 3436 1297 3527 baptismum
1317 3435 1482 3501 venientes
1503 3436 1688 3501 circumcidi
1704 3435 1934 3527 compellebat,
1968 3459 1988 3501 a
2021 3435 2122 3500 Paulo

519 3549 667 3637 apostolo
684 3553 1031 3646 prius,pestmoduma
1045 3556 1163 3620 sanctis
1179 3555 1323 3646 patribus
1337 3554 1453 3619 meiito
1468 3556 1681 3645 reprehensus
1698 3571 1757 3621 est.
1766 3556 1822 3620 Ait
1836 3555 1924 3620 enim
1939 3554 2118 3644 apostolust

523 3670 632 3734 «Cum
648 3685 731 3736 esset
747 3671 872 3760 Cephas
887 3673 1067 3737 Antiochiae
1086 3690 1121 3737 et
1136 3697 1205 3740 non
1220 3690 1306 3741 recte
1324 3670 1488 3738 incederet
1503 3675 1538 3738 in
1553 3675 1687 3741 veritate
1704 3674 1878 3766 evangelii,
1897 3690 2008 3764 aperte
2021 3673 2122 3740 restiti

517 3789 548 3853 ei
574 3789 609 3853 in
641 3789 756 3856 faciem
788 3794 864 3880 quia
888 3792 1147 3881 reprehensibilis
1181 3809 1262 3858 erat.
1278 3823 1292 3850 υ
1321 3790 1418 3857 Unde
1448 3792 1561 3859 beatus
1588 3796 1784 3887 Augustinus
1804 3818 1812 3860 :
1831 3826 1846 3852 ι
1860 3795 2027 3861 Venerans
2045 3817 2120 3886 ergo

516 3908 648 3974 Petrum
664 3934 724 4000 pro
741 3911 790 3975 siii
804 3912 920 3978 merito
937 3913 1159 4004 apostolorum
1173 3915 1314 4004 piimum
1329 3929 1362 3979 ct
1378 3913 1664 3981 eminentissimum
1678 3932 1869 4005 martyrem,
1888 3913 1995 3981 audeo
2010 3931 2120 3980 tamen

517 4028 623 4095 dicere
643 4052 718 4094 eum
732 4054 802 4095 non
816 4048 902 4098 recte
919 4019 1041 4116 fecisse,
1058 4050 1094 4098 ut
1109 4050 1220 4124 gentes
1234 4034 1398 4122 judaizare
1414 4051 1644 4122 cogerentur.»
1663 4034 1760 4101 Unde
1775 4036 1888 4101 beatus
1903 4035 2118 4126 Augustinus:

519 4149 610 4232 «Qui
635 4172 668 4215 se
691 4172 844 4216 nazareos
862 4152 1051 4218 christianes
1073 4170 1209 4236 vocant,
1224 4155 1292 4218 nati
1304 4150 1447 4218 heretici
1463 4173 1504 4216 ex
1524 4153 1579 4219 illo
1597 4178 1705 4221 errore
1725 4156 1759 4220 in
1781 4179 1846 4245 quo
1871 4156 1985 4222 Petrus
2008 4153 2119 4219 devius

512 4285 681 4334 revocatus
705 4285 753 4335 est
773 4293 793 4335 a
813 4270 952 4336 Paulo.»
973 4272 1091 4339 Idem:
1114 4276 1223 4339 «Cum
1245 4275 1358 4339 Petrus
1381 4271 1415 4335 in
1432 4274 1514 4337 mari
1535 4275 1720 4358 titubasset,
1745 4299 1821 4341 cum
1844 4275 2020 4341 Dominum
2044 4293 2118 4354 ear·

513 4384 628 4451 naliter
643 4408 662 4450 a
678 4386 825 4476 passione
840 4405 1029 4471 revocasset,
1046 4412 1121 4455 cum
1140 4405 1190 4455 ter
1211 4391 1388 4455 Dominum
1406 4392 1441 4456 in
1460 4390 1609 4481 passione
1629 4408 1795 4482 negasset,
1816 4414 1891 4458 cuin
1911 4392 1946 4456 in
1964 4383 2119 4490 supersti-

511 4505 628 4570 tiosam
651 4505 888 4572 simulationem
910 4506 1017 4598 lapsus
1037 4526 1139 4594 esset,
1156 4503 1303 4576 videmus
1317 4533 1393 4577 eum
1407 4511 1537 4579 veniam
1557 4527 1790 4600 mnsequutum
1812 4510 1854 4576 ad
1878 4510 2023 4599 martyrii
2046 4507 2118 4599 gle-
