4559 6100
441 469 515 542 tae
1044 467 1173 543 Putat
1197 465 1433 541 inanitur

441 619 601 691 versitas.
620 616 719 690 Sicut
733 618 843 706 enim,
856 618 959 714 juxta
974 617 1226 715 augustinum,
1247 616 1347 690 aliud
1369 631 1422 689 est
1445 620 1522 688 Deo
1544 639 1634 703 eam,
1659 613 1758 688 aliud
1780 618 1917 689 Patrem
1941 637 2040 704 esse3

440 739 541 812 itaet
562 735 661 810 aliud
682 741 760 809 Deo
781 762 859 811 esse
872 752 1061 830 aeternum,
1086 737 1186 810 aliud
1205 762 1283 810 esse
1299 742 1455 809 Patrem.
1482 735 1665 833 Numquid
1685 735 1792 807 etiam
1811 732 1880 807 hac
1903 734 2044 808 ratione

440 858 572 930 multas
593 871 629 930 ct
650 858 859 930 innumeras
876 883 1049 957 personas
1069 860 1106 932 in
1123 863 1202 931 Deo
1223 858 1395 931 convenit
1416 856 1604 931 confiteri?
1622 857 1765 954 Quippe
1788 859 1885 929 Deus
1906 855 1985 953 ipse
2009 868 2045 927 et

439 992 656 1077 potensest,
676 991 712 1050 et
728 978 884 1076 sapiens,
903 992 939 1051 et
955 979 1085 1076 justus,
1105 992 1142 1050 et
1155 993 1321 1065 aternus,
1341 991 1378 1050 et
1392 977 1606 1066 misericors,
1626 989 1661 1049 et
1676 974 1840 1049 multaret
1854 975 2045 1049 innumera

364 1111 369 1120 '
393 1162 399 1179 ,
440 1098 642 1172 secundum
669 1098 926 1172 diffinitionum
954 1123 997 1173 ac
1021 1099 1283 1199 proprietatnm
1306 1098 1547 1171 diversitatem
1570 1096 1617 1169 de
1643 1120 1688 1167 eo
1712 1094 1783 1168 dici
1805 1110 1971 1195 possunt,
1990 1120 2045 1168 se·

440 1218 605 1291 cundum
619 1244 700 1318 quae
712 1232 833 1292 tamen
849 1244 925 1292 non
941 1233 995 1291 est
1011 1218 1063 1292 ias
1078 1219 1259 1315 assignare
1272 1240 1445 1316 personas
1462 1218 1500 1290 in
1515 1221 1609 1308 Deo,
1628 1239 1711 1288 cum
1728 1216 1802 1288 sint
1816 1229 1888 1287 tres
1904 1229 2046 1289 tantum

440 1363 530 1438 quas
550 1337 778 1413 distinximus
799 1365 974 1439 personae,
998 1339 1037 1412 id
1059 1353 1114 1412 est
1140 1342 1245 1412 Pater
1268 1353 1306 1411 et
1324 1337 1432 1411 Filius
1452 1352 1489 1411 et
1508 1338 1659 1437 Spiritus
1686 1348 1842 1409 sanctus.
1867 1333 1921 1407 ad
1945 1334 2046 1433 qnod

440 1458 739 1559 respondendum
769 1474 923 1532 estnon
953 1460 1027 1532 hoc
1040 1484 1108 1531 nos
1132 1458 1330 1559 suscepisse
1353 1458 1560 1556 negotium,
1591 1483 1658 1529 cur
1686 1454 1759 1528 hoc
1785 1455 1905 1556 potius
1932 1452 2045 1527 modo

442 1602 552 1675 quam
575 1578 645 1652 alio
668 1604 831 1678 personae
853 1579 982 1655 divinae
1005 1579 1181 1659 distinctae
1197 1579 1282 1670 sint,
1308 1576 1452 1650 sedeas
1474 1598 1519 1651 eo
1544 1576 1656 1652 modo
1676 1600 1752 1673 quo
1773 1574 1947 1647 dntinmae
1963 1589 2046 1647 sunt

440 1701 699 1774 convenienter
722 1701 837 1801 accipi
862 1726 983 1800 posse,
1015 1715 1051 1773 et
1077 1698 1187 1775 fidem
1214 1713 1377 1773 nostram
1402 1699 1518 1790 tueri,
1550 1698 1581 1769 si
1605 1697 1686 1795 quis
1714 1695 1879 1787 nonita,
1899 1709 1942 1767 ut
1966 1720 2044 1768 cre·

442 1816 582 1911 dimus,
611 1844 718 1918 posse
743 1834 838 1893 stare
866 1835 1008 1918 arguat3
1036 1818 1109 1891 hoc
1138 1833 1259 1892 antem
1287 1818 1464 1891 discutere
1492 1841 1603 1918 penes
1628 1817 1748 1916 ipsum
1777 1830 1830 1889 est
1856 1818 1996 1909 Deum,
2023 1841 2046 1889 a

441 1963 516 2037 quo
547 1938 624 2011 haec
653 1938 744 2012 fides
769 1939 899 2013 tradita
926 1955 999 2029 est,
1025 1940 1063 2011 in
1089 1939 1192 2045 cujus
1215 1940 1400 2011 voluntate
1427 1938 1593 2010 omnium
1619 1961 1742 2011 rerum
1766 1960 1881 2009 causae
1906 1937 2046 2009 menm-

441 2056 662 2130 mutabiliter
693 2059 908 2144 consistunt,
937 2082 1093 2155 quarum
1120 2058 1309 2131 minimam
1335 2055 1436 2130 nulla
1460 2058 1555 2131 valet
1578 2055 1738 2129 humana
1760 2056 1851 2128 ratio
1880 2080 2047 2155 compre·

440 2169 614 2245 bendere.
644 2173 767 2246 Plures
791 2188 913 2248 autem
933 2196 1105 2273 personas
1128 2196 1238 2270 quam
1262 2187 1334 2246 tres
1357 2173 1433 2246 sive
1455 2172 1645 2272 pauciores
1668 2170 1884 2247 nullomodo
1908 2173 1945 2245 in
1967 2176 2045 2245 Deo

440 2315 518 2365 esse
540 2293 794 2383 concedimus;
821 2318 906 2367 cum
933 2316 1087 2392 persona
1110 2293 1148 2365 in
1177 2296 1255 2365 Deo
1279 2292 1506 2367 tantumdem
1526 2305 1632 2364 sonet
1652 2290 1909 2380 determinate,
1937 2316 2067 2390 quarm

441 2410 498 2484 vel
527 2416 653 2502 Pater,
681 2412 738 2485 vel
762 2413 883 2507 Filius,
909 2413 964 2485 vel
992 2413 1144 2513 Spiritus
1172 2427 1334 2503 sanctus,
1366 2427 1406 2485 ut
1425 2412 1501 2509 jam
1528 2435 1638 2510 snpra
1662 2409 1910 2484 diffinivimus.
1936 2411 2047 2484 Multa

441 2545 563 2604 autem
585 2532 733 2605 tradunt
747 2531 970 2632 philosophi,
989 2558 1069 2631 quae
1089 2556 1134 2606 eo
1156 2533 1275 2605 solum
1294 2532 1408 2606 modo
1424 2546 1606 2625 tenentur,
1629 2531 1715 2629 quia
1732 2532 1943 2604 auctoritate
1966 2531 2047 2630 phi·

441 2648 681 2748 losophorum
709 2650 986 2742 confirmantur,
1021 2677 1097 2724 non
1127 2653 1267 2724 ratione
1289 2650 1409 2749 aliqua
1441 2677 1521 2750 quae
1550 2664 1742 2751 appareat;
1769 2652 2046 2749 quantomagis

441 2791 485 2840 ea
510 2793 589 2866 quae
609 2774 707 2841 Deus
728 2769 855 2855 tradit,
885 2772 1082 2869 praesertim
1106 2795 1192 2842 cum
1211 2784 1340 2868 praesto
1365 2771 1410 2842 sit
1434 2772 1540 2864 ratio,
1567 2794 1678 2870 quare
1693 2769 1859 2844 videlicet
1879 2769 1976 2843 dicta
2000 2771 2048 2843 sit

441 2887 518 2965 haec
542 2888 653 2959 trium
670 2912 910 2986 personarum
933 2889 1130 2981 distinctio,
1159 2887 1205 2961 ad
1229 2889 1585 2963 commendationem
1608 2891 1742 2964 scilicet
1755 2890 1812 2962 vel
1836 2890 2046 2990 descriptio·

441 3031 528 3080 nem
550 3008 681 3080 summi
706 3009 810 3101 Boni,
839 3010 913 3083 sire
933 3009 982 3085 ad
1009 3009 1198 3108 majorem,
1223 3023 1264 3082 ut
1291 3034 1399 3110 supra
1419 3012 1662 3103 meminimus,
1689 3010 1802 3085 divini
1824 3011 1943 3086 cultus
1967 3035 2045 3111 per·

441 3128 667 3222 suasionem,
698 3130 782 3202 licet
804 3144 841 3203 et
865 3129 941 3203 haec
965 3129 1073 3202 nobis
1094 3130 1189 3203 ratio
1212 3129 1304 3202 desit
1325 3154 1437 3228 quare
1462 3130 1534 3204 hoc
1557 3131 1669 3204 modo
1694 3132 1950 3230 potiusquam
1975 3131 2044 3204 alio

441 3248 574 3319 summi
602 3249 693 3321 Boni
718 3248 897 3349 descripta
921 3250 966 3321 sit
993 3249 1179 3350 persecti0,
1211 3276 1290 3349 quae
1316 3266 1352 3324 et
1376 3250 1455 3324 aliis
1478 3250 1627 3323 fortasse
1653 3251 1775 3324 multis
1803 3251 1923 3325 modis
1945 3275 2046 3350 aeque

441 3365 595 3440 describi
613 3381 675 3440 aut
691 3368 814 3441 doceri
836 3365 980 3468 posset!
1001 3370 1127 3467 Liquet
1153 3371 1260 3442 etiam
1283 3369 1525 3444 diversitatem
1545 3396 1779 3470 personarum
1804 3396 1879 3444 non
1905 3385 2046 3446 tantum

439 3486 478 3558 in
502 3485 705 3562 diversitate
721 3489 983 3563 diffinitionum
1005 3514 1047 3562 ac
1068 3490 1332 3588 proprietatum
1355 3490 1563 3585 consistere,
1581 3516 1709 3564 verum
1732 3491 1841 3564 etiam
1864 3492 1902 3564 in
1926 3513 2045 3564 remo·

441 3607 540 3679 tione
562 3607 825 3705 praedicationis
847 3610 1010 3709 ipsarum
1032 3607 1273 3699 abinvicem,
1298 3633 1383 3681 curn
1405 3610 1507 3682 nullo
1523 3609 1636 3686 modo
1657 3636 1732 3685 una
1746 3634 1983 3713 personarum
2001 3611 2047 3683 sit

440 3726 533 3817 alia,
562 3750 673 3824 quam
698 3726 850 3826 quidem
874 3728 1117 3800 remotionem
1145 3726 1192 3799 ab
1217 3728 1373 3801 invicem
1397 3744 1516 3802 cetera
1539 3731 1766 3830 supraposita
1792 3756 1868 3804 non
1893 3728 2043 3820 habent,

440 3867 523 3915 cum
539 3844 706 3918 videlicet
731 3847 808 3944 ipse
825 3851 922 3919 Deus
945 3851 1049 3919 Pater
1066 3846 1112 3917 sit
1132 3860 1300 3936 aeternus,
1320 3863 1356 3920 et
1373 3848 1503 3945 justus,
1529 3862 1565 3921 et
1586 3850 1809 3944 misericors,
1828 3850 1988 3924 similiter
2009 3863 2046 3921 et

439 3962 551 4034 Filius
568 3961 667 4035 idem
683 3966 744 4058 sit,
764 3980 800 4038 et
815 3965 969 4064 Spiritus
981 3947 1148 4039 ‘sanctus
1168 3967 1231 4039 His
1248 3967 1294 4039 de
1311 3966 1499 4042 identitate
1515 3983 1576 4041 ant
1593 3968 1798 4044 diversitate
1818 3993 1939 4044 rerum
1955 3992 2045 4066 prae·

356 4119 361 4128 »
439 4079 571 4175 libatis,
597 4096 704 4181 atque
726 4084 873 4185 insuper
895 4085 1083 4182 adsignato
1101 4086 1230 4185 inquo
1248 4087 1375 4159 Unitas
1394 4088 1472 4179 Dei,
1494 4087 1531 4159 in
1548 4112 1623 4187 qno
1638 4090 1789 4163 Trinitas
1807 4112 2044 4190 personarum

438 4201 484 4272 sit
512 4203 745 4302 accipienda,
772 4204 818 4277 ad
848 4207 1093 4305 suprapositas
1113 4207 1328 4305 quaestiones
1352 4220 1460 4304 atque
1482 4206 1703 4306 objectiones
1728 4210 1939 4303 redeamus,
1964 4208 2046 4281 sin-

439 4320 530 4418 gulis
550 4322 692 4419 ordine,
717 4340 826 4424 prout
842 4325 1021 4398 Dominus
1037 4328 1217 4415 annuerit,
1240 4325 1509 4422 satisfacientes,
1528 4353 1684 4427 quarum
1703 4331 1858 4429 primam
1884 4329 2044 4428 primum

439 4440 633 4515 solvamus.
