4559 6100
468 527 539 602 556
1068 523 1198 595 PETRI
1223 522 1458 597 ABAELARDl

515 676 586 749 Sed
609 676 768 750 fortassis
791 674 951 774 inquies,
976 674 1061 772 quia
1083 698 1159 771 quo
1188 673 1315 746 melius
1331 689 1384 746 est
1405 674 1594 771 quodlibet
1613 675 1771 767 bonum,
1791 676 1867 773 ejus
1886 669 2058 770 multipli-

466 797 561 870 catio
578 796 706 869 melior
723 810 833 887 esset,
853 809 962 892 atque
983 794 1033 865 ita
1051 792 1140 865 illud
1164 796 1354 866 Summum
1376 798 1517 866 Bonum
1538 795 1637 892 quod
1653 795 1784 869 dicitur
1799 797 1911 883 Deus,
1932 788 2059 861 melius

466 915 544 988 sore
568 916 861 1015 multiplicatum,
887 936 996 1011 quam
1018 912 1167 984 unicum
1184 939 1193 984 ε
1212 927 1250 984 et
1265 914 1293 985 si
1309 914 1427 1011 ipsum
1444 915 1613 988 extollere
1637 917 1802 1014 cupimus
1825 936 1868 985 ac
1891 905 2059 1005 magnifi-

466 1060 568 1125 care,
596 1036 707 1133 magis
727 1037 846 1134 ipsum
872 1032 1076 1132 multiplex,
1106 1056 1214 1130 quam
1242 1032 1391 1130 simplex
1416 1034 1682 1132 predicandum
1711 1060 1800 1109 esse.
1825 1031 1896 1104 Sed
1915 1028 1963 1102 ad
1986 1027 2059 1098 hoc

467 1155 586 1252 primo
601 1154 895 1253 respondendum
903 1152 1069 1244 arbitror,
1084 1151 1183 1250 quod
1199 1151 1299 1248 juxta
1313 1151 1408 1225 banc
1424 1155 1616 1249 rationem,
1634 1170 1771 1254 quanto
1787 1151 1910 1252 plures
1928 1144 2058 1246 predi·

467 1273 665 1346 caverimus
687 1277 796 1367 Deos,
814 1288 915 1346 tauto
932 1271 1085 1371 amplius
1100 1272 1229 1344 divinae
1242 1271 1392 1369 gloriam
1412 1273 1626 1347 excellentiae
1642 1271 1953 1372 amplificabimus.
1972 1263 2057 1337 lufi-

467 1392 562 1464 nitos
584 1393 705 1490 itaque
720 1391 905 1491 praedicari
923 1405 1105 1490 oporteret
1119 1395 1228 1483 Deos,
1252 1404 1294 1462 ut
1314 1390 1491 1464 infinitam
1505 1394 1580 1490 ejus
1598 1395 1748 1490 gloriam
1764 1388 2053 1489 magnificemus:

467 1512 661 1611 praesertim
689 1537 772 1584 eum
797 1511 897 1584 nulla
925 1511 971 1583 sit
994 1511 1106 1601 ratio,
1134 1535 1207 1608 qua
1230 1509 1278 1583 ad
1301 1526 1438 1584 certum
1466 1537 1658 1587 numerum
1687 1513 1842 1610 aliquem
1866 1533 1909 1581 ea
1932 1503 2056 1577 reduci

466 1647 593 1728 queat,
622 1656 731 1729 quam
746 1631 848 1728 juxta
874 1629 1081 1730 praedictam
1109 1631 1286 1703 rationem
1312 1645 1411 1702 tauto
1438 1632 1550 1730 magis
1574 1631 1891 1732 amplificabimus,
1920 1637 2056 1724 quanto

466 1751 620 1851 amplius
642 1775 834 1823 numerum
852 1751 929 1846 ejus
944 1748 1222 1822 extenderimus.
1247 1753 1362 1847 Atque
1382 1751 1431 1823 ita
1451 1750 1554 1850 plura
1571 1777 1648 1825 esse
1669 1774 1811 1825 summa
1830 1747 1928 1820 bona
1948 1765 2057 1842 quam

466 1869 634 1942 iuferiora
659 1871 894 1942 conveniret:
916 1869 1029 1942 immo
1055 1868 1207 1941 omnino
1233 1869 1372 1943 infinita
1396 1895 1489 1964 esse,
1518 1886 1557 1943 ut
1580 1896 1648 1945 uec
1668 1895 1795 1945 eorum
1812 1866 1958 1941 scientia
1981 1885 2058 1935 esse

464 1990 599 2088 possit,
626 2012 782 2085 quorum
805 1986 925 2060 nullus
945 1990 981 2060 in
1005 2004 1133 2061 natura
1153 1989 1326 2061 terminus
1348 2006 1563 2082 occurreret,
1587 2015 1655 2063 nec
1672 1992 1747 2090 ipse
1769 1989 1876 2061 etiam
1898 1989 1996 2056 Deus
2016 2004 2058 2052 ea

464 2132 529 2206 per
550 2108 735 2201 scientiam
758 2106 1099 2205 comprehenderet,
1124 2132 1203 2204 quae
1228 2108 1328 2180 nullo
1353 2124 1488 2182 uaturae
1511 2111 1667 2182 termino
1685 2101 2053 2207 comprehenduntur.

465 2234 638 2301 Praeterea
667 2228 697 2299 si
722 2226 842 2326 plures
865 2241 950 2300 sunt
969 2227 1040 2320 dii,
1071 2227 1259 2325 quomodo
1281 2228 1391 2300 deum
1418 2253 1684 2328 quemcumque
1714 2249 1896 2301 summum
1918 2223 2057 2294 bonum

463 2348 643 2439 dicemus,
666 2372 750 2419 cum
776 2347 912 2446 aliquid
934 2348 1049 2445 majus
1074 2349 1119 2420 sit
1137 2348 1236 2446 ipso,
1256 2349 1332 2447 ipsa
1349 2347 1513 2422 videlicet
1536 2349 1688 2422 deorum
1716 2343 1921 2432 multitudo,
1948 2364 2057 2438 quam

463 2466 632 2566 quislibet
649 2490 742 2540 unus
757 2490 800 2538 ex
810 2490 853 2538 ea
869 2467 1119 2540 multitudine?
1136 2467 1208 2539 Sed
1226 2492 1293 2541 nec
1308 2468 1449 2541 bonum
1462 2468 1658 2541 dicendum
1673 2482 1777 2559 esset,
1795 2461 1908 2563 quod,
1928 2475 1968 2532 ut
1980 2460 2055 2557 jam

463 2587 698 2676 ostendimus,
724 2585 946 2682 superfluum
969 2601 1072 2658 esset.
1098 2588 1263 2684 Denique
1286 2590 1404 2661 omnis
1427 2589 1620 2662 multitudo
1639 2603 1755 2661 totum
1780 2581 1964 2683 quoddam
1986 2594 2051 2667 est,

462 2720 497 2777 et
525 2729 634 2777 omne
666 2717 782 2776 totum
809 2704 965 2801 propriis
997 2705 1160 2802 partibus
1188 2707 1365 2804 posterius
1398 2733 1474 2780 esse
1502 2705 1711 2780 naturaliter
1741 2717 1882 2777 constat
1908 2728 1916 2769 ε
1945 2711 2055 2794 atque

463 2846 572 2894 omne
594 2821 695 2920 quod
713 2820 909 2917 simplicius
931 2836 997 2915 est,
1020 2837 1121 2897 tanto
1140 2821 1278 2896 firmius
1297 2851 1373 2898 esse
1396 2851 1540 2899 necesse
1559 2851 1654 2916 esse,
1673 2850 1757 2898 cum
1780 2846 1889 2896 omne
1909 2840 2055 2915 compo·

461 2942 572 3014 situm
595 2952 722 3011 natura
745 2938 953 3014 dissolubile
976 2945 1033 3035 sit,
1059 2958 1096 3015 et
1121 2958 1221 3017 tauto
1244 2944 1439 3037 infimius,
1465 2971 1573 3044 quam
1597 2945 1822 3019 dissolutioni
1851 2941 1963 3038 magis
1986 2936 2057 3010 ob·

462 3061 623 3133 noxium.
646 3059 735 3146 Quis
756 3059 864 3131 etiam
895 3061 1083 3159 quodlibet
1107 3063 1249 3135 bouum
1275 3081 1376 3137 tanto
1402 3068 1593 3164 pretiosius
1623 3090 1700 3138 esse
1727 3064 1900 3159 deneget,
1918 3071 2053 3156 quanto

461 3179 597 3268 rarius,
625 3192 661 3249 et
678 3201 724 3248 eo
740 3179 853 3274 magis
876 3178 1085 3275 gloriosum,
1106 3207 1182 3280 quo
1204 3184 1317 3280 magis
1338 3200 1391 3257 est
1410 3183 1584 3256 unicum?
1603 3183 1707 3257 Unde
1731 3198 1766 3255 et
1783 3179 1996 3280 plerumque
2012 3201 2053 3248 ea

461 3300 570 3370 etiam
588 3321 668 3394 quae
681 3296 800 3368 minus
812 3312 894 3369 sunt
907 3302 1105 3374 necessaria
1120 3300 1209 3394 aliis,
1226 3305 1367 3375 raritate
1377 3318 1496 3376 tamen
1511 3306 1566 3377 sui
1580 3305 1630 3376 eis
1640 3303 1791 3376 omnino
1805 3298 2051 3400 preferuntur,

462 3432 502 3490 ut
515 3440 644 3490 aurum
661 3416 768 3505 ferro,
787 3417 891 3514 piper
910 3417 1105 3492 frumento.
1129 3421 1368 3495 Commendat
1390 3424 1509 3521 itaque
1523 3423 1652 3496 divium
1671 3423 1820 3519 gloriam
1840 3416 2054 3491 excellentia

460 3538 538 3635 ipsa
561 3559 708 3635 quoque
731 3535 808 3631 ejus
833 3537 1074 3634 singularitas,
1103 3565 1184 3637 quae
1208 3565 1360 3640 operum
1390 3566 1537 3640 quoque
1558 3544 1669 3641 ipsius
1694 3540 1848 3614 maxima
1875 3551 1930 3610 est
1954 3560 2055 3607 eom-

460 3656 657 3748 mendatio,
679 3654 811 3727 tamin
832 3655 887 3728 bis
908 3657 1090 3747 iaciendis,
1115 3684 1225 3756 quam
1248 3662 1285 3733 in
1307 3663 1357 3734 eis
1373 3660 1608 3761 disponendis
1626 3677 1733 3760 atque
1748 3656 1926 3757 regendis.
1952 3654 2053 3729 Nulla

460 3778 595 3875 quippe
623 3788 722 3848 tanta
745 3771 823 3845 fieri
844 3776 1040 3851 concordia
1055 3779 1111 3851 vel
1135 3781 1209 3877 regi
1227 3796 1390 3879 possunt,
1412 3795 1547 3879 quauta
1563 3782 1621 3854 illa
1645 3805 1724 3878 quaa
1744 3804 1836 3851 unus
1856 3791 1998 3849 tantum
2018 3789 2053 3847 et

461 3891 587 3963 condit
602 3908 637 3964 et
652 3894 754 3989 regit.
1552 3897 1567 3916 ‘

509 4016 592 4084 Haec
603 4010 752 4110 quidem
767 4014 815 4084 ad
831 4015 1087 4093 adstruendam
1101 4022 1231 4098 divinae
1251 4026 1530 4124 singularitatem
1545 4024 1759 4098 excellentiae
1771 4046 1839 4121 pro
1850 4011 2051 4089 rationibus

458 4130 582 4204 induci
607 4131 691 4204 satis
707 4129 889 4204 arbitror:
909 4136 1042 4230 quibus
1058 4153 1094 4211 et
1111 4141 1212 4216 lacile
1235 4147 1406 4218 assentire
1427 4169 1608 4243 quemque
1630 4143 1772 4215 bonum
1794 4136 1968 4223 existimo,
1988 4131 2052 4230 qui

458 4251 547 4324 nulli
576 4251 740 4345 invidus,
772 4253 934 4325 omnium
970 4280 1091 4330 rerum
1129 4266 1436 4340 commendationi
1465 4266 1661 4365 plurimum
1688 4259 1901 4357 congaudet.
1942 4254 2052 4349 Magis

457 4387 577 4445 autem
602 4372 763 4445 honestis
784 4396 895 4471 quam
920 4379 1126 4452 necessariis
1151 4383 1351 4457 rationibus
1376 4387 1541 4476 nitimur;
1559 4376 1851 4482 quoniam‘apud
1873 4375 1992 4446 bonos
2013 4371 2051 4443 id

457 4515 598 4591 semper
621 4492 841 4591 precipuum
863 4496 1041 4588 statuitur,
1066 4499 1168 4597 quod
1189 4525 1233 4573 ex
1254 4501 1440 4577 honestata
1460 4505 1614 4602 amplius
1635 4495 1924 4583 commendatur,
1950 4507 1986 4565 et
2009 4515 2050 4562 ea

457 4635 599 4710 semper
620 4613 740 4710 potior
757 4627 811 4685 est
834 4615 938 4707 ratio,
956 4641 1036 4713 quae
1057 4618 1103 4691 ad
1124 4619 1349 4696 honestatem
1365 4623 1536 4722 amplius,
1555 4646 1665 4720 quam
1682 4620 1729 4693 ad
1749 4611 2049 4693 necessitudinem

456 4733 581 4829 vergit,
611 4733 805 4829 praesertim
825 4758 910 4806 cum
932 4761 1012 4834 quae
1028 4738 1181 4814 honesta
1198 4758 1283 4815 suut
1303 4768 1369 4842 per
1386 4768 1424 4816 se
1440 4743 1626 4842 placeant,
1647 4756 1755 4838 atque
1778 4761 1847 4809 nos
1867 4733 1988 4806 statim
2003 4730 2051 4801 ad

455 4880 492 4928 se
516 4853 582 4929 sua
604 4856 640 4926 vi
662 4852 832 4928 alliciant.
851 4859 969 4944 Quam
994 4861 1188 4936 honestum
1211 4891 1296 4940 vero
1315 4870 1361 4940 sit
1383 4892 1425 4941 ac
1444 4865 1588 4939 salubre
1608 4865 1732 4937 omnia
1754 4860 1799 4934 ad
1825 4880 1938 4931 unum
1956 4850 2050 4949 opti·

454 4998 555 5048 mum
577 4990 651 5049 tam
666 4989 844 5049 rectorem
860 5001 970 5075 quam
986 4981 1212 5058 conditorem
1229 5002 1410 5086 spectare3
1430 5001 1465 5058 et
1481 4999 1611 5058 cuncta
1629 4983 1750 5082 potius
1766 4978 1920 5066 ratione,
1939 4993 2049 5071 quam

453 5119 538 5169 casu
554 5094 632 5169 lieri
648 5121 711 5171 seu
728 5098 820 5198 regi,
841 5098 962 5174 nullus
983 5118 1036 5176 est
1050 5107 1109 5178 cui
1132 5108 1286 5206 propriae
1303 5109 1394 5182 ratio
1412 5132 1487 5180 non
1511 5119 1675 5204 suggerat
1699 5097 1938 5177 conscientie.
1959 5094 2048 5179 Quae
