4559 6100
445 462 519 535 654
1045 462 1175 534 t’mt
1199 462 1438 536 mmm

442 606 2038 709 populot‚quoadomim10etutuudamrmesttili.asslmm¹ulhlfl1h·

445 729 2038 828 mmmnooeraemponnamuoemummutmttigaristrmu,vinume

444 847 2034 950 ‹tetim‚tenumexagfis,adpaoendajumema,etntipdmdanssmumfni.

448 970 685 1066 l‘enientque’
700 993 807 1067 snper
823 982 858 1039 te
875 970 1048 1039 univenae
1063 967 1432 1062 benedictiones'utae,
1449 967 1835 1069 oappebndnau,
1852 966 2039 1037 dum

446 1103 621 1186 precepta
644 1086 2041 1184 ejusaudierisssenedictnsmincivtmenhemdiuminapo.nens

446 1206 564 1279 dicus
585 1206 721 1279 truens
746 1208 880 1279 ventris
896 1210 946 1278 tui
965 1207 1369 1301 obscurumne,
1392 1208 2036 1307 ffimqoejmtomuun,

447 1352 570 1424 greges
593 1342 840 1399 armentorum
863 1342 1081 1416 tuorum‚et
1103 1327 1536 1402 mulaeoviumtuarnm.
1562 1325 2042 1401 Baeditaboereatnaet

448 1446 644 1517 benedictae
669 1446 839 1545 reliquiae.
862 1447 1074 1520 Benedictus
1090 1450 1162 1520 eris
1182 1448 1387 1543 ingrediens
1408 1464 1446 1520 et
1466 1447 1666 1545 egrediare
1692 1445 1882 1518 Benedioet
1902 1445 2043 1516 mauis

449 1564 620 1664 operibus
648 1590 822 1638 manuum
850 1582 993 1637 terarum
1015 1581 1053 1638 et
1073 1566 1249 1640 fenerabis
1273 1567 1440 1663 gentibus
1465 1568 1587 1640 molt'u
1608 1566 1744 1664 etipse
1766 1589 1791 1637 a
1813 1563 1916 1635 nullo
1938 1562 2043 1634 tersus

449 1686 651 1783 accipies.»
672 1688 764 1757 Ecce
780 1685 819 1757 in
834 1687 1123 1758 remuneratione
1144 1686 1337 1785 implenda
1354 1687 1443 1782 legis
1457 1688 1552 1759 sicut
1568 1684 1781 1758 bomimbos
1795 1685 1844 1755 ita
1860 1682 2042 1753 abortui

446 1806 696 1899 jumentorum
718 1817 885 1894 tuorum,
914 1806 1012 1901 gregi
1035 1821 1285 1878 armentorum
1309 1821 1468 1895 tuorum,
1494 1821 1532 1877 et
1555 1803 1667 1877 caulis
1689 1805 1815 1876 orium
1835 1800 2044 1873 mediatio

451 1924 684 2023 promittitur,
709 1938 744 1995 et
771 1923 869 1996 nulla
890 1924 1084 2022 spiritualis
1102 1924 1364 1998 benedictionis
1382 1928 1511 1998 ammae
1530 1924 1573 1997 lit
1587 1925 1738 2014 mentio,
1761 1923 2043 2018 necquicquam

451 2044 552 2142 qood
571 2042 619 2116 ad
639 2044 790 2115 salntem
811 2044 941 2115 animae
962 2045 1019 2116 rel
1044 2044 1315 2117 damnationem
1337 2047 1477 2136 attinet,
1505 2042 1758 2116 obedientibus
1779 2041 1838 2113 vel
1863 2055 2044 2136 dangre·

452 2161 634 2235 dientibus
652 2162 886 2262 promittitur,
910 2162 974 2235 sed
991 2162 1069 2236 sola
1083 2163 1281 2237 commoda
1295 2164 1353 2236 vel
1370 2162 1608 2235 incommoda
1621 2176 1764 2234 terrena
1783 2173 2042 2241 memorantur,

453 2284 507 2354 bis
535 2308 614 2381 quae
640 2282 794 2354 marinna
819 2297 922 2375 sunt,
951 2285 1104 2356 omnino
1130 2284 1387 2383 pretermissis.
1412 2286 1545 2370 Qum
1568 2283 1695 2371 etiam,
1718 2282 1749 2352 si
1773 2304 1874 2351 nunc
1900 2300 2046 2375 qnoque

454 2417 536 2500 post
552 2403 668 2496 legem
689 2398 794 2472 nobis
809 2399 944 2488 datam,
963 2404 1056 2474 sicut
1076 2418 1113 2476 et
1124 2416 1244 2494 antea,
1261 2402 1320 2475 lea
1334 2401 1506 2474 naturalis
1517 2401 1565 2474 ad
1585 2400 1736 2473 salutem
1751 2397 1934 2496 aliquibus
1946 2395 2046 2468 suffi-

454 2546 534 2594 cere
561 2521 684 2617 possit,
711 2518 847 2617 absqoe
868 2520 1035 2594 videlicet
1052 2522 1289 2595 exterioribus
1311 2521 1382 2593 itl's
1402 2535 1440 2593 et
1459 2519 1616 2618 propriis
1633 2518 1720 2615 legis
1734 2516 1920 2616 operibus·
1938 2514 2047 2603 0⁰⁰⁶

455 2640 538 2733 quia
562 2637 658 2707 nulla
678 2638 816 2709 ratione
839 2661 969 2733 negare
986 2642 1154 2737 potestis,
1178 2665 1264 2711 cum
1279 2639 1396 2736 legem
1417 2638 1514 2711 banc
1528 2652 1669 2710 constet
1688 2650 1830 2709 tantttm
1842 2635 1948 2707 robis
1971 2657 2048 2706 esse

455 2754 595 2842 datam,
621 2777 695 2824 non
717 2755 794 2825 aliis
817 2756 980 2854 populis,
1003 2782 1069 2829 nec
1086 2758 1377 2829 circumcisiones
1399 2758 1470 2830 nisi
1492 2754 1643 2829 Abrabae
1665 2769 1701 2827 et
1725 2755 1855 2828 semini
1874 2755 1951 2850 ejus
1972 2776 2049 2824 eme

457 2872 648 2966 injunctas.
672 2871 726 2943 Ad
748 2873 851 2967 cujus
870 2873 1017 2971 quidem
1041 2899 1165 2948 semen
1186 2876 1254 2947 soli
1275 2877 1457 2974 pertinent
1477 2874 1543 2963 ilii,
1565 2873 1698 2972 quide
1723 2878 1821 2946 lsaac
1840 2882 2045 2959 nascuntur,

458 2988 616 3062 Domino
636 2988 682 3062 ad
707 2990 826 3090 ipsum
848 2991 1007 3067 dicente·
1026 3020 1036 3067 ι
1056 2995 1185 3083 «Quia
1204 2996 1244 3067 in
1261 2999 1359 3068 lsaac
1374 2993 1563 3068 vocabitur
1582 2993 1646 3066 tibi
1660 3017 1798 3066 semen.
1812 3021 1831 3058 s
1850 2992 1923 3080 Qui
1940 2990 2050 3063 etiam

459 3123 582 3208 postea
600 3131 708 3206 qnam
725 3111 1006 3187 circumcisionis
1021 3129 1167 3215 pactum
1182 3115 1392 3187 instiutisset
1403 3115 1551 3186 inferius
1567 3113 1716 3211 adjecit‘
1734 3140 1744 3183 ε
1767 3143 1785 3181 ιι
1801 3117 1949 3184 Pactum
1963 3133 2050 3183 vero

461 3251 581 3300 meum
599 3240 750 3301 sutuam
772 3230 818 3303 ad
842 3237 951 3305 boae.
980 3265 998 3300 ι
1020 3232 1090 3306 Job
1103 3257 1250 3332 quoque
1263 3233 1446 3329 gentilem,
1461 3259 1572 3331 quem
1586 3247 1668 3331 post
1684 3230 1866 3304 Abrabam
1880 3231 1960 3303 sine
1976 3229 2053 3325 lege

460 3345 632 3420 exstitisse
646 3371 719 3420 non
735 3347 919 3438 dubitatis,
940 3352 976 3424 in
992 3366 1131 3426 tantum
1149 3354 1327 3425 Dominus
1342 3351 1624 3441 commendavit,
1648 3365 1689 3422 ut
1700 3350 1882 3423 dicerer:
1903 3378 1923 3416 ιι
1944 3346 2053 3435 Quod

462 3491 534 3538 non
557 3466 601 3540 sit
623 3464 655 3538 ei
671 3467 794 3540 similis
812 3469 847 3540 io
866 3484 978 3562 terra,
1000 3471 1114 3543 homo
1132 3471 1280 3569 simplex
1297 3485 1469 3544 etractus
1486 3471 1676 3544 actimens
1694 3474 1812 3542 Deum
1832 3484 1869 3540 et
1884 3467 2055 3541 recedens

461 3607 482 3656 a
500 3583 607 3657 malo.
631 3613 649 3654 ιι
668 3587 740 3674 Qui
758 3611 822 3686 per
837 3602 951 3662 semet
967 3589 1085 3687 ipsum
1101 3613 1204 3662 suam
1217 3587 1324 3662 nobis
1339 3613 1524 3689 exponens
1536 3590 1710 3687 justitiam
1725 3612 1836 3686 quam
1859 3589 2052 3675 imitemur,

463 3701 551 3773 nibil
568 3702 613 3775 de
630 3703 698 3776 illis
714 3705 801 3802 legis
817 3706 987 3805 operibus
1004 3721 1278 3798 commemorat,
1296 3709 1360 3781 sed
1377 3724 1517 3781 tantum
1538 3709 1625 3806 legis
1641 3707 1811 3782 naturalis
1827 3731 1956 3806 opera,
1977 3729 2057 3803 quae

463 3820 654 3917 unicuique
671 3825 746 3923 ipsa
760 3825 851 3897 ratio
862 3826 1032 3899 naturalis
1041 3826 1245 3927 persuadet.
1257 3828 1324 3903 «Si
1337 3827 1533 3921 ambulavi,
1547 3860 1565 3896 ι»
1578 3829 1721 3926 inquit⁸,
1733 3855 1752 3894 ιι
1767 3828 1804 3897 in
1815 3827 1980 3910 vanitate,
1992 3837 2055 3894 aut

463 3938 640 4012 festinavit
655 3942 691 4013 in
709 3942 796 4015 dolo
813 3970 876 4042 pes
890 3971 1004 4037 meus,
1022 3947 1052 4019 si
1070 3947 1197 4044 negavi
1215 3947 1316 4045 quod
1331 3947 1501 4020 volebant
1516 3944 1736 4047 pauperibus
1750 3962 1787 4019 et
1802 3944 1924 4017 oculos
1940 3941 2056 4014 viduae

463 4065 668 4149 exspectare
697 4052 785 4142 ieci,
809 4071 938 4147 etc.,»
964 4082 1044 4155 quae
1068 4058 1145 4156 ipse
1166 4057 1272 4131 nobis
1296 4059 1487 4155 gentilibus
1513 4073 1587 4131 tam
1610 4055 1727 4131 verbis
1751 4078 1858 4155 quam
1883 4051 2058 4151 exemplis

466 4185 636 4268 tanquam
657 4171 772 4270 legem
788 4174 952 4245 instituit.
970 4175 1079 4262 Quod
1101 4179 1131 4248 si
1155 4177 1231 4251 haec
1245 4179 1303 4251 vel
1324 4195 1408 4251 ante
1424 4178 1539 4274 legem
1555 4177 1610 4250 vel
1634 4178 1744 4250 etiam
1765 4198 1860 4248 nnnc
1877 4171 2060 4271 aliquibus

465 4289 511 4360 ad
536 4289 688 4363 salutem
717 4290 913 4384 sufficiant,
933 4292 1020 4391 quid
1046 4318 1191 4368 necesse
1218 4296 1285 4368 suit
1306 4296 1434 4395 jugum
1458 4297 1545 4393 legis
1566 4295 1722 4386 addere,
1755 4308 1792 4367 et
1816 4292 2060 4392 multiplioatis

465 4411 649 4510 preceptis
666 4412 965 4510 transgressiones
986 4413 1145 4511 augere?
1163 4413 1231 4486 Ubi
1252 4416 1349 4489 enim
1374 4442 1448 4490 non
1472 4431 1526 4488 est
1542 4416 1619 4508 lex,
1640 4439 1708 4488 nec
1722 4414 1801 4511 ejus
1817 4413 2060 4511 praevaricatio

465 4528 627 4602 accidere
645 4546 775 4630 potest.
803 4532 999 4620 Quomodo
1019 4535 1236 4634 peculiarem
1256 4536 1434 4635 populum
1454 4536 1532 4631 lege
1548 4535 1632 4609 data
1652 4534 1855 4620 constituit,
1872 4546 1909 4606 et
1921 4557 1995 4630 qua
2007 4556 2059 4604 ra·

466 4650 565 4721 tione
576 4649 684 4723 lsrael
696 4651 974 4749 primogenitum
991 4677 1097 4726 soum
1115 4655 1292 4749 nominat,
1302 4679 1412 4753 quem
1429 4668 1528 4727 tanta
1543 4654 1682 4728 sarcina
1697 4653 1774 4725 sine
1790 4674 1899 4725 causa
1917 4648 2062 4749 gravat?

501 4961 506 4987 ⁸
519 4958 601 5018 Dent,
613 4972 667 5022 cap.
681 4972 717 5021 n,
728 4973 750 5008 ι.
768 4962 797 5011 tt
809 4968 834 5009 et
845 4973 899 5023 sqq.
913 4961 1043 5025 -²tt>t‹t.,
1056 4975 1110 5025 cap.
1122 4975 1209 5026 xxvttt,
1222 4976 1244 5011 ι.
1258 4967 1273 5014 t
1284 4971 1309 5012 et
1320 4976 1374 5025 sqq.
1390 4989 1418 4999 -
1432 4964 1441 4996 ¹
1453 4963 1548 5023 Genea..
1557 4976 1611 5025 cap·
1622 4975 1675 5024 ut,
1687 4976 1709 5010 r.
1724 4962 1762 5013 tt.
1772 4986 1802 4998 -
1812 4963 1821 4991 ⁴
1830 4962 1925 5020 Getes..
1939 4971 1992 5020 cao.
2002 4970 2064 5018 ant,

471 5046 495 5085 ι.
506 5038 546 5088 tt.
559 5062 591 5075 -
600 5039 610 5071 ⁸
620 5036 689 5103 tob,
707 5053 761 5103 cap.
774 5053 792 5102 ι,
805 5053 827 5092 ι.
841 5042 864 5092 8.
878 5065 907 5080 ·-
920 5041 930 5072 ⁴
941 5039 1011 5100 tos,
1025 5054 1079 5105 cap.
1092 5054 1161 5104 mr,
1172 5055 1194 5091 ι.
1205 5044 1220 5093 5
1232 5049 1257 5092 et
1272 5043 1310 5094 tt.
