4559 6100
496 542 571 619 ttt
1097 536 1226 610 Putat
1252 535 1487 611 tumultur

496 692 582 767 darn
605 690 809 781 inventum,
835 690 929 763 sicut
950 701 1005 761 est
1021 691 1124 762 Pater
1146 700 1183 761 et
1202 686 1323 776 Filius,
1349 686 1537 786 quomodo
1561 685 1688 761 melius
1708 685 1839 761 dicitur
1861 692 1959 762 Deus
1980 688 2094 765 trium

496 835 606 911 quam
624 810 825 886 substantia
844 810 951 905 trina,
973 810 1031 882 vel
1052 832 1163 908 quam
1179 814 1283 882 Pater
1300 809 1441 885 trinus?
1459 810 1559 884 Sicut
1574 809 1673 882 enim
1688 832 1761 882 una
1775 823 1917 884 tantum
1932 808 2095 885 salamn-

497 932 546 1007 tia
559 946 625 1020 est,
645 947 682 1005 et
698 955 794 1004 unus
813 935 917 1003 Pater
934 956 943 1001 z
962 930 1013 1003 ita
1027 929 1135 1003 etiam
1151 954 1246 1003 unus
1262 943 1405 1004 tantum
1420 930 1531 1022 Deus,
1551 954 1627 1001 non
1643 930 1777 1028 plures.

544 1052 672 1124 Trinus
696 1052 805 1125 etiam
823 1055 920 1123 Deus
939 1048 997 1125 vel
1018 1048 1112 1123 trina
1130 1047 1330 1125 substantia
1353 1049 1443 1149 quid
1466 1048 1566 1123 aliud
1586 1063 1704 1140 sonat,
1729 1072 1841 1147 quam
1862 1062 1935 1122 tres
1953 1049 2018 1142 dii,
2038 1051 2094 1125 vel

496 1187 567 1246 tres
592 1171 820 1248 substantiae?
837 1171 981 1273 Quippe
1004 1169 1094 1270 quid
1116 1168 1215 1247 aliud
1237 1183 1292 1245 est
1313 1172 1407 1245 trina
1429 1171 1562 1261 oratio,
1588 1194 1698 1269 quam
1721 1184 1794 1243 tres
1816 1170 2023 1243 orationes?
2038 1171 2095 1246 vel

495 1293 582 1367 bina
605 1294 804 1394 percussio,
830 1318 940 1392 quam
963 1293 1044 1367 duae
1063 1292 1336 1392 percussiones?
1359 1292 1415 1367 ad
1438 1292 1517 1366 haec
1540 1293 1688 1366 fortasse
1713 1306 1749 1366 ct
1775 1289 1865 1364 illud
1889 1291 1926 1363 in
1952 1295 2097 1392 opposi-

498 1415 636 1489 tionem
660 1413 818 1507 ducitur,
848 1413 948 1513 quod
970 1419 1087 1488 Deum
1110 1414 1327 1513 tripertitum
1349 1406 1565 1514 Augustinus
1585 1414 1621 1485 in
1648 1410 1854 1485 Ertchirtilr'o
1880 1413 2094 1512 capitulum

495 1534 553 1608 his
572 1534 690 1607 verbis
713 1534 827 1609 dicit:
862 1536 986 1608 «Satis
1011 1550 1065 1609 est
1086 1533 1285 1607 christiano
1310 1560 1432 1608 mrum
1455 1548 1656 1608 creatarum
1676 1555 1824 1606 causam
1847 1532 1993 1606 nonnisi
2015 1559 2095 1608 cre·

497 1652 582 1728 dere
612 1651 811 1730 bonitatem
841 1655 1025 1744 creatoris,
1051 1653 1115 1753 qui
1142 1667 1197 1727 est
1218 1657 1315 1727 Deus
1341 1680 1455 1747 unus,
1483 1653 1693 1753 nullamque
1715 1677 1792 1726 esse
1815 1666 1993 1747 naturam,
2016 1680 2094 1754 quae

497 1799 574 1847 non
590 1789 653 1848 aut
670 1775 745 1875 ipse
761 1776 819 1869 sit,
831 1790 894 1849 aut
910 1772 1071 1874 abipso,
1090 1797 1247 1871 eumque
1263 1774 1509 1873 tripertitum¹,
1527 1779 1671 1848 Patrem
1686 1771 1832 1865 scilicet,
1849 1772 2043 1867 etlilium,
2059 1791 2095 1848 et

495 1894 668 1994 Spiritum
691 1911 869 1969 sanctum.
882 1928 899 1963 a
926 1894 1123 1984 Quomodo
1146 1893 1257 1985 enim,
1275 1894 1453 1993 inquient,
1474 1895 1671 1996 tripertitus
1691 1907 1745 1966 est
1760 1897 1869 1982 Deus,
1891 1893 1922 1965 si
1945 1895 2094 1993 partitus

495 2038 571 2086 non
597 2015 642 2087 sit
667 2030 730 2089 aut
754 2030 872 2116 partes
899 2013 1056 2089 habeat?
1094 2019 1165 2087 Aut
1189 2014 1377 2111 quomodo
1404 2017 1555 2118 partitus
1581 2029 1651 2107 est,
1682 2013 1752 2089 nisi
1777 2014 1936 2112 primum
1960 2014 2095 2113 integer

496 2132 622 2227 luerit,
643 2151 704 2208 aut
720 2135 955 2235 postmodum
969 2131 1132 2208 divism?
1153 2130 1226 2204 Sed
1241 2132 1313 2207 hoc
1328 2137 1410 2234 quis
1427 2136 1519 2211 adeo
1535 2133 1691 2209 infidelis
1707 2147 1782 2227 cst,
1801 2147 1841 2205 ut
1857 2157 1932 2205 non
1949 2134 2095 2208 anathe-

494 2254 660 2329 mutiret?

546 2374 744 2464 Quomodo
767 2377 876 2450 etiam
894 2374 971 2450 fieri
987 2390 1118 2475 potest,
1137 2394 1180 2451 ut
1195 2394 1267 2454 tres
1284 2403 1446 2481 personae
1467 2377 1517 2450 ita
1533 2374 1580 2450 ab
1598 2372 1750 2448 invicem
1767 2373 1839 2447 sint
1857 2371 2032 2464 discreta,
2054 2390 2093 2447 ut

494 2491 571 2566 haec
588 2519 664 2567 non
686 2496 730 2568 sit
750 2495 824 2588 illa,
841 2511 877 2569 ct
898 2521 1122 2595 unaquaeque
1140 2499 1299 2598 ipsarum
1319 2498 1517 2574 substantia
1531 2497 1577 2570 sit
1593 2508 1629 2568 et
1645 2497 1755 2586 Deus,
1774 2506 1812 2565 et
1828 2518 1904 2566 non
1921 2495 1993 2567 sint
2009 2494 2092 2567 ideo

493 2613 615 2713 plures
645 2614 850 2729 constantiae
880 2616 938 2688 vel
965 2614 1038 2689 dii?
1064 2619 1208 2719 Quippe
1239 2620 1329 2721 quid
1359 2617 1458 2693 aliud
1484 2630 1539 2691 est
1567 2614 1687 2689 dicere
1716 2611 1838 2713 plures
1863 2612 2090 2708 substantiae,

446 2734 449 2741 “
495 2757 604 2830 quam
629 2731 748 2805 dicere
769 2733 884 2834 plura,
910 2757 1067 2831 quorum
1085 2740 1374 2838 unumquodque
1396 2752 1451 2812 est
1469 2734 1695 2810 substantia?
1711 2737 1835 2834 lpsum
1857 2757 1988 2832 nempe
2014 2733 2093 2833 plu·

493 2848 567 2924 rale
582 2850 801 2925 vocabulum
824 2851 914 2925 nihil
932 2850 1031 2926 aliud
1046 2867 1112 2939 cst,
1133 2880 1243 2953 quam
1258 2857 1453 2956 geminatio
1467 2856 1526 2930 vel
1540 2854 1791 2955 multiplicatio
1814 2854 1870 2926 sui
1886 2852 2090 2950 singularis,

494 2984 534 3043 ut
559 2969 725 3044 videlicet
748 2970 886 3073 plurale
923 2972 1036 3046 multa
1065 2973 1170 3048 simul
1199 2979 1383 3073 nominet,
1418 2975 1550 3077 quibus
1579 2974 1787 3075 singillatim
1820 2974 1993 3048 convenit
2019 2975 2091 3047 sin-

493 3090 628 3190 gulare.

541 3217 623 3304 Qua
648 3214 755 3287 etiam
784 3215 923 3288 ratione
945 3214 1074 3289 melius
1099 3214 1270 3291 dicuntur
1292 3234 1363 3294 tres
1386 3242 1560 3320 personas,
1581 3217 1667 3317 quia
1689 3240 1913 3315 unaquaeque
1934 3217 2091 3315 ipsarum

491 3358 648 3433 persona
663 3349 727 3425 est,
752 3359 862 3433 quam
884 3350 955 3409 tres
977 3335 1028 3408 dii
1045 3335 1101 3409 vel
1125 3337 1344 3436 snbstantioe,
1367 3365 1452 3414 cum
1472 3361 1697 3437 unaquaeque
1717 3337 1877 3437 ipsarum
1900 3340 1998 3410 Deus
2021 3337 2085 3423 sit,

492 3453 567 3526 sive
582 3452 804 3529 substantia?

541 3574 652 3662 Quod
667 3576 696 3648 si
710 3573 793 3656 ideo
807 3579 929 3676 plures
944 3577 1160 3651 substantias
1176 3578 1232 3651 vel
1251 3578 1372 3677 plures
1389 3579 1486 3649 Deos
1500 3577 1572 3650 dici
1588 3601 1773 3676 negemus,
1793 3576 1879 3677 quia
1894 3576 1979 3650 licet
1995 3600 2089 3649 una-

492 3717 643 3790 quaeque
656 3719 893 3792 personarum
910 3695 1109 3769 substantia
1127 3697 1172 3769 sit
1187 3696 1263 3771 sive
1278 3700 1389 3787 Deus,
1407 3696 1507 3769 nulla
1522 3710 1576 3770 est
1592 3698 1698 3770 unius
1713 3721 1876 3796 personae
1892 3695 2090 3771 differentia

493 3811 540 3883 ad
556 3811 663 3885 aliam
682 3814 716 3883 iu
734 3838 778 3885 eo
795 3810 894 3912 quod
911 3815 1108 3888 substantia
1126 3829 1181 3887 est
1196 3815 1253 3887 vel
1266 3819 1383 3888 Deus:
1407 3816 1570 3916 profecto
1586 3816 1713 3890 eadem
1736 3818 1876 3891 ratione
1892 3840 2090 3915 numquam

492 3929 689 4003 dicendum
717 3946 771 4005 est
796 3935 916 4032 plures
938 3934 1122 4026 homines,
1150 3959 1218 4008 nec
1241 3935 1349 4008 etiam
1374 3933 1493 4035 plures
1517 3960 1703 4035 personas,
1734 3962 1819 4010 cum
1843 3935 2005 4010 videlicet
2030 3936 2090 4007 hic

493 4048 607 4122 homo
632 4074 707 4125 non
724 4050 866 4126 dillerat
881 4053 928 4127 ab
949 4054 1011 4127 illo
1031 4055 1069 4128 in
1087 4078 1132 4126 eo
1157 4055 1258 4153 quod
1274 4054 1387 4130 homo
1410 4071 1476 4148 est,
1495 4072 1558 4130 aut
1573 4056 1649 4129 hacc
1666 4082 1821 4156 persona
1841 4056 1889 4130 ab
1910 4054 1969 4128 illa
1990 4054 2029 4128 in
2046 4079 2090 4127 co

494 4168 595 4266 quod
610 4195 764 4268 persona
777 4187 844 4246 est.

542 4290 738 4380 Quomodo
764 4292 872 4364 etiam
893 4318 975 4366 vere
996 4294 1174 4369 dicimus:
1194 4300 1279 4369 Tres
1298 4320 1461 4396 personae
1476 4310 1578 4388 sunt,
1598 4297 1626 4369 si
1644 4296 1758 4370 multa
1773 4296 1870 4370 entia
1886 4320 1962 4369 nun
1987 4309 2087 4384 sunt,

493 4407 566 4482 hoc
591 4425 645 4484 est
672 4411 792 4484 multae
817 4416 1001 4487 essentia?
1028 4418 1151 4515 Ipsum
1179 4416 1313 4516 quippe
1338 4416 1566 4515 participium
1585 4416 1720 4515 ubique
1745 4418 1782 4490 in
1809 4439 1963 4488 numero
1985 4438 2091 4487 suum

493 4530 646 4603 verbnm
668 4532 841 4631 sequitur,
869 4548 909 4606 ut
931 4534 1097 4610 videlicet
1115 4536 1161 4610 de
1183 4562 1257 4634 quo
1282 4536 1436 4610 dicimus
1456 4566 1474 4606 u
1489 4535 1664 4631 ambulat,
1675 4567 1694 4608 n
1715 4537 1878 4611 dicamus
1905 4549 1991 4609 «cst
2016 4559 2090 4610 am·

493 4647 672 4745 bulans3»
693 4666 730 4724 et
746 4651 792 4725 de
806 4652 936 4752 quibus
950 4655 1103 4730 dicimus
1119 4653 1372 4744 «ambulant»
1391 4657 1553 4732 dicamus
1573 4688 1591 4728 u
1604 4672 1689 4731 sunt
1708 4655 1966 4732 ambulantia.»
1989 4652 2091 4728 Unde

493 4771 695 4846 Aristoteles
719 4773 757 4846 in
782 4775 943 4848 secundo
961 4776 1245 4872 Plysae‘corum‘:
1272 4776 1420 4871 «Nihil,
1451 4778 1584 4877 inquit,
1614 4777 1734 4852 differt
1760 4778 1880 4851 dicere
1904 4776 2090 4850 hominem

524 5005 619 5068 'Apud
641 5006 743 5069 August
766 5021 816 5059 non
834 5008 991 5074 tripertitum
1006 5010 1111 5071 tegltur.
1127 5013 1171 5061 sed
1190 5026 1259 5062 eum·
1311 5012 1567 5075 campanensem,
1589 5013 1658 5063 locus
1673 5012 1718 5064 tste
1740 5015 1825 5076 pottus
1839 5013 1936 5064 rtdetur
1952 5023 2007 5062 esse
2027 5009 2088 5059 relc-

490 5098 537 5147 que
547 5098 597 5137 me
609 5086 770 5140 Trinitatem.
781 5115 810 5125 -
822 5090 831 5119 ²
842 5087 883 5138 Stc
898 5090 923 5138 tn
934 5090 1015 5150 cutus,
1031 5092 1104 5152 matt,
1121 5099 1149 5141 ut
1161 5094 1259 5154 optnor.
1312 5092 1403 5143 raudus
1418 5093 1450 5142 ad
1465 5108 1520 5156 cap.
1532 5107 1557 5145 ιι
1572 5095 1629 5145 utut
1648 5095 1708 5161 Περὶ
1728 5093 1879 5160 Ἐρμηνιὶας,
1896 5094 1938 5144 ubl
1954 5094 1986 5143 de
1997 5101 2088 5155 propc-

488 5163 547 5215 Nam
562 5180 617 5217 cum
634 5169 690 5218 uon
706 5168 872 5233 Plurimrum
890 5168 1028 5220 trtstoutts
1043 5172 1151 5221 nondum
1168 5174 1199 5222 ad
1213 5172 1262 5223 La·
1314 5174 1402 5224 stttonc
1416 5175 1504 5234 agitur.
