4559 6100
219 71 401 138 custodiat
415 72 582 138 unitatem.
605 73 711 141 Credo
732 74 849 141 Filium
865 100 923 167 per
939 81 1049 146 omnia
1067 82 1157 147 Patri
1176 105 1244 149 esse
1264 82 1479 171 coaequalem,
1498 81 1618 147 scilicet
1641 84 1836 166 aeternitate,

216 200 416 274 potestate,
433 184 597 250 volontate
614 202 647 251 et
667 209 777 277 opere.
795 188 864 254 Nec
885 188 982 254 audio
997 191 1111 258 Arium
1140 195 1196 283 qui
1215 218 1364 286 perverso
1390 193 1521 283 ingenio
1550 209 1654 277 actus,
1677 195 1743 259 imo
1766 195 1837 261 dae-

216 306 387 370 moniaco
412 305 559 371 seductus
573 308 706 397 spiritu,
731 310 849 400 gradus
869 310 945 375 lacit
959 313 992 377 in
1009 315 1185 399 Trinitate3
1208 316 1336 380 Patrem
1353 312 1527 401 majorem,
1548 313 1666 379 Filium
1683 314 1840 406 dogmati·

218 448 305 489 zans
318 427 507 511 minorem,
527 427 645 495 oblitus
659 427 767 519 legalis
784 433 936 522 praecepti
955 434 1052 499 :Non
1068 435 1234 516 ascendes,
1252 435 1356 535 inquit
1369 436 1448 516 Lex,
1466 456 1524 522 per
1539 433 1657 523 gradus
1675 434 1715 498 ad
1729 458 1839 500 meum

216 541 345 611 altare.
372 546 424 612 Ad
449 546 548 613 altare
570 551 688 641 quippe
712 532 771 616 D'ei
795 576 854 642 per
879 552 996 643 gradus
1024 554 1183 635 aseendit,
1213 554 1268 643 qui
1290 556 1377 645 prius
1404 569 1437 618 et
1455 553 1612 643 posterius
1632 554 1666 618 in
1682 555 1838 620 Trinitate

217 665 339 751 ponit.
367 665 520 754 Spiritum
534 669 631 734 etiam
648 685 792 736 sanctum
809 671 897 736 Patri
919 689 951 738 et
970 673 1052 738 Filio
1068 673 1374 739 consubstantialem
1394 689 1426 738 et
1443 671 1640 759 coaequalem
1656 696 1718 763 per¹
1730 673 1840 759 omnia

216 797 348 865 testor,
371 802 482 876 utpote
503 812 600 877 quem
620 789 772 858 bonitatis
789 793 921 859 nomine
941 792 1099 883 designari
1123 793 1287 859 volumina
1311 817 1383 859 mea
1406 816 1492 883 saepe
1510 791 1686 858 declarant.
1710 793 1839 856 Damno

215 901 420 983 sabellium,
448 909 503 995 qui
520 910 668 975 eamdem
686 934 858 1000 personam
883 936 1025 979 asserens
1051 913 1155 978 Patris
1178 930 1212 979 et
1234 912 1319 994 Filii,
1338 913 1467 978 Patrem
1491 935 1620 1002 passum
1645 913 1838 995 autumavit,

220 1014 377 1083 undeet
400 1019 623 1108 Patripassiani
646 1022 722 1086 dicti
743 1010 838 1089 sunt,
853 1023 959 1090 Credo
982 1026 1079 1090 etiarn
1101 1023 1218 1089 Filium
1239 1025 1300 1089 Dei
1322 1023 1442 1089 factum
1459 1046 1526 1088 esse
1549 1022 1666 1087 Filium
1685 1024 1838 1102 hominis,

218 1158 398 1226 unamque
426 1162 596 1229 personam
620 1164 660 1207 ex
688 1141 813 1208 duabus
840 1160 872 1210 et
897 1147 931 1209 in
957 1146 1080 1210 naturis
1112 1144 1237 1211 duabus
1257 1145 1447 1226 consistere,
1467 1143 1522 1231 qui
1546 1158 1620 1232 post
1647 1142 1841 1238 completam

218 1242 388 1347 su'sceptae
403 1259 610 1325 humanitatis
629 1259 899 1352 dispensationem
919 1288 1027 1356 passus
1043 1282 1091 1330 est
1106 1281 1139 1330 et
1154 1280 1317 1347 mortuus,
1335 1280 1368 1329 et
1383 1262 1574 1346 resurrexit,
1591 1277 1625 1326 et
1645 1262 1790 1328 ascendit
1804 1263 1839 1326 in

220 1376 366 1460 caelum,
392 1395 608 1469 venturusque
629 1399 677 1446 est
691 1383 836 1469 judicare
851 1386 940 1451 vivos
961 1394 994 1451 et
1016 1403 1172 1451 mortuos.
1195 1385 1312 1450 Assero
1335 1385 1433 1449 etiam
1454 1384 1489 1447 in
1510 1382 1669 1471 baptismo
1692 1382 1840 1447 universa

220 1499 352 1561 remitti
375 1498 507 1580 delicta,
525 1501 689 1589 gratiaque
701 1526 761 1569 nos
777 1527 883 1594 egere,
900 1527 963 1595 qua
979 1522 1011 1571 et
1027 1506 1214 1595 incipiamus
1230 1505 1355 1569 bonum
1377 1519 1410 1568 et
1435 1502 1648 1593 perficiamus,
1670 1501 1841 1592 lapsosque
1894 1570 1897 1577 ,

221 1639 292 1704 per
303 1620 526 1707 poenitentiam
538 1622 718 1688 reformari.
728 1625 777 1689 De
789 1625 892 1689 carnis
913 1641 1020 1690 autem
1029 1627 1262 1692 ‘resurrectione
1272 1625 1351 1713 quid
1361 1647 1442 1715 opus
1450 1638 1498 1688 est
1505 1622 1621 1701 dicere,
1637 1643 1712 1686 cum
1727 1621 1842 1687 frustra

221 1735 352 1826 glorier
363 1763 416 1804 me
425 1741 645 1824 christianum,
659 1744 763 1808 sinon
776 1744 943 1810 credidero
954 1747 1229 1813 resurrecturum?
1240 1749 1318 1811 Haec
1334 1747 1442 1833 itaque
1454 1760 1502 1809 est
1516 1742 1595 1808 fides
1607 1743 1640 1806 in
1653 1765 1716 1831 qua
1728 1740 1840 1825 sedeo,

231 1874 278 1917 ex
298 1877 361 1942 qua
377 1857 444 1946 spei
467 1858 623 1922 contraho
643 1856 837 1926 firmitatem.
865 1864 904 1925 In
922 1862 983 1927 bac
1006 1862 1128 1927 locatus
1151 1861 1337 1943 salubriter,
1361 1856 1616 1947 latratusScyllae
1637 1881 1705 1923 non
1722 1858 1840 1939 timeo,

222 1975 422 2064 vertiginem
451 1976 606 2065 Carybdis
636 1978 746 2062 rideo,
771 1981 954 2047 mortiferos
979 1981 1173 2071 Syrenarnm
1206 1978 1357 2046 modulos
1389 2001 1458 2043 non
1480 1979 1645 2042 horresco.
1680 1975 1713 2040 Si
1742 1976 1843 2040 uruat

228 2090 343 2169 turbo,
362 2114 429 2155 non
446 2094 586 2181 quatior.
604 2093 638 2158 Si
658 2095 746 2160 venti
766 2094 914 2185 perflent,
948 2119 1015 2161 non
1040 2119 1186 2162 moveor.
1214 2095 1380 2160 Fundatus
1397 2095 1484 2159 enim
1506 2115 1578 2157 sum
1599 2114 1695 2182 supra
1716 2088 1843 2157 firmam

223 2225 367 2296 petram.
386 2243 399 2269 η

276 2331 354 2395 Haec
379 2331 421 2397 de
442 2284 575 2421 epistbla
600 2333 687 2399 Petri
708 2332 750 2400 ad
778 2338 915 2402 verbum
939 2334 1139 2426 excerpenda
1165 2336 1291 2425 putavi,
1319 2351 1356 2398 ut
1379 2331 1538 2422 liquidum
1563 2328 1655 2394 fieret
1674 2327 1842 2418 quomodo

233 2443 350 2509 Petrus
365 2447 567 2536 impugnaret
583 2446 680 2513 fidem
697 2450 795 2515 Petri.
814 2452 925 2533 Nunc,
942 2450 1045 2542 rigide
1068 2474 1194 2532 censor,
1213 2450 1338 2532 adesto,
1356 2464 1389 2513 et
1404 2445 1501 2511 fidem
1517 2444 1605 2539 Petri
1628 2444 1753 2507 sincero
1769 2464 1844 2531 per·

230 2564 340 2654 pende
359 2567 494 2650 judicio.
516 2569 630 2632 Dixisti
653 2592 661 2633 :
690 2570 796 2635 «Non
819 2570 917 2636 debet
938 2572 1097 2661 refugium
1121 2572 1265 2636 invenire
1291 2568 1378 2660 apud
1401 2567 1512 2654 sedem
1532 2564 1636 2645 Petri,
1664 2564 1720 2651 qui
1743 2559 1843 2626 lidem

234 2687 404 2777 impugnat
425 2687 553 2753 Petri.»
575 2690 647 2755 Hoc
668 2713 780 2780 perse
803 2690 924 2757 dictum
945 2691 1110 2781 quoddam
1131 2706 1214 2757 esset
1236 2690 1381 2756 eminens
1401 2703 1434 2752 et
1453 2684 1601 2776 generale
1624 2704 1750 2747 verum.
1776 2679 1841 2746 Sed

236 2807 311 2895 quia
334 2806 544 2896 personaliter
560 2807 668 2872 dixisti
691 2808 731 2875 de
747 2810 862 2892 Petro,
880 2811 1038 2876 convinco
1056 2828 1086 2876 te
1102 2812 1218 2877 sentire
1246 2808 1406 2875 contraria
1422 2830 1513 2872 vero.
1531 2805 1607 2868 Non
1625 2802 1711 2868 enim
1727 2801 1841 2865 Petrus

233 2927 337 3015 arguit
353 2925 463 3009 fidem,
487 2926 529 2993 ad
545 2931 635 3015 cujus
651 2927 769 2995 lineam
785 2932 883 2996 vitam
898 2911 1160 3021 suaimdisponit,
1193 2953 1253 2995 nec
1278 2928 1400 2994 alienus
1422 2942 1505 2993 esta
1531 2924 1648 2988 Christi
1670 2922 1838 3012 portione,
1859 2952 1861 2957 ·

232 3047 322 3131 cujus
352 3070 386 3112 se
417 3064 484 3113 tam
513 3048 676 3114 humiliter
702 3051 863 3143 insignivit
885 3054 1029 3118 nomine.
1054 3051 1196 3118 Deberet
1220 3073 1297 3139 ergo
1323 3047 1485 3138 refugium
1506 3043 1592 3136 apud
1620 3041 1730 3108 sedem
1753 3038 1841 3104 Petri

230 3164 395 3249 invenire,
413 3170 440 3232 si
468 3192 535 3232 non
554 3167 715 3235 illecebrae
739 3173 787 3236 tui
813 3172 933 3261 eloquii
953 3173 1136 3239 clausissent
1153 3172 1274 3272 viscera
1295 3166 1521 3236 misericordiae
1544 3167 1700 3229 Romanae
1725 3159 1839 3224 Eccle-

232 3281 299 3346 siae.
318 3282 382 3347 Sed
399 3281 478 3349 dum
494 3289 537 3349 tu'
547 3285 644 3351 Petro
657 3285 835 3352 clementiae
852 3289 969 3353 ostium
982 3288 1133 3371 obstruis,
1151 3301 1315 3376 conceptae
1335 3284 1472 3349 vesaniae
1500 3282 1662 3372 signanter
1684 3276 1840 3365 impetum

229 3400 351 3489 prodis.
1406 3483 1417 3492 „

275 3523 338 3587 Hic
357 3523 638 3615 fortasseinquies
653 3550 661 3592 ε
679 3527 786 3593 Nimia
802 3551 898 3619 super
917 3550 970 3595 me
986 3527 1111 3593 lacessis
1130 3526 1259 3613 injuria.
1280 3522 1373 3588 Zelus
1389 3521 1505 3586 domus
1523 3518 1583 3612 Dei
1603 3512 1745 3581 comedit
1765 3536 1836 3612 me,

234 3662 276 3707 eo
305 3645 397 3732 quod
420 3645 510 3736 lepra
538 3647 661 3712 insanae
687 3645 843 3714 doctrinae
869 3647 1047 3722 macularet
1068 3670 1184 3737 corpus
1207 3644 1370 3726 Ecclesiae,
1397 3642 1450 3707 cui
1477 3635 1675 3705 obviandum
1700 3634 1733 3697 in
1768 3634 1839 3723 ipso

236 3759 342 3822 metim
360 3762 510 3848 nequitiae
531 3764 652 3828 semine
668 3765 793 3853 putavi,
811 3787 853 3829 ne
864 3762 928 3830 late
942 3779 1082 3854 serperet
1096 3763 1144 3826 ris
1159 3761 1287 3828 veneni.
1306 3747 1425 3822 Nonne
1441 3769 1534 3820 caute
1550 3748 1757 3835 consulteque
1773 3747 1837 3835 egi,

237 3874 326 3966 quod
346 3877 467 3943 foedum
485 3879 565 3944 illud
585 3879 836 3973 sacrilegumque
857 3883 976 3975 dogma
991 3882 1133 3948 manuali
1153 3880 1296 3974 quodam
1311 3876 1454 3942 indiculo
1471 3869 1645 3961 complosi,
1662 3890 1704 3931 ne
1720 3865 1840 3931 scilicet

238 3995 379 4062 breviter
398 3997 581 4064 volentibus
602 4002 757 4092 attingere
772 4026 930 4067 summam
946 4005 993 4069 rei
1015 4024 1188 4070 onerosum
1208 4014 1290 4066 esset
1310 4000 1356 4062 ire
1372 4019 1431 4084 per
1452 3992 1612 4081 spaciosus
1629 3984 1726 4051 saltus
1740 3985 1837 4051 volu·

235 4112 360 4178 minum
387 4112 575 4198 Abalardi?
591 4116 645 4179 Ad
666 4117 736 4180 haec
752 4140 813 4205 ego
833 4141 841 4181 ε
858 4117 971 4192 Laudo
992 4134 1041 4200 te,
1067 4120 1180 4196 Pater,
1206 4114 1264 4178 sed
1289 4112 1324 4175 in
1345 4109 1409 4175 hoc
1425 4130 1493 4172 non
1517 4102 1629 4169 laudo.
1654 4099 1838 4167 Indiculum

139 4243 144 4252 '
235 4233 390 4314 vidimus,
426 4235 548 4325 inquo
572 4258 639 4300 non
669 4235 755 4300 Petri
773 4235 941 4326 dogmata,
967 4235 1024 4300 sed
1046 4233 1180 4300 nefandi
1198 4230 1373 4297 commenti
1396 4224 1535 4319 capitula
1555 4224 1716 4314 legimus:
1740 4219 1839 4304 Quod
1893 4250 1897 4256 ·

238 4351 358 4419 scilicet
372 4329 467 4420 Pater
489 4355 529 4420 sit
545 4355 789 4446 omnipotentia,
808 4353 906 4419 Filius
929 4354 1078 4443 quaedam
1093 4353 1253 4445 potentia,
1272 4350 1406 4441 Spiritus
1421 4361 1548 4412 sanctus
1566 4340 1655 4408 nulla
1676 4339 1835 4432 potentia.

239 4471 337 4556 Quod
353 4474 488 4566 Spiritus
503 4492 648 4560 sanctus,
673 4476 749 4542 licet
766 4476 807 4542 sit
828 4474 971 4564 ejusdem
986 4475 1172 4542 substantie
1189 4495 1263 4538 cum
1278 4469 1373 4553 Filio,
1393 4491 1462 4534 non
1474 4482 1583 4577 tamen
1602 4478 1650 4529 est
1664 4461 1705 4527 de
1722 4458 1839 4526 eadem

357 4611 386 4659 11
793 4642 797 4648 .
823 4651 825 4660 ,
1676 4583 1715 4642 98
