4559 6100
1058 477 1187 550 PETRI
1214 474 1449 549 ABAELARDI

1067 808 1248 900 CAPUT
1289 806 1451 899 XVIII.

964 1026 1041 1100 Qun
1066 1024 1185 1105 propes
1212 1024 1325 1084 autur
1351 1019 1543 1104 ρωιιιιιιιιιιι

506 1219 716 1293 Paenitentia
739 1231 858 1289 autem
878 1215 1025 1315 proprie
1045 1215 1205 1287 dicitur:
1230 1213 1344 1285 Dolor
1363 1212 1475 1284 animi
1498 1236 1694 1311 supereo,
1719 1211 1757 1283 in
1778 1234 1853 1308 quo
1878 1209 2050 1308 deliquit;

458 1366 541 1414 cum
565 1339 722 1434 aliquem
743 1337 875 1410 scilicet
895 1338 993 1437 piget
1015 1336 1052 1408 in
1076 1335 1197 1432 aliquo
1220 1334 1420 1406 excessisse.
1445 1336 1526 1405 Haec
1546 1348 1669 1405 autem
1689 1331 1897 1431 poenitentia
1917 1346 1993 1402 tum
2008 1353 2054 1402 ex

457 1484 581 1533 amore
603 1458 669 1530 Dei
691 1456 819 1530 accidit
841 1471 878 1529 et
903 1456 1085 1529 fructuosa
1105 1469 1177 1544 est;
1197 1468 1274 1525 tum
1295 1453 1431 1526 damno
1452 1452 1588 1550 aliquo,
1607 1476 1681 1549 quo
1701 1451 1879 1523 nollemus
1896 1450 2051 1546 gravari,

458 1580 573 1677 qualis
591 1593 644 1651 est
659 1577 718 1648 illa
735 1577 990 1649 damnatorum
1006 1572 1409 1675 poenitentiadequibus
1420 1574 1593 1671 scriptum
1612 1576 1679 1644 est¹
1693 1598 1702 1643 z
1717 1599 1735 1639 ι(
1749 1570 1920 1643 Videntes
1932 1568 2054 1641 turba·

459 1700 595 1772 buntur
612 1712 746 1769 terrore
763 1695 929 1768 horribili
953 1710 990 1766 et
1011 1694 1239 1767 mirabuntur
1254 1694 1293 1764 in
1305 1692 1522 1765 subitatione
1534 1693 1721 1791 insperatae
1739 1689 1875 1778 salutis,
1896 1689 2055 1761 dicentes
2153 1774 2158 1781 .

459 1821 553 1891 intra
577 1843 629 1909 se,
653 1832 690 1889 et
709 1816 956 1916 poenitentiam
973 1828 1130 1912 agentes,
1159 1828 1195 1886 et
1211 1839 1284 1914 prae
1313 1813 1474 1911 angustia
1502 1812 1645 1912 spiritus
1675 1825 1888 1907 gementes:
1911 1811 2056 1883 IIisunt

459 1963 552 2037 quos
575 1936 771 2033 aliquando
787 1935 979 2008 habuimus
994 1936 1030 2007 in
1048 1934 1183 2025 derisu,
1201 1948 1271 2006 etc.
1290 1962 1308 2002 ιι
1335 1934 1499 2029 Legimus
1519 1946 1555 2004 et
1570 1931 1818 2030 poenitentiam
1834 1930 1934 2003 Iudae
1949 1955 2057 2030 super

461 2058 532 2131 hoc
548 2056 646 2154 quod
673 2056 870 2127 Dominum
892 2054 1121 2142 tradiderat¹3
1143 2054 1242 2152 quod
1268 2079 1342 2126 non
1368 2069 1440 2126 tam
1462 2076 1530 2152 pro
1554 2054 1661 2151 eulpa
1684 2051 1835 2150 peceati,
1863 2075 1972 2148 quam
1990 2075 2058 2149 pro

463 2178 595 2250 vilitate
612 2178 680 2270 sui,
701 2177 811 2274 quise
821 2175 985 2247 omnium
995 2174 1133 2271 judicio
1141 2173 1357 2248 damnatum
1372 2172 1558 2260 sentiebat,
1573 2171 1754 2244 eredimus
1770 2172 1952 2243 accidisse.
1967 2175 2057 2245 Cum
2090 2242 2101 2251 ,

462 2300 558 2371 enim
576 2298 656 2396 quis
673 2295 782 2368 alium
800 2296 972 2394 pecunia,
993 2295 1049 2368 vel
1070 2293 1334 2392 quoquomodo
1350 2307 1562 2391 corruptum
1577 2291 1622 2365 ad
1637 2291 1878 2391 perditionem
1892 2295 2056 2383 traxerit,

463 2419 599 2492 nemini
617 2417 735 2506 vilior,
759 2441 869 2514 quam
891 2416 924 2488 ei
940 2414 1106 2515 proditor
1119 2414 1286 2505 habetur,
1314 2429 1351 2486 et
1371 2438 1480 2485 nemo
1498 2412 1530 2484 ei
1553 2413 1671 2483 minus
1693 2437 1731 2484 se
1751 2411 1884 2505 credit,
1904 2414 2060 2510 quamis

462 2540 526 2636 qui
547 2536 796 2609 infidelitatem
813 2536 888 2631 ejus
904 2535 1058 2633 amplius
1073 2549 1241 2635 expertus
1256 2548 1322 2607 est.
1340 2533 1472 2605 llIultos
1497 2533 1632 2631 quippe
1654 2533 1817 2630 quotidie
1828 2531 1887 2605 de
1902 2533 1973 2606 hac
1988 2534 2060 2607 vita

464 2679 667 2730 recessuros
681 2654 730 2727 de
748 2655 887 2752 flagitiis
904 2655 1115 2753 perpetratis
1131 2655 1304 2752 poenitere
1318 2652 1481 2726 videmus
1497 2666 1534 2725 et
1551 2653 1648 2749 gravi
1663 2654 1950 2750 compunctione
1968 2655 2064 2750 inge·

466 2777 629 2861 miscere,
647 2798 722 2845 non
740 2788 815 2846 tam
843 2799 967 2847 amore
979 2775 1044 2846 Dei
1066 2799 1174 2870 quern
1191 2773 1433 2863 offenderunt,
1453 2775 1511 2846 rel
1528 2772 1615 2845 odio
1634 2775 1772 2870 peccati
1793 2773 1894 2869 quod
1912 2775 2063 2846 commi·

466 2908 603 2982 serunt,
621 2917 732 2991 quam
748 2893 877 2966 timore
891 2918 1018 2993 poenae,
1041 2895 1078 2966 in
1096 2918 1205 2992 quam
1221 2918 1260 2966 se
1282 2892 1493 2992 precipitari
1510 2907 1689 2964 verentur.
1709 2892 1780 2980 Qui
1799 2893 1837 2964 in
1852 2917 1897 2965 eo
1915 2920 2059 2993 quoque

467 3014 579 3112 iniqui
596 3029 824 3112 permanent,
843 3012 944 3112 quod
963 3038 1039 3088 non
1059 3028 1132 3087 tam
1146 3013 1197 3086 eis
1212 3013 1380 3112 iniquitas
1395 3012 1558 3112 displicet
1575 3012 1705 3111 culpae,
1724 3037 1848 3111 quam,
1867 3037 1948 3110 quae
1963 3015 2062 3113 juxta

467 3147 532 3221 est,
545 3131 698 3228 gravitas
720 3157 851 3230 poenae;
869 3158 938 3206 nec
955 3148 1093 3207 tantum
1112 3134 1199 3207 odio
1215 3133 1352 3208 habent
1365 3134 1403 3205 id
1419 3132 1520 3231 quod
1532 3130 1808 3218 commiserunt,
1827 3134 1912 3230 quia
1928 3137 2059 3209 malum

468 3253 550 3345 suit,
577 3276 686 3350 quam
707 3251 844 3348 justum
869 3254 936 3325 Dei
952 3253 1129 3350 judicium
1150 3253 1251 3352 quod
1275 3254 1314 3326 in
1339 3277 1445 3351 poena
1466 3252 1673 3345 formidant,
1698 3252 1901 3350 aequitatem
1927 3257 2063 3353 potius·

467 3397 577 3471 quam
597 3372 823 3470 iniquitatem
847 3373 1023 3447 odientes.
1047 3378 1150 3462 Quos
1166 3373 1230 3446 diu
1246 3373 1447 3446 obcaecatos
1467 3387 1573 3470 atque
1590 3387 1737 3446 vocatos
1754 3387 1827 3445 uta
1852 3374 1986 3449 malitia
2002 3402 2063 3449 sua

469 3506 783 3584 converterentur,
804 3494 853 3564 ita
871 3493 1018 3565 tandem
1038 3495 1075 3564 in
1094 3492 1290 3591 reprobum
1308 3517 1454 3565 sensum
1473 3493 1603 3565 Divina
1618 3493 1757 3565 Iustitia
1772 3492 1893 3582 tradit,
1912 3510 1949 3568 et
1969 3498 2064 3569 ooeci·

470 3628 541 3686 tate
568 3636 757 3711 percussos
779 3635 801 3684 a
823 3611 912 3684 socie
935 3636 1000 3685 sua
1025 3636 1174 3711 prorsus
1194 3610 1327 3709 abjicit,
1353 3628 1394 3684 ut
1418 3636 1464 3683 ne
1492 3611 1644 3684 salubris
1664 3612 1878 3710 poenitentiae
1903 3616 2064 3689 notitiam

469 3732 639 3822 habeant,
659 3755 726 3801 nee
741 3730 893 3828 qualiter
908 3731 1196 3803 satisfaciendum
1213 3733 1271 3820 sit,
1289 3731 1475 3804 advertere
1491 3745 1637 3829 queant.

520 3853 639 3937 Quam
663 3850 839 3948 plurimos
866 3851 1002 3949 quippe
1029 3850 1192 3949 quotidie
1219 3851 1399 3928 cernimus
1426 3852 1620 3924 morientes
1647 3852 1799 3949 graviter
1821 3853 2064 3951 ingemiscere,

472 3968 626 4040 multum
651 3992 689 4039 se
717 3992 884 4041 accusare
912 3995 1021 4068 super
1044 3971 1180 4062 usuris,
1202 3970 1356 4069 rapinis,
1379 3970 1674 4070 oppressionibus
1698 3995 1919 4071 paupemm,
1946 3973 2002 4046 vel
2029 3975 2066 4046 in

473 4088 762 4186 quibuscumque
783 4089 921 4186 injuriis
943 4114 1033 4187 quas
1058 4091 1330 4182 commisemnt,
1358 4103 1395 4163 et
1416 4115 1483 4190 pro
1505 4091 1758 4164 emendatione
1779 4093 1932 4165 istorum
1957 4118 2070 4167 saeer-

475 4207 597 4279 dotem
617 4207 818 4278 consulere.
837 4207 978 4296 Quibus
998 4211 1027 4280 si
1049 4208 1138 4300 linc,
1159 4224 1198 4280 ut
1223 4223 1379 4307 oportet,
1403 4210 1593 4282 consilium
1614 4211 1732 4305 detur,
1759 4225 1797 4283 ut
1813 4212 1968 4284 venditis
1991 4238 2069 4286 om·

476 4325 583 4398 nibus
598 4352 676 4423 quae
697 4325 850 4418 habent,
878 4328 1067 4400 restituant
1090 4329 1167 4400 aliis
1189 4353 1268 4426 quae
1289 4328 1529 4421 abstulerunt,
1541 4332 1643 4428 juxta
1664 4330 1752 4403 illud
1768 4333 1954 4428 Augustini
1974 4360 1982 4402 z
2002 4335 2069 4405 «Si

477 4472 532 4519 res
547 4448 680 4537 aliena,
698 4473 781 4520 cum
802 4447 904 4522 reddi
919 4449 1045 4547 possit,
1056 4473 1130 4520 non
1142 4450 1317 4541 redditur,
1331 4453 1529 4549 nonagitur
1544 4453 1766 4551 poenitentia,
1786 4452 1848 4524 sed
1866 4431 2032 4550 fingitur;
2050 4487 2067 4520 ι

452 4629 458 4642 .
477 4566 597 4638 statim
617 4590 726 4663 quam
743 4567 860 4640 inanis
874 4592 999 4639 eorum
1016 4571 1239 4667 poenitentia,
1258 4572 1492 4669 responsione
1509 4596 1573 4644 sua
1589 4570 1818 4671 profitentur.
1839 4572 1944 4646 Unde
1962 4599 2068 4672 ergn,

478 4686 670 4785 inquiunt,
690 4685 821 4759 domus
840 4712 920 4760 mea
936 4688 1093 4761 viveret?
1109 4689 1207 4777 Quid
1228 4689 1308 4763 filiis
1326 4693 1435 4785 meis,
1463 4692 1551 4791 quid
1568 4693 1670 4764 uxori
1691 4693 1952 4791 relinquerem?
1972 4694 2076 4767 Unde

478 4833 517 4878 se
547 4821 744 4880 sustentare
771 4808 943 4908 possent?
972 4809 1116 4898 Quibus
1142 4809 1202 4883 illa
1230 4812 1387 4908 primum
1413 4814 1606 4888 Dominica
1634 4815 1790 4887 occurrit
1818 4815 2033 4914 increpatio·
2061 4842 2069 4883 :

511 5092 517 5118 ¹
534 5091 611 5154 Sep,
624 5105 677 5153 erp.
690 5105 716 5155 r,
728 5107 751 5142 ι.
763 5096 778 5144 2
790 5100 815 5143 et
825 5095 849 5144 t.
863 5096 913 5131 -2
924 5093 1024 5158 flaute,
1039 5108 1093 5158 cap.
1107 5109 1185 5154 xxm,
1197 5110 1222 5146 r.
1234 5099 1258 5148 ³.
1274 5123 1302 5133 -
1314 5097 1324 5130 ¹
1334 5097 1393 5148 Luc.
1403 5134 1409 5160 ,
1421 5111 1476 5160 rap.
1489 5109 1534 5159 ιιι,
1550 5112 1573 5149 ι.
1585 5101 1625 5150 20.
