4559 6100
700 536 744 609 ΙΝ
769 533 1016 608 EPlSTOLAM
1040 537 1101 610 AD
1128 537 1352 611 ROMANOS.
1756 536 1826 608 493

234 685 378 755 Deus.»
397 681 479 753 Dixi
500 707 509 753 ε
530 681 641 774 Absit,
662 709 730 758 nee
747 684 1024 778 inconsiderate,
1043 684 1106 757 sed
1118 683 1283 784 provide,
1304 709 1389 756 cum
1406 662 1452 756 sit
1468 713 1485 751 α
1500 687 1598 757 Deus
1615 708 1735 775 verax,
1751 715 1769 752 u
1789 682 1827 755 id

234 816 300 895 est,
319 801 454 876 stabilis
472 827 537 877 seu
553 803 749 879 immobilis
766 806 802 877 in
819 805 877 878 his
895 830 975 903 quae
993 805 1170 904 promittit
1185 820 1247 877 aut
1265 804 1436 905 praedicit.

287 923 448 995 «Omnis
471 937 592 996 autem
606 923 720 997 homo
734 924 903 1016 mendax,
920 955 938 990 u
957 924 995 996 id
1012 937 1077 1015 est,
1096 924 1277 999 mutabilis
1294 924 1332 997 iu
1348 949 1415 997 suo
1438 924 1640 1022 proposito,
1668 937 1709 997 ut
1735 923 1831 998 vide·

235 1041 317 1114 iicet
333 1040 435 1115 iacile
449 1042 526 1140 ejus
541 1045 733 1118 consilium
749 1058 811 1117 ant
826 1043 993 1116 voluntas
1007 1045 1137 1116 mutari
1154 1058 1272 1142 queat.
1294 1047 1400 1116 Forte
1415 1043 1587 1141 qnaeritur
1607 1044 1636 1115 si
1656 1043 1770 1116 homo
1793 1045 1830 1116 in

234 1160 377 1233 Christo
404 1164 524 1236 unitus
540 1163 717 1238 divinitati
734 1164 878 1237 mentiri
894 1178 956 1237 aut
971 1187 1120 1263 peccare
1138 1164 1310 1263 potuerit,
1324 1164 1487 1260 quamvis
1504 1163 1543 1235 in
1557 1189 1603 1236 eo
1618 1163 1719 1261 quod
1734 1188 1832 1264 prae·

235 1280 383 1354 missum
399 1297 467 1371 est,
489 1312 507 1349 α
518 1298 572 1357 est
587 1297 708 1357 autem
725 1287 822 1362 Deus
838 1308 959 1377 verax,
976 1315 992 1350 r
1008 1298 1043 1355 et
1059 1283 1179 1356 statim
1197 1282 1428 1380 subjunctum
1444 1296 1511 1372 est,
1541 1313 1559 1349 α
1581 1283 1699 1355 omnis
1713 1297 1832 1356 autem

235 1400 349 1473 homo
365 1402 534 1496 mendax,
553 1433 573 1472 n
592 1407 690 1476 Deus
705 1403 819 1475 homo
836 1403 999 1476 exclusus
1016 1403 1203 1493 videatur3
1225 1418 1265 1475 ut
1280 1402 1327 1475 de
1342 1428 1435 1503 puro
1451 1402 1601 1475 homine
1618 1417 1758 1475 tantum
1774 1427 1834 1476 ac-

234 1521 308 1619 cipi
323 1519 455 1595 debeat
468 1522 569 1621 quod
585 1522 722 1596 dictum
738 1539 804 1614 est,
825 1554 843 1591 u
857 1522 1105 1596 omnishomo
1123 1521 1292 1616 mendax,
1305 1553 1323 1589 u
1343 1546 1419 1595 uon
1437 1521 1483 1594 de
1498 1522 1648 1595 homine
1665 1523 1728 1620 qui
1739 1524 1834 1596 Deus

235 1651 300 1713 est.
331 1643 445 1713 Nemo
470 1656 591 1714 autem
612 1644 794 1741 ambigere
819 1642 927 1716 debet
943 1643 1132 1715 hominem
1159 1642 1261 1715 illum
1286 1645 1365 1714 Deo
1390 1641 1545 1736 unitum,
1577 1656 1768 1741 postquam
1800 1642 1834 1715 ei

238 1761 359 1831 unitus
377 1773 442 1850 est,
462 1774 525 1832 aut
537 1760 627 1833 dum
644 1764 677 1834 ei
689 1764 811 1836 unitus
829 1776 894 1854 est,
911 1762 1280 1862 nullatenuspeccare
1301 1786 1430 1860 posse:
1450 1762 1541 1833 sicut
1554 1786 1638 1834 eum
1662 1761 1725 1858 qui
1747 1785 1835 1859 prae·

237 1878 435 1956 destinatus
451 1893 517 1971 est,
536 1896 728 1979 postquam
744 1882 1030 1982 praedestinatus,
1051 1881 1108 1954 vel
1127 1907 1212 1953 cum
1229 1880 1500 1980 praedestinatus
1510 1880 1568 1971 sit,
1580 1880 1745 1953 damnari
1760 1904 1835 1953 non

237 2023 355 2097 posse.
376 2004 419 2070 At
432 2023 520 2074 vero
536 2001 565 2072 si
584 2001 792 2100 simpliciter
810 2001 942 2074 dicitur
958 2000 1147 2074 hominem
1165 2001 1281 2092 ilium,
1298 2002 1360 2099 qui
1375 2001 1496 2074 unitus
1512 2015 1577 2092 est,
1601 1998 1704 2073 nullo
1724 1997 1836 2072 modo

237 2143 386 2218 peccare
404 2144 525 2219 posse,
541 2134 658 2219 potest
675 2120 827 2220 quilibet
842 2120 1034 2220 ambigere.
1053 2122 1091 2192 Si
1105 2122 1205 2193 enim
1222 2121 1365 2221 penitus
1381 2144 1531 2218 peccare
1544 2144 1619 2192 non
1633 2132 1764 2218 potest,
1775 2134 1838 2192 aut

238 2239 330 2310 male
346 2238 475 2330 facere,
492 2240 591 2337 quod
608 2242 776 2313 meritum
791 2242 916 2330 habet,
937 2241 1100 2315 cavendo
1126 2254 1314 2340 peccatum
1335 2240 1436 2338 quod
1458 2239 1558 2311 nulio
1585 2238 1697 2311 modo
1720 2253 1839 2338 potest
1906 2309 1909 2314 ,

238 2359 475 2449 committere,
504 2374 566 2431 ant
587 2361 774 2457 quomodo
798 2362 906 2435 etiam
928 2386 1056 2434 cavere
1080 2361 1118 2432 id
1144 2359 1275 2432 dicitur
1300 2357 1402 2456 quod
1424 2356 1628 2431 nullatcnus
1657 2358 1838 2430 incurrere

239 2479 379 2577 potest?
400 2478 502 2551 Unde
520 2479 689 2553 Boethius
704 2498 831 2553 contra
844 2481 1028 2577 Eutychen
1045 2497 1082 2552 et
1098 2481 1301 2552 Nestorium
1318 2476 1364 2550 de
1381 2476 1530 2549 homine
1546 2501 1654 2574 quem
1668 2481 1766 2549 Deus
1782 2500 1838 2549 as·

237 2598 391 2697 sumpsit
411 2625 419 2668 :
442 2629 460 2666 u
479 2599 651 2688 Quando,
676 2602 806 2699 inquit,
822 2600 900 2674 fieri
915 2615 1047 2701 potest,
1065 2614 1104 2674 ut
1124 2599 1233 2671 talem
1251 2597 1484 2696 assumpserit
1497 2596 1705 2689 hominem,
1724 2597 1840 2695 qualis

238 2715 352 2789 Adam
370 2716 437 2788 suit
454 2733 538 2791 ante
554 2734 762 2817 peccatum,
780 2745 865 2792 cum
884 2721 922 2792 in
946 2719 1058 2793 Adam
1074 2719 1233 2818 potuerit
1249 2741 1325 2789 esse
1345 2715 1520 2817 peccandi
1542 2715 1709 2789 voluntas
1729 2731 1839 2814 atque

237 2835 405 2910 affectio?
418 2866 436 2905 u
455 2839 635 2937 Scriptum
652 2854 823 2939 praeterea
838 2854 892 2912 est
914 2840 951 2911 in
966 2840 1073 2913 lande
1083 2840 1171 2937 justi
1185 2842 1193 2877 ¹
1211 2865 1250 2908 :u
1265 2837 1338 2925 Qui
1354 2837 1472 2936 potnit
1487 2836 1700 2934 transgredi,
1715 2851 1751 2909 et
1764 2861 1840 2910 non

237 2970 291 3027 est
309 2970 564 3055 transgressus;
582 2956 699 3031 facere
714 2959 823 3053 mala,
839 2973 875 3031 et
893 2984 968 3031 non
985 2958 1081 3048 fecit,
1097 2960 1163 3031 iste
1180 2959 1218 3029 in
1235 2955 1380 3030 excelsis
1392 2953 1584 3046 habitabit,
1597 2969 1668 3027 etc.
1682 2984 1700 3024 u
1714 2960 1757 3027 Et
1769 2956 1841 3028 hoc

236 3075 386 3175 quidem
403 3076 449 3149 ad
471 3076 625 3149 liberum
650 3078 809 3153 hominis
833 3078 1020 3153 arbitrium
1052 3080 1220 3180 pertinet,
1248 3091 1289 3150 ut
1313 3078 1350 3147 in
1370 3077 1447 3174 ejus
1469 3077 1515 3148 sit
1536 3090 1712 3176 potestate
1736 3101 1841 3174 agere

234 3196 333 3268 bene
349 3211 386 3269 et
407 3196 513 3268 maie.
528 3196 638 3285 Quod
659 3199 688 3271 si
707 3199 869 3285 Christus
885 3225 961 3272 non
983 3198 1124 3288 habuit,
1143 3199 1260 3272 libero
1275 3195 1420 3269 videtur
1440 3196 1599 3295 privatus
1617 3195 1782 3290 arbitrio,
1806 3211 1842 3269 et

231 3315 449 3387 necessitate
461 3316 580 3415 potins
597 3341 707 3414 quam
717 3317 902 3391 voluntate
918 3334 1107 3420 peccatum
1121 3342 1261 3407 cavere,
1280 3330 1375 3388 etex
1392 3329 1519 3388 natura
1536 3316 1781 3414 potiusquam
1798 3341 1841 3389 ex

228 3436 353 3532 gratia
369 3434 406 3507 id
421 3435 730 3537 habereaQuippe
747 3439 848 3537 quod
863 3464 929 3538 per
941 3441 1089 3538 gratiam
1103 3439 1206 3536 cujus
1219 3436 1391 3510 collatum
1406 3449 1472 3521 est,
1492 3459 1536 3507 ex
1550 3435 1650 3507 dono
1668 3435 1702 3506 ei
1719 3437 1841 3533 potius

225 3579 350 3653 quam
378 3579 421 3627 ex
442 3569 577 3628 naturae
596 3582 669 3630 suae
689 3561 909 3658 proprietate
927 3561 1046 3653 venit,
1075 3583 1151 3632 non
1171 3573 1245 3630 tam
1261 3554 1423 3628 naturale
1439 3577 1550 3652 quam
1572 3555 1765 3651 gratuitum
1789 3572 1841 3629 est

220 3673 454 3768 dicendum,
473 3674 575 3772 qnod
591 3698 635 3747 ex
652 3675 754 3750 dono
776 3677 922 3751 alterius
946 3679 1066 3779 potius
1090 3702 1201 3774 quam
1224 3701 1266 3749 ex
1288 3673 1393 3747 nobis
1417 3672 1605 3746 habemus.
1627 3676 1716 3762 Quis
1732 3676 1840 3749 etiam

214 3808 345 3893 neget
363 3794 552 3867 hominem
569 3793 671 3868 illum
686 3798 865 3870 exanima
882 3813 917 3870 et
931 3822 1053 3886 carne,
1077 3798 1140 3893 qui
1156 3800 1236 3868 Deo
1252 3795 1375 3866 unitus
1389 3807 1456 3884 est,
1475 3793 1512 3865 in
1542 3816 1653 3866 unam
1674 3792 1841 3867 videlicet

211 3938 453 4016 personam,
478 3915 587 3986 etiam
603 3915 680 3989 sine
698 3917 758 3991 ilia
775 3920 924 4017 uniope,
943 3918 1035 3991 sicut
1057 3931 1205 3990 caeteros
1230 3915 1412 4004 homiues,
1430 3914 1468 3985 in
1486 3937 1550 3986 sua
1572 3926 1700 3986 natura
1722 3914 1841 3986 consi·

205 4050 332 4108 stete
348 4034 480 4133 posse?
498 4034 664 4133 Alioquin
684 4038 835 4111 minoris
849 4038 1054 4111 valitudinis
1070 4061 1147 4110 esse
1160 4035 1355 4128 videretur,
1372 4033 1403 4106 si
1419 4056 1486 4132 per
1500 4058 1539 4106 se
1555 4034 1632 4132 ipse
1649 4032 1840 4108 subsistere

201 4179 316 4229 non
339 4167 463 4252 posset
484 4153 577 4226 sicut
604 4157 720 4229 caeteri
742 4156 932 4251 homiues3
959 4172 995 4230 et
1021 4158 1134 4253 magis
1156 4153 1352 4228 accidentis
1373 4177 1484 4251 quam
1505 4151 1711 4226 substantiae
1736 4169 1841 4226 natu·

197 4300 317 4349 ram
334 4272 483 4345 habere.
498 4273 609 4361 Quod
625 4276 654 4347 si
670 4300 736 4375 per
750 4302 788 4350 se
805 4278 912 4352 etiam
929 4278 1098 4350 exsistere
1113 4290 1248 4376 posset,
1262 4298 1328 4347 cur
1346 4298 1421 4345 non
1437 4287 1474 4345 et
1489 4296 1638 4372 peccare
1654 4274 1705 4348 sic
1721 4291 1842 4373 posset

192 4412 253 4469 ut
282 4392 440 4466 caeteri?
457 4391 609 4465 Videtur
624 4393 745 4494 itaque
766 4396 873 4470 nobis
889 4410 929 4468 ut
945 4398 982 4469 in
998 4395 1068 4470 bac
1088 4419 1249 4495 quoque,
1276 4394 1369 4466 sicut
1390 4394 1428 4465 in
1454 4394 1589 4467 caeteris
1612 4392 1731 4488 rebus,
1749 4395 1842 4470 vires

185 4512 534 4617 propositionum
559 4510 748 4609 diiigenter
776 4515 1017 4607 attendamus,
1047 4514 1196 4614 quando
1225 4512 1392 4587 videiicet
1425 4537 1510 4585 cum
1544 4512 1842 4587 determinatione

185 4630 413 4737 possibile
428 4644 490 4741 aut
503 4656 647 4705 necesse
659 4636 820 4732 ponitur,
832 4650 868 4708 et
880 4635 1029 4733 quaudo
1043 4634 1252 4735 simpliciter
1262 4630 1489 4733 praedicatur,
1502 4630 1540 4705 id
1553 4646 1618 4722 est,
1634 4634 1710 4706 sine
1727 4656 1842 4732 appo·

179 4758 284 4831 sita
315 4749 639 4824 determinatione.
659 4756 793 4827 Verum
811 4755 947 4855 quippe
962 4769 1028 4847 est,
1044 4755 1073 4827 si
1089 4754 1297 4854 simpliciter
1310 4751 1450 4826 dicatur
1467 4751 1568 4851 qnod
1582 4776 1665 4825 eum
1682 4753 1744 4851 qui
1756 4775 1841 4849 prae·

177 4874 441 4951 destinatus
454 4886 520 4960 est,
539 4873 651 4971 etqui
667 4873 860 4948 salvandus
877 4890 942 4971 est,
959 4873 1131 4974 possibile
1142 4889 1201 4951 ¹est
1214 4872 1390 4966 damnari,
1400 4896 1486 4944 cum
1502 4873 1654 4945 omnino
1671 4867 1841 4969 possibile

217 5170 229 5194 ι
245 5149 384 5210 udi„
397 5163 450 5215 up.
464 5165 539 5216 aut,
550 5165 573 5203 v.
587 5156 623 5206 10.

365 5256 390 5295 11
