4559 6100
471 485 518 556 aa
1077 488 1205 561 euru
1230 487 1462 596 metuunt

473 637 561 707 dnm
576 635 676 733 quod
689 635 862 734 loquitur,
877 649 913 708 et
926 636 1085 711 secunda
1096 638 1298 712 secundum
1315 637 1417 737 quod
1433 636 1480 711 ad
1494 661 1578 710 eum
1592 637 1721 738 aliquis
1729 637 1904 734 loquitur,
1921 653 1957 712 et
1965 642 2069 714 tertia

468 746 668 819 secuudum
681 747 782 845 quod
796 748 843 820 de
855 747 935 847 ipso
952 747 1046 822 inter
1058 749 1195 849 aliquas
1207 775 1326 823 sermo
1343 765 1409 823 est.
1429 754 1474 822 Et
1486 750 1604 849 prima
1620 750 1767 849 quidem
1780 773 1948 848 persona,
1964 768 2067 827 oete·

469 890 590 939 rarum
611 867 828 966 principium
844 882 899 940 est
913 868 1098 966 quoddam
1114 883 1150 943 et
1166 870 1268 967 origo
1286 894 1348 942 seu
1364 894 1489 943 causa·
1504 872 1549 941 Et
1559 891 1702 943 rursum
1719 869 1837 969 prima
1854 884 1891 943 et
1909 873 2068 946 secunda

469 988 593 1078 tertiae,
613 987 681 1059 nisi
700 988 796 1059 enim
814 989 932 1086 prima
948 990 993 1061 sit
1007 1014 1176 1089 persona,
1190 1014 1270 1087 quae
1286 990 1419 1062 scilicet
1429 989 1601 1087 loquitur,
1614 990 1802 1087 quomodo
1817 990 1885 1063 erit
1893 992 2064 1082 secunda,

469 1107 515 1179 ad
533 1131 644 1204 quarn
656 1104 822 1179 videlicet
844 1131 963 1180 sermo
978 1107 1158 1205 loquentis
1173 1107 1374 1207 dirigatur?
1401 1122 1464 1181 aut
1480 1109 1677 1206 'quomodo
1701 1110 1805 1181 tertia
1823 1110 1903 1199 erit,
1928 1108 1975 1183 de
1995 1135 2067 1208 qua
2085 1140 2087 1145 ’

468 1225 601 1299 scilicet
616 1226 771 1299 invicem
790 1226 1003 1323 loquuntur,
1023 1228 1094 1300 nisi
1109 1227 1263 1299 invicem
1283 1225 1351 1299 illis
1370 1226 1635 1325 loquentibus?
1655 1227 1758 1302 Unde
1783 1240 1821 1299 et
1842 1226 1937 1301 bene
1951 1253 2067 1326 quan·

466 1360 544 1418 tum
557 1345 603 1419 ad
617 1348 736 1446 ipsum
750 1347 944 1419 existentiae
960 1346 1111 1446 gradum
1124 1371 1187 1420 seu
1205 1345 1350 1437 modos,
1364 1346 1425 1419 illa
1439 1348 1555 1446 prima
1568 1345 1712 1436 dicitur,
1731 1370 1775 1419 er
1786 1370 1859 1444 qua
1872 1361 1997 1419 cetera
2008 1349 2067 1421 ba·

467 1475 554 1546 bent
567 1499 656 1566 esse,
673 1488 710 1547 et
720 1474 780 1547 illa
796 1475 951 1548 secunda
964 1490 1047 1574 post
1063 1475 1232 1574 primam,
1248 1498 1291 1547 ex
1305 1497 1377 1572 qua
1387 1473 1494 1547 simul
1508 1489 1544 1548 et
1555 1499 1598 1547 ex
1608 1476 1724 1573 prima
1736 1474 1840 1547 tertia
1849 1499 1927 1548 esse
1941 1474 2063 1549 habet.

516 1599 634 1683 Quam
657 1594 765 1667 etiam
786 1595 1071 1691 similitudinem,
1099 1595 1130 1668 si
1153 1596 1234 1693 quis
1261 1594 1308 1668 ad
1335 1594 1465 1668 divinae
1493 1596 1672 1668 Trinitatis
1697 1620 1871 1695 personas
1895 1594 2066 1668 inducere

468 1715 565 1805 velit,
585 1739 660 1786 non
686 1716 885 1812 incongrue
912 1716 1070 1789 fortassis
1096 1732 1218 1816 aptare
1239 1716 1384 1815 poterit,
1407 1736 1492 1787 cum
1520 1712 1685 1787 videlicet
1699 1739 1743 1786 ex
1762 1719 1847 1787 Deo
1866 1718 1969 1786 Patre
1991 1729 2066 1787 tam

468 1834 574 1908 Filius
591 1859 701 1933 quam
708 1836 861 1935 Spiritus
876 1849 1033 1931 sanctus,
1048 1850 1083 1908 et
1098 1860 1143 1908 ex
1158 1840 1260 1907 Patre
1273 1832 1378 1907 simul
1394 1847 1430 1906 et
1446 1833 1534 1929 Filio
1550 1833 1657 1908 simul
1670 1834 1824 1933 Spiritus
1839 1846 1984 1906 sanetus
2000 1831 2064 1905 ha-

467 1954 551 2027 beat
565 1979 654 2027 esse.
676 1954 885 2027 Secundum
911 1979 1005 2053 quos
1035 1955 1144 2027 etiam
1161 1955 1355 2028 existentiae
1368 1953 1499 2026 modos
1518 1953 1645 2027 beatus
1661 1977 1812 2052 quoque.
1833 1952 2060 2050 Augustinus,

469 2088 507 2144 ut
526 2075 602 2170 jam
630 2073 717 2146 olim
744 2074 974 2147 meminimus
1003 2098 1129 2173 supra,
1157 2073 1357 2146 secundum
1379 2096 1401 2145 a
1422 2077 1525 2145 Patre
1551 2071 1638 2145 dicit
1659 2073 1798 2163 Filium,
1829 2085 1865 2144 et
1891 2072 2063 2170 Spiritum

466 2209 629 2266 sanctum
646 2194 812 2266 nominat
827 2195 984 2266 tertium.
1006 2195 1104 2266 Sicut
1124 2208 1245 2266 autern
1259 2194 1360 2290 justa
1375 2193 1637 2266 Grammaticos
1653 2216 1807 2292 persona
1821 2191 1890 2265 sub
1906 2192 2065 2290 disjunc-

466 2312 565 2384 tione
583 2314 764 2412 patcntius
785 2311 1000 2385 describitur
1021 2312 1095 2385 hoc
1116 2312 1229 2386 modo
1250 2340 1258 2383 ε
1283 2317 1439 2385 Persona
1460 2312 1590 2410 estqui
1608 2312 1780 2410 loquitur,
1798 2312 1874 2383 sire
1891 2310 2065 2409 adquam

465 2432 639 2529 loquitur,
652 2431 711 2505 vel
726 2431 858 2529 dequo
876 2445 1046 2531 tanquam
1062 2429 1204 2504 diverso
1218 2431 1389 2529 loquitur,
1407 2433 1456 2503 ita
1471 2445 1508 2503 et
1520 2429 1650 2504 divinae
1666 2455 1829 2531 personae
1844 2430 1912 2503 sub
1928 2430 2065 2528 disjun-

465 2552 585 2625 ctione
598 2553 780 2652 potentius
794 2551 961 2640 describi,
980 2548 1053 2623 hoc
1064 2550 1178 2623 modo
1195 2550 1377 2624 videntur.
1397 2555 1556 2624 Persona
1578 2565 1632 2623 est
1655 2551 1691 2622 in
1709 2551 1768 2623 illa
1795 2552 2062 2623 summaTrini·

466 2687 537 2744 tate
553 2675 650 2744 Deus
663 2675 765 2744 Pater
780 2671 839 2743 vel
857 2673 932 2769 ejus
959 2669 1080 2762 Filius,
1105 2672 1180 2743 sive
1200 2671 1392 2775 ambomm
1415 2672 1568 2769 Spiritus
1591 2687 1747 2744 sauctus.
1775 2672 1871 2743 Sicut
1889 2671 1994 2742 etiam
2009 2671 2062 2744 ibi

466 2815 574 2864 nemo
586 2791 913 2863 Grammaticorum
925 2787 1011 2861 dicit
1026 2790 1181 2888 primam
1198 2814 1391 2888 personam
1408 2815 1484 2863 esse
1498 2790 1694 2863 secundam
1718 2804 1781 2863 aut
1806 2790 1959 2881 tertiam,
1977 2816 2062 2864 cum

464 2913 536 2984 sint
552 2935 676 2983 earum
700 2908 848 2982 diversae
875 2910 1127 3010 proprietates,
1153 2909 1235 2982 licet
1261 2909 1388 2983 eadem
1417 2935 1484 3005 res,
1512 2924 1551 2983 ut
1574 2909 1743 3004 diximus,
1764 2935 1845 3009 quae
1868 2925 1922 2983 est
1946 2912 2062 3009 prima

465 3054 632 3130 persona,
648 3031 694 3103 sit
710 3028 868 3103 secunda
884 3030 941 3102 vel
958 3028 1075 3118 tertia,
1094 3029 1144 3103 ita
1159 3031 1244 3103 etin
1266 3034 1345 3103 Deo
1362 3055 1445 3104 cum
1461 3028 1591 3104 eadem
1610 3031 1762 3104 essentia
1778 3056 1858 3130 quae
1874 3045 1927 3104 est
1945 3035 2059 3126 Pater,

464 3154 508 3224 sit
522 3151 629 3224 Filius
642 3164 678 3223 et
687 3150 838 3249 Spiritus
854 3163 1009 3243 sanctus,
1025 3173 1134 3222 nemo
1151 3149 1377 3224 orthodoxus
1387 3150 1474 3224 dicit
1487 3176 1595 3224 unam
1607 3175 1799 3251 personam
1811 3176 1887 3224 esse
1898 3152 2057 3225 alteram.

463 3271 572 3360 Quod
591 3271 620 3343 si
642 3284 726 3370 post
747 3270 1013 3368 grammaticam
1029 3269 1133 3367 qnasi
1146 3270 1321 3370 puerilem
1338 3269 1583 3370 disciplinam,
1603 3269 1651 3343 ad
1666 3269 1956 3369 philosophicam
1971 3295 2060 3369 per-

464 3391 653 3465 lectionem
667 3389 911 3463 conscendere
923 3387 1037 3487 juvat,
1054 3402 1095 3461 ut
1107 3388 1242 3462 scilicet
1258 3404 1397 3463 tantum
1409 3388 1567 3487 aliquam
1579 3388 1625 3461 ad
1641 3390 1870 3489 propositum
1890 3404 2059 3465 nostrum

462 3510 631 3584 idoneam
648 3532 832 3582 sumamus
843 3508 1126 3600 similitudinem,
1146 3533 1214 3582 nec
1231 3509 1283 3582 ibi
1302 3509 1409 3583 nobis
1425 3509 1556 3582 divinae
1570 3509 1688 3606 gratiae
1702 3508 1911 3606 suffragium
1924 3509 2057 3600 deerit,

463 3630 617 3701 maxime
633 3651 717 3700 cum
738 3626 785 3698 de
803 3627 888 3724 ipsis
908 3626 1096 3724 Apostolus
1111 3626 1337 3727 pbilosophis
1353 3626 1518 3726 loquens,
1538 3632 1686 3701 asserat¹
1706 3658 1724 3694 r
1744 3625 1814 3699 lllis
1829 3632 1925 3700 Deus
1939 3631 2057 3702 mani·

463 3747 614 3820 festavit.
635 3742 830 3819 invisibilia
844 3745 942 3816 enim
956 3745 1066 3844 ipsius
1079 3768 1101 3817 a
1116 3759 1280 3819 creatura
1291 3746 1419 3819 mundi
1436 3771 1502 3846 per
1517 3770 1559 3820 ea
1575 3771 1654 3845 quae
1665 3747 1756 3820 facta
1770 3760 1866 3841 sunt,
1881 3747 2062 3823 intellecta

461 3865 755 3965 conspiciuntur,
779 3863 998 3961 sempiterna
1021 3887 1167 3962 quoque
1187 3866 1265 3962 ejus
1281 3865 1393 3938 virtus
1417 3880 1453 3938 et
1475 3865 1652 3939 divinitas.
1680 3897 1698 3933 s
1719 3866 1786 3939 Ubi
1812 3864 1958 3965 quidem
1975 3893 2062 3942 cum

461 3988 523 4077 ait,
539 3982 727 4058 invisibilia
741 3981 866 4081 ipsius,
885 3982 921 4054 id
936 3996 989 4056 est
1004 3984 1083 4076 Dei,
1095 3984 1157 4081 qui
1170 3986 1278 4059 etiam
1291 3985 1370 4084 ipso
1387 3986 1534 4058 nomine
1548 3987 1714 4086 Spiritus,
1731 3986 1917 4060 invisibilis
1933 4002 2061 4063 natura

461 4105 673 4179 declaratur.
701 4107 745 4176 Et
765 4101 959 4202 pluraliter,
981 4117 1023 4174 ut
1043 4102 1182 4177 dictum
1207 4118 1281 4198 est,
1298 4104 1487 4179 invisibilia
1510 4105 1755 4205 septilormem
1775 4107 1851 4204 ejus
1877 4107 2058 4205 spiritum,

460 4225 532 4299 boe
543 4240 597 4299 est
611 4224 782 4323 Spiritum
800 4235 963 4295 sanctum
974 4221 1123 4321 intelligi
1139 4222 1307 4317 arbitror,
1328 4249 1437 4323 quem
1450 4248 1715 4322 nonuunquam
1730 4225 1838 4298 etiam
1847 4250 1915 4324 pro
1933 4226 2060 4300 direr-

460 4347 562 4419 sitate
584 4344 768 4418 donorum
786 4355 923 4439 septem
946 4342 1092 4442 spiritus
1117 4342 1312 4443 appellant.
1331 4345 1553 4444 Sempiterna
1582 4357 1704 4419 autem
1732 4347 1844 4418 virtus
1870 4345 1936 4418 Dei
1952 4346 2060 4420 Filius

460 4465 678 4564 intelligitur,
690 4464 791 4561 juxta
807 4462 907 4558 quod
919 4460 1005 4534 alibi
1019 4463 1069 4535 ait
1085 4462 1182 4536 idem
1196 4462 1403 4563 lipostolus⁸
1417 4490 1425 4535 ε
1447 4464 1659 4538 «Christum
1672 4466 1738 4539 Dei
1756 4467 1924 4538 virtutem
1940 4480 1977 4539 et
1993 4468 2060 4540 Dei

458 4589 681 4691 sapientiem.
701 4615 718 4652 a
737 4589 828 4659 Cum
845 4609 932 4658 vero
954 4585 1003 4658 ait
1026 4585 1217 4660 invisibilia
1232 4587 1342 4687 ipsius
1355 4587 1414 4659 vel
1424 4587 1507 4685 ejus
1523 4589 1648 4683 virtus,
1668 4613 1733 4688 per
1746 4588 1819 4663 boc
1831 4589 1933 4688 quod
1950 4591 2061 4688 ipsius

460 4716 599 4783 Patrem
614 4706 752 4799 dixerit,
770 4706 890 4804 ipsum
906 4705 1089 4803 expressit,
1104 4704 1207 4802 cujus
1218 4704 1382 4780 videlicet
1392 4709 1556 4807 tamipse
1562 4708 1721 4806 Spiritus
1732 4732 1843 4806 quam
1860 4709 1969 4784 Filius
1983 4733 2061 4784 esse

459 4834 602 4907 dicitur.
617 4834 711 4904 Cum
726 4843 846 4903 autem
866 4827 999 4922 subdit,
1015 4843 1052 4902 et
1066 4828 1246 4924 divinitas,
1262 4829 1432 4905 subaudis
1447 4833 1619 4925 similiter,
1633 4831 1815 4907 intellecta
1824 4834 2057 4933 conspicitur,

491 5109 585 5174 'ltom.,
595 5122 649 5173 cap.
665 5122 684 5173 r,
697 5120 721 5160 r.
732 5111 772 5162 2⁰.
782 5133 813 5156 a·
825 5110 834 5140 ¹
845 5105 855 5158 1
869 5104 999 5169 corinth,
1010 5119 1064 5170 cap.
1077 5119 1095 5169 t,
1105 5119 1128 5158 r.
1138 5108 1180 5159 at.
