4559 6100
756 513 1015 619 rnnotocu
1044 513 1323 589 cnarsnsm.
1768 517 1842 591 tes

234 665 494 764 requirendum
521 680 624 765 puto,
652 663 740 763 quid
769 663 815 737 de
841 664 1017 761 magistris
1043 665 1117 738 suis
1141 679 1326 755 censeant,
1353 665 1418 762 qui
1438 664 1511 738 hoc
1533 664 1751 759 docuerunt,
1773 693 1844 743 nec

237 786 323 861 salsa
345 810 423 863 esse
448 783 805 885 deprehenderunt⁸.
835 784 976 858 Scimus
996 784 1144 881 quidem
1166 810 1187 857 a
1207 785 1287 858 solo
1312 784 1436 858 Boetio
1458 787 1625 860 omnium
1646 811 1841 884 argumen-

234 907 425 997 tationum,
454 904 587 1003 quibus
610 926 710 979 nunc
734 905 883 998 utimur,
909 904 1082 979 traditum
1096 929 1174 981 esse
1196 904 1473 999 documentum,
1497 919 1534 979 et
1550 906 1716 979 omniurn
1735 932 1843 1005 argu·

234 1042 442 1101 mentorum
456 1024 552 1099 vires
572 1022 718 1124 abipso
737 1050 805 1098 nos
827 1025 1007 1099 didicisse.
1035 1026 1176 1100 Scimus
1199 1041 1236 1098 et
1257 1025 1379 1125 ipsum
1399 1025 1445 1099 de
1461 1025 1534 1099 fide
1555 1026 1736 1111 Trinitatis
1759 1027 1841 1101 dili·

233 1161 358 1245 genter
385 1171 428 1221 ac
454 1144 705 1245 philosophice
739 1147 842 1244 juxta
873 1145 1001 1219 decem
1035 1144 1403 1244 praedicamentorum
1433 1145 1703 1220 distinctionem
1730 1148 1842 1225 disse·

233 1268 361 1340 ruisse.
398 1271 557 1364 Arguent
593 1267 803 1364 magistrum
836 1267 957 1366 ipsum
991 1266 1198 1359 rationum,
1235 1280 1272 1338 et
1305 1266 1427 1340 dicent
1457 1292 1543 1341 enm
1573 1268 1612 1339 in
1642 1267 1843 1347 rationibus

232 1384 432 1477 oberrasse,
453 1409 543 1482 quas
558 1400 678 1461 tamen
695 1411 773 1460 sese
796 1386 844 1461 ab
860 1411 905 1459 eo
922 1385 1122 1483 gloriantur
1138 1385 1321 1459 didicisse.
1353 1390 1434 1458 Non
1454 1385 1708 1459 animadvertit
1728 1389 1841 1485 magi·

230 1520 304 1580 ster
321 1507 422 1605 quod
443 1506 735 1581 animadvertunt
750 1506 932 1607 discipuli,
954 1504 1087 1605 quibus
1105 1505 1242 1581 scilicet
1263 1505 1465 1581 rationibus
1487 1506 1527 1579 id
1543 1506 1645 1605 quod
1666 1508 1841 1605 arguebat

231 1625 436 1724 impugnari
450 1626 592 1724 posset?
608 1630 761 1724 ignosco
778 1640 854 1700 tam
870 1625 1064 1700 manifestae
1079 1625 1205 1701 talium
1216 1626 1462 1726 impudentiae,
1478 1626 1746 1725 quantumlibet
1762 1627 1839 1724 jam

231 1744 421 1821 detrahant
447 1745 571 1840 nobis,
601 1747 665 1845 qui
704 1770 773 1819 nec
806 1768 954 1847 parcere
989 1761 1171 1821 noverunt
1206 1748 1301 1840 suis,
1333 1747 1537 1822 dummodo
1575 1746 1839 1845 simplicitatem

230 1863 392 1941 fidelium
412 1892 490 1941 non
511 1866 738 1967 perturbent,
760 1881 797 1941 et
815 1867 954 1943 eisdem
978 1868 1118 1966 laqueis
1138 1868 1417 1968 sophismatum,
1441 1866 1575 1966 quibus
1585 1869 1660 1965 jam
1672 1867 1740 1967 ipsi
1763 1868 1841 1943 abs·

230 1987 334 2061 tracti
357 2002 461 2081 sunt,
484 1988 523 2059 in
545 2011 646 2061 suam
668 1988 759 2060 alios
784 1985 926 2061 foueam
947 2008 1024 2061 non
1051 1986 1209 2079 trahant,
1235 1987 1338 2086 quod
1358 2012 1405 2061 ne
1425 1987 1517 2062 sorte
1539 1987 1698 2077 eveniat,
1724 2013 1838 2063 unum

229 2123 390 2205 superest
414 2107 586 2183 adversus
617 2107 712 2180 hanc
737 2122 876 2206 pestem
900 2130 924 2181 a
946 2107 1106 2180 Domino
1131 2121 1254 2206 petere
1283 2106 1611 2199 medicamentum,
1642 2121 1682 2180 ut
1710 2132 1837 2185 eorum

228 2224 307 2324 ipse
329 2225 621 2301 machinamenta
643 2225 805 2325 dissipet,
831 2227 895 2324 qui
918 2225 1046 2299 crebro
1077 2241 1376 2326 argumentorum
1398 2251 1551 2301 suorum
1576 2227 1686 2301 ariete
1709 2251 1837 2302 verum

228 2343 342 2445 ipsius
368 2345 547 2445 templum
573 2344 771 2420 dissolvere
796 2360 991 2421 conantur.

189 2464 198 2480 '
277 2467 370 2537 Cum
398 2468 522 2564 itaque
537 2464 664 2539 talium
695 2465 953 2565 importunitas
982 2465 1257 2563 conjuratorum
1266 2468 1289 2557 ¹,
1316 2488 1436 2563 neque
1463 2480 1692 2557 sanctorum,
1718 2490 1837 2563 neque

227 2582 536 2684 pbilosophorum
560 2586 771 2660 auctoritate
793 2586 975 2685 compesci
998 2587 1130 2685 possit,
1154 2585 1224 2657 nisi
1254 2585 1422 2661 humanis
1448 2584 1648 2659 rationibus
1673 2586 1726 2657 eis
1749 2587 1837 2660 resi·

226 2716 356 2798 statur,
378 2706 443 2803 qui
458 2705 627 2781 humanis
644 2704 845 2781 rationibus
859 2705 1100 2798 invehuntur,
1118 2705 1346 2781 decrevimus
1364 2720 1400 2777 et
1416 2729 1485 2778 nos
1505 2704 1620 2777 stultis
1635 2703 1836 2780 secundum

226 2824 413 2899 stultitiam
433 2850 536 2901 suum
554 2825 787 2926 respondere,
817 2838 854 2898 et
875 2848 1005 2903 eorum
1027 2826 1320 2925 impugnationes
1341 2848 1386 2899 ex
1410 2826 1498 2925 ipsis
1516 2823 1674 2915 artibus,
1703 2824 1836 2923 quibus

226 2967 294 3017 nos
323 2959 552 3047 expugnant,
581 2968 837 3045 conquassare.
872 2949 963 3020 Nam
995 2961 1032 3019 et
1061 2946 1188 3019 divino
1218 2944 1328 3019 fretus
1357 2945 1490 3019 auxilio
1517 2945 1691 3044 parvulus
1718 2945 1833 3019 David

225 3063 445 3140 immensum
472 3092 515 3140 ac
536 3066 718 3140 tumidum
735 3068 878 3142 Goliam
902 3069 1054 3168 proprio
1080 3067 1158 3163 ejus
1182 3066 1302 3163 gladio
1324 3066 1517 3165 jugulavit3
1545 3081 1583 3139 et
1609 3091 1679 3139 nos
1704 3065 1834 3140 eodem

226 3182 420 3260 dialectice
442 3185 577 3283 gladio,
603 3210 677 3284 quo
701 3184 752 3258 illi
771 3186 921 3262 animati
939 3186 1207 3284 simplicitatem
1232 3200 1393 3262 nostram
1420 3187 1634 3285 impugnare
1652 3185 1832 3277 nituntur,

224 3302 265 3378 in
288 3304 389 3402 ipsos
412 3327 603 3394 converso,
632 3303 748 3380 robur
769 3328 899 3378 eorum
924 3304 1090 3402 aciesque
1112 3320 1410 3401 argumentorum
1435 3327 1585 3378 suorum
1607 3304 1645 3376 in
1672 3305 1833 3378 Domino

225 3421 453 3523 dissipemus,
478 3440 518 3498 ut
539 3425 615 3522 jam
638 3424 759 3500 minus
778 3424 1042 3524 simplicitatum
1066 3423 1231 3498 fidelium
1253 3424 1399 3523 aggredi
1420 3436 1652 3523 prmsumant,
1680 3447 1765 3496 cum
1786 3422 1833 3496 de

224 3541 282 3616 his
301 3545 477 3617 contutati
499 3545 644 3639 fuerint,
662 3543 858 3641 dequibus
882 3544 1062 3643 praecipue
1076 3543 1299 3643 impossibile
1316 3546 1368 3618 eis
1380 3543 1524 3618 videtur
1539 3542 1767 3642 responderi,
1786 3542 1832 3620 de

224 3661 429 3738 diversitate
452 3665 587 3739 scilicet
611 3688 848 3764 personarum
870 3665 907 3738 in
930 3685 1003 3738 nna
1027 3679 1065 3738 et
1076 3663 1274 3738 individua
1297 3665 1439 3763 penitus
1463 3687 1506 3736 oc
1531 3663 1687 3761 simplici
1708 3662 1831 3736 divina

224 3782 436 3875 substantia,
461 3784 560 3857 etde
579 3785 809 3883 generatione
826 3782 950 3877 Verbi,
974 3807 1038 3856 seu
1063 3785 1296 3883 processione
1317 3784 1479 3883 Spiritus.
1507 3787 1562 3855 De
1585 3806 1661 3881 quo
1682 3781 1831 3880 quidem

224 3927 293 3976 nos
315 3904 448 3977 docere
468 3904 655 3977 veritatem
680 3929 755 3977 non
777 3904 1035 4003 promittimus,
1059 3901 1107 3976 ad
1130 3928 1240 4003 quam
1260 3928 1380 4002 neque
1400 3928 1469 3975 nos
1491 3902 1648 4002 aliquem
1667 3900 1831 3977 sufficere

224 4025 426 4119 credimus,
452 4025 516 4099 sed
538 4025 665 4102 saltem
692 4022 840 4123 aliquod
863 4022 1068 4112 verisimile,
1096 4039 1205 4122 atque
1219 4022 1389 4098 humanae
1415 4023 1546 4097 rationi
1565 4023 1739 4111 vicinum,
1762 4047 1830 4098 nee

223 4168 332 4219 sacrae
356 4145 442 4219 fidei
464 4146 700 4239 contrarium,
725 4168 930 4244 proponere
952 4145 1040 4218 libet
1063 4144 1236 4218 adversus
1251 4167 1328 4235 eos,
1349 4145 1413 4243 qui
1434 4143 1606 4220 humanis
1629 4141 1829 4220 renonibus

223 4264 334 4339 fldem
358 4291 397 4339 se
423 4268 637 4369 impugnare
663 4266 873 4365 gloriantur,
899 4290 967 4338 nec
988 4264 1058 4338 nisi
1073 4265 1253 4338 humanas
1271 4277 1399 4338 curant
1418 4264 1577 4337 rationes
1597 4287 1690 4359 qstas
1712 4287 1828 4335 nove·

223 4401 324 4475 runt,
352 4363 559 4485 multosqud
585 4386 687 4460 lacile
710 4401 949 4460 assentatores
972 4385 1182 4478 inveniunt,
1206 4407 1291 4458 cum
1317 4383 1391 4456 scre
1407 4405 1535 4455 omnes
1560 4383 1732 4456 animales
1756 4383 1828 4455 sint

267 4586 278 4614 ⁸
291 4573 487 4663 Augustinus
499 4573 584 4639 libro
598 4575 630 4639 11
645 4591 758 4639 contra
773 4573 987 4640 Maximum¹t
1009 4603 1022 4632 c
1035 4574 1237 4665 Distinguere
1248 4572 1333 4637 inter
1343 4570 1430 4636 illam
1446 4572 1687 4663 generationem
1698 4586 1731 4635 et
1742 4570 1828 4634 hanc

221 4673 459 4761 'processionem
473 4674 596 4755 nescio,
615 4695 682 4737 non
696 4670 801 4753 valeo,
819 4696 889 4737 non
900 4672 1034 4755 sufficio,
1052 4673 1127 4761 quia
1143 4689 1177 4737 et
1191 4670 1246 4735 illa
1262 4685 1295 4735 et
1309 4671 1369 4735 ista
1387 4686 1435 4735 est
1449 4669 1633 4752 ineffabilis,
1649 4670 1730 4734 sicut
1745 4689 1825 4756 pro*

221 4769 320 4858 pheta
338 4769 380 4835 de
392 4770 474 4835 Filio
491 4768 552 4835 ait⁸
572 4793 580 4837 ε
603 4771 875 4837 «Generationem
891 4773 959 4857 ejus
976 4771 1046 4860 quis
1058 4767 1244 4838 enarrabit?
1257 4800 1271 4827 ι
1289 4770 1338 4833 Ita
1350 4767 1392 4834 de
1405 4768 1524 4859 Spiritu
1538 4784 1649 4832 sancto
1663 4764 1825 4831 verissime

223 4865 359 4951 dicetur,
374 4867 616 4935 Processionem
630 4870 698 4954 ejus
713 4868 783 4957 quis
798 4867 981 4935 enarrabit?
1001 4900 1015 4928 a

264 5073 319 5178 ‘She
331 5128 414 5178 torno
426 5126 566 5189 matum.
578 5125 651 5179 Edn.
663 5124 1108 5179 succensuerim-‘tm
1121 5124 1160 5188 11,
1170 5135 1226 5188 cap.
1239 5137 1290 5176 na.
1305 5123 1379 5189 opp..
1393 5131 1414 5173 t.
1423 5120 1616 5186 vlit-Uul,
1627 5133 1683 5183 crta.
1695 5131 1785 5181 tum.
1797 5123 1822 5173 a.
