4559 6100
514 496 585 570 ttae
1117 499 1244 571 Putat
1270 501 1506 574 ABAELARDI

514 663 629 719 tamus
642 648 678 719 in
703 647 894 721 meritum?
909 651 977 720 Aut
993 648 1081 746 quid
1104 647 1261 747 denique
1280 649 1431 723 concedi
1448 647 1639 748 probibeat
1656 648 1752 721 illam
1771 647 1899 719 divinae
1916 648 2126 742 majestatis

512 757 661 851 gloriam
686 773 823 831 tantam
846 783 922 831 esse
929 812 939 848 ,
960 774 1000 831 nt
1025 783 1167 856 semper
1189 762 1227 831 in
1249 760 1327 857 ejus
1342 761 1478 834 visione
1504 759 1685 860 profectus
1705 773 1828 831 noster
1847 757 1972 855 aliquis
1997 757 2125 855 possit

513 902 609 968 esse,
637 892 676 949 ut
701 903 775 976 quo
801 878 935 950 diutius
956 903 1036 950 eam
1058 880 1321 977 conspiciemus
1344 895 1380 952 et
1402 905 1439 951 se
1463 880 1576 977 ipsam
1598 878 1705 949 nobis
1725 877 1879 975 amplius
1896 877 2118 962 innotuerit,

515 998 691 1071 beatiores
712 1023 779 1070 nos
801 997 957 1070 efficiat?
981 998 1063 1071 Plus
1084 1001 1219 1098 quippe
1243 999 1337 1072 istud
1354 1000 1447 1096 jugae
1464 997 1696 1071 beatitudinis
1717 998 1976 1069 incrementum
2001 996 2116 1082 valet,

516 1143 625 1222 quam
647 1118 763 1214 major
778 1116 977 1209 beatitudo,
998 1143 1110 1190 unum
1130 1132 1268 1191 tantum
1287 1119 1436 1192 modum
1453 1117 1661 1191 custodiens
1680 1132 1715 1189 et
1731 1117 1768 1187 in
1789 1115 1889 1188 nullo
1907 1120 2120 1188 cremento²

516 1236 720 1334 proficiens.
1447 1305 1452 1314 ,

566 1362 705 1429 Panos.
729 1358 938 1445 Quomodo,
959 1383 1097 1456 quaeso,
1116 1359 1154 1429 in
1171 1358 1230 1430 illa
1246 1359 1383 1431 visione
1402 1360 1469 1431 Dei
1492 1359 1672 1456 proiectus
1689 1358 1879 1454 quisquam
1903 1381 1979 1428 esse
1998 1357 2116 1453 possit

518 1477 572 1549 rel
590 1476 709 1574 aliqua
727 1477 820 1549 inter
836 1478 932 1576 ipsos
948 1477 1108 1550 videntes
1125 1477 1344 1569 differentia,
1362 1502 1446 1549 cum
1462 1476 1629 1551 videlicet
1651 1475 1739 1548 illud
1758 1476 1909 1548 omnino
1927 1500 2115 1547 summum

516 1597 655 1668 bonum
673 1597 718 1668 sit
734 1598 884 1695 simplex
901 1622 968 1669 nec
986 1621 1145 1696 unquam
1159 1598 1333 1696 conspici,
1353 1598 1421 1669 nisi
1437 1611 1554 1670 totum
1570 1597 1699 1697 possit,
1713 1620 1780 1669 nec
1797 1595 1933 1694 aliquid
1949 1598 2115 1694 conspici

516 1717 562 1789 ab
582 1741 656 1787 uno
674 1715 773 1814 quod
791 1740 867 1788 non
885 1718 1125 1815 conspiciatur
1140 1716 1187 1790 ab
1204 1719 1300 1790 alio?

566 1842 768 1909 Cunrsrnn.
799 1840 877 1908 Non
901 1837 1025 1935 utique
1048 1838 1085 1909 in
1109 1863 1149 1909 re
1173 1852 1379 1935 conspecta,
1398 1837 1513 1910 sedin
1532 1836 1643 1909 modo
1660 1835 1905 1935 conspiciendi
1923 1850 1975 1908 est
1992 1835 2115 1907 diver-

517 1958 615 2046 sitas,
635 1968 675 2027 ut
689 1980 763 2053 quo
783 1954 909 2028 melius
926 1956 1133 2052 intelligitur
1149 1962 1260 2050 Deus,
1280 1957 1466 2030 beatitudo
1483 1971 1605 2028 nostra
1620 1955 1658 2028 in
1676 1956 1752 2053 ejus
1767 1957 1905 2028 visione
1924 1969 2111 2050 augeatur.

517 2081 606 2149 Nam
621 2090 657 2148 et
670 2076 826 2148 animam
841 2075 895 2149 vel
913 2077 1091 2176 spiritum,
1108 2077 1274 2175 quaelibet
1287 2075 1534 2173 intelligendo,
1548 2100 1623 2147 non
1639 2076 1822 2172 aequaliter
1838 2100 1965 2147 omnes
1982 2073 2115 2147 intelli-

516 2199 652 2291 gimus,
677 2196 842 2294 quamvis
866 2209 986 2269 tamen
1017 2198 1239 2297 incorporeae
1261 2211 1396 2269 naturae
1424 2211 1542 2295 partes
1567 2196 1603 2267 in
1631 2220 1703 2267 snae
1724 2196 1885 2268 essentiae
1913 2194 2112 2291 quantitate

515 2348 590 2395 nou
617 2320 750 2393 habere
767 2321 918 2394 dicatur.
939 2328 984 2394 Et
1001 2348 1085 2395 cum
1109 2348 1241 2422 corpus
1257 2320 1446 2420 quodlibet
1462 2321 1518 2392 rel
1535 2322 1653 2419 aliqua
1674 2346 1756 2420 pars
1776 2321 1853 2417 ejus
1869 2320 1915 2393 ab
1932 2318 2112 2417 aliquibus

514 2441 621 2513 simul
646 2439 855 2539 adspicitur,
881 2441 1008 2513 melius
1031 2442 1077 2513 ab
1101 2444 1182 2534 isto,
1206 2466 1316 2539 qnam
1339 2440 1385 2513 ab
1412 2441 1483 2513 alio
1508 2440 1658 2512 homine
1684 2443 1803 2538 ipsum
1824 2439 2053 2537 cognoscitur
2074 2455 2113 2511 et

517 2558 708 2654 perfectius
724 2557 943 2654 intelligitur,
964 2575 1096 2633 etcum
1111 2561 1238 2633 eadem
1258 2586 1313 2632 res
1334 2562 1378 2632 sit
1396 2559 1587 2651 intellecta,
1607 2585 1680 2631 non
1700 2574 1819 2632 tamen
1837 2559 2018 2654 aequaliter
2035 2560 2112 2655 ejus

519 2691 685 2749 naturam
708 2678 925 2775 percipiunt.
951 2679 1009 2750 Sic
1024 2684 1121 2751 Dens
1139 2680 1224 2751 hnic
1242 2679 1432 2778 perfectius
1453 2704 1496 2751 ac
1521 2679 1647 2752 melius
1664 2703 1774 2776 quam
1796 2677 1846 2749 illi
1868 2679 1922 2750 sui
1948 2678 2111 2750 notitiam

431 2799 435 2804 ’
516 2821 585 2893 pro
609 2796 743 2867 meritis
765 2797 942 2894 impertit,
962 2821 1004 2869 ac
1027 2824 1065 2870 se
1089 2799 1242 2898 amplius
1267 2799 1479 2871 manifestat.
1506 2803 1625 2871 Potest
1646 2799 1778 2897 quippe
1801 2798 2026 2894 contingere,
2056 2813 2108 2889 ut,

517 2939 599 2986 cum
627 2914 749 2988 omnia
772 2914 860 2987 sciat
882 2914 948 2988 iste
969 2941 1048 3013 quae
1070 2915 1143 3008 ille,
1168 2915 1297 2989 melius
1317 2932 1437 2990 tamen
1461 2942 1503 2989 ac
1532 2899 1728 3016 perfectius¹
1749 2916 1889 3014 singula
1914 2917 1997 2987 sciat
2016 2916 2108 3007 iste,

516 3059 625 3131 qnam
654 3033 729 3126 ille,
755 3050 897 3108 etcum
923 3050 975 3108 tot
999 3061 1055 3109 res
1087 3036 1133 3109 ab
1159 3037 1226 3109 isto
1260 3052 1350 3135 quot
1372 3038 1418 3111 ab
1442 3037 1503 3110 illo
1528 3038 1699 3121 sciantur,
1726 3062 1800 3108 non
1832 3052 1950 3108 tamen
1981 3048 2035 3106 tot
2061 3035 2111 3110 de

515 3153 652 3226 eisdem
678 3153 785 3227 rebus
808 3157 972 3228 scientias
997 3156 1108 3229 babet
1130 3182 1224 3229 unus
1247 3172 1338 3254 quot
1357 3158 1459 3251 alter,
1488 3173 1644 3230 autnon
1667 3172 1740 3229 tam
1759 3155 1854 3228 bene
1878 3157 1944 3228 scit
1968 3155 2091 3228 eadem

566 3279 706 3347 Panos.
728 3276 911 3374 Numquid
930 3277 1027 3349 illam
1044 3278 1220 3350 visionem
1238 3278 1325 3372 Dei,
1349 3279 1476 3377 inqua
1494 3278 1680 3351 beatitudo
1696 3303 1780 3350 vera
1796 3279 1970 3365 consistit,
1993 3277 2107 3374 angeli

514 3418 607 3490 quos
631 3395 750 3492 lapsos
774 3394 907 3485 dicitis,
931 3421 1117 3493 nunquam
1144 3396 1368 3488 babuerunt,
1388 3399 1445 3471 rel
1467 3399 1590 3471 saltem
1612 3398 1671 3471 ille
1693 3399 1784 3468 inter
1809 3422 1871 3469 eos
1894 3398 2103 3496 praecipuus,

516 3514 578 3609 qui
597 3526 798 3585 ceterorum
814 3517 1083 3613 comparatione
1101 3515 1263 3588 Lucifero
1281 3532 1333 3588 est
1349 3518 1605 3616 comparatus?

567 3635 770 3704 Cnnrsrrarr.
796 3636 1028 3730 Nequaquam
1052 3635 1176 3731 utique
1199 3634 1365 3708 babuisse
1393 3636 1613 3710 credendum
1636 3649 1707 3726 est,
1735 3660 1803 3708 nec
1829 3635 1958 3733 aliquis
1982 3659 2103 3706 eorum

518 3751 580 3845 qui
602 3753 761 3837 corruit,
789 3753 930 3825 necilli
956 3755 1062 3826 etiam
1087 3756 1149 3852 qui
1175 3780 1250 3826 non
1276 3772 1508 3847 corruerunt,
1536 3757 1654 3829 donee
1679 3769 1761 3855 post
1784 3755 1937 3827 aliorum
1969 3755 2104 3853 lapsum

517 3868 613 3941 banc
628 3871 815 3962 visionem,
836 3897 901 3971 per
917 3898 1026 3970 quam
1041 3873 1146 3945 simul
1163 3888 1199 3946 et
1215 3873 1312 3947 beati
1326 3873 1453 3948 fierent
1469 3891 1504 3948 et
1517 3875 1734 3958 confirmati,
1752 3899 1797 3946 ne
1814 3872 1966 3971 amplius
1981 3872 2107 3943 cadere

516 4004 676 4087 possent,
698 3992 734 4063 in
751 3994 1076 4067 remunerationem
1103 4021 1174 4067 suae
1199 3995 1407 4069 humilitatis
1431 3998 1648 4096 acceperint.
1669 4001 1804 4067 Omnes
1830 3996 1963 4091 quippe
1990 3995 2106 4088 angeli

517 4107 609 4179 sicut
630 4123 668 4181 et
683 4107 850 4182 homines
866 4110 953 4183 tales
970 4115 1077 4184 creati
1095 4129 1180 4185 sunt
1199 4127 1240 4185 ut
1261 4113 1356 4187 bene
1372 4140 1476 4211 agere
1496 4130 1642 4214 possent
1658 4128 1694 4186 et
1708 4113 1814 4186 male.
1836 4112 2014 4207 Aboquin,
2043 4115 2107 4209 qui

519 4251 593 4299 non
634 4244 895 4329 peecaverunt,
925 4230 970 4302 de
1002 4231 1073 4302 boc
1105 4232 1184 4329 ipso
1220 4233 1320 4328 quod
1349 4236 1475 4307 ceteris
1509 4235 1693 4334 peccando
1722 4258 1796 4306 non
1825 4248 2102 4321 consenserunt,

517 4348 682 4419 meritum
715 4372 790 4419 non
820 4347 1008 4422 haberent.
1037 4349 1146 4437 Quod
1173 4364 1293 4423 autem
1319 4353 1482 4426 Lucifero
1513 4354 1699 4453 cujusdam
1733 4351 1948 4425 excellentiae
1976 4375 2103 4449 praero-

516 4467 631 4561 gativa
652 4481 880 4563 comparatus
901 4483 966 4555 est,
994 4484 1165 4541 nontam
1189 4495 1231 4542 ex
1255 4470 1490 4560 beatitudine,
1517 4497 1626 4570 quam
1652 4497 1696 4544 ex
1722 4471 1876 4545 scientiae
1901 4471 2104 4569 perspicaci·

517 4598 589 4657 tate
606 4583 737 4656 lactum
754 4601 820 4677 est,
840 4611 884 4657 eo
902 4586 1067 4660 videlicet
1082 4590 1182 4686 quod
1198 4592 1351 4664 scientiae
1368 4593 1448 4665 luce
1465 4594 1689 4691 prestantior
1708 4590 1833 4664 ceteris
1861 4590 1907 4663 ad
1932 4589 2103 4689 quaslibet

516 4728 636 4775 rerum
659 4718 805 4774 naturas
828 4703 1075 4800 intelligendas
1090 4707 1258 4780 subtilior
1280 4710 1446 4783 conditus
1468 4725 1571 4785 esset.
1589 4711 1696 4800 Quod
1713 4709 1859 4808 quidem
1878 4709 1915 4779 in
1932 4733 1972 4779 se
1987 4710 2104 4780 consi·

518 4820 659 4914 derans,
673 4846 715 4895 ex
734 4822 811 4920 ipsa
826 4824 979 4897 scientiae
994 4850 1064 4897 suoe
1080 4827 1337 4924 magnitudine,
1354 4854 1479 4927 quase
1496 4833 1621 4905 ceteris
1638 4830 1821 4931 praelatum
1841 4827 1942 4919 vidit,
1963 4827 2104 4898 inflatus

548 5102 552 5127 ¹
566 5097 619 5147 uu.
630 5097 668 5149 ltu
680 5098 760 5161 cange
775 5101 883 5153 Glannr.
898 5102 959 5153 tled.
973 5109 996 5154 et
1008 5103 1056 5168 Iol.
1070 5106 1124 5160 Lot.
1136 5111 1161 5161 ln
1174 5109 1254 5160 Verbo
1266 5107 1427 5161 emanue.
