4559 6100
739 521 998 600 runotoun
1024 523 1303 622 saturnus.
1756 515 1829 591 aar

226 690 399 760 Cumanus
409 687 476 755 Dru
488 686 603 754 Fruus
614 680 810 749 Ssnvsron.
826 673 936 747 Infert
951 674 1059 746 etiam
1075 672 1280 745 Lactantius
1293 670 1440 770 quidem
1453 670 1500 744 de
1512 671 1830 773 Christo'vatieinia

230 804 401 904 sybitlae¹.
1100 813 1103 824 '
1198 890 1205 905 θ
1497 793 1500 800 ’
1567 801 1570 806 ’

499 902 539 966 In
555 921 667 978 manu,
683 897 799 986 inquit,
812 892 991 960 infidelium
1006 906 1117 983 postea
1133 906 1263 972 vemet,

496 997 631 1064 Dabunt
646 997 717 1060 Deo
734 993 841 1084 alapas
856 991 1005 1057 manibus
1022 989 1166 1069 incestis,

496 1096 538 1161 Et
552 1096 714 1185 impurato
730 1115 787 1157 ore
804 1105 946 1181 expuent
960 1102 1138 1154 venenatos
1154 1102 1276 1177 sputos.

497 1194 596 1261 Dabit
610 1215 688 1258 vero
708 1189 750 1256 ad
764 1190 898 1255 verbera
915 1186 1097 1278 suppliciter
1110 1201 1256 1251 sanctum
1275 1182 1446 1263 deorsum,

498 1295 540 1359 Et
556 1291 710 1382 colaphos
726 1290 883 1380 accipiens
898 1285 1029 1352 tacebit.
1046 1285 1096 1351 Ne
1113 1285 1184 1373 quis
1201 1297 1354 1374 agnoscat
1400 1285 1403 1294 ⁴

498 1390 595 1475 Quod
611 1389 758 1455 Verbum
774 1385 825 1452 vel
841 1385 928 1452 unde
945 1386 1051 1466 venit,
1069 1399 1106 1448 ut
1121 1381 1232 1449 inferis
1246 1384 1409 1472 loquatur,

499 1491 541 1555 Et
556 1489 665 1579 spinea
681 1509 803 1552 corona
820 1499 1006 1550 coronetur.
1099 1487 1102 1492 ’

498 1603 552 1670 Ad
567 1604 675 1669 cibum
691 1619 797 1668 autem
815 1601 879 1683 fel,
898 1617 931 1666 et
947 1598 989 1665 ad
1004 1599 1089 1664 sitim
1107 1615 1234 1665 acetum
1247 1598 1420 1668 dederunt.

503 1704 540 1767 ln
556 1698 806 1793 hospitalitatem
821 1700 906 1763 hanc
921 1697 1147 1762 monstrabunt
1162 1720 1318 1767 mensam.

499 1802 571 1891 Ipsa
588 1800 675 1865 enim
690 1798 842 1888 insipiens
856 1819 934 1888 gens
950 1812 1041 1861 tuum
1059 1795 1165 1861 Deum
1177 1820 1244 1862 uon
1259 1798 1440 1867 intellexisti

500 1898 681 1964 Ludentem
696 1895 881 1962 mortalium
894 1893 1070 1985 mentibus,
1090 1893 1147 1961 sed
1159 1896 1257 1985 spinis

500 1996 690 2077 coronasti,
707 1994 749 2060 fel
766 1994 930 2060 miscuisti.
1054 2006 1058 2014 '

500 2093 628 2184 Templi
644 2096 752 2159 velum
768 2091 943 2176 scindetur,
962 2093 1044 2159 etin
1061 2093 1171 2160 medio
1189 2091 1242 2159 die

502 2191 578 2257 Nox
594 2192 655 2256 erit
670 2191 772 2256 trihus
786 2191 893 2273 horis,
912 2208 946 2256 et
961 2192 1117 2259 morietur

499 2289 617 2355 Tribus
633 2288 746 2355 diebus
762 2312 877 2355 somno
893 2306 1058 2380 suscepto;

501 2387 543 2452 Et
555 2404 632 2453 tunc
648 2386 690 2451 ab
707 2387 817 2453 inferis
833 2410 992 2478 regressus
1007 2387 1049 2453 ad
1064 2387 1171 2453 lucem
1187 2388 1307 2453 reniet.

508 2484 632 2551 Primus
647 2485 887 2551 resurrectionis
903 2485 1059 2576 principio
1077 2501 1235 2553 ostensus.
1256 2518 1270 2543 »

192 2683 194 2686 .
283 2615 360 2683 Huc
377 2608 539 2709 prolecto
555 2608 696 2708 Sybillae
713 2610 936 2698 vaticinium,
955 2611 993 2681 ni
1010 2610 1126 2698 fallor,
1145 2611 1320 2682 maximus
1342 2610 1399 2682 ille
1417 2624 1608 2709 poetarum
1623 2626 1832 2684 nostrorum

235 2730 402 2828 Virgilius
419 2729 581 2802 audierat
597 2743 705 2828 atque
721 2729 934 2820 attenderat,
961 2755 1045 2802 cum
1070 2732 1106 2802 iu
1132 2744 1260 2827 quarta
1280 2723 1418 2830 Egloge
1434 2729 1595 2803 futurum
1616 2733 1652 2803 in
1672 2734 1837 2829 proximo

234 2850 302 2924 sub
325 2846 649 2948 tugusro'Caesare,
673 2864 837 2950 tempore
858 2831 1066 2923 consulatus
1086 2847 1278 2940 Pollionis,
1301 2849 1502 2923 mirabilem
1524 2850 1712 2949 cujusdam
1734 2852 1836 2949 pueri

235 2970 281 3044 de
296 2954 389 3044 coelo
405 2970 452 3043 ad
472 2969 780 3065 terras'mittendi,
806 2971 868 3067 qui
882 2971 995 3044 'etiam
1010 2985 1158 3070 peccata
1176 2969 1303 3043 mundi
1321 2969 1475 3059 tolleret,
1494 2986 1531 3045 et
1546 2973 1648 3069 qussi
1670 2971 1839 3044 sacculum

236 3095 373 3165 novum
392 3092 429 3163 in
448 3091 586 3163 mundo
610 3091 819 3165 mirabiliter
837 3092 1033 3184 ordinaret,
1055 3094 1266 3190 praecineret
1290 3107 1428 3183 ortum,
1448 3091 1668 3185 admonitus,
1693 3107 1735 3165 ut
1751 3086 1846 3192 ipse·¹

235 3228 310 3286 met
332 3212 581 3301 ait,‘Cumaeni
607 3212 775 3283 carminis
798 3210 984 3304 vaticinio,
1010 3210 1082 3283 hoc
1101 3226 1155 3285 est
1172 3211 1314 3308 Sybillae
1329 3236 1409 3309 quae
1432 3215 1593 3285 Cumana
1616 3211 1757 3290 dicitur.
1780 3215 1835 3284 tit

234 3333 367 3431 quippe
390 3332 440 3404 sic
457 3331 559 3429 quasi
579 3331 777 3403 adhortans
794 3328 973 3428 quoslibet
996 3329 1045 3403 ad
1063 3330 1388 3428 congratulandum
1404 3330 1474 3403 sihi
1495 3346 1532 3403 et
1550 3316 1834 3425 concinendum,

235 3477 298 3524 seu
320 3450 553 3524 scribendum
576 3449 622 3523 de
639 3450 712 3522 hoc
729 3463 829 3522 tantu
846 3474 960 3549 puero
982 3452 1177 3540 nescitum,
1195 3453 1238 3523 in
1256 3444 1566 3551 comparationem
1589 3450 1692 3550 cujus
1712 3477 1841 3525 omnes

235 3572 322 3645 alias
340 3572 507 3646 materias
522 3572 625 3669 quasi
642 3569 785 3643 infimas
800 3586 836 3642 et
851 3571 944 3645 viles*
957 3585 1100 3670 reputat
1116 3571 1260 3644 dicrns'
1279 3599 1288 3642 :
1483 3564 1485 3575 '
1832 3560 1835 3568 ’

316 3704 322 3729 ²
381 3695 419 3727 ⁶·
462 3692 465 3700 ⁴
496 3716 501 3723 ’
529 3694 680 3761 Sicelides
694 3719 807 3776 musae,
825 3688 923 3786 paulo
940 3686 1251 3782 majoraeanamus3

526 3794 601 3859 Non
617 3817 730 3859 ornnes
745 3793 874 3859 arbusta
886 3796 1011 3880 juvant,
1029 3795 1229 3885 humilesque
1245 3790 1374 3886 myiicae

526 3893 648 3958 Ultima
663 3892 785 3957 Cumaei
799 3892 888 3958 venit
901 3894 969 3978 jam
986 3894 1135 3959 carminis
1153 3910 1249 3978 aetas;

528 3990 667 4083 Magnus
683 3991 724 4056 ab
741 3991 866 4082 integro
884 3990 1051 4057 saeclorum
1069 3992 1209 4057 nascitur
1225 3991 1321 4059 ordo.

525 4089 597 4156 Jam
610 4089 696 4156 redit
711 4105 744 4155 et
758 4089 875 4180 Virgo,
894 4088 1030 4153 redeunt
1047 4089 1195 4156 Saturnia
1211 4114 1326 4182 regna3

526 4187 598 4253 Jam
613 4210 699 4253 nova
717 4187 887 4278 progenies
900 4185 981 4252 coelo
998 4185 1178 4254 demittitur
1193 4190 1271 4255 alto.

238 4281 283 4350 Et
293 4291 500 4376 postpauca
897 4328 901 4334 .
1255 4316 1257 4318 ·

349 4376 354 4387 ’
489 4414 494 4423 ·
525 4378 636 4467 Teque
652 4375 735 4442 adeo
751 4376 849 4444 decus
864 4378 928 4443 hoc
946 4380 1016 4462 aeri,
1032 4393 1065 4443 te
1082 4378 1213 4444 consule
1228 4378 1344 4462 inibit,

529 4473 651 4559 Polli03
671 4477 696 4540 si
713 4499 775 4564 qua
785 4493 918 4542 manent
932 4477 1059 4545 sceleris
1073 4478 1205 4569 vestigia
1215 4477 1327 4562 nostri,

529 4572 621 4638 Irrita
635 4589 788 4665 perpetua
804 4574 930 4641 solvent
946 4575 1118 4643 formidine
1132 4592 1245 4642 terras.

241 4689 401 4786 ltemque
416 4687 463 4761 de
480 4711 596 4787 puero

532 4812 749 4905 Pacatumque
765 4833 855 4907 reget
868 4818 977 4908 patriis
992 4819 1163 4885 virtutibus
1180 4818 1313 4903 orbem,
1331 4835 1395 4887 etc.

289 4940 378 5025 Quae
403 4938 661 5039 apertissimam
694 4940 740 5013 de
774 4921 1026 5016 incarnatione
1059 4943 1137 5015 Filii
1167 4944 1233 5018 Dei
1261 4946 1448 5020 continent
1477 4946 1728 5047 prophetiam,
1756 4948 1837 5045 ipso

281 5160 440 5227 themius,
460 5161 548 5216 Ds'sr‘n.
562 5162 656 5225 locut..
669 5164 712 5215 ttt.
725 5161 767 5225 tt,
780 5178 836 5229 cap.
848 5176 921 5215 xuu.
939 5190 967 5202 -
985 5164 1105 5231 ’Bucol.,
1117 5181 1150 5234 tv,
1162 5180 1187 5217 v.
1200 5170 1211 5220 1
1226 5175 1252 5219 st
1261 5181 1302 5231 sq.
1365 5224 1370 5234 ,
