4559 6100
463 544 534 616 280
1063 541 1191 614 rarat
1221 543 1455 617 ABAELAllDl

463 693 499 763 id
518 706 570 763 est
587 689 769 790 postulare
787 714 854 761 nos
868 689 965 780 lacit,
980 688 1080 788 quod
1094 689 1225 763 'scilicet
1238 675 1484 764 nesciebamus
1498 686 1679 780 docendo,
1699 700 1735 760 et
1747 688 1825 785 ejus
1838 686 2055 759 desiderium

465 812 659 898 maximum
688 810 912 910 inspirando.
935 811 1040 898 «Qui
1060 825 1225 883 autem.»
1245 813 1323 885 Dixi
1344 809 1445 909 quod
1467 834 1534 881 nos
1560 808 1742 907 postulare
1770 809 1851 880 lacit
1868 805 2060 904 gemitibus

465 929 777 1020 inenarrabilibus,
802 929 839 1002 id
860 946 913 1002 est
929 931 1036 1003 tantis
1057 929 1242 1003 desideriis
1261 945 1300 1002 ut
1320 931 1441 1029 potius
1467 929 1590 1002 sentiri
1609 952 1719 1025 quarn
1744 926 1890 1000 edisseri
1906 940 2052 1025 queant.

465 1048 534 1120 Sed
562 1047 643 1121 licet
669 1049 741 1120 sint
765 1049 1041 1140 inenarrabiles,
1070 1049 1103 1120 ei
1130 1063 1251 1122 tamen
1279 1063 1362 1121 sunt
1387 1048 1543 1146 cogniti,
1570 1048 1633 1146 qui
1660 1061 1837 1119 scrutatur
1862 1046 1993 1139 corda,
2024 1058 2059 1117 et
2147 1103 2151 1110 .

467 1170 649 1267 inspector
679 1183 733 1240 est
754 1168 892 1261 cordis,
924 1195 967 1242 ea
993 1167 1157 1241 videlicet
1186 1168 1306 1267 potius
1332 1167 1521 1240 attendens
1548 1192 1627 1265 quae
1653 1181 1841 1239 versantur
1870 1168 1907 1239 iu
1933 1165 2060 1256 corde,

467 1312 577 1386 quam
596 1313 674 1385 quae
690 1288 919 1386 proferuntur
939 1287 985 1360 de
1002 1312 1120 1360 ore.u
1140 1286 1237 1375 Quid
1254 1287 1442 1360 desideret.
1462 1317 1479 1355 u
1497 1286 1537 1358 ld
1552 1300 1605 1358 est
1621 1284 1823 1358 desiderare
1845 1308 1912 1356 nos
1933 1282 2054 1373 iaciat,

468 1407 549 1504 quia
569 1408 726 1505 postulat
739 1431 806 1506 pro
824 1408 966 1496 sanctis,
986 1405 1023 1479 id
1040 1420 1093 1478 est
1108 1420 1251 1479 sanctos
1271 1405 1453 1504 postulare
1474 1406 1568 1497 iacit,
1590 1402 1820 1477 «secundum
1837 1407 1965 1494 Deum,
1980 1432 1997 1467 e
2019 1401 2059 1473 id

467 1540 518 1596 est
537 1507 736 1597 secundum
754 1525 826 1598 hoo
843 1525 941 1623 quod
961 1528 1037 1624 ipse
1053 1526 1205 1625 Spiritus
1223 1526 1290 1596 Dei
1309 1549 1331 1597 a
1347 1529 1425 1595 Deo
1440 1524 1597 1623 accepit,
1621 1524 1683 1621 qui
1701 1527 1813 1596 aDeo
1836 1521 1944 1614 babet
1959 1546 2057 1613 esse,

470 1642 700 1740 procedendo
717 1646 849 1717 scilicet
868 1644 1020 1743 abipso,
1038 1659 1076 1717 et
1090 1643 1291 1717 secundum
1308 1644 1408 1742 quod
1427 1646 1463 1714 in
1481 1644 1557 1741 ipsa
1579 1643 1645 1714 Dei
1664 1637 1899 1740 dispositione
1914 1641 2060 1716 ordina-

469 1778 543 1835 tum
561 1789 638 1836 esse
655 1766 768 1837 novit.
790 1766 895 1838 Unde
913 1780 1053 1838 certum
1072 1779 1126 1837 est
1142 1769 1258 1835 Deum
1278 1788 1353 1835 nou
1373 1759 1476 1862 posse
1492 1763 1603 1836 latere
1624 1760 1712 1859 quid
1735 1776 1814 1857 agat
1831 1762 1997 1860 Spiritus,
2015 1785 2059 1833 eo

469 1883 694 1983 disponente.

463 2051 465 2054 ·
520 2032 538 2082 a
552 2004 692 2076 Scimus
706 2005 818 2076 onim.
830 2035 847 2071 n
859 2010 1042 2103 Tanquam
1059 2004 1186 2103 aliquis
1196 2029 1386 2104 opponens
1399 2004 1547 2096 diceret,
1558 2002 1744 2102 quomodo
1762 2000 1906 2100 adiuvet
1920 2001 2061 2100 spiritus

469 2149 561 2220 quos
582 2138 635 2195 tot
655 2123 820 2196 videmus
835 2125 1090 2198 afflictionibus
1105 2124 1285 2216 laborare,
1305 2125 1391 2198 dicit
1409 2125 1494 2223 quia
1517 2140 1553 2196 et
1574 2125 1670 2223 ipsas
1686 2122 1897 2195 afflictiones
1919 2134 1955 2192 et
1971 2145 2062 2217 quae-

469 2266 611 2339 cunque
637 2243 806 2317 accidunt
832 2246 979 2337 sanctis,
1009 2260 1083 2316 tam
1108 2268 1281 2342 prospera
1302 2243 1436 2315 scilicet
1457 2265 1568 2341 quarn
1592 2241 1763 2328 adversa,
1785 2241 1823 2311 iu
1846 2239 1985 2312 bonam
2013 2239 2063 2311 eis

441 2362 664 2452 convertit,
694 2377 730 2434 et
754 2361 802 2456 ad
825 2387 952 2434 eorum
980 2362 1166 2436 utilitatem
1198 2363 1374 2463 perducit.
1403 2364 1475 2451 Qui
1503 2381 1589 2435 vero
1613 2362 1686 2433 sint
1710 2359 1897 2456 diligentes
1921 2362 2061 2449 Deum,

469 2482 641 2580 supponit
661 2481 786 2554 dicens
805 2510 813 2554 :
836 2512 853 2551 u
866 2484 928 2556 His
945 2485 1008 2583 qui
1029 2484 1147 2556 vocati
1163 2496 1247 2556 sunt
1261 2484 1387 2572 sancti,
1406 2488 1428 2548 »’
1443 2482 1479 2554 id
1499 2488 1553 2554 est
1571 2482 1719 2554 internae
1737 2479 1936 2552 vocationis
1955 2478 2064 2577 inspi-

469 2601 607 2672 ratione
624 2600 847 2686 sanctificati‚
866 2632 883 2670 u
893 2601 1093 2674 secundum
1109 2605 1337 2701 propositum
1349 2603 1415 2674 Dei
1427 2630 1446 2669 n
1460 2602 1580 2701 potius
1597 2625 1706 2698 quam
1724 2599 1922 2671 secundum
1939 2622 2065 2670 eorum

471 2718 706 2814 praecedentia
723 2721 864 2805 merita,
885 2721 921 2792 id
944 2735 997 2792 est
1017 2722 1217 2794 secuudum
1240 2721 1310 2793 hoc
1330 2722 1451 2819 potius
1464 2719 1566 2818 quod
1585 2719 1713 2792 divinae
1736 2719 1855 2816 gratiae
1876 2717 2063 2816 placuerit,

470 2860 579 2933 quam
602 2837 803 2909 secundum
824 2839 896 2910 boc
918 2838 1018 2936 quod
1038 2840 1106 2938 ipsi
1130 2854 1352 2912 meruerunt.
1375 2844 1499 2914 «uam
1516 2865 1609 2937 quos
1630 2840 1851 2938 praescivit.»
1871 2836 2066 2934 Exequitur

471 2956 659 3055 diligenter
682 2956 871 3054 quomodo
896 2957 1095 3031 seeundum
1119 2959 1347 3059 propositum
1370 2960 1450 3051 Dei,
1478 2959 1514 3031 id
1539 2978 1590 3031 est
1611 2958 1740 3031 divinae
1764 2959 1881 3055 gratiae
1897 2957 2066 3057 placitum

471 3077 542 3147 siut
559 3075 782 3165 sanctificati,
805 3076 928 3149 dicens
948 3081 1033 3176 quia
1054 3104 1148 3177 quos
1163 3080 1350 3179 praescivit,
1373 3078 1607 3179 postmodum
1624 3095 1660 3152 et
1677 3077 1962 3179 praedestinando
1979 3098 2066 3150 con·

474 3194 606 3294 formes
619 3194 766 3293 Christo
780 3196 948 3269 reddidit.
968 3199 1065 3271 Scire
1078 3200 1210 3272 dicitur
1226 3204 1322 3271 Dcus
1341 3223 1385 3271 ea
1401 3225 1481 3297 quae
1497 3199 1690 3299 approbat,
1706 3213 1741 3271 et
1755 3212 1835 3296 qtiae
1852 3198 1929 3295 ejus
1942 3197 2068 3270 notitia

473 3314 707 3413 suntdigua,
734 3316 834 3413 juxta
858 3316 961 3389 illud¹
979 3345 1012 3390 :r
1027 3319 1135 3391 Novit
1157 3319 1335 3392 Dominus
1362 3320 1455 3390 viam
1475 3319 1702 3415 justorumps
1724 3320 1815 3390 sicut
1842 3343 1863 3390 e
1888 3317 2067 3390 contrario

474 3434 567 3507 mala
583 3436 749 3531 ignorare
764 3435 820 3507 vel
836 3437 973 3509 nescire
990 3438 1134 3511 dicitur.
1154 3443 1257 3511 lusta
1274 3437 1375 3537 quod
1394 3440 1469 3537 ipse
1487 3437 1595 3511 Filius
1613 3436 1775 3537 reprobis
1792 3438 1860 3510 ait'
1879 3463 1886 3506 :
1909 3467 1926 3504 κ
1943 3437 2066 3508 Nescio

473 3580 591 3629 vos.»¹
619 3554 702 3628 lllos
727 3557 846 3653 itaque
875 3560 1054 3654 prascisse
1082 3559 1227 3652 dicitur,
1255 3584 1411 3658 quorum
1440 3571 1633 3654 antequam
1659 3573 1777 3630 essent
1804 3558 1960 3628 futuram
1981 3556 2069 3629 cleo·

474 3677 612 3747 tionem
625 3673 851 3772 approbavit.
868 3680 1114 3774 Quoscunque
1130 3678 1251 3775 itaque
1267 3679 1320 3750 sic
1334 3679 1521 3776 praescivit,
1539 3703 1602 3751 eos
1618 3676 1852 3777 postmodum
1868 3674 2069 3775 «pradesti-

476 3795 587 3883 navit,
612 3821 629 3859 u
657 3792 693 3863 id
710 3808 762 3864 est
782 3793 887 3865 donis
901 3795 1019 3892 gratiae
1037 3821 1107 3867 suae
1125 3798 1348 3895 preparavit.
1371 3795 1637 3871 Pusdestinatio
1654 3798 1787 3897 quippe
1804 3797 1926 3869 diviua
1942 3795 2071 3867 dicitur

474 3912 689 4008 preparatio
706 3912 838 4007 patiae,
856 3918 935 4010 quai
958 3914 996 3984 in
1017 3915 1137 3986 electis
1154 3929 1295 3987 tantum
1316 3930 1379 3988 est.
1402 3916 1711 4009 «Pradestiuavit,
1732 3948 1749 3985 n
1770 3918 1932 4015 inquam,
1954 3948 1971 3983 α
1984 3940 2070 3988 con·

475 4031 606 4103 formes
623 4028 712 4101 lieri.
728 4060 744 4099 u
762 4031 801 4103 ld
816 4047 869 4105 est
881 4033 928 4105 ad
942 4033 1014 4106 hoo
1028 4049 1069 4106 ut
1081 4033 1214 4108 similes
1230 4034 1369 4128 fierent,
1381 4038 1573 4134 «imaginis
1590 4036 1668 4110 Filii
1682 4039 1779 4131 sui,s
1796 4036 1834 4109 id
1848 4051 1900 4110 est
1914 4036 2071 4125 Christo,

475 4150 539 4249 qui
553 4164 613 4223 est
631 4151 748 4246 imago
765 4153 846 4244 Dei,
866 4151 903 4225 id
927 4168 979 4226 est
999 4179 1166 4254 expressa
1189 4155 1386 4230 similitudo
1416 4158 1547 4246 Putris,
1568 4158 1605 4229 in
1624 4157 1792 4230 omnibus
1816 4156 1950 4229 scilicet
1967 4154 2074 4228 bouis

475 4270 506 4341 ei
533 4270 680 4367 aequalis
702 4271 902 4344 secuudum
921 4272 1166 4367 divinitatem,
1191 4274 1290 4371 juxta
1316 4275 1404 4348 illud
1420 4276 1520 4374 quod
1538 4277 1633 4349 ait⁸z
1660 4308 1678 4345 n
1697 4276 1877 4376 Philippa,
1897 4276 1959 4374 qui
1978 4273 2075 4345 videt

478 4412 535 4458 me
545 4387 650 4463 videt
671 4403 717 4461 et.
734 4395 919 4482 Patrem,r
938 4416 980 4465 ac
1002 4392 1196 4483 sidiceret,
1215 4395 1300 4492 quia
1318 4420 1360 4467 ex
1385 4420 1444 4468 me
1468 4398 1604 4494 integre
1625 4398 1795 4493 cognosci
1821 4409 1937 4494 potest
1959 4393 2076 4490 qualis

480 4506 539 4579 vel·
556 4532 666 4605 quam
691 4508 811 4582 bonus
829 4511 905 4609 ipse
927 4512 972 4584 sit
995 4517 1110 4586 Pater.
1129 4517 1229 4585 Tune
1250 4528 1369 4587 autem
1386 4514 1529 4589 Christo
1552 4516 1835 4607 conformamur,
1862 4517 1890 4587 si
1918 4508 2074 4588 veterem

478 4628 665 4701 bominem
702 4654 786 4701 cum
816 4630 954 4705 actibus
990 4634 1066 4707 suis
1093 4633 1340 4733 deponentes,
1371 4636 1490 4734 ipsum
1522 4634 1713 4708 induamus
1746 4636 1953 4725 Christum,
1984 4634 2077 4706 sicut

478 4748 651 4848 scriptum
679 4751 778 4821 est⁴z
801 4753 906 4839 «Qui
931 4751 1017 4825 dicit
1039 4778 1077 4825 se
1099 4753 1137 4825 in
1155 4751 1297 4826 Christo
1318 4778 1483 4843 manere,
1503 4753 1611 4827 debet
1634 4756 1725 4827 sicut
1748 4756 1806 4828 ille
1823 4754 2022 4827 ambulavit
2041 4767 2077 4826 et

478 4868 554 4964 ipse
571 4867 803 4943 ambulare.»
823 4875 893 4964 lta,
915 4872 1077 4970 inquam,
1105 4873 1311 4955 conformes
1338 4873 1428 4964 lieri,
1460 4904 1478 4944 «
1494 4889 1534 4947 ut
1556 4876 1601 4947 sit
1626 4875 1703 4973 ipse
1729 4874 1894 4948 videlicet
1917 4874 2078 4946 Christus

512 5144 628 5195 'Pectus
644 5159 660 5202 t,
673 5159 696 5194 v.
708 5148 732 5196 6.
752 5146 799 5181 -¹
813 5144 911 5205 matth..
924 5159 978 5208 rap.
997 5160 1057 5208 xxv,
1070 5161 1092 5196 v.
1110 5150 1147 5196 1².
1167 5172 1190 5184 -
1205 5145 1293 5197 ³toan.
1304 5187 1308 5197 .
1319 5160 1374 5211 ean.
1389 5160 1438 5206 xiv,
1451 5162 1474 5199 r.
1485 5150 1508 5199 9.
1521 5174 1551 5213 ·:.
1563 5150 1570 5177 ⁴
1580 5146 1652 5198 loeo.
1667 5147 1686 5206 t,
1699 5158 1754 5209 tan.
1767 5160 1794 5207 u,
1807 5162 1830 5198 v.
1842 5150 1867 5197 o.
