4559 6100
698 583 742 657 IN
765 583 1011 659 Ettstotttt
1036 585 1097 660 AD
1121 587 1347 664 nonnitus.
1749 590 1822 668 249

221 734 368 834 proprie
393 734 533 827 attinet,
561 736 737 810 innocens
762 736 894 812 infans.
922 742 1023 811 Tunc
1049 764 1135 838 ergo
1160 741 1345 843 dissipavit
1368 757 1619 817 testamentum
1645 742 1726 837 Dei,
1754 766 1822 816 nec

221 854 294 928 hoc
322 856 369 928 de
393 855 569 955 imperata
589 856 877 953 circumcisione,
905 858 970 933 sed
992 857 1083 933 illud
1110 859 1158 933 dc
1183 859 1270 960 ligni
1295 862 1555 962 prohibitione,
1584 859 1821 964 quandoper

222 999 338 1048 unum
366 976 556 1050 bominem
577 991 781 1076 peccatum,
811 992 848 1051 et
873 1004 940 1079 per
958 994 1150 1080 peecatum
1176 1004 1289 1074 mors,
1318 997 1355 1055 ct
1377 982 1429 1056 ita
1448 982 1487 1055 in
1504 1005 1631 1056 omnes
1652 979 1820 1057 homines
1870 1015 1872 1018 ·

220 1097 375 1189 transiit,
395 1097 434 1169 in
452 1121 527 1195 qno
548 1120 676 1170 omnes
691 1113 980 1198 peccaverunt.»
1002 1105 1114 1194 Ecce,
1133 1099 1242 1175 beato
1265 1116 1469 1202 exponente
1492 1100 1711 1200 Augustino,
1732 1125 1821 1200 quo·

221 1215 336 1289 modo
359 1216 607 1317 unusquisque
626 1217 665 1289 in
688 1218 814 1316 primis
830 1221 1040 1319 parentibus
1060 1233 1314 1294 testamentum
1331 1223 1405 1295 sive
1427 1238 1572 1322 psotnm
1595 1220 1756 1311 Domini,
1781 1220 1820 1293 id

221 1350 274 1410 ost
296 1338 450 1435 primum
466 1340 541 1434 ejus
558 1361 579 1411 s
598 1338 758 1412 Domino
775 1338 891 1438 legem
911 1339 1034 1415 datam
1058 1342 1096 1413 in
1114 1341 1285 1416 Paradiso
1301 1356 1539 1441 transgressus
1555 1342 1613 1434 sit,
1634 1354 1674 1414 ut
1694 1341 1819 1414 seltem

221 1456 403 1555 originalis
427 1459 565 1560 peccmi
589 1458 736 1532 vinculo
763 1473 939 1555 teneatur,
970 1476 1007 1534 et
1028 1461 1200 1561 parvulus
1224 1487 1309 1536 cum
1335 1462 1382 1536 de
1408 1463 1589 1537 llbrshm
1613 1461 1818 1559 ueterisque

221 1574 388 1650 fidelibus
404 1593 510 1652 natus
525 1580 570 1651 sit
584 1577 808 1679 parentibus,
820 1579 867 1653 de
879 1581 1018 1681 populo
1030 1606 1111 1674 suo,
1125 1581 1164 1655 id
1174 1596 1227 1655 est
1236 1606 1258 1656 a
1267 1597 1365 1657 sorte
1377 1598 1413 1657 et
1424 1581 1646 1658 beatitudine
1657 1579 1818 1656 fidelium

220 1711 366 1795 panum
388 1724 539 1773 suorum
559 1700 606 1771 sit
622 1699 882 1806 excludendus,
899 1701 967 1775 nisi
989 1702 1036 1795 ei,
1060 1715 1103 1774 ut
1122 1700 1260 1776 dictum
1276 1718 1344 1797 est,
1361 1702 1642 1780 circumcisionis
1657 1700 1818 1776 remedio

219 1814 437 1891 subventum
460 1817 578 1892 fuerit.
605 1816 716 1908 Quod
741 1844 829 1893 vero
853 1820 891 1893 in
915 1836 1096 1923 precepto
1118 1823 1401 1897 circumcisionis
1428 1822 1592 1900 additum
1618 1837 1691 1914 est,
1712 1836 1817 1897 stem

221 1938 435 2012 remaculus
457 1962 567 2038 quam
593 1940 776 2039 emptitius
801 1940 1090 2036 circumcidetur,
1120 1957 1158 2016 et
1182 1944 1390 2043 quicunque
1413 1966 1490 2015 non
1511 1941 1619 2016 buerit
1642 1939 1688 2014 de
1707 1942 1817 2042 stirpe

221 2071 350 2154 restra,
367 2088 387 2129 n
406 2061 455 2133 its
471 2074 524 2133 est
539 2060 826 2159 intelligendum,
842 2075 884 2134 ut
899 2061 946 2135 de
960 2061 1162 2138 remaculis
1175 2060 1232 2134 vel
1248 2063 1419 2163 emptitiis
1435 2086 1578 2156 eorum,
1596 2062 1671 2134 sive
1686 2053 1819 2136 fuerint

222 2175 373 2273 llebraei,
400 2179 527 2275 idest,
554 2178 600 2253 de
623 2182 733 2281 stirpe
751 2206 829 2275 sua,
854 2183 929 2256 sive
945 2206 1036 2274 non,
1060 2180 1132 2255 hoc
1155 2183 1337 2282 praecipiat
1359 2183 1550 2276 Dominus,
1580 2205 1655 2254 non
1679 2181 1727 2255 de
1742 2181 1820 2257 aliis

222 2298 442 2373 nationibus.
461 2299 545 2375 Tale
561 2325 670 2398 ergo,
689 2306 810 2376 «Tam
822 2301 1037 2376 vernaculus
1050 2326 1162 2402 quum
1179 2303 1363 2403 emptitius
1380 2299 1668 2393 circumcidetur,
1687 2316 1723 2374 et
1738 2303 1820 2400 qni·

222 2439 367 2517 cunque
387 2443 461 2493 non
482 2418 600 2510 fuerit,
620 2434 706 2513 etc„
722 2453 741 2490 »
760 2446 804 2497 ac
827 2423 859 2495 si
880 2421 1028 2513 diceret,
1048 2422 1094 2495 de
1114 2421 1315 2496 remaculis
1330 2435 1366 2495 et
1379 2422 1549 2522 emptitiis
1568 2421 1676 2494 etism
1693 2444 1820 2495 omnes

221 2535 274 2609 illi
291 2540 444 2636 quinon
462 2539 595 2613 suerint
609 2540 656 2614 de
674 2543 785 2643 stirpe
799 2557 929 2616 vestra.
951 2546 1033 2616 Non
1056 2555 1112 2618 est
1126 2542 1234 2640 igitur
1249 2540 1533 2615 circumcisionis
1549 2538 1713 2639 generale
1729 2563 1820 2641 prte-

221 2672 388 2756 ceptum,
414 2660 507 2732 siout
532 2675 585 2733 est
611 2659 800 2761 baptismi,
826 2663 918 2736 siout
943 2660 1151 2759 Evangelii,
1171 2659 1235 2734 sed
1258 2661 1398 2761 populo
1418 2674 1559 2733 tantum
1579 2659 1686 2732 lsrael
1707 2684 1750 2733 ea
1768 2676 1820 2734 est

221 2778 372 2874 tradita,
399 2805 476 2854 non
500 2779 716 2858 Gentilibus.
744 2781 855 2871 Quod
882 2783 1072 2880 diligenter
1094 2781 1268 2878 Origenes
1289 2784 1328 2853 in
1353 2777 1612 2880 posterioribus
1635 2778 1816 2876 ostendit,

222 2897 444 2998 distinguens
461 2926 504 2975 ex
515 2903 601 3002 ipsis
616 2903 740 2976 litterae
755 2903 983 2997 testimoniis,
997 2927 1077 3003 quse
1092 2915 1271 3002 praecepto
1287 2901 1374 2999 legis
1391 2902 1463 2973 sint
1479 2899 1671 2997 generalis,
1685 2914 1760 2973 tarn
1773 2900 1821 2976 ud

222 3018 363 3094 ludaeos
382 3021 518 3096 scilicet
534 3046 644 3123 quum
660 3020 708 3098 ad
725 3024 884 3098 Gentiles
898 3023 1128 3125 pertinentia,
1148 3046 1229 3123 qnae
1245 3046 1335 3096 non.
1357 3018 1461 3095 Unde
1474 3021 1583 3096 etiem
1599 3034 1741 3097 constat
1753 3046 1823 3097 nec

222 3139 453 3217 traditionem
474 3141 562 3242 legis
581 3168 659 3218 esse
679 3144 897 3243 generalem.
916 3144 1026 3234 Quod
1049 3143 1126 3243 ipse
1149 3166 1297 3242 quoque
1317 3144 1459 3240 Moyses
1478 3139 1667 3239 diligenter
1692 3141 1821 3216 distin-

223 3282 348 3356 guens,
366 3263 404 3336 in
420 3266 700 3336 Deuteronomio
715 3264 786 3338 ait¹
802 3292 812 3336 z
832 3268 909 3338 «Et
924 3288 1023 3337 nunc
1041 3261 1148 3336 lsrael
1164 3261 1250 3337 audi
1266 3275 1446 3362 praeoeptu
1460 3273 1497 3332 et
1509 3259 1645 3356 judicia
1660 3285 1739 3359 quae
1754 3286 1822 3359 ego

221 3377 376 3454 doceam
397 3396 446 3475 te,
463 3397 506 3456 ut
519 3383 653 3459 faciens
673 3407 717 3458 eu
734 3385 854 3475 rivus,
879 3398 917 3457 et
931 3382 1136 3483 ingrediens
1155 3380 1341 3482 possideas
1362 3394 1495 3453 terrum
1513 3366 1624 3477 quem
1645 3380 1823 3454 Dominus

218 3493 373 3571 daturus
394 3513 447 3572 est
463 3498 616 3573 vobis.»
635 3503 725 3574 ltom
745 3527 754 3575 ε
773 3531 792 3569 α
807 3504 896 3590 Quae
911 3514 965 3573 est
982 3500 1079 3573 enim
1095 3497 1166 3571 alia
1182 3520 1270 3595 gens
1286 3496 1337 3569 sic
1351 3494 1499 3594 inclyta,
1518 3507 1559 3567 ut
1575 3493 1709 3568 habeat
1725 3498 1822 3569 esri-

215 3617 377 3710 monins,
399 3618 567 3719 justaque
580 3617 729 3718 judicis,
754 3635 791 3695 et
815 3621 1020 3694 universam
1042 3620 1161 3715 legem
1178 3640 1291 3717 quam
1306 3639 1373 3714 ego
1390 3637 1596 3713 proponam
1613 3612 1725 3688 hodie
1740 3631 1823 3690 ante

214 3736 350 3811 oculos
372 3739 565 3813 restrosls
584 3745 630 3814 Et
650 3742 810 3816 itemm:
832 3738 1025 3814 sDoccbis
1048 3758 1131 3813 eam
1156 3736 1250 3810 lilios
1273 3750 1355 3809 tuos
1380 3757 1424 3808 ae
1450 3749 1649 3833 nepotes.»
1673 3738 1717 3807 Et
1741 3752 1824 3835 post

210 3856 344 3956 aliqua
364 3863 469 3933 :u'le
492 3860 599 3959 elegit
620 3864 799 3936 Dominus
822 3865 920 3936 Deus
940 3875 1037 3952 tuus,
1054 3873 1096 3931 ut
1116 3857 1165 3931 sis
1186 3858 1220 3930 ci
1237 3853 1394 3956 populus
1411 3852 1602 3953 peculiaris
1623 3853 1671 3927 de
1686 3857 1824 3930 cunctis

204 3976 369 4077 populis
385 3979 449 4077 qui
468 3994 553 4053 snut
572 4006 682 4083 super
705 3997 853 4063 terram.
868 4012 888 4051 s
906 3985 952 4054 Et
968 3979 1172 4053 Psalmistu²
1190 4004 1199 4048 ε
1215 4004 1234 4047 s
1246 3974 1318 4064 Qui
1338 3974 1531 4049 ennuntiat
1549 3973 1704 4048 verbum
1716 3972 1823 4051 suum

203 4094 348 4192 Jacob,
370 4098 526 4195 justitias
538 4115 574 4175 et
586 4101 724 4200 judicia
735 4126 800 4177 suu
816 4102 936 4177 lsrael.
957 4105 1039 4174 Non
1051 4099 1134 4173 iecit
1148 4097 1265 4172 taliter
1277 4095 1380 4169 ormri
1396 4093 1549 4189 nationi,
1569 4108 1605 4167 et
1615 4093 1825 4192 judiciasuu

198 4239 300 4291 non
313 4216 555 4296 manifestavit
574 4223 638 4297 eis.
654 4250 673 4292 u
683 4222 876 4323 Apostolus
891 4245 1039 4322 quoque
1052 4232 1219 4319 potenter
1231 4215 1348 4314 legem
1359 4237 1436 4286 non
1452 4211 1622 4288 omnibus
1633 4215 1748 4314 loqui,
1769 4219 1826 4291 vel

197 4336 349 4411 datam
373 4363 451 4413 esse
467 4365 574 4442 supro
594 4342 778 4443 professus
794 4359 860 4433 est,
879 4343 1052 4417 dicens⁸z
1075 4340 1246 4412 «Scimus
1261 4349 1384 4410 autem
1407 4334 1581 4432 quonism
1603 4359 1828 4437 quaecnmm

192 4456 278 4532 lex
296 4455 472 4554 loquitur,
491 4459 550 4537 his
565 4464 629 4562 qni
647 4465 686 4537 in
702 4465 781 4562 lege
796 4478 881 4538 sunt
896 4462 1070 4562 loquitur.
1088 4488 1107 4528 s

260 4577 468 4652 Bisantcm
483 4604 507 4654 a
523 4581 629 4656 nobis
643 4583 689 4657 de
702 4583 975 4659 circumcisione
984 4577 1189 4681 prelibatis,
1201 4575 1285 4649 boet
1295 4574 1477 4648 succincte
1487 4574 1721 4674 antiquorum
1731 4575 1826 4650 dien

184 4696 258 4773 ad
286 4721 374 4772 cam
394 4702 612 4800 pertinentia
627 4705 910 4805 nonprneterire.
928 4702 1101 4801 Origenes
1117 4696 1338 4799 superbene
1354 4695 1553 4795 Epistolom
1575 4696 1688 4791 Pauli,
1706 4695 1825 4770 verbis

181 4824 391 4926 superius
405 4825 522 4900 citatis
535 4853 545 4901 ι
560 4857 578 4896 α
592 4830 630 4902 Si
645 4829 751 4928 igitur
760 4831 990 4931 praeputium,
1003 4842 1074 4905 etc.
1089 4824 1188 4899 Dixit
1202 4825 1301 4895 Deus
1317 4818 1366 4894 sd
1382 4817 1585 4894 Abraham:
1605 4849 1623 4887 α
1637 4822 1689 4891 Tu
1704 4831 1824 4891 autem

179 4975 208 5014 κ
228 4957 518 5021 testamentum
530 4973 654 5024 meum
667 4950 839 5047 servabis,
850 4965 886 5025 et
900 4974 1011 5025 omne
1023 4970 1146 5022 semen
1158 4958 1262 5017 tuum
1275 4954 1359 5042 post
1372 4953 1407 5013 te
1420 4938 1459 5010 in
1470 4939 1716 5039 generationes
1728 4959 1824 5010 snas.

221 5230 231 5259 ¹
251 5224 366 5284 Demo
376 5235 431 5287 ⁰²1)-
444 5237 482 5287 tv,
494 5238 517 5278 t.
530 5231 554 5291 t,
567 5231 596 5292 8,
609 5230 639 5292 93
653 5242 761 5293 sepau,
772 5242 796 5284 v.
809 5234 834 5283 o.
845 5230 1100 5290 aerumma,
1112 5237 1136 5277 t.
1150 5224 1187 5275 19.
1204 5246 1233 5259 ·-
1245 5222 1255 5254 ⁸
1265 5220 1348 5280 lton„
1362 5227 1417 5277 0²1)-
1431 5225 1468 5275 ¹¹2
1480 5222 1502 5261 V·
1518 5210 1556 5261 ¹⁹·
