4559 6100
462 510 533 582 208
1062 504 1188 575 Putat
1216 504 1449 577 tumtunm

463 662 553 729 Nam
577 670 612 728 et
638 670 830 752 antequam
857 652 983 750 aliquis
1012 651 1224 750 baptizetur,
1249 653 1279 723 si
1298 653 1373 748 jam
1398 651 1512 724 credit
1536 667 1572 724 et
1597 652 1731 747 diligit,
1757 652 1848 724 sicut
1875 651 2053 727 Abraham

462 777 508 848 de
530 799 604 872 quo
627 775 799 871 scriptum
822 775 918 845 est¹:
942 770 1132 842 «Credidit
1151 770 1331 843 Abraham
1353 776 1443 860 Deo,
1467 784 1503 843 et
1523 784 1727 868 reputatum
1748 785 1800 841 est
1822 772 1856 842 ei
1881 770 1927 842 ad
1949 771 2058 866 justi·⁴

463 896 567 981 tiam,
587 921 604 960 a
625 906 661 963 et
686 891 831 963 sortasse
856 889 1042 961 Cornelius
1065 887 1231 959 nondum
1255 888 1472 987 baptizatus,
1496 890 1597 984 cujus
1622 887 1856 985 eleemosynae
1884 904 2054 987 susceptae

461 1027 576 1084 sunta
592 1015 683 1101 Deo,
699 1024 734 1081 et
748 1009 792 1081 de
806 1009 991 1107 praeteritis
1003 1009 1160 1105 peccatis
1177 1031 1261 1081 vere
1278 1009 1440 1106 poenitet,
1456 1008 1547 1079 sicut
1561 1006 1774 1105 publicanus
1789 1009 1849 1104 qui
1861 1009 1907 1079 de
1919 1007 2054 1105 te'mplo

461 1129 648 1202 deseendit
662 1128 873 1226 justificatus
891 1157 899 1197 ε
920 1153 1004 1199 eum
1016 1127 1153 1223 justum
1170 1127 1288 1199 dicere
1305 1151 1379 1198 non
1396 1126 1539 1220 dubito,
1559 1152 1623 1198 seu
1635 1127 1807 1223 justitiam
1825 1126 1970 1219 habere,
1993 1130 2056 1223 qui

463 1250 655 1345 unicuique
679 1247 798 1319 reddit
823 1245 922 1343 quod
946 1270 1052 1318 suum
1079 1259 1146 1317 est.
1167 1246 1270 1317 Unde
1293 1261 1328 1317 ct
1352 1270 1396 1318 ex
1420 1259 1522 1316 utero
1546 1242 1784 1316 sanctificatos
1805 1245 1995 1316 ieremiam
2019 1260 2057 1318 et

385 1405 394 1418 .
462 1373 637 1439 loannem
662 1366 836 1453 dicimu8‚
861 1364 922 1436 ubi
948 1362 1148 1462 specialiter
1169 1363 1358 1436 illuminati
1384 1364 1582 1434 Dominum
1604 1363 1679 1458 jam
1704 1362 2000 1458 cognoscebant,
2019 1377 2056 1435 et

463 1484 680 1580 diligebant3
699 1485 863 1581 quamvis
879 1483 929 1554 eis
945 1481 1065 1554 adhuc
1082 1483 1322 1554 necessarium
1336 1496 1427 1554 esset
1445 1484 1624 1580 suscipere
1637 1481 1958 1569 circumcisionem,
1976 1506 2055 1578 quae

461 1618 547 1676 tunc
562 1602 683 1674 locum
701 1601 888 1674 obtinebat
904 1599 1091 1699 baptismi.
1114 1606 1234 1689 Quare
1256 1624 1355 1696 ergo,
1375 1601 1528 1697 inquies,
1550 1601 1636 1671 istos
1660 1598 1746 1671 tales
1763 1601 1887 1696 postea
1903 1600 2059 1670 circum·

464 1723 536 1795 cidi
552 1721 608 1793 vel
625 1720 796 1819 baptizari
816 1722 989 1819 oportuit,
1008 1721 1071 1817 qui
1085 1725 1161 1816 jam
1180 1733 1285 1791 antea
1301 1733 1416 1807 erant,
1436 1743 1479 1790 ex
1495 1718 1566 1790 fide
1582 1718 1716 1790 scilicet
1732 1730 1769 1790 et
1784 1719 1928 1790 caritate
1946 1742 2055 1815 quam

465 1841 661 1932 habebant,
675 1854 710 1913 et
727 1865 832 1938 quos,
852 1842 881 1913 si
897 1854 983 1912 tunc
999 1852 1238 1929 morerentur,
1254 1839 1383 1910 salvari
1399 1862 1542 1910 necesse
1558 1837 1671 1910 esset?
1688 1843 1801 1909 Nemo
1817 1838 1951 1935 quippe
1964 1833 2058 1933 juste

467 1961 560 2031 mori
583 1973 714 2058 potest,
735 1958 792 2030 vel
809 1959 948 2031 habens
966 1959 1162 2050 caritatem,
1182 1957 1244 2054 qui
1260 1956 1464 2028 damnatur.
1490 1960 1622 2028 Rursus
1646 1981 1767 2045 nemo,
1788 1957 1863 2027 siue
1880 1954 2057 2053 baptismo

474 2079 529 2150 vel
551 2079 736 2175 martyrio,
756 2092 838 2175 post
861 2078 983 2150 datam
1006 2077 1052 2148 de
1075 2075 1255 2175 baptismo
1271 2077 1502 2169 sententiam,
1522 2075 1649 2150 salvari
1671 2088 1802 2173 potest.
1827 2076 1918 2146 Mori
1940 2088 2058 2144 tamen

470 2210 632 2294 poterat,
654 2220 738 2266 cum
765 2197 949 2267 caritatem
975 2193 1150 2285 habebat,
1178 2208 1259 2267 ante
1281 2194 1502 2292 baptismum
1520 2195 1577 2266 vel
1593 2194 1819 2289 martyrium,
1847 2216 1891 2263 eo
1915 2190 2059 2289 quidem

472 2327 633 2412 tempore
658 2338 746 2412 quo,
766 2314 919 2411 inquies,
938 2314 967 2385 si
990 2328 1204 2406 moreretur,
1231 2327 1267 2385 et
1290 2313 1418 2386 salvari
1440 2337 1524 2384 eum
1546 2336 1690 2384 necesse
1711 2325 1801 2383 esset
1825 2324 1861 2382 et
1882 2310 2061 2382 damnari.

474 2437 546 2504 Nos
567 2447 688 2504 autem
706 2431 860 2505 dicimus
879 2456 1024 2523 omnem
1045 2433 1107 2530 qui
1127 2432 1326 2503 Dominum
1347 2432 1483 2504 sincere
1506 2444 1541 2503 et
1563 2455 1652 2529 pure
1674 2444 1820 2528 propter
1838 2430 1962 2527 ‘ipsum
1985 2431 2060 2525 iam

473 2549 609 2646 diligit,
633 2549 921 2648 praedestinatum
953 2551 1152 2641 advitam,
1180 2573 1249 2622 nec
1276 2574 1436 2647 unquam
1462 2531 1752 2648 praveniendum
1780 2562 1914 2640 morte,
1942 2546 2060 2619 donec

474 2669 506 2737 ei
522 2666 579 2738 vel
601 2690 664 2764 per
686 2667 976 2764 praedicationem
992 2665 1049 2740 vel
1072 2691 1137 2765 per
1153 2667 1325 2765 Spiritum
1345 2682 1508 2739 sanctum
1527 2669 1704 2739 Dominus
1729 2667 1862 2739 revelet
1885 2664 2061 2763 quidquid

474 2782 579 2857 eide
606 2786 836 2862 sacramentis
863 2785 969 2858 luerit
994 2787 1247 2878 necessarium,
1279 2801 1315 2858 et
1339 2787 1486 2886 iusuper
1514 2785 1715 2859 facultatem
1743 2785 1815 2858 hoc
1842 2783 2061 2883 percipiendi

475 2903 652 2974 tribuerit.
676 2904 784 2991 Quod
802 2928 888 2975 vero
907 2906 1115 3004 opponitur,
1134 2929 1218 2978 eum
1235 2907 1297 3003 qui
1314 2919 1396 2977 ante
1410 2904 1629 3005 baptismum
1644 2906 1724 3003 jam
1738 2905 1853 3001 justus
1870 2918 1962 2990 erat,
1983 2925 2061 2973 cre·

476 3020 597 3095 dendo
614 3034 722 3119 atque
742 3021 924 3120 diligendo
942 3028 1072 3113 Deum,
1096 3021 1134 3096 in
1160 3043 1204 3096 eo
1224 3036 1386 3124 tempore
1406 3025 1513 3097 etiam
1533 3048 1622 3115 esse,
1639 3025 1675 3096 in
1700 3048 1773 3123 quo
1795 3023 1825 3094 si
1844 3023 2057 3111 moreretur,

476 3154 512 3215 et
526 3139 652 3212 salvari
669 3165 754 3213 eum
771 3158 805 3214 et
821 3142 985 3217 damnari
1000 3158 1196 3243 oporteret,
1215 3144 1287 3216 hoc
1308 3145 1446 3243 opponi
1462 3159 1579 3243 potest
1595 3144 1640 3216 de
1657 3143 1819 3241 quolibet
1833 3139 2062 3215 criminaliter

475 3274 659 3357 peccante,
688 3260 751 3357 qni
778 3260 825 3332 ad
841 3263 951 3334 vitam
978 3262 1247 3361 praedestinatus
1273 3278 1339 3355 est,
1366 3264 1470 3335 sicuti
1491 3263 1537 3336 de
1562 3263 1677 3335 David
1701 3261 1936 3335 adulterante.
1965 3260 2063 3330 Sicut

475 3380 571 3451 enirn
595 3378 710 3469 illurn,
741 3380 804 3476 qui
823 3380 939 3477 justus
963 3397 1055 3473 erat,
1082 3382 1211 3454 salvari
1239 3396 1444 3481 oporteret,
1471 3382 1522 3453 sic
1542 3382 1677 3478 justum
1705 3383 1768 3477 qui
1797 3379 2062 3479 praedestinatus

475 3516 549 3596 est,
580 3503 672 3574 sicut
699 3526 773 3573 non
801 3503 1037 3601 baptizatum,
1069 3505 1234 3578 damnari
1266 3529 1409 3578 necesse
1435 3519 1547 3592 esset,
1577 3506 1627 3576 sic
1656 3505 1763 3576 istum
1788 3502 2059 3575 adulterantem.

475 3622 555 3693 Fuit
570 3622 690 3717 itaque
710 3633 746 3691 et
763 3621 879 3693 David
893 3623 930 3694 in
948 3625 1109 3720 quodam
1126 3640 1303 3724 tempore,
1324 3627 1359 3695 in
1376 3650 1450 3722 quo
1471 3626 1502 3697 si
1519 3639 1730 3714 moreretur,
1748 3638 1784 3695 et
1798 3622 1961 3695 damnari
1979 3643 2063 3692 eum

476 3752 512 3811 et
533 3738 660 3811 salvari
688 3738 891 3837 oportebat.
923 3741 993 3813 Sed
1019 3766 1153 3834 rursus,
1178 3743 1268 3814 siin
1299 3743 1361 3815 illo
1385 3757 1546 3842 tempore
1572 3744 1650 3833 tuit,
1681 3745 1817 3839 inquo
1846 3766 1918 3813 non
1942 3750 2064 3837 posset

476 3856 567 3927 mori
586 3855 698 3947 bene,
717 3871 754 3937 et
772 3857 809 3927 in
826 3857 926 3929 nullo
945 3861 981 3931 in
1001 3884 1075 3956 quo
1093 3884 1168 3932 non
1186 3861 1280 3932 male
1295 3875 1415 3959 posset
1431 3866 1547 3956 mori,
1568 3861 1741 3961 quamdiu
1760 3859 1888 3933 babuit
1912 3857 2062 3931 liberum

476 3975 669 4046 voluntatis
692 3975 907 4049 arbitrium:
930 4001 1004 4049 non
1028 3993 1147 4051 tamen
1169 3980 1319 4052 omnino
1342 3982 1380 4053 in
1406 3982 1527 4078 aliquo
1550 3981 1627 4073 fuit,
1654 3982 1786 4078 inquo
1808 4002 1953 4051 necesse
1975 3988 2066 4047 esset

475 4116 559 4163 eum
581 4107 617 4164 et
640 4091 733 4169 bene
753 4106 789 4164 et
809 4095 900 4166 male
916 4097 1023 4168 mori.
1044 4101 1160 4170 immo
1179 4098 1216 4169 in
1233 4098 1334 4171 nullo
1356 4112 1517 4198 ternpore
1535 4123 1679 4173 necesse
1702 4099 1766 4170 suit
1792 4098 1948 4192 aliquem
1972 4091 2066 4166 bene

364 4217 369 4221 “
475 4214 587 4302 mori,
617 4213 674 4285 vel
700 4214 736 4284 in
761 4213 860 4285 nullo
885 4215 1043 4315 aliquem
1063 4219 1156 4291 male
1176 4220 1288 4312 mori,
1310 4220 1373 4291 sed
1394 4221 1431 4291 in
1455 4219 1601 4316 singulis
1622 4216 1855 4318 temporibus,
1880 4210 2066 4310 inquibus

475 4344 593 4429 potest
604 4331 733 4431 aliquis
745 4332 839 4406 bene
856 4336 962 4429 mori,
979 4348 1096 4435 potest
1110 4338 1148 4409 in
1160 4337 1298 4410 eisdem
1312 4337 1406 4410 male
1421 4339 1525 4411 mori.
1540 4343 1580 4410 ln
1598 4337 1698 4410 nullo
1711 4352 1828 4409 tamen
1842 4320 2067 4427 conjunctim

474 4474 600 4522 verum
619 4465 672 4522 est
699 4451 831 4543 dicere,
850 4477 934 4527 eum
950 4479 1055 4551 posse
1079 4457 1171 4529 mori
1195 4457 1301 4528 simul
1321 4457 1415 4530 bene
1436 4474 1472 4531 et
1495 4459 1599 4530 male.
1621 4458 1679 4529 Sic
1696 4470 1732 4529 et
1745 4455 1792 4527 de
1812 4452 1873 4524 illo
1889 4451 1951 4548 qui
1974 4449 2069 4521 cari·

475 4583 584 4640 tatem
608 4569 718 4647 babet
745 4585 828 4643 ante
849 4572 1089 4671 baptismum,
1108 4589 1144 4646 et
1160 4599 1224 4673 per
1238 4576 1311 4647 hoc
1323 4576 1440 4672 justus
1452 4591 1519 4671 est,
1536 4575 1770 4649 concedimus
1785 4571 1884 4671 quod
1905 4570 1944 4641 in
1965 4566 2068 4640 nullo

475 4701 641 4786 tempore
658 4688 826 4780 fueritin
843 4714 916 4787 quo
932 4716 1074 4765 necesse
1088 4708 1180 4765 esset
1192 4718 1277 4767 eum
1294 4694 1422 4767 salvari
1436 4712 1472 4768 et
1485 4695 1650 4767 damnari
1666 4692 1785 4781 simul,
1805 4691 1834 4762 si
1853 4686 2065 4762 moreretur.

477 4811 601 4880 Posset
614 4808 748 4906 quippe
766 4808 794 4879 is
811 4807 873 4905 qui
889 4809 1071 4883 caritatem
1091 4810 1200 4885 babet
1215 4827 1298 4885 aute
1315 4811 1549 4912 baptismum,
1567 4814 1644 4885 sine
1657 4812 1803 4885 caritate
1820 4823 1908 4882 tunc
1924 4829 2012 4891 esse,
2031 4816 2071 4875 et

508 5077 513 5103 ¹
528 5075 613 5140 aem,
621 5090 674 5141 ean.
684 5090 719 5143 rr,
731 5094 755 5132 r.
767 5083 790 5132 t.
