4559 6100
456 507 530 580 490
1060 502 1191 575 PE'rttt
1217 500 1454 575 semlant

457 655 610 727 modum
621 650 658 727 in
676 654 838 727 secundo
855 654 1162 759 Perihernrenias,
1181 653 1243 746 ait,
1262 675 1391 724 vocem
1408 674 1483 725 esse
1501 673 1612 725 unam
1630 664 1666 724 et
1681 651 1890 727 affectiones
1913 655 2057 729 multas.

455 777 527 847 Aut
549 801 633 848 cum
659 777 859 849 Priscianus
881 775 971 848 dixit
998 773 1112 847 multa
1139 772 1289 846 nomina
1312 771 1471 845 incidere
1499 772 1535 842 in
1563 795 1673 847 unam
1698 794 1839 863 vocem,
1859 773 1974 849 multa
1996 800 2057 849 seu

457 893 598 970 diversa
626 898 853 996 accipiuntur
880 895 1082 970 secundum
1112 895 1231 992 ipsum
1257 891 1487 989 significandi
1511 891 1671 965 officium
1700 893 1748 965 ad
1771 893 1932 967 diversos
1955 896 2061 970 intel-

455 1011 568 1088 lectus
598 1015 884 1106 constituendos,
915 1014 1012 1087 unde
1042 1012 1300 1087 affirmationes
1330 1011 1387 1085 vel
1415 1013 1562 1085 nomina
1594 1010 1776 1085 dicuntur.
1810 1017 1944 1087 Vocem
1972 1036 2059 1088 vero

344 1200 352 1211 .
456 1160 568 1208 unam
593 1137 680 1209 dicit
706 1162 750 1209 ex
774 1137 852 1235 ipsa
878 1134 1089 1234 prolationis
1118 1147 1154 1205 et
1178 1133 1259 1205 soni
1286 1133 1415 1222 sorma,
1440 1158 1516 1205 non
1543 1157 1588 1205 ex
1616 1131 1751 1224 officio,
1781 1157 1865 1205 cum
1895 1134 2060 1209 videlicet

456 1258 537 1328 voci
560 1256 633 1331 boc
656 1281 791 1329 nomen
816 1281 861 1329 ex
886 1255 1054 1354 qualitate
1077 1253 1171 1344 soni,
1199 1277 1274 1324 non
1300 1277 1344 1326 ex
1367 1251 1488 1325 officio
1517 1251 1741 1349 significandi
1765 1252 1892 1327 datum
1915 1255 1973 1327 sit.
2000 1257 2059 1330 Sic

455 1375 576 1474 itaque
599 1400 643 1449 ex
660 1375 893 1472 adjunctione
912 1374 1156 1471 subjectorum
1171 1372 1269 1445 idem
1294 1387 1331 1444 et
1351 1371 1534 1444 diversum
1560 1370 1767 1469 frequenter
1782 1397 1865 1447 suas
1880 1373 2058 1470 significa·

455 1494 572 1567 tiones
600 1510 845 1582 commutant,
875 1495 966 1567 sicut
997 1508 1034 1566 et
1059 1507 1186 1565 ceterae
1215 1517 1307 1592 saepe
1334 1492 1530 1584 dictiones,
1565 1503 1607 1562 ut
1633 1492 1664 1564 si
1693 1491 1813 1565 dicam
1841 1494 2058 1569 citharoedus

456 1612 574 1687 bonus
602 1630 638 1687 et
662 1614 775 1686 homo
802 1614 936 1703 bonus,
962 1611 1018 1685 vel
1048 1637 1119 1684 vox
1145 1611 1295 1710 simplex
1323 1625 1358 1684 et
1379 1610 1581 1710 propositio
1610 1612 1773 1711 simplex,
1798 1613 1856 1687 vel
1880 1638 1966 1688 vera
1988 1615 2056 1688 dit-

455 1730 572 1806 linitio
591 1748 627 1806 et
643 1759 727 1806 vera
745 1734 876 1805 oratio.

507 1858 598 1926 Puto
612 1879 671 1927 me
687 1852 876 1951 diligenter
892 1850 1107 1943 distinxisse,
1131 1864 1310 1949 quantum
1335 1850 1382 1929 ad
1405 1874 1562 1949 praesens
1584 1852 1772 1948 negotium
1800 1854 1941 1946 attinet,
1969 1869 2058 1952 quot

455 1972 574 2045 modis
589 1972 688 2045 idem
708 1974 782 2044 sive
800 1973 981 2045 diversum
1004 1971 1214 2070 accipiatur,
1243 1985 1283 2042 ut
1309 1970 1410 2043 facite
1427 1969 1663 2070 postmodum
1687 1970 1898 2045 discutiatur
1919 1974 1957 2045 in
1982 2000 2057 2073 quo

454 2095 627 2166 consistat
641 2093 827 2166 diversitas
842 2115 1081 2193 personarum
1095 2116 1177 2190 quae
1198 2091 1235 2162 in
1255 2094 1333 2163 Deo
1351 2104 1447 2184 sunt,
1475 2115 1629 2190 quarum
1654 2091 1782 2167 eadem
1808 2092 1951 2191 penitus
1972 2092 2057 2166 sub-

454 2214 586 2286 stantia
600 2227 664 2286 est.
684 2211 836 2303 Eadem,
855 2213 1018 2310 inquam,
1037 2211 1272 2284 essentialiter
1283 2234 1326 2284 ac
1342 2234 1510 2303 numero,
1529 2211 1623 2285 sicut
1638 2210 1766 2284 eadem
1781 2226 1835 2285 est
1860 2211 2057 2287 substantia

456 2332 551 2404 ensis
567 2348 603 2405 et
618 2332 738 2430 gladii,
759 2333 816 2405 vel
831 2331 938 2429 hujus
954 2330 1113 2403 hominis
1128 2345 1164 2404 et
1178 2329 1287 2428 hujus
1302 2330 1479 2403 animalis.
1505 2331 1597 2403 Sunt
1612 2346 1734 2404 autem
1759 2330 1806 2405 ab
1825 2332 1981 2406 invicem
2001 2332 2058 2406 di·

453 2477 563 2525 versae
578 2477 753 2552 personae,
773 2451 810 2524 id
827 2467 879 2524 est
896 2454 997 2524 Pater
1012 2465 1048 2523 et
1061 2451 1183 2542 Filius,
1199 2462 1235 2522 et
1251 2450 1402 2550 Spiritus
1418 2464 1563 2523 sanctus
1578 2451 1624 2524 ad
1641 2450 1913 2525 similitudinem
1929 2477 2057 2526 eorum

454 2596 534 2670 quae
550 2571 766 2645 diffinitione
783 2570 924 2645 diversa
939 2586 1025 2644 sunt
1039 2596 1103 2643 seu
1114 2572 1347 2671 proprietate,
1366 2594 1410 2642 eo
1429 2569 1593 2642 videlicet
1608 2570 1729 2669 quod,
1749 2572 1913 2670 quamvis
1929 2572 2057 2647 eadem

454 2693 597 2790 penitus
610 2693 764 2765 essentia
777 2693 823 2764 sit
839 2696 938 2763 Deus
956 2695 1061 2766 Pater
1074 2714 1155 2789 quae
1173 2703 1227 2761 est
1251 2693 1349 2762 Deus
1370 2689 1492 2782 Filius,
1514 2716 1579 2763 seu
1604 2695 1702 2763 Deus
1724 2692 1873 2790 Spiritus
1887 2706 2054 2783 sanctus3

453 2810 552 2883 aliud
567 2825 688 2884 tamen
706 2812 897 2909 proprium
913 2824 966 2883 est
983 2811 1050 2882 Dei
1067 2809 1193 2902 Patris,
1212 2809 1250 2880 in
1268 2834 1313 2881 eo
1327 2792 1462 2881 scilicet
1477 2809 1578 2907 quod
1592 2814 1697 2884 Pater
1712 2826 1779 2902 est,
1798 2825 1834 2884 et
1846 2810 1941 2885 aliud
1961 2811 2054 2903 Filii,

454 2941 490 2999 et
502 2923 600 2997 aliud
615 2926 767 3024 Spiritus
779 2926 905 2998 sancti.
917 2925 1031 2998 Patris
1040 2924 1188 3023 quidem
1199 2925 1388 3025 proprium
1398 2939 1464 3015 est,
1482 2939 1521 2997 ut
1533 2949 1642 3024 supra
1653 2950 1800 3025 quoque
1810 2928 2054 3020 meminimus,

453 3043 609 3145 aseipso
626 3070 716 3137 esse,
733 3070 808 3118 non
824 3043 870 3117 ab
886 3044 972 3137 alio,
997 3059 1034 3117 et
1059 3059 1279 3117 coaeternum
1306 3042 1374 3116 sibi
1399 3043 1528 3117 Filium
1552 3044 1764 3119 aeternaliter
1791 3047 1954 3144 gignere3
1980 3048 2056 3121 Filii

453 3187 542 3236 vero
559 3165 655 3262 gigni
672 3189 694 3238 a
711 3164 790 3238 solo
809 3170 932 3257 Patre,
952 3165 1105 3264 Spiritus
1118 3166 1232 3237 sancti
1244 3165 1441 3264 procedere
1460 3164 1507 3239 ab
1523 3180 1691 3264 utroque.
1710 3166 1814 3239 Unde
1832 3167 1926 3240 bene
1943 3169 2057 3241 sancti

455 3287 576 3358 Patres
592 3284 658 3360 has
670 3309 843 3385 personas
854 3284 901 3358 ab
910 3287 1066 3357 invicem
1074 3284 1291 3383 quibusdam
1307 3286 1410 3384 quasi
1423 3285 1701 3385 proprietatibus
1716 3285 1861 3361 differre
1872 3286 2052 3379 dixerunt,

449 3403 551 3500 juxta
566 3403 656 3477 illud
673 3406 864 3503 Gregorii:
887 3409 962 3477 «Et
981 3405 1019 3477 in
1036 3405 1200 3503 personis
1216 3406 1431 3505 proprietas,
1451 3418 1488 3476 et
1501 3406 1540 3477 in
1555 3407 1706 3479 essentia
1723 3407 1855 3480 unitas.
1869 3437 1887 3473 s
1906 3412 1950 3479 Et
1965 3407 2054 3480 illud

454 3525 664 3623 Hieronymi
681 3526 719 3597 in
737 3526 888 3625 epistola
912 3526 959 3598 de
986 3525 1237 3624 explanatione
1260 3523 1345 3598 fidei
1369 3525 1421 3596 acl
1442 3532 1639 3600 Damasum
1659 3550 1793 3626 papam
1814 3526 1963 3619 directa,
1992 3526 2054 3601 ubi

454 3642 586 3717 dicitur
612 3673 620 3717 ε
645 3674 663 3714 «
678 3645 950 3719 Confimdentes
970 3646 1105 3737 Arium,
1130 3670 1240 3718 unam
1256 3646 1496 3745 eamdemque
1511 3646 1664 3720 dicimus
1683 3648 1861 3720 Trinitatis
1885 3647 2055 3721 substan·

454 3763 554 3836 tiam.
577 3796 595 3832 s
612 3770 719 3854 item,
740 3794 759 3833 κ
769 3765 991 3864 impietatem
1009 3763 1154 3836 Sabellii
1170 3763 1404 3858 declinantes,
1424 3781 1496 3839 tres
1511 3790 1683 3866 personas
1696 3791 1878 3867 expressas
1894 3767 1962 3853 sub
1972 3792 2055 3867 pro-

453 3884 603 3982 prietate
617 3884 880 3981 distinguimus.
895 3914 912 3951 s
929 3888 971 3956 Et
985 3897 1070 3984 post
1079 3883 1212 3982 aliqua,
1227 3909 1398 3984 personas
1408 3888 1515 3960 etiarn
1528 3888 1624 3987 ipsas
1635 3889 1870 3986 proprietates
1883 3887 2049 3986 appellat,

375 3997 379 4002 “
453 4002 576 4076 dicens
595 4030 603 4074 ε
626 4032 644 4073 «
656 4007 737 4075 Non
755 4005 852 4076 enim
867 4004 1016 4077 nomina
1033 4006 1300 4099 tantummodo,
1325 4006 1390 4078 sed
1410 4007 1519 4080 etiam
1535 4007 1728 4080 nominum
1743 4007 1989 4105 proprietates,
2012 4005 2053 4078 id

453 4138 506 4197 est
523 4148 709 4225 personas,
725 4123 783 4197 vel
798 4137 839 4197 ut
855 4125 968 4196 Graeci
983 4125 1189 4223 exprimunt
1206 4125 1432 4224 hypostases,
1457 4124 1531 4199 hoc
1556 4141 1610 4199 est
1632 4126 1876 4200 subsistentias
1894 4124 2053 4200 confite-

452 4269 576 4318 mur.»
594 4242 665 4316 Ubi
681 4257 717 4348 et
731 4268 855 4316 rursus
862 4242 992 4340 adjecit
1002 4270 1011 4312 ε
1023 4274 1040 4309 «
1050 4246 1173 4342 ltaque
1180 4244 1378 4318 substantia
1388 4271 1501 4318 unum
1513 4261 1609 4335 sunt,
1622 4247 1784 4346 personis
1793 4271 1835 4322 ac
1844 4245 2055 4320 nominibus

452 4360 757 4459 distinguuntur.»
777 4367 857 4436 Nou
870 4376 991 4434 tamen
1004 4387 1087 4435 cum
1096 4365 1335 4463 proprietates
1349 4364 1421 4438 dici
1432 4365 1614 4455 audimus,
1631 4366 1681 4438 ita
1696 4364 1971 4463 intelligendum
1982 4377 2048 4456 est,

453 4496 492 4553 ut
509 4481 641 4555 formas
657 4483 794 4581 aliquas
808 4483 845 4553 in
862 4485 941 4554 Deo
958 4483 1165 4582 opinemur,
1184 4484 1247 4557 sed
1262 4485 1501 4585 proprietates
1516 4486 1618 4582 quasi
1638 4487 1786 4585 propria
1810 4486 1977 4576 dicimus,
2005 4510 2052 4558 eo

451 4601 584 4674 scilicet
598 4601 711 4675 modo
727 4626 802 4701 quo
820 4600 907 4674 dicit
923 4603 1127 4675 Aristoteles
1145 4603 1246 4675 omni
1261 4603 1468 4677 substantia
1491 4607 1687 4679 commune
1709 4630 1785 4679 esse
1808 4630 1885 4678 non
1911 4629 1991 4679 esse
2014 4606 2052 4677 in

450 4721 626 4822 subjecto,
642 4721 700 4794 vel
715 4747 791 4794 non
809 4722 988 4827 suscipere
1004 4724 1117 4822 magis
1130 4737 1168 4796 et
1184 4723 1318 4819 minus,
1334 4725 1407 4798 sive
1423 4724 1516 4797 nihil
1531 4750 1608 4798 esse
1622 4726 1655 4797 ei
1673 4726 1914 4816 contrarium
1930 4749 1999 4798 nec
2014 4726 2050 4797 in

449 4842 507 4917 his
530 4860 650 4918 tamen
683 4841 1004 4916 communitatibus
1032 4868 1123 4942 quas
1148 4843 1301 4941 assignat
1320 4844 1409 4917 ullas
1432 4844 1595 4943 intelligit
1618 4844 1773 4937 sormas;
1800 4869 1890 4945 quas
1918 4844 2052 4918 scilicet

451 4964 727 5037 communitates
742 4963 863 5062 potius
882 4963 1106 5035 removendo
1122 4962 1271 5062 aliquid,
1295 4988 1406 5062 quam
1429 4963 1603 5064 ponendo
1628 4965 1794 5063 assignat.
1821 4969 1866 5038 Et
1882 4963 2053 5064 quemad·

451 5083 603 5156 modum
619 5084 773 5157 dicimus
791 5081 997 5156 substantia
1011 5084 1200 5183 proprium
1216 5108 1292 5157 esse
1313 5084 1411 5183 quod
1432 5109 1497 5184 per
1515 5108 1553 5157 se
1576 5082 1756 5179 subsistit,
1777 5085 1862 5184 quia
1885 5082 2051 5160 videlicet
