4559 6100
728 538 981 613 tflnotootn
1018 539 1293 614 cumsntttt.
1739 540 1811 613 tta

217 715 301 764 cum
326 689 422 763 filius
448 714 534 764 suus
555 687 720 764 adulterii
747 691 897 762 crimine
924 689 1130 779 damnatus,
1152 689 1353 762 secundum
1372 688 1431 785 jus
1456 687 1603 788 abipso
1626 705 1810 784 statutum,

216 825 374 908 utroque
394 809 501 884 oculo
524 834 647 884 carere
668 809 828 900 deberet,
853 834 896 883 ac
917 825 992 883 tota
1008 810 1131 883 civitas
1146 811 1182 882 in
1198 809 1378 882 honorem
1394 809 1659 908 patrispoenam
1671 811 1815 887 'adoles-

218 931 363 1003 centulo
388 932 602 1022 remitteret,
621 929 830 1029 aliquandiu
846 931 1058 1030 repugnavit
1077 957 1085 1000 ε
1104 929 1250 1002 tandem
1266 929 1392 1028 populi
1417 928 1582 1028 precibus
1597 931 1724 1020 victus,
1748 957 1815 1005 suo

219 1051 337 1149 prius,
362 1049 496 1122 deinde
523 1048 587 1121 filii
615 1052 723 1124 oculo
749 1067 853 1124 eruto
866 1053 1047 1149 ,utrique
1076 1074 1183 1122 usum
1211 1048 1357 1146 videndi
1388 1048 1543 1147 reliquit.
1574 1054 1627 1122 lta
1653 1049 1815 1124 debiturn

219 1171 384 1270 supplicii
406 1171 560 1244 modum
583 1171 653 1270 legi
673 1171 872 1245 reddidit.»
899 1175 1049 1269 Magnus
1072 1172 1109 1243 in
1130 1170 1202 1243 hoc
1225 1169 1290 1243 filii
1312 1193 1427 1260 amor,
1455 1168 1519 1243 sed
1543 1170 1658 1267 major
1676 1170 1818 1267 justitiae

220 1291 421 1364 exhibetur.
440 1296 580 1365 Naturae
596 1290 743 1365 indulsit
756 1308 931 1391 quantum
950 1292 1081 1391 potuit,
1099 1290 1161 1363 sed
1180 1289 1427 1363 tamenvirtus
1440 1305 1607 1364 naturam
1616 1292 1814 1390 superavit;

220 1413 301 1510 plus
317 1437 356 1484 se
379 1413 578 1511 principem
598 1436 708 1509 quam
724 1411 863 1512 patrem
880 1411 1039 1514 profiteri
1055 1412 1180 1485 voluit.
1214 1416 1357 1499 Quanta
1385 1411 1494 1483 etiam
1520 1436 1587 1509 pro
1617 1413 1765 1485 veritate
1783 1429 1820 1486 et

221 1531 391 1605 fidelitate
405 1532 653 1605 conservanda
669 1533 922 1625 sustinuerint,
941 1547 975 1606 et
992 1547 1131 1631 quanto
1156 1530 1374 1603 fortitudinis
1399 1529 1476 1603 zelo
1492 1529 1693 1604 libertatem
1708 1534 1818 1606 animi

221 1650 289 1723 sibi
302 1650 582 1743 vindicaverint,
603 1650 662 1724 ille
679 1653 715 1723 in
734 1652 898 1752 exemplo
911 1667 1070 1752 praestat,
1089 1653 1153 1751 qui
1167 1676 1213 1724 ne
1231 1649 1517 1748 conjurationem
1542 1651 1580 1722 in
1603 1651 1819 1750 supplicium

223 1773 365 1870 tyranni
392 1797 412 1845 a
439 1796 477 1845 se
504 1786 541 1844 et
558 1773 713 1846 consciis
738 1774 812 1847 suis
837 1774 967 1848 factam
993 1773 1160 1871 detegere
1189 1772 1283 1869 cogi,
1305 1786 1341 1844 et
1364 1772 1481 1844 socios
1503 1771 1659 1871 prodere
1683 1787 1817 1870 posset,

222 1891 382 1989 linguam
407 1891 474 1964 sibi
489 1918 613 1965 morsu
637 1893 839 1966 vehementi
856 1895 1051 1993 praecisam,
1073 1894 1213 1992 ipsein
1238 1918 1280 1965 os
1297 1890 1456 1991 predicti
1472 1893 1624 1989 ,tyranni
1643 1893 1819 1966 sevientis

221 2015 357 2112 expuit,
376 2015 467 2086 sicut
482 2028 518 2086 et
533 2013 712 2086 secundus
731 2015 844 2087 Boetii
863 2013 908 2085 de
924 2016 1173 2087 Consonuere
1181 2012 1417 2112 philosophie
1433 2012 1608 2085 continet.

273 2134 382 2222 Quod
414 2134 444 2206 si
478 2133 524 2206 ad
554 2134 717 2232 ipsorum
753 2134 1055 2235 philosophorum
1094 2134 1354 2234 perfectionem
1389 2133 1468 2205 vitae
1489 2133 1656 2208 rationis
1689 2151 1819 2209 nostra

221 2276 374 2325 examen
400 2251 642 2334 sublevemus,
667 2278 846 2326 summam
871 2255 909 2327 in
935 2256 997 2327 eis*
1015 2255 1314 2328 anachoretarum
1328 2277 1402 2326 ¹seu
1429 2253 1691 2325 monachorum
1717 2257 1822 2329 mira·

221 2370 346 2443 bimur
361 2370 616 2446 abstinentiam
626 2387 660 2445 et
677 2374 1053 2473 contemplativaevitae
1065 2373 1328 2465 celsitudinem,
1342 2372 1388 2445 de
1404 2395 1561 2471 quorum
1577 2372 1727 2470 quidem
1735 2400 1821 2449 con·

221 2492 390 2563 versione
413 2516 432 2563 a
458 2492 587 2565 saeeulo
607 2491 654 2565 ad
680 2491 845 2566 solitariae
863 2495 943 2567 vitae
962 2496 1133 2592 quietem,
1154 2509 1232 2566 tum
1254 2497 1403 2593 propter
1420 2491 1604 2566 illecebras
1628 2495 1756 2567 seculi,
1769 2496 1823 2569 fu·

221 2610 385 2706 giendas,
406 2626 483 2684 turn
505 2613 612 2684 etiarn
629 2637 697 2712 pro
714 2612 893 2687 desiderio
914 2614 1045 2687 divinae
1060 2614 1376 2714 contemplationis
1397 2627 1434 2685 et
1449 2611 1687 2712 philosophie
1702 2615 1822 2689 studio

221 2730 479 2830 adipiscenda,
509 2732 612 2805 multi
643 2734 795 2833 posteris
822 2734 979 2808 scribere
1011 2750 1242 2810 curaverunt.·
1261 2734 1366 2806 Unde
1390 2746 1427 2806 et
1454 2738 1491 2805 tt.
1520 2733 1761 2831 Hieronymus
1786 2737 1823 2809 in

221 2851 387 2924 secundo
416 2855 551 2926 Contra
583 2855 810 2927 lminionum
844 2856 891 2929 ad
914 2855 1177 2956 impudentiam
1204 2854 1297 2927 illius
1324 2853 1489 2953 Epicurei
1514 2853 1670 2926 heretici
1696 2871 1835 2928 conte-2

220 2972 399 3061 rendam,
430 2972 732 3074 philosophorum
764 3001 910 3077 quoque
943 2976 991 3051 ab
1012 2975 1196 3052 <illecebris
1229 2974 1348 3050 seculi
1384 2975 1659 3048 conversionem
1689 2975 1827 3050 inducit

223 3095 352 3167 dicens
379 3121 387 3164 :
420 3125 438 3162 u
454 3099 527 3168 Nos
543 3120 700 3194 quorum
719 3112 755 3170 et
776 3100 1066 3173 conversatioin
1082 3099 1181 3172 coelis
1202 3113 1272 3184 est,
1293 3121 1362 3169 nec
1383 3099 1417 3169 ei
1437 3096 1611 3169 dehemus
1631 3098 1689 3168 cui
1709 3099 1826 3185 nascif

225 3238 324 3305 mur,
355 3214 419 3287 sed
445 3216 502 3287 oui
533 3218 765 3289 renascimur.
801 3223 890 3291 Esus
913 3218 1076 3292 carnium
1105 3234 1154 3291 et*
1168 3233 1278 3316 potus
1301 3217 1398 3306 vini,
1425 3218 1559 3288 ventris
1576 3231 1640 3287 est
1664 3216 1824 3307 satietas,

223 3336 463 3408 seminarium
479 3334 639 3409 libidinis
656 3350 721 3409 est.
740 3337 844 3409 Unde
857 3352 892 3411 et
906 3338 1067 3410 comicus
1081 3368 1102 3415 ,u
1119 3339 1361 3427 SineCerere,
1381 3335 1512 3433 inquit,
1528 3349 1567 3406 et
1580 3335 1709 3407 Libero
1726 3335 1829 3431 friget

226 3487 246 3525 α
264 3459 403 3527 Venus.
419 3486 437 3521 r
451 3460 527 3528 -Per
538 3457 836 3555 quinque'sensus
851 3458 953 3554 quasi
968 3482 1034 3556 per
1049 3457 1224 3556 quasdam
1238 3457 1414 3529 fenestras
1428 3454 1597 3527 vitiorum
1608 3454 1656 3528 ad
1669 3456 1827 3528 animam

221 3579 397 3652 introitus
414 3593 481 3651 est.
506 3582 593 3652 Non
608 3594 726 3679 potest
747 3580 957 3680 metropolis
973 3594 1009 3654 et
1022 3604 1086 3654 arx
1101 3581 1231 3653 mentis
1252 3580 1346 3678 capi,
1371 3579 1439 3651 nisi
1449 3602 1521 3675 per
1543 3593 1667 3677 portas
1688 3579 1829 3653 irruerit

220 3698 371 3771 hostilis
391 3700 576 3772 exercitus.
596 3701 634 3771 Si
650 3701 870 3774 circensibus
887 3703 1077 3800 quisquam
1093 3700 1305 3791 delectatur,
1326 3699 1357 3770 si
1374 3694 1588 3771 athletarum
1610 3699 1827 3788 certamine,

219 3821 254 3892 si
292 3817 491 3899 mobilitate
515 3818 752 3911 histrionum,
785 3822 815 3893 si
843 3822 967 3893 formis
997 3809 1203 3907 mulierum,
1233 3821 1263 3892 si
1286 3817 1832 3918 splendoregemmarum,zve-

219 3940 362 4027 stium,
393 3952 466 4012 etc:
492 3940 706 4036 Huiusmodi
734 3965 798 4040 per
824 3941 1014 4015 oculorum
1043 3939 1215 4015 fenestras
1239 3940 1366 4012 animae
1380 3988 1382 3993 -
1395 3936 1500 4037 capta
1527 3938 1672 4013 libertas
1702 3951 1773 4029 est,
1796 3953 1833 4011 et

220 4057 404 4158 impletur
418 4059 513 4131 ittud·
523 4060 790 4159 propheticum¹
809 4089 818 4133 ε
837 4066 960 4134 «Mors
976 4062 1122 4143 intravit
1139 4086 1205 4160 per
1221 4060 1392 4133 fenestras
1409 4073 1562 4132 nostras.
1580 4089 1599 4126 n
1617 4060 1729 4155 igitur
1748 4084 1833 4132 curn

218 4205 298 4281 per
319 4178 385 4251 has
409 4194 551 4278 portas,
576 4182 683 4279 quasi·
705 4180 854 4280 quidam
874 4180 1188 4281 perturbationum
1208 4181 1314 4253 cunei
1334 4180 1524 4253 adaroem
1549 4193 1679 4252 nostre
1704 4180 1834 4252 mentis

136 4367 144 4381 ,
218 4301 459 4392 intraverint,
478 4298 543 4373 ubi
567 4302 634 4372 erit
648 4300 817 4374 liber-tasi
838 4300 907 4374 ubi
918 4301 1093 4374 fortitudo
1110 4301 1210 4398 ejus?
1230 4300 1292 4372 ubi
1315 4299 1362 4373 de
1377 4304 1456 4373 Deo
1471 4299 1665 4396 cogitatio?
1682 4299 1835 4372 maxime

218 4438 318 4493 c'um
348 4433 466 4491 tactus
483 4410 657 4518 depingat
678 4421 747 4495 sibi
763 4423 871 4495 etiam
893 4422 1086 4521 praeteritas
1104 4420 1324 4519 voluptates,
1347 4434 1383 4492 et
1399 4418 1649 4499 recordatione
1666 4419 1835 4490 vitiorum

218 4552 343 4636 cogat
369 4538 528 4611 animam
552 4541 723 4638 computi,¹
750 4555 786 4612 et
811 4533 1087 4637 quodammodo
1111 4562 1276 4613 exercere
1301 4539 1401 4636 quod
1427 4562 1503 4611 non
1527 4540 1611 4636 agit.
1644 4540 1705 4611 llis
1731 4539 1838 4635 igitur

217 4657 439 4731 rationibus
461 4658 600 4731 invitati
629 4658 733 4731 multi
756 4659 1081 4759 philosophorum,
1108 4660 1330 4756 reliquerunt
1358 4658 1575 4754 frequentias
1599 4658 1768 4748 urbium,
1801 4673 1838 4729 et

214 4776 401 4851 hortulos
423 4776 665 4867 suburbanos,
690 4779 753 4851 ubi
775 4803 860 4875 ager
874 4780 1030 4877 irriguus
1047 4795 1082 4852 et
1110 4777 1285 4852 arborum
1305 4803 1435 4869 comae,
1459 4793 1494 4850 et
1516 4803 1679 4850 susurrus
1700 4777 1835 4869 avium,
1879 4768 1884 4777 ’

216 4899 347 4972 fontis
369 4898 573 4997 speculum,
598 4900 696 4974 rivus
722 4923 965 4993 murmurans,
984 4915 1020 4973 et
1041 4899 1162 4974 multae
1185 4898 1375 4973 oculorum
1402 4899 1615 5001 auriumque
1640 4896 1833 4991 illecebrae,

256 5173 605 5243 ¹12rem..ap.11,v.rr.
