4559 6100
702 609 746 682 lN
773 608 1020 681 EPISTOLAM
1047 609 1103 680 tu
1129 607 1355 680 ROMANOS.
1759 608 1832 684 269

230 756 453 857 gnificamus.
471 759 635 858 Alioquin
653 785 737 833 cum
751 761 837 834 dicit
855 761 1011 834 Veritas¹
1029 789 1037 831 :
1061 760 1272 848 «Quotiens
1285 759 1384 832 volui
1395 782 1613 858 congregare
1624 759 1717 833 filios
1733 776 1828 855 tuos,

228 892 264 951 et
278 878 438 970 noluisti,
454 907 472 947 n
487 880 543 952 vel
557 882 748 979 Apostolus
763 884 797 952 ¹:
822 913 838 949 a
854 883 924 971 Qui
944 881 1033 972 rult,
1046 909 1065 950 n
1084 880 1217 979 inquit,
1245 908 1263 948 u
1276 902 1403 952 omnes
1419 880 1536 952 salvos
1553 878 1643 969 fieri,
1666 894 1702 952 et
1716 884 1832 955 nemi·

228 1024 312 1072 nem
331 1001 466 1098 perire3
487 1032 504 1068 a
524 1016 558 1074 et
575 1026 699 1074 rursus
715 1001 901 1075 Psalmista
915 1006 950 1074 ⁸:
974 1034 991 1070 «
1011 1005 1245 1099 Quaecuuque
1262 998 1378 1072 voluit
1394 999 1493 1090 fecit,
1511 1027 1528 1068 u
1549 999 1606 1071 vel
1621 999 1718 1073 idem
1735 1008 1831 1102 Apo·

226 1119 338 1193 stolus
353 1122 386 1194 ⁴:
409 1119 625 1195 «Voluntati
643 1123 741 1195 enim
768 1122 845 1220 ejus
869 1125 950 1222 quis
968 1122 1123 1197 resistit?
1138 1151 1157 1190 n
1178 1122 1372 1194 maximam
1395 1121 1661 1192 incurreremus
1679 1138 1828 1197 contro·

226 1239 391 1312 versiam.
412 1244 451 1311 ln
470 1241 717 1342 superioribus
733 1243 854 1342 itaque
877 1242 1022 1316 duobus
1044 1244 1133 1316 locis
1151 1241 1241 1314 velle
1260 1240 1323 1315 Dei
1347 1238 1551 1340 approbare
1572 1239 1717 1335 dicitur,
1736 1257 1775 1315 ut
1791 1246 1827 1319 id

216 1358 391 1432 'videlicet
414 1360 516 1460 quod
541 1362 720 1462 approbat
743 1389 806 1436 seu
826 1364 983 1437 consulit
1001 1377 1040 1435 ut
1067 1361 1144 1452 fiat,
1170 1376 1206 1435 et
1229 1359 1330 1459 quod
1357 1361 1386 1432 si
1412 1360 1546 1434 factum
1565 1361 1624 1453 sit,
1653 1376 1828 1461 tanquam

223 1476 292 1551 sibi
308 1479 480 1579 placitum
503 1497 723 1575 remunerat,
740 1483 831 1555 velle
846 1482 998 1556 dicatur.
1022 1483 1180 1580 Reliquis
1199 1506 1285 1554 vero
1306 1479 1452 1553 duobus
1472 1480 1703 1554 inferioribus
1723 1482 1823 1577 locis,

223 1598 314 1671 velle
334 1601 412 1697 ejus
433 1600 625 1700 disponere
651 1601 808 1694 dicitur,
835 1617 943 1701 atque
971 1602 1070 1702 apud
1092 1627 1131 1674 se
1160 1600 1318 1674 stabilire
1344 1601 1443 1700 quod
1465 1601 1623 1674 facturus
1648 1618 1713 1676 est.
1738 1609 1826 1693 Quae

222 1720 370 1815 quidem
393 1721 560 1795 volontas
574 1747 763 1820 nunquam
774 1723 903 1795 ellectu
916 1723 1066 1816 carebit,
1085 1748 1154 1796 nec
1166 1723 1199 1794 ei
1213 1721 1259 1794 ab
1278 1723 1400 1820 aliquo
1415 1721 1610 1795 resistetur.

273 1871 291 1908 α
304 1844 407 1914 Nunc
423 1858 556 1916 autem.
574 1873 592 1912 n
613 1848 807 1942 Postquam
822 1845 869 1916 ita
886 1844 1051 1918 videlicet
1073 1843 1142 1941 legi
1165 1844 1353 1916 consentio
1370 1868 1435 1942 per
1453 1845 1643 1937 rationem,
1668 1861 1704 1918 et
1725 1872 1747 1921 a
1765 1874 1825 1923 me

220 1961 298 2061 ipso
310 1961 467 2037 dissideo
480 1989 544 2063 per
559 1965 672 2064 ipsam
690 1965 882 2060 rationem,
901 1980 936 2038 et
952 1991 1018 2066 per
1033 1964 1213 2038 carnalem
1224 1965 1566 2063 concupiscentiam,
1580 1964 1669 2037 dum
1680 1969 1823 2067 spiritus

220 2082 384 2157 videlicet
401 2084 571 2158 adversus
598 2110 759 2178 carnem,
791 2102 827 2159 et
850 2110 936 2160 caro
961 2084 1132 2162 adversus
1149 2087 1315 2186 spiritum
1336 2086 1573 2184 concupiscit.
1601 2118 1618 2153 a
1638 2091 1717 2160 lam
1746 2117 1821 2165 non

219 2226 285 2299 ego
304 2203 392 2275 illud
405 2234 423 2272 n
445 2205 618 2278 malum«
632 2231 778 2305 operor,
795 2201 859 2278 sed
873 2221 1074 2306 peccatum,
1098 2237 1116 2273 n
1143 2207 1179 2279 id
1203 2221 1256 2279 est
1282 2228 1393 2306 prava
1417 2208 1721 2306 concupiscentia.
1741 2215 1822 2284 Nou

217 2320 302 2395 dicit
320 2325 541 2424 simpliciter,
564 2355 582 2395 a
597 2351 671 2399 non
687 2351 754 2422 ego
773 2326 861 2399 illud
880 2352 1027 2426 operor,
1042 2355 1060 2395 n
1084 2326 1148 2400 sed
1169 2327 1216 2397 ita
1239 2324 1339 2419 dicit,
1366 2354 1384 2394 «
1401 2349 1476 2398 non
1496 2350 1577 2424 ego,
1604 2328 1668 2401 sed
1692 2355 1821 2429 pecca-

216 2456 293 2516 tum
311 2472 319 2516 :
336 2476 353 2512 1>
373 2445 474 2544 quod
486 2463 539 2520 est
555 2447 695 2521 dicere:
711 2453 790 2520 Non
809 2447 856 2524 ad
873 2446 945 2520 hoc
963 2474 1005 2520 ex
1022 2462 1163 2542 natura,
1181 2446 1301 2520 seder
1319 2447 1406 2518 vitio
1423 2458 1559 2519 naturae
1570 2447 1646 2544 jam
1655 2451 1686 2521 ei
1699 2451 1818 2524 domi·

211 2579 324 2637 nante
342 2566 546 2665 pertrahor,
563 2568 676 2640 immo
702 2593 744 2640 ex
769 2582 911 2662 natura,
937 2593 1003 2668 per
1016 2593 1125 2667 quam
1143 2568 1327 2641 rationalis
1340 2590 1460 2640 suma
1483 2571 1563 2640 Deo
1588 2585 1741 2663 creatus,
1764 2598 1818 2647 re·

209 2682 331 2757 luctor
348 2689 660 2787 concupiscentiae,
681 2703 717 2761 et
730 2713 809 2760 eam
822 2688 958 2761 damno
973 2688 1095 2788 potius
1111 2711 1220 2785 quam
1237 2672 1437 2759 consentio.
1453 2691 1544 2758 Cum
1561 2687 1661 2782 dicit,
1684 2719 1703 2760 «
1716 2693 1818 2790 quod

209 2801 350 2878 habitat
364 2808 401 2879 in
420 2834 478 2881 me
496 2822 698 2908 peccatum,
720 2839 737 2875 a
758 2823 793 2880 et
812 2833 888 2880 non
905 2806 1002 2894 dicit,
1023 2806 1124 2905 quod
1142 2808 1249 2880 estin
1271 2831 1342 2899 me,
1367 2808 1468 2906 quasi
1491 2807 1742 2884 advenientem
1767 2814 1819 2887 in·

206 2924 431 3020 colam,non
449 2928 650 3003 naturalem
667 2929 781 3000 civem
798 2930 917 3029 ipsum
942 2927 1179 3018 demonstrat,
1206 2942 1242 2999 et
1265 2928 1341 3024 jam
1365 2926 1611 2999 habitaculum
1634 2929 1672 3001 in
1697 2956 1735 3004 se
1755 2933 1817 3008 ha·

204 3043 358 3122 bentem
375 3075 440 3150 per
457 3048 632 3123 diutinam
652 3048 967 3138 consuetudinem,
985 3074 1061 3121 non
1077 3047 1279 3121 transitum.
1302 3079 1320 3115 ι(
1335 3048 1417 3120 Scio
1435 3047 1545 3120 enim.
1562 3080 1579 3115 n
1595 3053 1635 3121 ln
1657 3054 1813 3150 mejam,

202 3182 248 3240 ut
265 3168 404 3242 dictum
422 3185 486 3266 est,
506 3171 641 3244 carnali
672 3170 767 3244 iacto
788 3183 977 3269 peccatum
1002 3169 1192 3263 inhabitat,
1219 3169 1258 3241 id
1279 3184 1332 3241 est
1358 3167 1499 3241 assidue
1523 3185 1657 3261 manet,
1683 3187 1723 3245 ut
1738 3175 1815 3271 jam

199 3289 311 3387 quasi
329 3290 365 3362 in
382 3290 549 3364 habitum
567 3290 612 3362 sit
630 3290 720 3362 mihi
742 3314 971 3363 conversum.
999 3319 1016 3356 r
1039 3289 1148 3377 Quod
1170 3288 1323 3379 bonum,
1341 3314 1359 3357 n
1384 3286 1421 3361 ld
1445 3302 1498 3360 est
1523 3289 1634 3362 virtus
1659 3315 1738 3389 quae
1762 3311 1815 3369 est

197 3411 367 3509 optimus
381 3412 493 3484 animi
508 3411 668 3503 habitus,
682 3412 759 3507 jam
773 3436 848 3483 non
867 3424 988 3483 manet
1003 3410 1040 3482 in
1059 3434 1117 3481 me
1132 3409 1266 3482 carnali
1291 3408 1398 3501 sacto,
1420 3407 1519 3505 quod
1536 3409 1712 3506 significat
1728 3438 1813 3487 cum

192 3530 294 3604 dicit
309 3559 317 3601 ε
332 3564 348 3597 «
359 3536 438 3605 Hoc
455 3547 508 3604 est
524 3532 684 3604 incarne
702 3555 794 3604 mea.
807 3536 896 3602 Nam
907 3528 1012 3624 velle,
1026 3543 1094 3601 etc.
1112 3560 1130 3595 a
1145 3526 1278 3600 Probat
1291 3552 1329 3600 se
1340 3526 1473 3600 virtute
1484 3526 1709 3623 destitutum,
1725 3558 1811 3608 cum

188 3650 347 3724 bonum
373 3651 580 3751 quodvult,
601 3650 708 3723 idest
729 3676 794 3749 per
817 3651 996 3722 rationem
1019 3648 1225 3722 iaciendum
1253 3673 1329 3721 esse
1351 3646 1543 3747 approbat,
1558 3649 1720 3749 ,implere
1745 3681 1811 3754 per

187 3771 450 3846 infirmitatem
477 3772 629 3846 camalis
656 3772 956 3870 concupiscentiae
978 3795 1054 3842 non
1081 3783 1202 3868 queat.
1236 3767 1409 3841 Perficere
1433 3767 1587 3863 bonum,
1624 3788 1677 3844 est
1703 3772 1811 3850 bonae

182 3893 381 3969 voluntati
402 3895 535 3967 lactum
548 3894 744 3991 adjungere
762 3919 771 3964 ε
792 3891 892 3991 quod
911 3893 946 3963 in
962 3916 1035 3982 me,
1055 3891 1185 3989 inquit,
1203 3914 1278 3962 uon
1303 3889 1463 3977 invenio,
1492 3890 1523 3963 si
1547 3889 1641 3964 bene
1665 3917 1723 3967 me
1740 3899 1810 3969 cir-

178 4015 453 4115 cumspiciam,
470 4028 506 4087 et
523 4013 711 4111 diligenter
726 4013 930 4086 discutiam.
948 4009 1048 4083 Velle
1064 4012 1186 4109 itaque
1202 4009 1291 4083 mihi
1309 4008 1520 4083 naturaliter
1544 4010 1695 4110 adjacet,
1725 4019 1810 4115 quia

177 4162 230 4210 ex
252 4160 324 4209 me
340 4136 420 4234 ipso
439 4148 475 4208 et
491 4136 641 4235 propria
658 4134 839 4207 creatione
855 4133 1033 4206 rationem
1047 4131 1181 4226 habeo,
1208 4155 1273 4230 per
1300 4154 1410 4229 quam
1435 4129 1575 4203 bonum
1604 4134 1808 4214 laciendum

172 4283 269 4331 esse
293 4255 478 4356 approbo,
498 4254 561 4327 sed
586 4279 629 4327 ex
653 4279 711 4326 me
737 4253 825 4326 illud
841 4251 1014 4354 perficere
1041 4277 1117 4325 non
1137 4250 1273 4341 habeo,
1296 4251 1364 4323 riisi
1387 4249 1555 4324 videlicet
1579 4277 1622 4325 ex
1645 4258 1807 4355 apposita

167 4379 284 4451 mihi
313 4378 439 4474 gratia.
462 4406 480 4445 u
493 4380 574 4449 Non
588 4378 685 4448 enim
701 4375 815 4474 quod.
829 4404 845 4443 s
860 4380 908 4447 Ac
927 4375 955 4446 si
972 4373 1108 4447 diceret
1124 4400 1132 4445 ε
1151 4378 1232 4445 Non
1244 4372 1391 4445 invenio
1404 4397 1462 4444 me
1480 4372 1653 4471 perlicere
1664 4376 1807 4452 bouum

168 4534 188 4567 a
208 4496 340 4598 quod
360 4495 456 4590 volo,
473 4526 492 4565 n
509 4496 594 4595 quia
610 4522 652 4570 ex
669 4497 853 4570 contrario
871 4494 960 4567 illud
982 4494 1137 4585 dimitto,
1164 4510 1199 4567 et
1220 4495 1357 4566 malum
1382 4493 1487 4587 facio,
1509 4510 1545 4567 et
1562 4496 1622 4590 ita,
1642 4512 1807 4598 utsupra

160 4636 349 4714 quoque
375 4613 551 4704 meminit,
574 4642 591 4679 α
611 4612 674 4686 sed
701 4610 801 4709 quod
825 4613 911 4684 nolo
938 4610 1026 4684 illud
1053 4611 1159 4685 facin.
1190 4612 1269 4682 Non
1296 4634 1364 4706 ego
1391 4634 1536 4709 operor,
1563 4629 1631 4686 etc.
1657 4616 1805 4687 luvenio

157 4738 317 4835 igitur.
347 4764 365 4801 n
390 4731 696 4831 Quandoquidem
722 4732 855 4826 lex,ut
880 4731 1153 4832 supradictum
1180 4745 1246 4821 est,
1277 4730 1522 4828 cognitionem
1549 4735 1686 4834 peccati
1715 4734 1805 4806 milri

153 4856 329 4946 attulit,
351 4878 416 4954 per
430 4878 540 4952 quam
553 4853 701 4951 quidem
719 4853 964 4950 cognitionem
981 4853 1067 4926 volo
1084 4851 1224 4925 bonum
1240 4851 1369 4943 iacere,
1390 4852 1490 4949 quod
1512 4855 1588 4953 ipsa
1612 4855 1740 4941 docet5
1767 4868 1803 4925 et

149 4980 189 5052 ei
210 5003 303 5079 per
328 4974 508 5047 rationem
524 4974 726 5068 consentio,
755 4973 838 5046 licet
855 4972 941 5046 inde
962 4986 1152 5074 peccatum
1176 4971 1407 5065 occasionem
1434 4976 1622 5072 acceperit.
1655 4973 1802 5068 «Igitur

182 5264 190 5292 ¹
206 5256 277 5309 Luc
298 5291 310 5319 ,
327 5266 388 5315 cap.
402 5266 461 5314 mu,
472 5267 494 5304 r.
509 5255 549 5304 at.
564 5280 590 5290 -
604 5254 613 5282 ²
627 5253 688 5301 Tim.
700 5250 721 5313 l,
735 5266 790 5317 cap.
803 5265 831 5315 n,
844 5266 866 5303 r.
880 5252 903 5302 l.
918 5278 945 5287 -
958 5253 968 5283 ³
980 5251 1077 5302 Psatm.
1091 5262 1164 5315 cxnr,
1177 5266 1200 5303 v.
1211 5255 1234 5303 t.
1248 5252 1294 5289 -‘
1305 5244 1388 5310 Rom,
1401 5263 1454 5313 cap.
1467 5262 1502 5311 tx,
1515 5262 1537 5299 v.
1554 5252 1591 5301 ta.
