4559 6100
500 503 572 578 626
1088 512 1217 584 PETRI
1243 512 1478 587 tssmttttnt

497 680 573 727 non
598 656 809 754 hujusmodi
834 683 930 751 esse,
960 676 1000 733 ut
1024 661 1070 733 de
1096 663 1182 763 ipsis
1209 661 1316 737 nobis
1338 663 1412 737 sint
1433 661 1666 759 eleemosynae
1691 661 1874 734 faciendae.
1905 661 2089 735 Ridebnnt

496 800 641 865 omnes,
662 793 698 850 et
720 777 837 850 ridere
857 778 1011 867 debent,
1030 781 1093 878 qui
1115 781 1194 855 haec
1213 782 1371 855 audient.
1397 781 1457 853 llle
1472 805 1559 853 vero
1577 783 1683 855 miser
1698 782 1760 878 qui
1780 781 1979 879 expoliatos
1999 806 2090 880 pau·

497 921 600 995 peres
618 898 666 970 ad
686 898 816 972 horam
836 901 921 973 llere
943 902 1073 999 coegit,
1096 903 1132 975 in
1156 916 1371 1002 perpetuum
1391 900 1443 975 ibi
1462 901 1574 975 flebit.
1593 904 1684 973 Sunt
1703 902 1764 997 qui
1783 925 1886 973 suam
1906 902 2091 999 negligen-

499 1016 585 1089 tiam
598 1017 806 1092 hominibus
822 1044 896 1091 non
915 1025 992 1093 Deo
1009 1020 1171 1094 volentes
1188 1022 1378 1113 occultare,
1398 1021 1446 1095 ad
1461 1021 1680 1097 excusandas
1695 1021 1940 1094 excusationes
1952 1022 1988 1093 in
2004 1047 2090 1119 pec-

498 1137 585 1209 catis
605 1138 731 1211 dicunt
747 1153 801 1211 tot
814 1164 876 1211 eos
890 1165 966 1223 esse
986 1164 1079 1236 quos
1095 1142 1394 1241 exspoliaverunt,
1412 1156 1451 1214 ut
1465 1142 1616 1215 omnino
1629 1164 1844 1238 cognoscere
1859 1140 1924 1212 vel·
1933 1143 2089 1238 reperire

496 1272 703 1352 nequeant:
728 1256 865 1354 dequo
883 1284 968 1331 cum
990 1260 1126 1334 nullam
1146 1259 1421 1333 sollicitudinem
1443 1274 1643 1350 assumant,
1664 1259 1753 1333 illud
1777 1259 1987 1359 spostolicae
2006 1285 2089 1333 sen-

498 1377 613 1448 tentiae
628 1375 804 1472 judicium
821 1378 1027 1451 incurrunt¹
1045 1407 1052 1449 :
1075 1410 1093 1449 ιι
1111 1383 1156 1453 Et
1168 1382 1229 1479 qui
1246 1382 1386 1478 ignorat
1404 1378 1639 1476 ignorabitur.
1662 1411 1679 1445 ιι
1698 1383 1778 1452 Νοιι
1799 1379 1987 1451 inveniunt
2008 1379 2090 1451 illos

495 1497 580 1592 quia
605 1519 679 1567 non
703 1511 886 1594 quaemnt3
909 1499 1066 1572 inveniet
1087 1500 1168 1573 illos
1190 1499 1334 1573 dextera
1354 1500 1439 1588 Dei,
1468 1524 1577 1596 quem
1603 1513 1911 1596 contempserunt.
1940 1502 1993 1569 De
2015 1522 2088 1594 qua

493 1615 600 1687 etiam
610 1616 784 1714 scriptum
795 1619 885 1688 est¹:
905 1646 923 1685 ιι
939 1622 1090 1691 Dextera
1105 1634 1168 1692 tua
1185 1619 1341 1692 inveniet
1357 1620 1563 1714 omnesqui
1578 1633 1615 1690 te
1630 1617 1796 1689 oderunt·
1818 1646 1836 1685 ιι
1848 1621 1967 1705 Quam
1990 1617 2087 1689 idem

495 1734 690 1833 propheta,
710 1737 774 1833 qui
795 1737 867 1810 hoc
888 1736 994 1825 dixit,
1020 1740 1251 1813 vehementer
1274 1762 1525 1836 expavescens,
1550 1753 1586 1811 et
1601 1739 1723 1811 locum
1746 1738 1885 1810 nullum
1910 1736 2087 1809 evadendi

372 1885 374 1889 ·
493 1854 736 1947 considerans,
766 1854 850 1927 alibi
873 1858 964 1929 ait⁸:
987 1889 1004 1924 «
1022 1862 1105 1945 Quo
1129 1859 1191 1932 ibo
1209 1859 1369 1957 aspiritu
1387 1874 1464 1948 tuo,
1489 1874 1524 1930 et
1551 1883 1625 1956 quo
1641 1883 1664 1931 a
1679 1857 1768 1930 facie
1786 1872 1847 1929 tua
1871 1857 2030 1954 fugiam?
2048 1859 2085 1928 Si

494 1972 690 2046 ascendero
697 1975 734 2046 in
745 1973 889 2067 coelnm,
905 1990 942 2047 tu
955 1977 1027 2049 illic
1042 2002 1094 2067 es;
1105 1978 1133 2050 si
1144 1976 1366 2050 descendero
1373 1979 1410 2049 in
1421 1977 1616 2069 infernum,
1629 1977 1726 2050 ades.
1743 1981 1814 2049 »Et
1827 1978 1912 2073 quia
1929 1976 2087 2073 plerum·

493 2117 564 2189 que
582 2118 657 2165 non
678 2094 815 2166 minor‘
830 2110 884 2167 est
898 2098 1044 2169 avaritia
1061 2096 1255 2169 sacerdotis
1271 2120 1380 2194 quam
1398 2098 1538 2197 populi,
1550 2098 1650 2193 juxta
1666 2096 1754 2169 illud
1771 2097 1973 2194 Prophetae⁸
1990 2123 2000 2166 ε
2015 2128 2032 2163 α
2043 2099 2086 2167 Et

492 2214 558 2285 erit
573 2215 667 2286 sicut
682 2214 898 2304 sacerdotes,
917 2218 968 2289 sic
986 2217 1160 2316 populus,
1175 2248 1193 2283 ι
1213 2217 1345 2289 multos
1367 2217 1595 2289 morientium
1615 2215 1761 2291 seducet
1775 2214 1954 2313 cupiditas
1971 2239 2086 2287 sacer·

491 2333 619 2407 dotum
648 2360 780 2407 vanam
803 2337 853 2408 eis
876 2338 1102 2409 securitatem
1128 2338 1428 2435 promittentium,
1456 2337 1485 2407 si
1512 2361 1590 2433 quae
1606 2335 1742 2409 habent
1764 2333 1946 2409 sacrificiis
1979 2334 2084 2406 obtu-

490 2454 609 2544 lerint,
629 2470 665 2527 et
682 2456 805 2529 missas
823 2470 945 2527 emant
959 2481 1049 2553 quas
1066 2480 1296 2553 nequaquam
1312 2456 1418 2552 gratis
1434 2454 1621 2527 haberent.
1639 2458 1678 2525 ln
1695 2479 1771 2551 quo
1790 2452 1939 2551 quidem
1957 2455 2085 2526 meroi-

491 2574 618 2646 monio
641 2574 827 2670 prefixum
851 2574 951 2673 apud
976 2600 1039 2647 eos
1062 2576 1215 2673 pretium
1233 2590 1375 2650 constat
1398 2600 1486 2664 esse,
1512 2599 1580 2673 pro
1599 2599 1672 2651 uua
1696 2573 1830 2647 scilicet
1848 2573 1955 2645 missa
1973 2598 2083 2647 unum

488 2693 698 2782 denarium,
734 2707 770 2765 et
796 2718 864 2791 pro
892 2717 968 2765 uno
1001 2693 1146 2766 annuali
1171 2693 1416 2790 quadraginta.
1450 2698 1530 2764 Non
1556 2693 1749 2767 consulunt
1785 2691 2018 2765 morientibus
2045 2707 2086 2762 ut

487 2812 631 2910 rapinas
650 2812 849 2900 restituant,
872 2811 935 2883 sed
957 2812 1048 2883 utin
1067 2811 1241 2883 sacrificio
1259 2814 1354 2910 ipsas
1377 2812 1545 2901 offerant,
1572 2838 1656 2883 cnm
1672 2837 1693 2883 e
1710 2811 1893 2883 contrario
1910 2812 2083 2915 scriptum

486 2933 572 3004 sit‘:
595 2961 613 3000 ιι
631 2933 702 3019 Qui
724 2931 829 3004 offert
855 2930 1068 3005 sacrificium
1089 2930 1135 3003 de
1157 2928 1351 3003 substantia
1369 2933 1553 3029 pauperis,
1581 2933 1682 3030 quasi
1706 2933 1768 3028 qui
1795 2931 1953 3005 victimat
1973 2929 2083 3001 silium

487 3055 524 3125 in
541 3067 736 3151 conspectu
747 3052 875 3151 patris;
898 3084 915 3119 ι»
934 3053 1015 3151 plus
1031 3052 1128 3125 enim
1146 3065 1268 3148 gravat
1282 3066 1422 3149 patrem
1436 3052 1568 3124 occisio
1581 3051 1643 3124 filii
1660 3076 1782 3124 coram
1795 3075 1834 3122 se
1851 3050 1955 3140 lacta,
1974 3074 2082 3146 quam

485 3175 517 3245 si
535 3199 611 3246 non
632 3173 771 3245 videret
785 3196 885 3262 eam3
907 3188 943 3244 ct
958 3174 1061 3270 quasi
1082 3171 1176 3244 lilius
1191 3170 1440 3246 immolatione
1460 3172 1653 3263 occiditur,
1671 3171 1759 3243 dum
1780 3169 1979 3244 substantia
1996 3194 2082 3267 pau·

484 3295 593 3391 peris,
615 3294 651 3364 in
678 3317 753 3391 qua
778 3294 852 3365 vita
876 3293 952 3390 ejus
976 3292 1205 3381 consistebat,
1232 3292 1269 3361 in
1293 3291 1467 3364 sacrificio
1488 3292 1647 3389 ponitur.
1678 3296 1721 3361 Et
1748 3289 1882 3364 Veritas
1909 3288 2081 3362 sacrificio

482 3414 762 3486 misericordiam
778 3412 983 3511 praelerens⁷
1001 3439 1010 3483 z
1026 3442 1043 3479 t
1059 3416 1204 3503 Euntes,
1218 3412 1348 3509 inquit,
1367 3411 1492 3483 discite
1505 3409 1594 3508 qnid
1611 3425 1662 3482 est
1681 3408 1984 3482 :Misericordiam
1997 3408 2079 3480 volo

482 3548 518 3606 et
531 3559 607 3607 non
624 3532 848 3607 sacrificium.
868 3562 887 3599 ιι
900 3532 1005 3627 Pejus
1018 3547 1139 3605 autem
1158 3547 1211 3604 est
1228 3532 1370 3629 rapinas
1391 3532 1558 3622 retinere,
1578 3555 1688 3627 quam
1704 3528 1989 3606 misericordiam
2007 3552 2079 3600 non

485 3653 706 3750 impendere,
726 3652 797 3723 hoc
813 3666 879 3740 est,
895 3651 1112 3750 pauperibus
1126 3650 1266 3723 auferre
1282 3674 1358 3740 sua,
1378 3675 1487 3747 quarn
1504 3673 1578 3722 non
1595 3649 1804 3747 impendere
1830 3661 1967 3739 nostra,
1991 3649 2080 3719 sicut

484 3786 520 3843 et
534 3798 640 3870 supra
657 3775 693 3844 in
712 3772 944 3844 damnatione
961 3772 1079 3844 divitis
1095 3769 1337 3843 meminimus.

1116 4094 1296 4183 CAPUT
1330 4095 1442 4182 xlx.

1034 4391 1037 4396 Ι
1069 4313 1114 4368 De
1139 4310 1287 4368 fructuosa
1313 4309 1492 4387 poenitentia.

533 4505 576 4573 Et
591 4501 677 4599 qnia
692 4499 738 4572 de
759 4499 981 4572 infructuosa
996 4497 1151 4570 diximus
1167 4496 1389 4595 poenitentia,
1408 4509 1509 4569 tanto
1527 4495 1729 4593 diligentius
1748 4510 1885 4593 quanto
1901 4495 2077 4570 salubrius

483 4623 703 4695 fructuosam
726 4619 1006 4704 consideremus.
1023 4618 1077 4691 td
1095 4642 1205 4715 quam
1232 4616 1420 4716 Apostolus
1445 4614 1640 4714 quemlibet
1661 4616 1815 4688 invitans
1839 4614 2075 4706 obstinatum,

483 4768 551 4817 nec
571 4740 795 4815 horrendum
816 4739 883 4811 Dei
903 4738 1079 4835 judicium
1100 4736 1357 4811 adtendentem
1372 4737 1435 4808 ait⁸
1459 4762 1468 4806 t
1492 4766 1509 4804 ιι
1528 4740 1581 4807 An
1598 4735 1737 4808 divitias
1758 4734 1929 4809 bonitatis
1947 4738 2024 4835 ejus
2043 4751 2078 4808 et

515 5029 520 5054 ¹
532 5024 660 5086 corint,
674 5037 727 5086 ιιι,
738 5038 761 5075 ι.
769 5023 859 5075 att-¹
867 5020 964 5073 Ptolm.
977 5034 1022 5081 u,
1034 5033 1059 5069 ι.
1068 5018 1251 5072 9.-Ῥωιιιι.
1307 5033 1330 5069 ι.
1342 5019 1420 5083 9,-·
1432 5016 1515 5078 sceti,
1527 5029 1581 5079 cap.
1595 5029 1683 5078 mir,
1696 5031 1719 5067 ι.
1732 5021 1771 5069 at
1784 5041 1813 5053 -
1825 5021 1832 5050 ⁷
1844 5017 1941 5080 ttattt,
1961 5032 2015 5081 cap.
2040 5031 2075 5078 n,

484 5116 640 5167 marina,
655 5107 680 5157 8.
695 5102 815 5154 -wm
835 5103 865 5153 st
885 5102 980 5152 misor.
993 5098 1121 5162 -⁵0e.,
1140 5114 1194 5162 cap.
1216 5113 1250 5160 rr,
1306 5113 1329 5149 r.
1351 5100 1389 5150 ta.
1403 5099 1555 5160 -⁸ltom.,
1575 5110 1631 5160 cap.
1651 5109 1681 5158 ιι,
1700 5110 1722 5148 ι.
1736 5101 1760 5149 t.
