4559 6100
906 8 1144 86 ternanta.
1751 18 1825 92 777

229 150 388 217 custodiat
403 152 570 219 unitatem.
593 153 699 220 Credo
720 154 837 221 Filium
853 180 911 247 per
927 161 1037 225 omnia
1057 162 1144 227 Patri
1164 186 1232 229 esse
1252 161 1467 251 coequalem,
1486 161 1606 228 scilicet
1629 164 1824 245 aeternitate,

227 280 403 355 potestate,
421 262 585 330 voluntate
602 282 636 332 et
655 290 765 358 opere.
783 268 852 333 Nec
873 268 970 335 audio
986 273 1099 338 Arium
1129 276 1184 364 qui
1204 298 1352 365 perverso
1378 273 1509 363 ingenio
1537 289 1642 356 actus,
1664 275 1732 339 imo
1754 276 1825 340 doe·

225 387 374 451 moniaco
400 385 547 451 seductus
560 388 693 478 spiritu,
719 389 837 480 gradus
857 389 932 456 facit
947 393 981 458 in
997 395 1173 480 Trinitate5
1196 396 1324 459 Patrem
1341 397 1515 481 majorem,
1537 393 1653 459 Filium
1670 394 1828 486 dogmati·

227 529 301 570 zans
312 506 494 590 minorem,
515 507 633 573 oblitus
647 507 756 599 legalis
772 513 923 604 praecepti
943 514 1039 580 :Non
1056 514 1221 595 ascendes,
1240 516 1344 615 inquit
1357 516 1436 595 lex,
1453 536 1512 603 per
1527 512 1645 603 gradus
1662 513 1703 578 ad
1718 538 1827 580 meum

225 623 335 691 altare.
359 626 411 692 Ad
437 626 536 693 altare
558 631 676 721 quippe
700 632 759 696 Dei
783 656 842 721 per
867 633 984 724 gradus
1012 634 1172 715 ascendit,
1202 634 1256 725 qui
1277 636 1365 725 prius
1392 649 1425 699 ct
1443 633 1600 723 posterius
1619 634 1654 699 in
1670 635 1826 702 Trinitate

224 746 329 834 ponit.
355 746 507 835 Spiritum
522 750 619 814 etiam
636 766 780 817 sanctum
797 752 885 816 Patri
906 770 940 818 et
958 753 1040 819 Filio
1056 753 1361 819 consubstantialem
1381 768 1414 817 et
1430 751 1627 839 coaequalem
1643 776 1706 842 per¹
1718 753 1827 841 omnia

224 880 336 946 testor,
359 883 470 956 utpote
491 892 588 958 quem
607 869 761 938 bonitatis
778 873 909 939 nomine
928 872 1086 964 designari
1111 874 1275 939 volumina
1298 897 1371 938 mea
1394 896 1480 962 saepe
1498 871 1674 937 declarant.
1698 873 1826 936 Damno

223 984 408 1063 sabellium,
435 989 490 1075 qni
508 989 656 1055 eamdem
675 1015 846 1080 personam
871 1016 1013 1058 asserens
1039 993 1143 1058 Patris
1166 1009 1199 1059 et
1222 992 1307 1073 Filii,
1327 993 1455 1057 Patrem
1479 1015 1607 1082 passum
1633 992 1826 1075 autumarit3

225 1095 365 1163 undeet
388 1099 610 1188 Patripassiani
633 1101 709 1166 dicti
731 1090 825 1169 sunt.»
841 1104 947 1170 Credo
970 1106 1067 1170 etiam
1089 1104 1207 1169 Filium
1227 1105 1287 1169 Dei
1310 1103 1430 1169 factum
1447 1126 1514 1168 esse
1537 1102 1654 1168 Filium
1673 1104 1825 1182 hominis,

223 1240 386 1308 unamque
414 1242 584 1309 personam
608 1245 648 1287 ex
676 1221 801 1288 duabus
827 1226 919 1290 etin
946 1227 1068 1291 naturis
1099 1224 1225 1290 duabus
1245 1225 1435 1306 consistere,
1455 1224 1510 1311 qui
1534 1238 1608 1311 post
1635 1222 1828 1318 completam

125 1344 134 1351 ’
223 1324 376 1428 su'sceptae
391 1339 598 1405 humanitatis
616 1341 887 1432 dispensationem
907 1369 1015 1436 passus
1031 1362 1079 1411 est
1094 1361 1127 1410 et
1142 1361 1305 1427 mortuus,
1323 1359 1356 1409 et
1370 1342 1561 1425 resurrexit,
1579 1357 1612 1406 ct
1633 1342 1778 1408 ascendit
1792 1342 1827 1406 in

222 1457 354 1540 coelum,
379 1476 597 1549 venturusque
617 1478 665 1527 est
680 1464 824 1549 judicare
839 1466 928 1531 vivos
949 1474 982 1532 et
1003 1482 1160 1531 mortuos.
1184 1466 1299 1531 assero
1323 1465 1421 1529 etiam
1442 1464 1476 1527 in
1498 1462 1657 1551 baptismo
1679 1462 1828 1527 universa

221 1579 340 1642 remitti
363 1576 494 1661 delicta,
513 1582 677 1671 gratiaque
690 1607 750 1648 nos
764 1608 871 1675 egere,
888 1608 951 1674 qua
967 1601 999 1651 et
1014 1586 1203 1674 incipiamus
1218 1585 1343 1649 bonnm
1365 1599 1399 1649 et
1422 1581 1636 1672 perficiamus,
1658 1580 1828 1671 lapsosque
1879 1650 1885 1669 ,

221 1720 281 1786 per
292 1700 513 1788 poenitentiam
526 1702 706 1768 reformari.
716 1706 765 1769 De
778 1705 881 1770 carnis
901 1721 1008 1771 autem
1017 1707 1250 1771 'resurrectione
1260 1705 1338 1795 quid
1349 1727 1430 1794 opus
1438 1719 1486 1768 est
1493 1701 1609 1781 dicere,
1626 1724 1700 1766 cum
1716 1700 1830 1767 frustra

220 1817 340 1908 glorier
351 1842 403 1884 me
413 1821 633 1904 christianum,
647 1824 673 1887 si
685 1848 752 1889 non
764 1825 931 1892 credidero
942 1844 1193 1893 resurrecturum
1203 1827 1217 1890 P
1228 1829 1306 1892 Haec
1321 1828 1430 1915 itaque
1442 1838 1490 1889 est
1503 1822 1583 1889 fides
1595 1823 1629 1886 in
1641 1845 1704 1911 qua
1716 1820 1827 1906 sedeo,

228 1956 268 1998 ex
285 1958 348 2023 qua
365 1938 432 2026 spei
455 1938 611 2001 contraho
631 1937 825 2007 firmitatem.
853 1943 892 2007 In
909 1943 971 2007 hac
993 1943 1115 2007 locatus
1139 1942 1325 2024 salubriter,
1349 1940 1480 2004 latratus
1492 1937 1604 2028 Scyllae
1626 1961 1693 2003 non
1710 1938 1828 2019 timeo,

220 2055 410 2144 vertiginem
439 2056 594 2146 Carybdis
624 2057 734 2142 rideo,
759 2062 942 2127 mortiferos
967 2061 1161 2151 Syrenarnm
1194 2059 1345 2126 modulos
1377 2082 1445 2124 non
1468 2058 1633 2123 horresco.
1667 2055 1701 2120 Si
1730 2056 1831 2120 irruat

222 2169 331 2249 turbo,
350 2194 417 2236 non
434 2174 574 2260 quatior.
592 2174 626 2238 Si
646 2176 734 2240 venti
754 2175 902 2264 perflent,
937 2199 1002 2242 non
1027 2200 1173 2242 moveor.
1202 2175 1368 2241 Fundatus
1385 2175 1472 2239 enim
1494 2195 1566 2238 sum
1587 2194 1684 2262 supra
1704 2169 1831 2237 firmam

216 2305 354 2378 petram.
373 2323 387 2348 n
505 2364 519 2393 .
532 2364 547 2387 ·

264 2411 342 2476 Haec
367 2412 409 2477 de
429 2413 563 2501 epistola
589 2414 675 2480 Petri
696 2414 738 2480 ad
765 2417 904 2482 verbum
926 2415 1126 2506 excerpenda
1153 2417 1279 2506 putavi,
1306 2431 1343 2480 ut
1367 2411 1527 2502 liquidnm
1551 2408 1642 2475 lieret
1663 2407 1830 2499 quomodo

224 2524 338 2589 Petrus
353 2527 556 2617 impugnaret
570 2526 668 2594 fidem
684 2530 783 2596 Petri.
801 2531 912 2613 Nunc,
930 2530 1032 2622 rigide
1056 2554 1182 2613 censor,
1201 2530 1325 2611 adesto,
1344 2545 1377 2594 et
1392 2526 1489 2592 fidem
1506 2526 1594 2590 Petri
1616 2525 1741 2589 sincero
1758 2545 1832 2613 per·

220 2645 328 2733 pende
346 2647 482 2731 jndicio.
504 2649 618 2713 Dixisti
640 2673 649 2714 ι
678 2650 785 2715 «Non
807 2651 906 2717 debet
925 2652 1085 2741 refugium
1109 2652 1253 2716 invenire
1279 2649 1366 2740 apud
1390 2648 1500 2735 sedem
1520 2646 1624 2726 Petri,
1652 2645 1707 2732 qui
1731 2640 1831 2707 fidem

223 2767 393 2857 impugnat
413 2767 541 2833 Petri.»
563 2770 635 2834 Hoc
658 2794 768 2860 perse
791 2771 912 2837 dictum
933 2772 1099 2863 quoddam
1118 2787 1201 2837 esset
1224 2771 1369 2835 eminens
1389 2784 1422 2832 et
1441 2765 1589 2858 generale
1612 2785 1737 2828 verum.
1763 2761 1829 2828 Sed

223 2887 299 2974 quia
322 2886 532 2976 personaliter
548 2888 655 2954 dixisti
679 2889 720 2955 de
735 2891 850 2971 Petro,
868 2892 1026 2956 convinco
1043 2909 1074 2957 te
1089 2892 1206 2958 sentire
1234 2889 1395 2956 contraria
1411 2911 1501 2953 vero.
1520 2885 1595 2949 Non
1612 2884 1699 2949 enim
1715 2882 1829 2946 Petrus

220 3007 325 3096 arguit
341 3005 451 3090 fidem,
475 3006 516 3073 ad
534 3010 622 3095 cnjus
639 3008 757 3077 lineam
772 3012 871 3076 vitam
886 2991 1148 3102 suamdisponit,
1181 3033 1241 3077 nec
1266 3009 1388 3076 alienus
1410 3022 1492 3073 esta
1519 3005 1636 3069 Christi
1658 3002 1827 3094 portione,
1846 3031 1849 3037 ¹

220 3128 310 3211 cujus
340 3150 374 3192 se
405 3144 472 3193 tam
501 3109 664 3194 humiliter
691 3131 851 3223 insignivit
873 3134 1017 3198 nomine.
1043 3130 1184 3198 Deberet
1208 3152 1286 3221 ergo
1311 3128 1473 3218 relitginm
1494 3125 1579 3217 apud
1608 3122 1718 3188 sedem
1741 3120 1829 3185 Petri

217 3245 383 3329 invenire,
401 3250 427 3312 si
456 3272 523 3313 non
542 3248 703 3316 illecebrae
727 3253 774 3316 tui
801 3252 921 3342 eloquii
941 3253 1124 3319 clausissent
1140 3252 1261 3352 viscera
1283 3246 1509 3316 misericordie
1532 3246 1688 3309 Romanae
1713 3238 1827 3304 Eccle-

218 3361 288 3426 sioe.
306 3361 371 3427 Sed
387 3363 465 3429 dum
482 3369 525 3430 tu'
535 3366 632 3430 Petro
645 3365 823 3432 clementiae
839 3370 957 3434 ostium
970 3367 1121 3451 obstruis,
1138 3381 1302 3457 conceptae
1322 3364 1460 3430 vesamae
1488 3363 1649 3453 signanter
1672 3357 1828 3445 impetum

25 3463 33 3523 l'
108 3546 113 3552 .
216 3480 339 3569 prodis.

264 3603 326 3667 llic
346 3602 648 3695 fortasse-inquies:
667 3608 774 3674 Nimia
790 3632 886 3699 super
905 3631 958 3674 me
973 3607 1099 3673 lacessis
1118 3606 1247 3693 injuria.
1267 3603 1361 3668 Zelus
1377 3601 1492 3666 domus
1510 3598 1571 3692 Dei
1590 3593 1733 3661 comedit
1752 3616 1824 3692 me,

221 3742 264 3786 eo
293 3724 385 3812 quod
409 3725 499 3816 lepra
526 3727 647 3792 insanae
675 3727 831 3794 doctrinae
857 3728 1034 3794 macularet
1056 3750 1172 3817 corpus
1195 3724 1357 3806 Ecclesiae,
1385 3723 1436 3786 cui
1465 3716 1662 3784 obviandum
1687 3715 1721 3778 in
1756 3714 1827 3802 ipso

222 3839 331 3902 statim
348 3842 498 3928 nequitiae
519 3845 640 3909 semine
657 3845 781 3934 putavi,
799 3867 841 3910 ne
851 3843 916 3910 late
929 3860 1071 3934 serperet
1083 3843 1132 3907 vis
1147 3841 1275 3908 veneni.
1294 3833 1412 3903 Nonne
1429 3850 1522 3901 caute
1538 3829 1745 3915 consulteque
1761 3827 1824 3917 egi,

223 3955 314 4044 quod
334 3955 457 4023 foednm
472 3959 552 4025 illud
573 3960 823 4054 sacrilegumque
844 3963 963 4055 dogma
979 3937 1120 4029 manuali
1140 3959 1284 4052 quodam
1299 3956 1442 4022 indiculo
1459 3949 1632 4042 complosi,
1650 3970 1692 4011 ne
1708 3944 1827 4011 scilicet

223 4072 367 4141 breviter
387 4077 569 4145 volentibus
590 4082 745 4172 attingere
760 4107 917 4149 summam
934 4085 979 4149 rei
1002 4105 1176 4150 onerosum
1196 4095 1278 4146 esset
1297 4080 1344 4142 ire
1360 4099 1419 4164 per
1440 4073 1600 4161 spaciosos
1617 4064 1713 4131 saltus
1728 4066 1825 4131 volu-

219 4191 347 4257 minum
374 4193 562 4278 Abaelardi?
579 4195 632 4260 Ad
653 4197 723 4261 hoeo
740 4220 801 4286 ego
820 4221 828 4261 t
846 4197 958 4272 Laudo
980 4215 1029 4279 te,
1055 4200 1168 4277 Pater,
1194 4194 1252 4258 sed
1277 4192 1311 4255 in
1332 4190 1396 4255 hoc
1413 4210 1480 4252 non
1504 4182 1616 4249 laudo.
1642 4180 1826 4248 Indiculum

128 4323 132 4332 '
219 4311 378 4395 vidimus,
414 4315 448 4379 in
472 4339 537 4405 quo
560 4338 627 4379 non
656 4317 742 4381 Petri
761 4315 929 4406 dogmata,
954 4314 1012 4381 sed
1033 4313 1167 4381 nefandi
1186 4310 1362 4377 commenti
1384 4305 1522 4400 capitula
1543 4304 1704 4395 legimus:
1728 4299 1826 4384 Quod
1880 4331 1885 4336 ·

221 4431 345 4498 scilicet
360 4434 455 4500 Pater
477 4436 518 4500 sit
533 4435 777 4526 omnipotentia,
796 4434 893 4499 Filius
917 4434 1065 4524 quoedam
1079 4433 1241 4527 potentia,
1260 4431 1393 4522 Spiritus
1409 4441 1535 4493 sanctus
1554 4420 1642 4488 nulla
1664 4419 1823 4512 potentia.

221 4550 325 4633 Quod
341 4555 476 4646 Spiritus
491 4573 636 4642 sanctus,
660 4556 736 4623 licet
754 4557 795 4623 sit
816 4555 959 4643 ejusdem
974 4554 1160 4621 substantiae
1176 4576 1252 4619 cnm
1265 4549 1361 4634 Filio,
1381 4571 1449 4615 non
1462 4562 1571 4658 nmen
1590 4559 1637 4610 est
1652 4541 1693 4607 de
1709 4539 1826 4606 eadem

345 4691 374 4738 11
811 4733 813 4740 ,
1664 4663 1703 4722 98
