4559 6100
452 512 523 582 122
1051 504 1181 576 Pss‘llll
1209 501 1444 577 sumtuum

450 658 583 733 amoris
607 655 728 728 fervor
753 654 799 726 ad
821 652 1164 754 contemplationem
1188 653 1317 726 divinae
1340 652 1488 726 visionis
1508 652 1707 752 suspendit,
1727 655 1828 727 omni
1845 655 1920 753 jarn
1938 679 2047 730 mun·

451 780 630 874 denarum
648 775 906 848 necessitatum
922 773 1163 847 sollicitudine
1188 776 1400 873 postposita,
1422 786 1459 845 et
1478 771 1638 870 quasi'in
1662 771 1865 848 coelestibus
1886 791 2051 850 nostram'

451 912 549 972 tenet
572 897 894 970 conversationem.
924 896 1033 984 Quod
1058 921 1127 968 nec
1155 898 1233 994 ipsa
1255 894 1428 967 Macrobii
1452 895 1627 992 expositio
1640 891 1779 968 'notare
1807 899 2045 994 pretermisit,

450 1020 602 1093 activam
622 1031 802 1088 rectorum
823 1015 935 1088 vitam
953 1040 1019 1115 per
1037 1014 1150 1088 hoca
1171 1013 1476 1113 contemplatione
1492 1013 2045 1113 philosophorum‘distinguens.

452 1147 551 1213 Duos
580 1139 700 1233 itaque
729 1136 994 1208 continentium
1028 1135 1174 1208 ordines
1210 1136 1246 1207 in
1282 1133 1511 1235 philosophis
1535 1134 1813 1229 concluserunt,
1850 1160 1933 1209 cum
1961 1137 2050 1210 alios

450 1259 570 1334 adhuc
597 1256 742 1355 purgari
766 1279 831 1353 per
854 1254 1075 1329 abstinentiae
1095 1281 1138 1329 ac
1161 1255 1268 1328 studii
1290 1254 1534 1328 assiduitatem
1556 1253 1696 1349 dicunt,
1718 1256 1780 1353 qui
1804 1255 1953 1328 fortasse
1971 1255 2049 1354 pbi-

451 1378 684 1478 loscphantes
711 1376 842 1448 rectius
867 1385 990 1472 quam‘
1004 1375 1214 1476 philosophi
1242 1374 1387 1448 dicendi
1415 1389 1519 1464 sunt,
1536 1387 1586 1446 'et
1611 1377 1798 1447 communi
1830 1375 2051 1448 habitatione

452 1499 670 1585 studiorum,
693 1498 853 1568 sormam'
867 1494 1130 1568 coenobitarum
1150 1503 1275 1567 tenent
1293 1495 1571 1586 monachorum,
1589 1492 1742 1591 qualem
1758 1508 1794 1566 et
1813 1495 1990 1595 Josephus
2012 1496 2048 1568 in

452 1637 581 1694 octavo
591 1617 733 1690 decimo
745 1617 1010 1714 Antiquitatum
1021 1613 1115 1687 libro
1129 1615 1238 1688 vitam
1252 1620 1470 1687 Essenorum
1481 1612 1663 1706 describit,
1678 1638 1762 1687 cum
1772 1613 1870 1715 a'pud
1880 1612 2051 1688 llebraeos

453 1762 598 1837 quoque
619 1736 688 1809 tria
711 1759 842 1831 genera
858 1732 1163 1834 philosophorum
1185 1748 1222 1806 et
1244 1758 1370 1807 eorum
1387 1747 1499 1805 sectas
1514 1733 1769 1831 distingueret,
1788 1759 1945 1834 quorum
1963 1734 2051 1808 alios

454 1859 661 1948 Pharisaeos,
679 1855 769 1927 alios
780 1853 982 1941 Saducaeos,
996 1852 1086 1926 alios
1100 1856 1254 1927 Essenos
1270 1852 1438 1953 appellat,
1454 1878 1545 1952 quos
1560 1854 1709 1953 quidem
1725 1857 1941 1929 novissimos
1954 1851 2052 1929 miris

454 1975 755 2064 effertlaudibus3
775 1974 866 2046 alios
880 1973 955 2070 jam
978 1974 1119 2071 purgati
1143 1997 1185 2045 ac
1201 1971 1351 2046 defecati
1374 1974 1484 2046 animi
1506 1999 1595 2061 esse,
1614 1975 1651 2046 in
1672 1999 1828 2071 quorum
1849 1999 1958 2048 carne
1977 1979 2058 2074 jam·

460 2126 524 2199 per
542 2097 717 2172 diutinam
736 2092 987 2166 abstinentiam
1004 2092 1231 2186 mortificata,
1249 2093 1452 2190 nullusjam
1467 2095 1626 2192 irrepere
1646 2095 1702 2167 vel
1721 2094 1901 2168 dominari
1913 2113 2057 2169 conon:

460 2219 639 2323 piscentiae
655 2229 776 2288 motus
794 2212 900 2305 valet,
917 2213 980 2311 qui
993 2212 1068 2309 jam
1083 2212 1242 2287 solitaria
1261 2212 1483 2287 habitatione
1500 2215 1675 2307 viventes,
1696 2215 1763 2287 suo
1779 2218 1859 2314 ipso
1875 2214 2053 2290 sufficiant

459 2342 635 2445 praesidio,
653 2339 814 2438 qualium
830 2336 1025 2434 perfectam
1043 2337 1343 2410 anachoretarum
1363 2338 1471 2411 vitam
1491 2337 1658 2432 dicimus,
1682 2363 1775 2437 quos
1792 2338 1939 2435 quidem
1953 2339 2054 2437 juxta

459 2470 720 2561 Hieronymum
743 2458 789 2532 ad
808 2458 990 2530 Rusticum
1008 2458 1228 2531 monachum
1243 2459 1472 2552 scribentem,
1493 2459 1538 2531 de
1554 2471 1735 2532 conventu
1752 2459 2052 2533 monasteriorum

460 2584 580 2684 egredi
602 2593 745 2680 oportet
763 2577 865 2675 quusi
891 2577 937 2649 de
960 2576 1082 2649 schola
1099 2577 1456 2676 philosophantium,
1480 2594 1522 2651 ut
1543 2578 1617 2651 illic
1636 2578 1705 2651 sub
1721 2580 1842 2676 regula
1859 2578 2055 2678 disciplina

460 2709 694 2789 instruantur,
725 2710 835 2793 atque
860 2711 935 2769 tam
963 2695 1129 2795 exemplo
1152 2696 1307 2769 aliorum
1338 2723 1447 2796 quam
1477 2697 1590 2771 verbo
1616 2697 1663 2772 ad
1687 2695 1941 2797 perfectionem
1968 2723 2056 2770 eru·

460 2825 617 2910 diantur,
644 2831 680 2890 et
703 2839 726 2890 a
747 2815 882 2888 recenti
899 2814 1161 2887 00000οῑοἀ100
1184 2815 1410 2915 voluptatum
1434 2815 1579 2890 abducti
1592 2833 1816 2917 purgentur,
1837 2818 1897 2890 hic
1914 2820 2057 2918 purgati

457 2945 544 3039 jam,
571 2939 667 3011 etin
694 2933 864 3008 omnibus
888 2935 1064 3024 instructi,
1089 2936 1303 3033 cunctisque
1325 2938 1564 3010 tentationum
1588 2937 1749 3011 motibus
1771 2938 1935 3038 repulsis,
1955 2941 2056 3037 quasi

460 3065 514 3137 sui
542 3064 704 3161 ipsorum
730 3058 897 3147 victores,
925 3056 983 3128 sui
1002 3057 1160 3153 regimen
1190 3059 1304 3130 securri
1330 3058 1538 3159 suscipiant,
1564 3073 1605 3132 vet
1631 3059 1676 3132 ad
1703 3050 2052 3151 videndum'De'um,

461 3182 617 3282 purgatis
637 3179 712 3276 jam
733 3173 927 3265 mentibus,
958 3176 1024 3248 toti
1046 3174 1236 3269 anhelent,
1267 3191 1305 3249 ut
1331 3177 1407 3274 jam
1431 3177 1531 3251 nulla
1557 3177 1750 3252 homiuum
1779 3179 1977 3278 frequentia
2000 3181 2056 3251 vel

460 3317 603 3403 aspectu
625 3300 671 3373 ab
698 3299 759 3372 illa
777 3295 1100 3394 contemplationis
1115 3296 1326 3370 celsitudine
1350 3314 1577 3372 revocentur.
1597 3302 1763 3388 Quantus
1783 3306 1905 3374 autem
1928 3299 2057 3372 mundi

459 3434 687 3521 contemptus
711 3416 817 3516 'apud
850 3415 1086 3514 philosophos
1116 3416 1241 3509 luerit,
1271 3430 1308 3490 et
1333 3440 1451 3516 quam¹
1472 3419 1542 3491 sibi
1575 3432 1709 3492 arctam
1739 3420 1848 3493 vitam
1877 3445 1899 3492 a
1925 3418 2056 3491 000010

460 3544 668 3617 recedentes
692 3537 923 3628 instituerint,
949 3551 1199 3634 quantumque
1218 3537 1307 3611 alios
1328 3536 1463 3611 adhoc
1488 3539 1607 3638 ipsum
1628 3553 1700 3612 tarn
1723 3539 1823 3613 lactis
1837 3539 1923 3638 ipsis
1946 3561 2057 3635 quam

426 3648 443 3655 ⁶
460 3664 564 3736 dic'tis
593 3658 776 3735 adhortati
805 3656 898 3739 sint,
917 3655 1081 3753 pluribus
1107 3670 1313 3729 sanctorum
1340 3668 1492 3756 'quoque
1520 3671 1661 3757 patrum
1692 3652 1903 3732 testimoniis
1928 3656 2058 3730 didici·

461 3788 575 3854 nrus'.
606 3782 789 3851 Socratem
815 3775 950 3872 quippe
977 3774 1181 3870 multosque
1208 3775 1296 3847 alios
1325 3778 1447 3849 omnia
1467 3774 1663 3877 reliquisse,
1684 3779 1778 3851 sieut
1797 3793 1835 3852 et
1858 3777 2053 3878 apostolos,

506 3953 516 3978 ¹
533 3935 720 4002 Ambrosius
743 3934 777 3997 in
793 3931 929 4024 epistola
949 3929 991 3996 ad
1013 3933 1188 3999 Ireneum:
1219 3965 1232 3992 a
1246 3935 1469 4028 Pytagoricum
1485 3937 1674 4005 mandatum
1689 3940 1722 4005 in
1739 3940 1920 4030 aliquorum
1935 3934 2058 4028 scriptis

461 4035 629 4128 predicari
644 4031 835 4112 invenimus,
857 4028 945 4120 quod
961 4029 1015 4096 ille
1033 4030 1206 4122 discipulos
1219 4057 1293 4100 suos
1309 4059 1514 4103 communem
1535 4054 1631 4128 atque
1646 4039 1795 4104 usitatam
1811 4037 1933 4129 pupulo
1945 4036 2059 4127 probi·

460 4134 567 4200 buerit
582 4129 708 4224 ingredi
725 4120 823 4194 viam.
844 4127 908 4194 Sed
923 4128 987 4194 boc
1003 4128 1091 4194 unde
1106 4135 1287 4197 assumserit
1304 4157 1370 4199 nou
1389 4151 1437 4200 est
1451 4134 1663 4226 incognitum.
1681 4137 1766 4201 Nam
1781 4160 1857 4202 curn
1872 4159 1913 4202 ex
1935 4136 2067 4226 populo·

459 4231 666 4312 Iudaeorum,
691 4245 728 4295 ut
750 4227 894 4319 plerique
914 4226 1127 4310 arbitrantur,
1145 4252 1245 4319 genus
1268 4230 1411 4313 duxerit,
1431 4256 1473 4298 ex
1497 4236 1564 4320 ejus
1589 4233 1756 4326 disciplina
1783 4233 1938 4300 derivarit
1960 4234 2057 4301 etiam

461 4330 632 4422 magisterii
647 4340 824 4419 praecepta,
846 4325 1025 4413 meritoque
1044 4348 1180 4416 magnus
1200 4328 1286 4419 apud
1302 4329 1510 4421 philosophos
1529 4331 1676 4414 habitus,
1700 4331 1929 4421 aequalem,ut
1947 4332 2055 4417 01000,

460 4430 513 4513 vix
528 4429 659 4519 reperit.
674 4428 809 4516 legerat
819 4424 927 4512 itaque
938 4422 972 4487 in
984 4422 1099 4489 Exodo
1115 4424 1220 4514 Moysi
1236 4444 1432 4517 praeceptum
1442 4451 1521 4511 esse,
1540 4445 1578 4494 ut
1591 4447 1737 4496 montem
1746 4454 1823 4496 cum
1839 4428 2066 4496 sacerdotibus

461 4528 657 4608 ascenderet,
675 4524 813 4617 populus
828 4539 936 4591 autem
950 4521 1101 4589 deorsum
1111 4540 1220 4591 staret.
1238 4526 1403 4615 Separavit
1417 4528 1514 4617 igitur
1527 4529 1710 4595 sacerdotes
1721 4553 1740 4593 a
1750 4527 1886 4619 populo,
1903 4544 1936 4594 et
1947 4544 2067 4618 postea.

461 4629 565 4718 ipsum
579 4625 714 4714 Moysen
730 4622 814 4686 intra
824 4621 946 4687 nubem
961 4621 1081 4687 intrare
1097 4624 1262 4712 praecepit.
1280 4623 1379 4690 Vides
1395 4623 1587 4693 divisiones?
1604 4627 1685 4692 nihil
1700 4630 1734 4693 in
1750 4626 1970 4694 sacerdotibus
1984 4627 2057 4717 ple·

460 4725 571 4792 beium
590 4721 720 4811 requiri,
744 4718 825 4785 nihil
845 4719 1012 4809 populare,
1037 4719 1118 4789 nihil
1133 4742 1306 4789 commune
1323 4746 1398 4788 cum
1416 4723 1523 4791 studio
1542 4740 1636 4814 atque
1653 4740 1770 4791 000,οι
1784 4725 1929 4792 moribus
1949 4726 2065 4791 incon·-

461 4824 536 4889 ditae
561 4817 795 4886 multitudiuis?
813 4816 1099 4908 supergradiamur
1114 4818 1210 4908 igitur
1230 4818 1372 4909 plebeias
1387 4822 1572 4911 opiniones,
1595 4839 1629 4889 et
1643 4839 1741 4889 strata
1760 4822 1909 4913 quaedam
1924 4822 2068 4915 gregalia

458 4919 711 4989 conversationis
733 4939 770 4982 ac
792 4915 917 4981 detritae
937 4915 1031 4997 vitae,
1056 4914 1177 4980 orbitas
1198 4914 1394 4984 declinemus
1414 4921 1552 5010 vulgaris
1574 4922 1695 4986 semitae
1718 4945 1726 4987 ε
1750 4921 1853 4987 solum
1879 4943 2059 5010 quaeramus

461 5020 555 5085 uobis
578 5018 663 5083 viam
688 5017 878 5080 inaccessam
907 5013 1108 5079 sermonibus
1132 5013 1350 5096 insolentium,
1379 5017 1498 5082 inviam
1522 5018 1674 5109 operibus
1698 5020 1936 5110 imperitorum,
1960 5042 2058 5107 quam

462 5119 568 5185 nullus
584 5116 764 5183 maculosus
779 5113 915 5180 deterat.
