4559 6100
774 529 1030 604 THEOLOGlA
1054 528 1329 605 CHRlS'l'lllNA.
1774 528 1846 603 553

252 707 317 781 per
333 707 375 756 ea
392 706 471 780 quae
487 696 562 755 tam
579 679 786 753 mirabiliter
801 696 838 753 et
853 681 935 753 lacit
951 695 988 753 et
1003 680 1162 774 ordinat,
1182 704 1224 752 ex
1241 680 1326 780 ipsis
1351 680 1425 753 suis
1441 693 1597 775 quantus
1614 680 1660 751 sit
1675 676 1846 779 operibus

253 803 443 892 indicaret3
474 803 559 899 quia
579 816 615 873 ct
632 826 699 899 pro
723 801 891 898 qualitate
912 825 1063 900 operum
1087 825 1168 898 quae
1188 800 1370 888 videntur,
1398 798 1555 872 absentis
1575 798 1720 872 artificis
1742 797 1847 871 indu·

254 924 375 995 striam
398 922 649 1021 dijudicamus.
678 925 756 993 Hoc
779 920 928 1018 quidem
952 920 1062 992 modo
1087 937 1123 991 et
1145 921 1221 1019 ipse
1246 919 1411 1019 perhibet
1439 920 1628 1018 Apostolus
1650 924 1766 992 Deum
1791 920 1847 991 sui

255 1043 419 1114 notitiam
437 1040 600 1139 reprobis
616 1065 763 1139 quoquc
779 1039 973 1112 contulisse
993 1067 1001 1109 τ
1017 1040 1117 1134 juxta
1133 1038 1235 1137 quod
1254 1039 1300 1111 ad
1318 1044 1498 1112 Romanos
1514 1038 1685 1131 scribens,
1704 1035 1848 1111 inexcu-

255 1160 403 1234 sabilem
420 1187 566 1235 omnem
584 1161 770 1234 hominem
788 1184 863 1233 esse
879 1161 1073 1252 convincit,
1092 1175 1128 1232 et
1144 1160 1190 1233 de
1205 1175 1390 1234 contemtu
1408 1162 1464 1233 sui
1480 1160 1680 1234 conditoris
1696 1184 1848 1259 arguen-

256 1280 362 1374 dum,
383 1308 468 1355 cum
484 1282 560 1379 ejus
577 1282 740 1354 notitiam
755 1283 809 1353 lex
836 1282 913 1380 ipsa
928 1279 1115 1372 naturalis,
1135 1305 1216 1377 quae
1233 1282 1270 1353 in
1291 1282 1429 1353 ratione
1446 1281 1623 1365 consistit,
1648 1281 1755 1353 etiam
1771 1281 1848 1352 sine

255 1400 388 1498 scripto
417 1401 453 1471 in
480 1404 558 1499 ipsa
587 1425 739 1500 operum
763 1402 839 1498 ejus
863 1399 1084 1473 exhibitione
1111 1398 1283 1472 omnibus
1309 1400 1463 1473 afferret.
1491 1402 1544 1472 ait
1579 1402 1713 1499 quippe
1739 1400 1809 1471 sic¹
1836 1427 1845 1470 ε

258 1549 275 1585 u
294 1520 480 1592 Revelatur
498 1521 550 1592 ira
571 1523 637 1593 Dei
655 1520 701 1593 de
717 1521 809 1594 coelo
826 1545 933 1620 super
948 1544 1095 1592 omnem
1111 1521 1352 1619 impietatem,
1376 1535 1413 1593 et
1429 1520 1637 1617 injustitiam
1656 1519 1849 1593 hominum

256 1662 384 1710 eorum
404 1640 467 1737 qui
480 1640 665 1712 veritatem
681 1642 748 1713 Dei
764 1642 801 1713 in
819 1641 988 1737 injustitia
1005 1639 1168 1712 detinent
1185 1668 1194 1712 :
1214 1641 1299 1738 quia
1315 1640 1415 1738 quod
1431 1636 1560 1712 notum
1578 1654 1631 1712 est
1649 1641 1715 1711 Dei
1734 1640 1849 1712 mani·

257 1757 384 1829 festum
407 1774 460 1831 est
483 1759 564 1831 illis.
590 1764 687 1833 Deus
710 1761 807 1832 enim
824 1760 893 1832 illis
909 1759 1160 1832 manifestavit.
1179 1758 1372 1832 Invisibilia
1393 1759 1490 1831 enim
1512 1759 1622 1857 ipsius
1645 1783 1665 1830 a
1689 1773 1851 1831 creatura

257 1876 383 1948 mundi
406 1903 471 1975 per
492 1902 534 1951 ea
556 1904 636 1976 quae
656 1878 849 1952 factasunt
870 1878 1048 1952 intellecta
1070 1879 1355 1978 conspiciuntur,
1378 1879 1593 1977 sempiterna
1610 1902 1757 1975 quoque
1774 1878 1850 1974 ejus

257 1996 369 2067 virtus
386 2012 422 2068 et
438 1997 618 2090 divinitas,
637 1999 686 2071 ita
702 2013 743 2070 ut
758 1999 829 2070 sint
845 1997 1102 2071 inexcusabiles
1122 2025 1130 2068 :
1152 2000 1236 2096 quia
1252 2024 1338 2071 cum
1353 1998 1607 2094 cognovissent
1623 2001 1753 2087 Deum,
1774 2020 1849 2068 non

256 2115 347 2186 sicut
372 2120 490 2188 Deum
519 2117 826 2213 glorificaverunt,
855 2133 917 2191 aut
940 2120 1068 2216 gratias
1084 2134 1245 2215 egerunt.
1264 2114 1285 2186 n
1307 2124 1351 2191 Et
1373 2132 1456 2217 post
1478 2118 1643 2215 aliqua':
1665 2122 1850 2215 «Propter

256 2235 356 2331 quod
379 2236 628 2308 inexcusabilis
649 2262 701 2329 es,
721 2262 744 2308 o
761 2237 873 2309 homo
889 2239 1022 2325 omnis,
1041 2239 1103 2336 qui
1118 2238 1278 2337 judicas,
1295 2267 1314 2307 n
1333 2239 1404 2310 hoc
1426 2253 1479 2310 cst
1499 2240 1561 2336 qui
1578 2238 1725 2310 rationis
1743 2238 1851 2309 uteris

253 2352 390 2447 judicio
417 2354 453 2424 in
476 2353 583 2427 bonis
604 2369 640 2427 et
659 2356 760 2427 malis
782 2355 1046 2448 discernendis,
1070 2372 1178 2454 atque
1195 2359 1232 2428 in
1256 2358 1341 2456 ipsis
1358 2360 1528 2430 creatoris
1547 2372 1584 2430 et
1607 2371 1851 2429 creaturarum

257 2471 502 2546 discernendis
529 2477 677 2547 naturis.
707 2475 811 2548 Unde
838 2491 875 2548 et
896 2476 1067 2549 Salomon
1094 2477 1292 2549 nonnullos
1317 2479 1444 2550 mundi
1472 2468 1650 2577 sapientes
1677 2472 1715 2549 se
1742 2476 1852 2548 vehe-

256 2606 398 2664 menter
424 2595 547 2667 mirari
573 2596 747 2685 insinuat,
773 2594 960 2693 quomodo
983 2596 1116 2668 scilicet
1141 2597 1317 2668 mundum
1343 2598 1482 2670 ratione
1498 2597 1733 2693 vestigarent,
1751 2610 1853 2668 natu·

257 2732 405 2808 namque
420 2713 532 2809 ipsius
549 2738 613 2812 per
626 2715 784 2812 singulas
797 2714 874 2810 ejus
892 2728 1011 2813 partes
1027 2714 1200 2786 disserere
1220 2717 1341 2788 conati
1357 2717 1441 2807 sint,
1470 2715 1637 2788 nondum
1655 2729 1854 2787 creatorem

256 2828 366 2925 ipsius
386 2832 730 2927 animadvertentes,
761 2857 870 2931 quem
899 2826 1036 2905 lacilius
1058 2834 1198 2905 ratione
1224 2834 1408 2932 percipere
1433 2848 1613 2933 poterant.
1646 2832 1851 2924 «sienim,

258 2948 401 3045 inquit¹,
421 2965 563 3023 tantum
581 2948 777 3052 potuerunt
799 2951 908 3045 scire,
929 2965 969 3023 ut
985 2967 1131 3051 possent
1147 2953 1321 3025 aestimare
1338 2952 1520 3045 saeculum,
1540 2949 1727 3051 quomodo
1742 2950 1854 3050 ipsius

256 3068 384 3138 mundi
411 3073 527 3140 Deum
555 3086 591 3140 ct
618 3086 819 3143 creatorem
846 3095 922 3141 non
951 3071 1087 3143 lacilius
1115 3073 1385 3144 inveneruntln
1416 3076 1494 3144 Hoc
1521 3085 1558 3143 et
1573 3070 1631 3142 ille
1644 3071 1854 3143 Latinorum

256 3187 432 3258 maximus
456 3187 759 3287 philosophorum
783 3188 917 3261 Tullius
945 3189 1133 3285 diligenter
1165 3193 1333 3284 intuitus,
1361 3215 1446 3263 cum
1469 3214 1544 3262 non
1575 3190 1692 3261 solum
1719 3191 1854 3289 optimc

258 3305 410 3395 lactum,
435 3331 561 3378 verum
586 3309 693 3379 etiam
711 3308 847 3407 optime
865 3307 1009 3406 disponi
1029 3309 1207 3381 mundum
1228 3310 1470 3408 conspiceret;
1490 3308 1716 3407 providentia
1734 3309 1771 3380 id
1790 3334 1854 3406 po-

256 3427 327 3498 tius
350 3426 407 3521 agi
425 3449 535 3523 quam
552 3427 701 3499 fortuitu
724 3426 966 3519 confirmans,
998 3442 1071 3499 tam
1100 3452 1204 3500 suam
1229 3426 1336 3500 nobis
1358 3429 1396 3500 in
1421 3428 1492 3500 boc
1517 3451 1628 3524 quam
1649 3442 1854 3499 ceterorum

257 3546 433 3618 rationem
450 3548 614 3644 exposuit
629 3547 944 3647 philosophorum.
955 3547 1060 3621 Unde
1075 3546 1165 3619 illud
1185 3548 1222 3619 in
1239 3547 1358 3646 primo
1369 3546 1563 3618 Rhetorica
1575 3576 1588 3616 .·
1600 3575 1618 3615 κ
1631 3545 1771 3638 Melius,
1790 3547 1854 3619 in-

258 3666 364 3763 quit⁸,
381 3682 595 3740 accurantur
606 3693 685 3766 quae
702 3668 852 3741 consilio
866 3681 1051 3765 geruntur,
1066 3691 1176 3765 quam
1192 3692 1271 3764 quae
1289 3667 1366 3740 sine
1380 3665 1531 3739 consilio
1543 3666 1850 3738 administrantur.

259 3785 441 3858 Exercitus
458 3787 488 3859 is
507 3789 565 3859 cui
590 3789 801 3887 praepositus
821 3803 874 3861 est
898 3779 1039 3887 sapiens
1057 3802 1092 3860 et
1110 3785 1260 3860 callidus
1277 3787 1484 3884 imperator,
1508 3784 1678 3857 omnibus
1694 3784 1855 3883 partibus

258 3906 486 3981 commodius
508 3909 654 4006 regitur,
675 3933 785 4006 quam
809 3909 839 3981 is
856 3911 919 4007 qui
937 3910 1135 3982 temeritate
1155 3921 1217 3981 aut
1233 3906 1378 3980 stultitia
1401 3906 1550 4004 alicujus
1571 3903 1850 3978 administratur.

260 4025 393 4098 Eadem
410 4029 541 4126 navigii
558 4033 650 4103 ratio
667 4046 731 4104 cst.
747 4059 765 4097 n
787 4035 865 4103 Hoc
880 4031 1001 4126 itaque
1017 4030 1205 4129 proposito
1223 4027 1417 4101 collatione
1431 4021 1705 4099 similitudinum
1721 4049 1854 4098 conve·

258 4146 399 4219 nienter
409 4162 580 4242 astructo,
598 4152 855 4225 assumtionem
869 4151 988 4223 statim
1004 4173 1200 4246 aggregans
1210 4147 1418 4245 syllogismi,
1437 4177 1455 4214 a
1467 4145 1561 4218 Nihil
1571 4160 1706 4236 autem,
1721 4146 1852 4244 inquit,

260 4267 424 4339 omnium
439 4292 561 4341 rerum
583 4269 724 4362 melius,
743 4260 853 4369 quam
871 4270 989 4343 omnis
1005 4268 1164 4341 mundus
1179 4267 1459 4340 administratur.
1484 4270 1574 4339 Nam
1594 4280 1631 4338 et
1646 4265 1851 4363 signorum,

261 4385 394 4482 inquit,
415 4401 515 4459 ortus
543 4388 731 4463 definitum
755 4391 952 4489 quemdam
969 4389 1136 4462 ordinem
1153 4401 1315 4480 servant,
1344 4381 1380 4458 et
1404 4410 1532 4458 annuae
1556 4386 1856 4459 commutationes

260 4527 334 4574 non
358 4503 471 4576 modo
497 4507 655 4604 quadam
679 4533 723 4580 ex
740 4511 949 4582 necessitate
965 4532 1107 4607 semper
1125 4505 1256 4579 eodem
1280 4504 1393 4578 modo
1416 4503 1527 4598 fiunt,
1548 4501 1674 4577 verum
1695 4503 1743 4577 ad
1760 4504 1857 4576 utili-

260 4635 350 4693 tates
375 4646 521 4720 quoque
542 4649 663 4699 rerum
681 4629 845 4700 omnium
865 4643 950 4701 sunt
972 4625 1274 4718 accommodata,
1300 4638 1337 4696 et
1361 4619 1498 4696 diurnae
1527 4639 1784 4720 nocturnaque
1800 4624 1857 4693 vi-

260 4740 486 4814 cissitudines
506 4744 605 4818 nulla
621 4746 665 4841 tin
682 4770 722 4818 re
740 4769 910 4843 umquam
928 4759 1072 4818 mutatae
1096 4746 1291 4842 quicquam
1306 4758 1527 4831 nocuerunt,
1546 4767 1626 4840 quse
1651 4737 1753 4838 signo
1774 4755 1857 4813 sunt

262 4860 384 4933 omnia
413 4884 489 4932 non
516 4863 690 4936 mediocri
712 4864 873 4963 quodam
900 4865 1051 4937 consilio
1076 4879 1243 4937 naturam
1269 4860 1397 4936 mundi
1423 4857 1675 4933 administrari.
1694 4857 1802 4947 Quod
1827 4860 1858 4932 si

297 5132 401 5195 'Rotn.‚
424 5147 478 5197 cap.
497 5150 515 5197 r,
527 5150 550 5189 r.
566 5139 603 5190 lu
618 5164 647 5175 -
658 5138 826 5202 ’nummu
845 5151 872 5203 u,
889 5152 914 5189 v.
931 5141 954 5191 1.
968 5164 997 5175 -
1008 5139 1109 5202 wop„
1127 5149 1183 5200 asp.
1199 5148 1252 5198 ant,
1269 5149 1294 5188 v.
1311 5140 1336 5188 t).
1353 5162 1385 5174 -
1401 5136 1410 5167 ⁴
1424 5134 1538 5198 lavent,
1551 5133 1593 5184 tto.
1616 5132 1643 5197 1,
1671 5147 1725 5198 cap.
1742 5147 1827 5187 narr.

423 5260 447 5297 ¹1
1723 5243 1762 5300 to
