4559 6100
446 432 519 505 594
1047 432 1178 507 PETRI
1203 432 1440 509 ABAELARDl

446 579 558 669 nisque
569 581 716 649 libertate
732 581 766 647 in
785 583 916 649 scienda
932 580 1046 648 morali
1061 605 1099 648 ac
1119 583 1153 649 in
1175 583 1338 676 theologia
1361 607 1455 655 mum
1470 604 1554 666 esse,
1570 582 1758 672 opinionem
1772 581 1867 647 istam
1879 582 1965 648 certe
1979 605 2052 649 non

446 674 558 744 fefellit
588 678 669 744 liber
697 679 739 744 ab
766 680 978 746 eruditissimo
1008 681 1078 745 riro
1100 681 1135 745 in
1158 680 1264 747 lucem
1287 680 1404 748 editus.
1434 680 1600 770 Nusquam
1620 680 1707 745 enim
1726 677 1915 745 Abaelsrdus
1937 679 2051 747 carrio·

446 796 517 839 sum
536 799 569 840 se
592 778 706 867 magis,
736 800 894 868 sagacem,
920 776 1157 866 indocilemque
1182 778 1335 868 praebuit,
1360 801 1518 867 nusquam
1539 802 1559 843 a
1582 777 1726 868 priorum
1748 777 1887 868 vestigiis
1908 776 2053 844 dicessit

445 870 587 954 liberius,
605 897 703 964 quarn
717 875 752 939 in
767 892 858 965 parte
873 877 966 962 hujus
983 875 1088 966 operis
1102 899 1171 942 nou
1186 877 1261 942 satis
1278 877 1406 968 cognita
1421 877 1455 940 in
1471 900 1536 965 qua
1551 891 1639 940 actus
1658 873 1701 940 ad
1726 875 1955 939 conscientiam
1969 897 2050 942 vere

446 986 624 1058 spectantes
638 973 775 1038 secernit
788 990 977 1063 reparatque
990 996 1014 1041 a
1033 973 1156 1043 ceteris
1176 974 1273 1043 animi
1289 974 1467 1056 affectibus,
1489 974 1535 1039 ita
1550 987 1588 1038 ut
1606 987 1776 1063 poccatmn
1795 993 1864 1037 non
1883 972 1917 1039 in
1941 974 2051 1061 pravis

449 1066 490 1132 de
517 1068 653 1135 honesto
673 1069 849 1155 jadimado
868 1070 1077 1161 opinionibus
1096 1072 1215 1161 quibas
1230 1073 1331 1139 homo
1348 1071 1516 1162 abripitur,
1532 1092 1638 1160 neque
1653 1070 1750 1136 ctiam
1764 1069 1886 1159 inipso
1905 1068 2052 1135 facinore

332 1216 335 1221 .
450 1180 545 1254 atque
562 1183 647 1247 actu,
666 1167 723 1234 sed
739 1169 775 1232 in
795 1185 886 1234 certa
902 1185 1029 1233 tanum
1042 1166 1208 1234 vohrnute
1223 1169 1342 1235 versui
1354 1167 1544 1251 contendat,
1568 1189 1673 1256 nequo
1695 1166 1791 1232 aliam
1805 1188 1873 1232 esse
1898 1188 2052 1232 normam

449 1285 513 1350 qua
538 1263 633 1329 liceat
655 1281 742 1331 actus
758 1264 853 1330 ullius
874 1266 1078 1332 honestatem
1093 1288 1149 1330 seu
1171 1266 1360 1356 pravitatem
1377 1266 1494 1332 metiri.
1517 1266 1650 1330 Constat
1664 1286 1742 1330 vero
1767 1286 1842 1329 eum
1866 1262 1955 1329 illam
1973 1266 2051 1354 opi·

448 1359 579 1425 aionem
600 1362 735 1444 tuendo,
751 1362 835 1428 ultra
849 1386 948 1453 quam
971 1364 1045 1428 satis
1061 1379 1109 1429 est
1123 1363 1322 1452 processisse,
1341 1379 1374 1430 et
1395 1364 1430 1428 in
1451 1385 1575 1429 errores
1594 1360 1742 1428 incidisse
1762 1361 1818 1450 qui
1842 1376 1875 1426 et
1899 1361 1942 1427 D,
1967 1363 2051 1428 Ber-

449 1457 542 1523 nardi
558 1475 590 1524 et
606 1460 752 1525 omnium
767 1461 947 1526 cluistmnae
962 1460 1038 1529 fidei
1062 1460 1295 1527 adhaerentium
1307 1461 1576 1551 vituperationem
1590 1459 1706 1525 merito
1721 1474 1903 1525 moverunt.
1919 1459 2053 1524 Etenim

449 1576 549 1643 usque
566 1556 649 1622 adeo
666 1580 852 1647 persuasum
866 1557 976 1640 babet,
989 1580 1088 1646 quum
1104 1555 1146 1622 de
1161 1557 1258 1623 rebus
1268 1559 1307 1623 iis
1319 1559 1423 1649 agitur
1437 1581 1510 1647 quae
1522 1557 1563 1623 ad
1577 1559 1749 1623 honesturn
1763 1557 1936 1646 pertinent,
1949 1579 2050 1622 omne

447 1669 648 1718 momentum
662 1678 729 1720 esse
747 1656 782 1719 in
797 1656 975 1737 voluntate,
992 1654 1116 1720 nullum
1132 1655 1261 1719 veroin
1281 1671 1354 1720 actu
1369 1656 1452 1746 ipso,
1468 1672 1516 1738 ut,
1533 1656 1559 1720 si
1582 1655 1613 1720 ei
1629 1652 1815 1736 credideris,
1832 1654 2052 1720 abominanda

446 1747 523 1814 alias
539 1751 683 1817 facinora
698 1750 777 1817 fiant
790 1776 858 1818 non
875 1753 1057 1834 inhonesta,
1070 1752 1249 1818 dummodo
1263 1775 1301 1818 ea
1310 1753 1458 1819 homines
1473 1752 1562 1819 bona
1576 1767 1685 1819 mente
1695 1751 1749 1818 rel
1763 1775 1822 1841 per
1836 1751 2052 1843 ignorantiam

446 1848 658 1933 patraverint,
688 1866 722 1914 et
747 1881 760 1904 u
775 1850 835 1940 ipsi
859 1851 1065 1916 insectatores
1087 1851 1204 1915 Christi
1232 1867 1479 1940 sanctorumque
1507 1874 1590 1940 quos
1610 1849 1851 1940 persequendos
1874 1848 2052 1915 credebant

447 1945 583 2031 mnus,
600 1946 716 2035 inquit,
734 1963 929 2037 peccassent,
947 1948 974 2011 si
989 1962 1100 2013 contra
1118 1948 1346 2014 conscientiam
1357 1949 1396 2013 iis
1411 1949 1637 2039 pepercissent.
1655 1978 1669 2006 s

493 2044 530 2107 B.
551 2043 663 2109 Penius
684 2068 753 2111 non
774 2060 881 2110 toturn
906 2067 987 2133 opus
1008 2042 1256 2135 Abaelardiprae
1277 2046 1425 2113 manibus
1440 2046 1575 2129 habuit;
1593 2068 1670 2113 nam
1683 2045 1718 2111 in
1734 2066 1775 2110 ea
1788 2058 1879 2133 parte
1894 2066 1992 2132 qnam
2013 2043 2051 2107 in

450 2139 555 2207 lucem
584 2140 701 2225 edidit,
720 2166 788 2208 non
804 2165 917 2209 omnes
938 2142 1131 2231 questiones
1147 2142 1355 2209 instituuntur
1375 2167 1454 2234 quas
1469 2145 1505 2210 in
1523 2143 1760 2213 Commentario
1777 2141 1818 2209 de
1834 2142 1934 2207 Beato
1949 2138 2050 2205 Paulo

450 2255 558 2304 noster
580 2263 613 2306 se
635 2240 670 2304 in
691 2240 843 2306 Ethicam
857 2263 1019 2308 reservare
1034 2240 1218 2307 declararit.
1242 2242 1401 2309 Praeterea
1414 2240 1584 2332 catalogus
1598 2239 1768 2307 librorum
1784 2238 1861 2304 Mss.
1877 2236 2002 2328 Angliae
2017 2255 2052 2303 et

450 2335 630 2402 Hiberniae¹
665 2338 880 2430 fragmentum
909 2338 1039 2405 alterius
1067 2338 1143 2404 libri
1172 2355 1343 2423 memorat,
1372 2363 1439 2430 quo
1469 2338 1674 2406 manifestum
1698 2352 1747 2402 est
1778 2358 1860 2425 opus
1889 2334 1970 2401 illud
1998 2335 2052 2402 vel

452 2432 590 2515 duobus,
619 2435 670 2501 vel
685 2436 829 2526 pluribus
855 2436 953 2502 etiam
973 2435 1064 2502 libris
1088 2437 1277 2504 constitisse.
1298 2438 1372 2503 Hoc
1388 2436 1604 2528 fragmentum
1620 2433 1714 2500 nobis
1730 2433 1995 2523 comparavimus,
2013 2449 2051 2499 ut

451 2545 634 2597 nuncatum
646 2531 793 2599 libellum
807 2535 965 2622 possimus
976 2535 1139 2616 resarcire,
1156 2550 1189 2600 et
1204 2534 1368 2600 Aboelardi
1383 2557 1482 2624 opera
1497 2534 1560 2599 hac
1571 2532 1684 2601 saltem
1699 2546 1791 2621 parte
1805 2553 1903 2619 quam
1918 2531 2050 2599 minime

451 2626 669 2694 claudicarent
677 2653 693 2705 ,z
711 2646 818 2696 totum
832 2653 910 2697 vero
932 2654 996 2696 una
1022 2647 1147 2696 tantum
1173 2633 1291 2722 pagina
1311 2632 1535 2709 continebatur
1549 2632 1584 2696 in
1600 2628 1711 2699 codice
1726 2629 1783 2718 qrti
1796 2627 2049 2718 supplementum

450 2722 703 2790 Introductionis
728 2726 913 2816 Theclcgiae
927 2728 1021 2792 nobis
1034 2726 1302 2817 suppeditaverat.
1321 2728 1396 2794 Non
1411 2728 1626 2801 dubitavimus
1644 2743 1753 2793 tamen
1770 2724 1852 2799 illud
1872 2724 1967 2793 edere
1979 2743 2053 2815 post

451 2818 571 2885 librum
586 2824 726 2912 primum
743 2847 762 2889 a
778 2826 816 2890 B.
833 2824 928 2891 Penio
944 2823 1065 2913 publici
1075 2824 1156 2910 juris
1168 2825 1299 2908 facum,
1317 2824 1397 2891 nihil
1418 2825 1646 2917 negligendum
1660 2824 1726 2893 rati⁸
1736 2840 1773 2889 ut
1790 2823 1955 2891 Abtelardi
1976 2824 2050 2913 opi·

453 2918 603 2985 nionibus
617 2920 723 2988 lucem
737 2943 902 3013 possemus
918 2921 1044 2987 afferre.

497 3016 607 3101 Quum
626 3019 781 3086 Etlicam
797 3020 1019 3088 commentarii
1041 3018 1082 3087 de
1095 3020 1138 3086 D.
1156 3018 1257 3087 Panlo
1270 3022 1339 3107 jam
1352 3018 1580 3112 polliceantur,
1603 3022 1689 3090 hanc
1709 3034 1821 3112 postea
1842 3019 2051 3110 compositam

452 3116 547 3182 fuisse
562 3119 637 3183 satis
651 3117 763 3208 liquet.
778 3120 831 3186 An
853 3117 1065 3208 Theologiam
1086 3117 1308 3188 Christianam
1330 3135 1476 3208 tempore
1496 3121 1617 3209 pariter
1633 3134 1741 3188 secuta
1759 3118 1819 3198 sit,
1843 3133 1880 3184 ut
1895 3117 2050 3183 existimat

452 3214 549 3280 Dcm.
583 3214 761 3298 clemens2,
790 3238 859 3281 non
881 3238 1049 3305 possumus
1072 3213 1248 3300 affirmare,
1279 3238 1396 3307 nempe
1418 3216 1507 3283 locus
1531 3218 1566 3282 in
1582 3241 1655 3308 cap.
1679 3240 1765 3283 mn
1789 3214 1915 3280 Ethicae
1940 3213 2051 3280 allatus

453 3333 517 3399 quo
540 3313 676 3402 scriptor
691 3312 890 3380 doctissimus
905 3314 1063 3398 innititur,
1084 3338 1152 3378 non
1163 3312 1205 3378 ad
1226 3313 1438 3405 Theolcgiam
1454 3314 1688 3399 Christianam,
1708 3330 1745 3381 ut
1758 3312 1811 3380 ille
1825 3312 2049 3392 arbitrabatur,

454 3407 511 3473 sed
525 3408 567 3475 ad
583 3410 853 3478 Introductionem
873 3412 1057 3501 Theologiae
1072 3428 1120 3478 est
1133 3410 1332 3479 referendus.

1109 3870 1420 3965 PROLOGUS.

504 4135 623 4206 Mores
636 4132 790 4206 dicimus
806 4132 917 4206 animi
929 4134 1014 4207 vitia
1027 4134 1083 4206 vel
1099 4136 1247 4209 virtutes
1257 4161 1337 4234 qua
1350 4160 1419 4208 nos
1434 4134 1482 4209 ad
1498 4135 1594 4212 mala'
1607 4135 1663 4212 vel
1678 4133 1775 4210 bona
1788 4157 1902 4233 opera
1916 4156 2051 4232 pronos

456 4250 629 4324 efficiunt.
653 4256 742 4324 Sunt
762 4266 884 4325 autern
904 4252 991 4326 vitia
1006 4277 1071 4326 seu
1086 4253 1186 4327 bona
1207 4279 1282 4326 non
1304 4255 1591 4348 tantumanimi,
1610 4252 1802 4327 sedetiam
1816 4253 1993 4352 corporis,
2013 4265 2053 4326 nt

456 4371 619 4445 debilitas
637 4373 811 4472 corporis,
828 4371 893 4444 ‘vel
918 4372 1090 4446 fortitudo
1107 4400 1217 4474 quarn
1238 4375 1331 4448 vires
1348 4373 1589 4475 appellamus;
1609 4373 1759 4473 pigredo
1782 4374 1840 4447 vel
1859 4372 2048 4462 velocitas3

450 4491 667 4565 claudicatio
692 4495 749 4566 vel
765 4492 962 4586 rectitud0;
981 4495 1118 4569 caecitas
1138 4495 1194 4568 vel
1217 4496 1320 4568 visio.
1345 4495 1450 4567 Unde
1476 4495 1522 4568 ad
1543 4494 1781 4591 differentiam
1801 4494 1942 4587 talium,
1967 4517 2050 4566 cum

456 4611 609 4686 dicimus
632 4615 729 4706 vitia,
755 4614 991 4711 praemisimus
1014 4643 1024 4687 z
1049 4619 1175 4689 αηίπιί.
1204 4621 1286 4690 Haec
1310 4629 1430 4692 autem
1451 4616 1537 4690 vitia
1561 4614 1695 4688 sedicet
1717 4614 1846 4708 animi,
1871 4613 2051 4690 contraris

455 4746 541 4806 sunt
564 4733 767 4827 virtutibus,
797 4749 838 4804 ut
857 4733 1027 4830 injustitia
1048 4736 1210 4832 justitiae,
1239 4735 1377 4832 ignavia
1402 4735 1628 4828 constantia,
1656 4734 1933 4834 intemperantia
1957 4748 2048 4809 tem·

456 4868 638 4950 perantiae.
660 4896 684 4925 a

496 5033 611 5086 ¹010na
622 5037 694 5100 teat,
705 5035 785 5088 trs-nt.
805 5061 835 5074 -
850 5036 937 5088 'litat
951 5033 1208 5100 titttr.‚t.ti11,paa.
1223 5038 1277 5089 126.
