4559 6100
765 500 1025 592 nonomen
1051 502 1848 593 connutritus

245 667 374 758 iactus,
402 668 588 765 quianon
614 681 737 739 estex
763 665 897 775 nihilo,
924 665 989 739 sed
1015 690 1059 738 ex
1087 671 1165 739 Deo
1196 670 1298 739 Patre
1323 681 1358 738 ct
1382 670 1462 738 Deo
1487 666 1575 739 Filio
1598 671 1695 739 Deus
1698 692 1848 779 proee-

246 787 348 861 dens
360 816 378 856 ιι
403 792 453 859 Ex
472 786 555 859 bis'
546 798 668 882 itaque
687 787 899 859 testimoniis
915 787 1052 858 clarum
1070 800 1123 860 est
1147 788 1317 858 Patrem
1308 811 1428 893 rpsum
1444 784 1595 858 aliarum
1613 798 1849 897 personarum

246 932 391 981 eausam
406 909 481 983 siue
495 906 713 1019 principium
730 906 1004 1006 quodammodo
1022 905 1136 999 dici,
1127 930 1165 977 ιιι
1182 930 1226 977 eo
1243 886 1376 978 scilicet
1392 906 1494 1003 quod
1510 905 1587 978 aliae
1599 906 1679 978 duae
1688 931 1851 1006 personae

245 1051 291 1099 ex
309 1028 479 1126 ipsoesse
495 1008 660 1098 habent:
680 1029 791 1101 altera
809 1026 958 1124 quidem
973 1025 1171 1118 nascendo,
1189 1024 1236 1097 de
1252 1049 1325 1123 qua
1342 1025 1480 1097 dictum
1497 1039 1577 1097 est:
1598 1026 1709 1098 altera
1724 1051 1851 1125 proce·

247 1145 384 1239 dendo,
402 1144 448 1218 de
464 1170 536 1244 qua
551 1146 748 1219 dicendum
764 1154 849 1220 est'.
868 1152 911 1221 Et
928 1171 997 1219 nos
1013 1146 1162 1245 quidem
1178 1169 1325 1217 sensum
1341 1159 1551 1218 sanctorum
1567 1146 1729 1219 virorum
1748 1171 1853 1219 vene·

247 1280 380 1356 rantes,
408 1264 518 1338 verba
544 1290 672 1338 eorum
701 1270 822 1340 minus
848 1292 947 1340 nunc
975 1265 1214 1367 approbanda
1237 1289 1313 1338 esse
1319 1248 1540 1358 censemus,
1569 1280 1610 1338 ιιι
1626 1265 1792 1338 videlicet
1816 1266 1852 1339 id

248 1384 411 1458 dicamus
434 1384 570 1457 habere
587 1386 808 1486 principium
826 1387 927 1501 quod
950 1400 1004 1459 est
1019 1400 1206 1479 aeternum,
1229 1409 1271 1457 ac
1288 1409 1352 1483 per
1372 1384 1498 1455 hoc
1470 1409 1548 1456 stne
1569 1386 1749 1483 principio
1767 1400 1852 1458 est.

249 1492 305 1576 vel
328 1504 367 1576 id
392 1504 554 1577 dicamus
579 1504 714 1578 babere
739 1529 897 1578 causam
908 1505 1009 1604 quod
1035 1512 1111 1579 ιιοιι
1137 1505 1308 1577 convenit
1333 1503 1501 1576 ellectum
1528 1504 1617 1594 dici,
1641 1530 1725 1577 cnm
1753 1505 1854 1579 nullo

250 1622 362 1696 modo
380 1623 473 1696 ellici
493 1626 551 1697 rel
567 1623 644 1697 lieri
658 1627 781 1725 possit,
801 1626 839 1697 id
856 1625 956 1735 quod
973 1626 1075 1698 nullo
1095 1625 1208 1697 modo
1227 1648 1302 1696 non
1320 1648 1397 1695 esse
1413 1638 1546 1723 potest,
1565 1624 1630 1697 sed
1653 1626 1795 1724 penitus
1811 1650 1855 1697 ex

250 1746 458 1817 necessitate
484 1759 548 1817 est.
570 1747 765 1857 Quippe
738 1772 769 1819 ιι
790 1746 831 1820 fit
851 1748 1002 1845 aliquid,
1029 1763 1072 1819 ut
1092 1749 1142 1818 ait
1166 1746 1243 1846 ipse
1265 1769 1414 1843 quoque
1435 1744 1656 1851 Aristoteles,
1687 1771 1762 1817 non
1786 1761 1852 1818 est.

250 1853 330 1963 lpse
353 1865 463 1937 etiarn
482 1867 702 2003 Augustinus
717 1892 784 1939 nec
802 1869 870 1940 ista
886 1868 996 1941 rerba
1014 1892 1090 1940 sese
1109 1864 1313 2003 approbare
1329 1867 1414 1938 satis
1430 1865 1601 1957 insinuat,
1628 1802 1691 1937 ubi
1707 1888 1855 1938 omnem

249 2008 396 2095 causam
412 1985 578 2085 superius
600 1985 818 2059 efficientem
840 1987 992 2082 dixerat,
1020 2002 1055 2060 et
1073 1987 1248 2084 majorem
1264 2010 1340 2057 esse
1367 1985 1494 2057 ellectu
1514 2011 1611 2058 suo:
1634 2009 1677 2057 ac
1698 2009 1764 2085 per
1784 1985 1857 2056 hoc

249 2087 399 2176 omnem
425 2112 571 2177 eausam
595 2129 617 2177 a
638 2106 824 2180 voluntate
848 2109 916 2180 Dei
938 2110 1115 2199 removet,
1144 2120 1182 2179 ιιι
1204 2100 1478 2178 ιιιιιιιίιιιειιιιι
1496 2119 1713 2177 causaesset
1728 2105 1858 2177 diriuae

252 2222 458 2297 voluntatis.
479 2226 551 2313 Qui
568 2208 677 2298 etiam
695 2227 731 2297 in
754 2228 833 2325 ipso
851 2226 943 2299 libro
963 2226 1006 2298 de
1021 2230 1213 2317 Τιιιιιίιιισ,4
1232 2225 1295 2329 ubi
1312 2224 1514 2324 specialiter
1530 2223 1576 2296 de
1595 2224 1672 2324 ipsa
1688 2226 1858 2296 'trinitate

250 2340 402 2415 delinire
427 2344 603 2437 intendit,
633 2347 811 2418 incertum
843 2346 949 2420 nobis
976 2347 1121 2446 reliquit
1146 2345 1248 2445 quod
1273 2368 1431 2418 asserere
1456 2358 1614 2416 nonest
1639 2368 1767 2433 ausus,
1795 2344 1859 2416 sed

253 2460 453 2535 dubitative
483 2402 635 2569 ιιιοιιιιιι
663 2489 706 2538 ac
728 2465 797 2571 sub
818 2468 1019 2569 quastione
1044 2467 1203 2540 deseruit
1232 2490 1279 2537 an
1307 2454 1476 2538 videlicet
1502 2470 1606 2536 Pater
1637 2465 1857 2564 principium

212 2682 216 2689 Ι
250 2580 426 2654 dicendus
448 2585 492 2655 sit
509 2583 660 2657 aliarum
678 2608 930 2693 personarum.
952 2588 1160 2722 Aitquippe
1177 2587 1228 2657 sic
1246 2562 1296 2656 ibi
1311 2584 1452 2688 libroV
1457 2585 1743 2683 ,capitulorum
1766 2585 1858 2656 «Di-

249 2703 343 2774 oitur
364 2703 510 2777 relative
532 2708 636 2777 Pater
658 2705 828 2841 idemque
849 2708 995 2780 relative
1020 2707 1254 2809 principium.
1281 2704 1353 2777 Sed
1378 2708 1482 2778 Pater
1503 2705 1548 2777 ad
1567 2705 1695 2776 Filium
1713 2702 1856 2795 dicitur,

251 2822 471 2922 principium
493 2848 581 2895 vero
602 2823 649 2896 ad
676 2826 800 2899 omnia
821 2850 900 2924 quae
926 2827 1009 2899 ab
1000 2850 1080 2928 rpso
1103 2841 1200 2899 sunt.
1219 2828 1384 2898 sltem:
1412 2853 1430 2894 ιι
1445 2828 1488 2896 Et
1508 2824 1729 2924 principium
1752 2824 1861 2899 Filius

250 2938 394 3013 dicitur.
413 2946 506 3014 Cum
531 2945 629 3015 enim'
648 2944 877 3017 diceretur
846 2971 913 3020 er:
932 2952 999 3037 Tu,
1019 2950 1101 3046 quis
1118 2973 1156 3019 es
1168 2942 1452 3044 ιΙιιιιιοιιιιιιί
1471 2945 1721 3044 «Principium
1744 2947 1810 3081 qui
1825 2962 1863 3019 et

252 3059 383 3159 loquor
400 3062 516 3134 vobis
532 3094 551 3130 ι
570 3061 780 3138 Creatorem
797 3068 933 3202 quippe
948 3093 986 3140 se
998 3067 1188 3140 ostendere
1204 3066 1331 3156 voluit,
1356 3088 1440 3135 cum
1457 3085 1495 3136 se
1511 3063 1642 3137 dixerit
1661 3090 1738 3137 esse
1756 3066 1863 3163 prin-

252 3180 406 3278 cipium3
434 3165 526 3254 sicut
551 3198 587 3255 et
612 3188 717 3256 Pater
735 3186 954 3284 principium
980 3202 1042 3259 est
1058 3200 1247 3277 creaturae,
1268 3183 1370 3282 quod
1394 3182 1476 3254 ab
1466 3207 1546 3281 tpso
1573 3198 1658 3256 sunt
1683 3185 1819 3257 omnia.
1838 3211 1856 3253 ιι

254 3301 368 3371 Item.
391 3304 546 3376 ιιιιιιιιιι
569 3326 655 3398 ergo
678 3303 902 3408 principium
920 3305 997 3377 ad
991 3321 1196 3408 creaturam
1221 3302 1350 3376 dicitur
1366 3305 1493 3394 Deus,
1505 3325 1580 3374 uon
1604 3302 1694 3397 duo,
1714 3304 1771 3377 vel
1791 3305 1865 3379 tria'

297 3525 492 3592 lohannes
511 3527 755 3618 chrysostomus
777 3553 874 3621 super
895 3530 1064 3621 epistolam
1085 3453 1180 3595 Pauli
1200 3528 1243 3594 ad
1266 3527 1423 3598 Hebraeos
1438 3526 1594 3592 Sermone
1616 3551 1680 3593 ιι.
1703 3559 1717 3586 ι
1733 3528 1860 3596 Sadech

247 3622 380 3707 justitia
402 3623 530 3708 ιιιιιιιιιι,
559 3625 686 3694 Melcha
710 3651 788 3696 vero
810 3651 880 3700 rex
916 3628 1156 3704 Melcltisedecb
1180 3651 1261 3719 ergo
1280 3650 1338 3696 rex
1357 3626 1499 3712 justitie.
1532 3624 1706 3706 Quomodo
1732 3628 1860 3696 initiam

254 3719 380 3785 dierum
412 3745 518 3812 neque
548 3722 646 3790 finem
668 3726 741 3828 vita
765 3725 898 3822 babuit,
920 3721 1124 3839 ιιιιοιιιιιιιο
1115 3751 1150 3794 ιιι
1178 3749 1218 3792 eo
1242 3749 1310 3794 ιιοιι
1334 3739 1382 3789 est
1414 3738 1542 3788 narrata
1573 3724 1781 3815 genealogia,
1816 3727 1861 3793 sic

253 3833 286 3882 et
298 3819 451 3892 Christo
443 3844 511 3910 rpsa
527 3838 642 3886 natura
664 3819 712 3890 rei
728 3840 761 3889 et
774 3825 842 3890 sine
858 3827 951 3890 initio
972 3841 1006 3891 et
1021 3827 1088 3889 sine
1104 3821 1168 3887 fine
1185 3838 1244 3888 est.
1263 3822 1351 3886 Sicut
1366 3820 1454 3885 enim
1470 3819 1559 3885 istius
1574 3820 1732 3886 nescimus
1750 3845 1860 3936 neque

252 3907 379 3981 initium
399 3918 525 3984 dierum
543 3935 653 4020 neque
676 3921 779 3986 finem
791 3924 865 3987 vitre
880 3972 889 4005 ,
907 3923 997 4014 quod
1013 3947 1080 3987 non
1097 3922 1137 3985 sit
1152 3921 1324 4011 scriptum,
1340 3918 1384 3982 sic
1400 3932 1434 3982 et
1450 3917 1608 3982 nescimus
1624 3916 1695 3981 Filii
1716 3915 1803 3984 vel
1794 3923 1859 3985 mi-

253 4014 333 4078 tium
350 4014 401 4080 vol
414 4007 558 4081 fiuemsi
552 4020 681 4084 Ιιιιιιιι
699 4022 903 4086 «Inmeris
880 4043 948 4087 sme
964 4022 1057 4087 initio
1072 4020 1203 4097 Filium,
1224 4041 1291 4083 ιιοιι
1307 4016 1382 4106 qnia
1398 4037 1465 4079 ιιοιι
1481 4015 1582 4080 babet
1597 4037 1726 4080 eausam
1739 4039 1781 4082 ex
1795 4041 1861 4133 qua

253 4112 312 4196 sit,
326 4113 426 4184 hoc
405 4115 492 4184 enini
508 4115 704 4230 impossibile
716 4136 775 4186 est.
796 4120 907 4186 Habet
916 4141 1057 4211 namque
1071 4119 1213 4195 Patrem,
1228 4116 1373 4206 alioquin
1385 4113 1553 4204 quomodo
1568 4113 1688 4180 Filius?
1703 4115 1768 4181 Sed
1783 4118 1873 4206 quiav

256 4233 323 4275 non
337 4213 503 4300 habebat
494 4216 624 4298 ιιιιιιιιιιι
639 4218 731 4296 vitae,
750 4242 856 4308 neque
871 4218 1020 4287 finem.»

298 4309 348 4374 Ex
361 4309 446 4376 libro
457 4311 681 4396 Quaestionum
696 4317 812 4383 Orosii.
831 4317 884 4381 Ad
901 4318 1114 4412 Augustinum
1129 4281 1281 4380 Orosius:
1273 4271 1475 4386 ·Voldntate
1487 4312 1599 4423 genuit
1613 4311 1708 4377 Pater
1725 4310 1855 4392 Filium
1847 4367 1875 4410 ι

255 4429 297 4471 an
312 4409 524 4475 necessitate?
543 4412 749 4530 Augustinus.
769 4414 838 4480 Nec
856 4413 1035 4491 voluntate
1056 4438 1115 4481 nec
1131 4413 1346 4478 necessitate.
1361 4411 1436 4498 quia
1454 4410 1624 4474 necessitas
1644 4409 1682 4476 ιιι
1704 4411 1774 4477 Deo
1792 4435 1859 4476 non

253 4518 304 4567 est
315 4507 466 4594 ,praeite
470 4507 619 4574 voluntas
637 4511 825 4600 sapientiam
842 4533 909 4577 ιιοιι
930 4521 1048 4604 potest.
1074 4513 1175 4604 Igitur
1191 4511 1278 4626 prius
1293 4511 1341 4574 est
1358 4505 1591 4572 rationabiliter
1608 4530 1734 4595 sapere,
1762 4531 1858 4597 quam

253 4552 590 4674 ratibnabilitervelle.
604 4607 690 4672 Nam
703 4609 835 4697 quidam
847 4627 1003 4692 noemam,
1018 4631 1092 4676 cum
1106 4631 1182 4675 eum
1196 4609 1422 4696 interrogasset
1433 4605 1616 4682 haereticus,
1628 4618 1738 4669 utrum
1747 4605 1876 4670 votens=

255 4720 298 4764 an
313 4697 427 4766 uolens
440 4705 585 4792 genuerit
596 4706 691 4771 Pater
698 4705 1049 4778 demllaudabrbter
1062 4705 1264 4797 respondisse
1282 4703 1394 4779 fertur
1414 4703 1485 4779 Dic,
1496 4703 1622 4814 inquit,
1642 4718 1676 4765 et
1691 4719 1738 4777 tn,
1756 4703 1875 4772 haere-1

255 4795 332 4871 tice,
350 4797 438 4864 Deus
459 4799 555 4865 Pater
570 4803 755 4872 necessitate
777 4819 824 4869 est
838 4803 942 4882 Deus,
961 4828 1005 4868 an
1020 4802 1207 4872 voluntate?
1226 4802 1259 4866 Si
1284 4801 1415 4866 dixisset
1435 4801 1639 4890 necessitate,
1667 4799 1876 4889 sequebatur:

254 4893 384 4981 grandis
398 4875 603 5020 absurditas.
595 4900 829 4985 srvoluntate,
841 4902 1097 4992 respondebatur
1110 4902 1180 4966 ιιιι
1195 4901 1281 4992 Ergo
1299 4898 1462 4964 voluntate
1473 4912 1521 4962 est
1532 4898 1628 4970 Deus
1646 4920 1713 4962 ιιοιι
1724 4913 1853 4963 natura

289 5096 414 5205 dom,
401 5158 456 5209 etp.
470 5133 522 5209 ιιιι,
535 5163 558 5202 ι.
567 5153 608 5203 25.

376 5254 400 5292 ιι
1702 5244 1740 5301 67
