<?xml version="1.0" encoding="UTF-8"?>
<!DOCTYPE html PUBLIC "-//W3C//DTD XHTML 1.0 Transitional//EN"
    "http://www.w3.org/TR/xhtml1/DTD/xhtml1-transitional.dtd">
<html xmlns="http://www.w3.org/1999/xhtml" xml:lang="en" lang="en">
 <head>
  <title>
</title>
<meta http-equiv="Content-Type" content="text/html;charset=utf-8" />
  <meta name='ocr-system' content='tesseract 3.04.00' />
  <meta name='ocr-capabilities' content='ocr_page ocr_carea ocr_par ocr_line ocrx_word'/>
</head>
<body>
  <div class='ocr_page' id='page_1' title='image "./petriablardiope00despgoog_0534.png"; bbox 0 0 4559 6100; ppageno 0'>
   <div class='ocr_carea' id='block_1_1' title="bbox 452 470 2060 731">
    <p class='ocr_par' dir='ltr' id='par_1_1' title="bbox 452 470 2060 731">
     <span class='ocr_line' id='line_1_1' title="bbox 452 470 1449 559; baseline -0.015 0"><span class='ocrx_word' id='word_1_1' title='bbox 452 483 526 559; x_wconf 79' lang='lat' dir='ltr'>tat</span> <span class='ocrx_word' id='word_1_2' title='bbox 1055 472 1188 547; x_wconf 72' lang='lat' dir='ltr'>ruunt</span> <span class='ocrx_word' id='word_1_3' title='bbox 1212 470 1449 545; x_wconf 71' lang='lat' dir='ltr'>tentatur</span> 
     </span>
     <span class='ocr_line' id='line_1_2' title="bbox 452 621 2060 731; baseline -0.002 -25"><span class='ocrx_word' id='word_1_4' title='bbox 452 659 528 709; x_wconf 89' lang='lat' dir='ltr'>non</span> <span class='ocrx_word' id='word_1_5' title='bbox 545 632 593 705; x_wconf 91' lang='lat' dir='ltr'>ad</span> <span class='ocrx_word' id='word_1_6' title='bbox 612 626 852 731; x_wconf 84' lang='lat' dir='ltr'>probandum.</span> <span class='ocrx_word' id='word_1_7' title='bbox 860 623 1004 703; x_wconf 82' lang='lat' dir='ltr'>ridetur</span> <span class='ocrx_word' id='word_1_8' title='bbox 1019 621 1124 720; x_wconf 83' lang='lat' dir='ltr'>quod</span> <span class='ocrx_word' id='word_1_9' title='bbox 1140 621 1289 697; x_wconf 87' lang='lat' dir='ltr'>beatum</span> <span class='ocrx_word' id='word_1_10' title='bbox 1305 622 1547 719; x_wconf 73' lang='lat' dir='ltr'>augustinum</span> <span class='ocrx_word' id='word_1_11' title='bbox 1569 621 1810 721; x_wconf 83' lang='lat' dir='ltr'>supradixisse</span> <span class='ocrx_word' id='word_1_12' title='bbox 1835 647 2060 703; x_wconf 82' lang='lat' dir='ltr'>commemo·</span> 
     </span>
    </p>
   </div>
   <div class='ocr_carea' id='block_1_2' title="bbox 449 741 2060 1324">
    <p class='ocr_par' dir='ltr' id='par_1_2' title="bbox 449 741 2060 1324">
     <span class='ocr_line' id='line_1_3' title="bbox 451 741 2057 842; baseline -0.004 -17"><span class='ocrx_word' id='word_1_13' title='bbox 451 754 610 829; x_wconf 75' lang='lat' dir='ltr'><strong>ravimus</strong></span> <span class='ocrx_word' id='word_1_14' title='bbox 627 747 720 825; x_wconf 65' lang='lat' dir='ltr'>ilde</span> <span class='ocrx_word' id='word_1_15' title='bbox 740 748 916 827; x_wconf 63' lang='lat' dir='ltr'>Trinitatis</span> <span class='ocrx_word' id='word_1_16' title='bbox 937 741 1049 832; x_wconf 85' lang='lat' dir='ltr'>libro,</span> <span class='ocrx_word' id='word_1_17' title='bbox 1076 742 1201 840; x_wconf 63' lang='lat' dir='ltr'>‚camis</span> <span class='ocrx_word' id='word_1_18' title='bbox 1226 764 1311 834; x_wconf 82' lang='lat' dir='ltr'>vsu,</span> <span class='ocrx_word' id='word_1_19' title='bbox 1334 755 1475 817; x_wconf 78' lang='lat' dir='ltr'>mutam</span> <span class='ocrx_word' id='word_1_20' title='bbox 1502 741 1669 817; x_wconf 87' lang='lat' dir='ltr'>videlicet</span> <span class='ocrx_word' id='word_1_21' title='bbox 1695 742 1769 815; x_wconf 89' lang='lat' dir='ltr'>vim</span> <span class='ocrx_word' id='word_1_22' title='bbox 1796 766 1874 819; x_wconf 85' lang='lat' dir='ltr'>esse</span> <span class='ocrx_word' id='word_1_23' title='bbox 1896 746 2057 842; x_wconf 78' lang='lat' dir='ltr'>ejusdem</span> 
     </span>
     <span class='ocr_line' id='line_1_4' title="bbox 449 840 2058 965; baseline -0.006 -14"><span class='ocrx_word' id='word_1_24' title='bbox 449 872 659 951; x_wconf 82' lang='lat' dir='ltr'>substantiae</span> <span class='ocrx_word' id='word_1_25' title='bbox 674 871 712 943; x_wconf 89' lang='lat' dir='ltr'>in</span> <span class='ocrx_word' id='word_1_26' title='bbox 725 874 828 943; x_wconf 89' lang='lat' dir='ltr'>Patre</span> <span class='ocrx_word' id='word_1_27' title='bbox 842 878 877 939; x_wconf 91' lang='lat' dir='ltr'>et</span> <span class='ocrx_word' id='word_1_28' title='bbox 888 840 979 937; x_wconf 83' lang='lat' dir='ltr'>Filio</span> <span class='ocrx_word' id='word_1_29' title='bbox 996 878 1031 937; x_wconf 86' lang='lat' dir='ltr'>ct</span> <span class='ocrx_word' id='word_1_30' title='bbox 1044 862 1177 960; x_wconf 84' lang='lat' dir='ltr'>Spiritu</span> <span class='ocrx_word' id='word_1_31' title='bbox 1204 875 1344 952; x_wconf 87' lang='lat' dir='ltr'>sancto,</span> <span class='ocrx_word' id='word_1_32' title='bbox 1367 875 1406 935; x_wconf 90' lang='lat' dir='ltr'>ut</span> <span class='ocrx_word' id='word_1_33' title='bbox 1421 860 1601 961; x_wconf 85' lang='lat' dir='ltr'>quidquid</span> <span class='ocrx_word' id='word_1_34' title='bbox 1618 861 1664 936; x_wconf 94' lang='lat' dir='ltr'>de</span> <span class='ocrx_word' id='word_1_35' title='bbox 1682 863 1832 960; x_wconf 88' lang='lat' dir='ltr'>singulis</span> <span class='ocrx_word' id='word_1_36' title='bbox 1853 864 1900 939; x_wconf 91' lang='lat' dir='ltr'>ad</span> <span class='ocrx_word' id='word_1_37' title='bbox 1921 867 2058 965; x_wconf 86' lang='lat' dir='ltr'>seipsos</span> 
     </span>
     <span class='ocr_line' id='line_1_5' title="bbox 450 981 2059 1087; baseline -0.004 -20"><span class='ocrx_word' id='word_1_38' title='bbox 450 991 598 1082; x_wconf 86' lang='lat' dir='ltr'>dicitur,</span> <span class='ocrx_word' id='word_1_39' title='bbox 627 1013 703 1065; x_wconf 91' lang='lat' dir='ltr'>non</span> <span class='ocrx_word' id='word_1_40' title='bbox 729 984 914 1087; x_wconf 74' lang='lat' dir='ltr'><strong>pluraliter</strong></span> <span class='ocrx_word' id='word_1_41' title='bbox 937 984 975 1057; x_wconf 88' lang='lat' dir='ltr'>in</span> <span class='ocrx_word' id='word_1_42' title='bbox 997 1007 1153 1074; x_wconf 89' lang='lat' dir='ltr'>summa,</span> <span class='ocrx_word' id='word_1_43' title='bbox 1179 981 1244 1059; x_wconf 86' lang='lat' dir='ltr'>sed</span> <span class='ocrx_word' id='word_1_44' title='bbox 1266 982 1493 1081; x_wconf 74' lang='lat' dir='ltr'>singulariter</span> <span class='ocrx_word' id='word_1_45' title='bbox 1518 982 1726 1081; x_wconf 76' lang='lat' dir='ltr'>accipiatur.</span> <span class='ocrx_word' id='word_1_46' title='bbox 1754 985 1826 1073; x_wconf 86' lang='lat' dir='ltr'>Qui</span> <span class='ocrx_word' id='word_1_47' title='bbox 1845 985 1954 1061; x_wconf 68' lang='lat' dir='ltr'>mium</span> <span class='ocrx_word' id='word_1_48' title='bbox 1974 1012 2059 1061; x_wconf 77' lang='lat' dir='ltr'>cun</span> 
     </span>
     <span class='ocr_line' id='line_1_6' title="bbox 452 1102 2060 1208; baseline -0.006 -17"><span class='ocrx_word' id='word_1_49' title='bbox 452 1111 589 1191; x_wconf 86' lang='lat' dir='ltr'><strong>ibidem</strong></span> <span class='ocrx_word' id='word_1_50' title='bbox 612 1112 650 1185; x_wconf 90' lang='lat' dir='ltr'>in</span> <span class='ocrx_word' id='word_1_51' title='bbox 672 1109 747 1187; x_wconf 86' lang='lat' dir='ltr'>fine</span> <span class='ocrx_word' id='word_1_52' title='bbox 762 1105 998 1208; x_wconf 82' lang='lat' dir='ltr'>praecedentis</span> <span class='ocrx_word' id='word_1_53' title='bbox 1018 1102 1167 1203; x_wconf 86' lang='lat' dir='ltr'>capituli</span> <span class='ocrx_word' id='word_1_54' title='bbox 1191 1102 1427 1196; x_wconf 73' lang='lat' dir='ltr'>submisisset,</span> <span class='ocrx_word' id='word_1_55' title='bbox 1447 1105 1533 1203; x_wconf 90' lang='lat' dir='ltr'>quia</span> <span class='ocrx_word' id='word_1_56' title='bbox 1550 1104 1643 1181; x_wconf 85' lang='lat' dir='ltr'>sicut</span> <span class='ocrx_word' id='word_1_57' title='bbox 1657 1104 1766 1179; x_wconf 80' lang='lat' dir='ltr'>Filius</span> <span class='ocrx_word' id='word_1_58' title='bbox 1787 1104 1835 1179; x_wconf 89' lang='lat' dir='ltr'>ad</span> <span class='ocrx_word' id='word_1_59' title='bbox 1851 1111 2008 1200; x_wconf 80' lang='lat' dir='ltr'>Patrem,</span> <span class='ocrx_word' id='word_1_60' title='bbox 2024 1124 2060 1182; x_wconf 85' lang='lat' dir='ltr'>et</span> 
     </span>
     <span class='ocr_line' id='line_1_7' title="bbox 453 1223 2060 1324; baseline -0.004 -15"><span class='ocrx_word' id='word_1_61' title='bbox 453 1256 530 1309; x_wconf 86' lang='lat' dir='ltr'>nnn</span> <span class='ocrx_word' id='word_1_62' title='bbox 551 1231 662 1307; x_wconf 86' lang='lat' dir='ltr'>Filius</span> <span class='ocrx_word' id='word_1_63' title='bbox 684 1229 731 1305; x_wconf 86' lang='lat' dir='ltr'>ad</span> <span class='ocrx_word' id='word_1_64' title='bbox 751 1253 829 1305; x_wconf 88' lang='lat' dir='ltr'>nou</span> <span class='ocrx_word' id='word_1_65' title='bbox 851 1231 993 1301; x_wconf 84' lang='lat' dir='ltr'>Patrem</span> <span class='ocrx_word' id='word_1_66' title='bbox 1011 1223 1177 1315; x_wconf 73' lang='lat' dir='ltr'>refertur,</span> <span class='ocrx_word' id='word_1_67' title='bbox 1204 1224 1253 1303; x_wconf 85' lang='lat' dir='ltr'>ita</span> <span class='ocrx_word' id='word_1_68' title='bbox 1271 1224 1413 1320; x_wconf 89' lang='lat' dir='ltr'>genitus</span> <span class='ocrx_word' id='word_1_69' title='bbox 1433 1225 1481 1301; x_wconf 91' lang='lat' dir='ltr'>ad</span> <span class='ocrx_word' id='word_1_70' title='bbox 1497 1225 1696 1323; x_wconf 75' lang='lat' dir='ltr'>genitorem</span> <span class='ocrx_word' id='word_1_71' title='bbox 1713 1239 1750 1299; x_wconf 85' lang='lat' dir='ltr'>et</span> <span class='ocrx_word' id='word_1_72' title='bbox 1764 1246 1840 1299; x_wconf 90' lang='lat' dir='ltr'>non</span> <span class='ocrx_word' id='word_1_73' title='bbox 1858 1228 1998 1324; x_wconf 76' lang='lat' dir='ltr'>genium</span> <span class='ocrx_word' id='word_1_74' title='bbox 2013 1229 2060 1303; x_wconf 89' lang='lat' dir='ltr'>ad</span> 
     </span>
    </p>
   </div>
   <div class='ocr_carea' id='block_1_3' title="bbox 447 1344 2059 4930">
    <p class='ocr_par' dir='ltr' id='par_1_3' title="bbox 450 1344 2059 2286">
     <span class='ocr_line' id='line_1_8' title="bbox 453 1344 2059 1449; baseline -0.003 -21"><span class='ocrx_word' id='word_1_75' title='bbox 453 1377 530 1429; x_wconf 90' lang='lat' dir='ltr'>uon</span> <span class='ocrx_word' id='word_1_76' title='bbox 554 1352 755 1449; x_wconf 76' lang='lat' dir='ltr'>genitorem</span> <span class='ocrx_word' id='word_1_77' title='bbox 772 1347 946 1425; x_wconf 76' lang='lat' dir='ltr'>reiciatur</span> <span class='ocrx_word' id='word_1_78' title='bbox 967 1368 1113 1421; x_wconf 74' lang='lat' dir='ltr'>amessa</span> <span class='ocrx_word' id='word_1_79' title='bbox 1131 1345 1340 1441; x_wconf 66' lang='lat' dir='ltr'>analaugn</span> <span class='ocrx_word' id='word_1_80' title='bbox 1360 1344 1463 1423; x_wconf 87' lang='lat' dir='ltr'>aliter</span> <span class='ocrx_word' id='word_1_81' title='bbox 1481 1368 1594 1444; x_wconf 85' lang='lat' dir='ltr'>quam</span> <span class='ocrx_word' id='word_1_82' title='bbox 1617 1368 1687 1419; x_wconf 87' lang='lat' dir='ltr'>nos</span> <span class='ocrx_word' id='word_1_83' title='bbox 1709 1346 1890 1420; x_wconf 83' lang='lat' dir='ltr'>soleamus</span> <span class='ocrx_word' id='word_1_84' title='bbox 1913 1346 2059 1423; x_wconf 84' lang='lat' dir='ltr'>relativa</span> 
     </span>
     <span class='ocr_line' id='line_1_9' title="bbox 451 1464 2058 1561; baseline -0.002 -17"><span class='ocrx_word' id='word_1_85' title='bbox 451 1471 556 1560; x_wconf 85' lang='lat' dir='ltr'>dixit,</span> <span class='ocrx_word' id='word_1_86' title='bbox 576 1496 651 1543; x_wconf 92' lang='lat' dir='ltr'>non</span> <span class='ocrx_word' id='word_1_87' title='bbox 668 1469 798 1541; x_wconf 88' lang='lat' dir='ltr'>Filium</span> <span class='ocrx_word' id='word_1_88' title='bbox 814 1483 851 1540; x_wconf 90' lang='lat' dir='ltr'>et</span> <span class='ocrx_word' id='word_1_89' title='bbox 867 1490 943 1540; x_wconf 88' lang='lat' dir='ltr'>non</span> <span class='ocrx_word' id='word_1_90' title='bbox 963 1470 1119 1557; x_wconf 88' lang='lat' dir='ltr'>Patrem,</span> <span class='ocrx_word' id='word_1_91' title='bbox 1140 1478 1176 1536; x_wconf 87' lang='lat' dir='ltr'>et</span> <span class='ocrx_word' id='word_1_92' title='bbox 1191 1487 1267 1535; x_wconf 92' lang='lat' dir='ltr'>non</span> <span class='ocrx_word' id='word_1_93' title='bbox 1284 1464 1445 1561; x_wconf 88' lang='lat' dir='ltr'>genitum</span> <span class='ocrx_word' id='word_1_94' title='bbox 1463 1479 1500 1537; x_wconf 87' lang='lat' dir='ltr'>et</span> <span class='ocrx_word' id='word_1_95' title='bbox 1520 1488 1596 1536; x_wconf 88' lang='lat' dir='ltr'>non</span> <span class='ocrx_word' id='word_1_96' title='bbox 1613 1464 1829 1560; x_wconf 84' lang='lat' dir='ltr'>genitorem,</span> <span class='ocrx_word' id='word_1_97' title='bbox 1847 1489 1932 1539; x_wconf 79' lang='lat' dir='ltr'>curm</span> <span class='ocrx_word' id='word_1_98' title='bbox 1950 1467 1987 1539; x_wconf 92' lang='lat' dir='ltr'>in</span> <span class='ocrx_word' id='word_1_99' title='bbox 2003 1468 2058 1542; x_wconf 91' lang='lat' dir='ltr'>his</span> 
     </span>
     <span class='ocr_line' id='line_1_10' title="bbox 452 1582 2058 1684; baseline -0.007 -15"><span class='ocrx_word' id='word_1_100' title='bbox 452 1590 665 1669; x_wconf 87' lang='lat' dir='ltr'>nominibus</span> <span class='ocrx_word' id='word_1_101' title='bbox 686 1586 910 1684; x_wconf 81' lang='lat' dir='ltr'>abnegativis</span> <span class='ocrx_word' id='word_1_102' title='bbox 930 1585 1044 1683; x_wconf 86' lang='lat' dir='ltr'>magis</span> <span class='ocrx_word' id='word_1_103' title='bbox 1067 1582 1259 1659; x_wconf 80' lang='lat' dir='ltr'>relationes</span> <span class='ocrx_word' id='word_1_104' title='bbox 1283 1597 1556 1675; x_wconf 74' lang='lat' dir='ltr'>removeantur,</span> <span class='ocrx_word' id='word_1_105' title='bbox 1581 1607 1694 1681; x_wconf 86' lang='lat' dir='ltr'>qnam</span> <span class='ocrx_word' id='word_1_106' title='bbox 1719 1583 1965 1677; x_wconf 85' lang='lat' dir='ltr'>conserantur,</span> <span class='ocrx_word' id='word_1_107' title='bbox 1991 1611 2058 1659; x_wconf 86' lang='lat' dir='ltr'>nec</span> 
     </span>
     <span class='ocr_line' id='line_1_11' title="bbox 453 1701 2058 1795; baseline -0.004 -9"><span class='ocrx_word' id='word_1_108' title='bbox 453 1712 664 1787; x_wconf 82' lang='lat' dir='ltr'>naturaliter</span> <span class='ocrx_word' id='word_1_109' title='bbox 677 1710 745 1785; x_wconf 90' lang='lat' dir='ltr'>ista</span> <span class='ocrx_word' id='word_1_110' title='bbox 766 1706 873 1785; x_wconf 85' lang='lat' dir='ltr'>simul</span> <span class='ocrx_word' id='word_1_111' title='bbox 889 1705 1048 1781; x_wconf 83' lang='lat' dir='ltr'>habeant</span> <span class='ocrx_word' id='word_1_112' title='bbox 1066 1728 1155 1795; x_wconf 88' lang='lat' dir='ltr'>esse,</span> <span class='ocrx_word' id='word_1_113' title='bbox 1181 1702 1274 1776; x_wconf 87' lang='lat' dir='ltr'>sieut</span> <span class='ocrx_word' id='word_1_114' title='bbox 1290 1702 1337 1775; x_wconf 88' lang='lat' dir='ltr'>de</span> <span class='ocrx_word' id='word_1_115' title='bbox 1359 1701 1516 1776; x_wconf 89' lang='lat' dir='ltr'>relativis</span> <span class='ocrx_word' id='word_1_116' title='bbox 1533 1716 1687 1779; x_wconf 84' lang='lat' dir='ltr'>constat.</span> <span class='ocrx_word' id='word_1_117' title='bbox 1706 1708 1788 1779; x_wconf 85' lang='lat' dir='ltr'>Non</span> <span class='ocrx_word' id='word_1_118' title='bbox 1804 1706 1903 1779; x_wconf 88' lang='lat' dir='ltr'>enim</span> <span class='ocrx_word' id='word_1_119' title='bbox 1915 1729 2058 1780; x_wconf 74' lang='lat' dir='ltr'>neoeme</span> 
     </span>
     <span class='ocr_line' id='line_1_12' title="bbox 452 1821 2057 1927; baseline -0.004 -22"><span class='ocrx_word' id='word_1_120' title='bbox 452 1845 507 1905; x_wconf 89' lang='lat' dir='ltr'>est</span> <span class='ocrx_word' id='word_1_121' title='bbox 522 1844 563 1906; x_wconf 89' lang='lat' dir='ltr'>ut</span> <span class='ocrx_word' id='word_1_122' title='bbox 578 1832 609 1911; x_wconf 88' lang='lat' dir='ltr'>si</span> <span class='ocrx_word' id='word_1_123' title='bbox 626 1829 748 1927; x_wconf 87' lang='lat' dir='ltr'>aliqua</span> <span class='ocrx_word' id='word_1_124' title='bbox 760 1850 819 1903; x_wconf 84' lang='lat' dir='ltr'>res</span> <span class='ocrx_word' id='word_1_125' title='bbox 834 1827 880 1899; x_wconf 85' lang='lat' dir='ltr'>sit</span> <span class='ocrx_word' id='word_1_126' title='bbox 895 1849 971 1903; x_wconf 89' lang='lat' dir='ltr'>non</span> <span class='ocrx_word' id='word_1_127' title='bbox 988 1847 1179 1922; x_wconf 78' lang='lat' dir='ltr'>generans,</span> <span class='ocrx_word' id='word_1_128' title='bbox 1195 1823 1241 1899; x_wconf 88' lang='lat' dir='ltr'>sit</span> <span class='ocrx_word' id='word_1_129' title='bbox 1258 1821 1380 1922; x_wconf 89' lang='lat' dir='ltr'>aliqua</span> <span class='ocrx_word' id='word_1_130' title='bbox 1393 1848 1469 1897; x_wconf 89' lang='lat' dir='ltr'>non</span> <span class='ocrx_word' id='word_1_131' title='bbox 1486 1824 1618 1921; x_wconf 88' lang='lat' dir='ltr'>genita,</span> <span class='ocrx_word' id='word_1_132' title='bbox 1637 1823 1696 1897; x_wconf 89' lang='lat' dir='ltr'>vel</span> <span class='ocrx_word' id='word_1_133' title='bbox 1711 1849 1732 1897; x_wconf 90' lang='lat' dir='ltr'>e</span> <span class='ocrx_word' id='word_1_134' title='bbox 1747 1849 1939 1901; x_wconf 85' lang='lat' dir='ltr'>converso.</span> <span class='ocrx_word' id='word_1_135' title='bbox 1957 1829 2057 1914; x_wconf 84' lang='lat' dir='ltr'>Quo·</span> 
     </span>
     <span class='ocr_line' id='line_1_13' title="bbox 450 1942 2058 2048; baseline -0.006 -19"><span class='ocrx_word' id='word_1_136' title='bbox 450 1950 540 2029; x_wconf 78' lang='lat' dir='ltr'>dam</span> <span class='ocrx_word' id='word_1_137' title='bbox 551 1951 673 2048; x_wconf 88' lang='lat' dir='ltr'>itaque</span> <span class='ocrx_word' id='word_1_138' title='bbox 688 1947 802 2023; x_wconf 89' lang='lat' dir='ltr'>modo</span> <span class='ocrx_word' id='word_1_139' title='bbox 809 1946 959 2023; x_wconf 84' lang='lat' dir='ltr'>abusive</span> <span class='ocrx_word' id='word_1_140' title='bbox 970 1943 1049 2017; x_wconf 74' lang='lat' dir='ltr'>lmc</span> <span class='ocrx_word' id='word_1_141' title='bbox 1059 1962 1209 2041; x_wconf 79' lang='lat' dir='ltr'>qunque</span> <span class='ocrx_word' id='word_1_142' title='bbox 1225 1943 1372 2019; x_wconf 87' lang='lat' dir='ltr'>relativa</span> <span class='ocrx_word' id='word_1_143' title='bbox 1389 1942 1494 2037; x_wconf 74' lang='lat' dir='ltr'>dixit,</span> <span class='ocrx_word' id='word_1_144' title='bbox 1507 1942 1710 2021; x_wconf 77' lang='lat' dir='ltr'>secundun</span> <span class='ocrx_word' id='word_1_145' title='bbox 1727 1944 1826 2021; x_wconf 88' lang='lat' dir='ltr'>illam</span> <span class='ocrx_word' id='word_1_146' title='bbox 1841 1943 2058 2021; x_wconf 79' lang='lat' dir='ltr'>relationum</span> 
     </span>
     <span class='ocr_line' id='line_1_14' title="bbox 451 2062 2058 2166; baseline -0.002 -23"><span class='ocrx_word' id='word_1_147' title='bbox 451 2068 752 2166; x_wconf 77' lang='lat' dir='ltr'>significationem</span> <span class='ocrx_word' id='word_1_148' title='bbox 776 2088 887 2166; x_wconf 86' lang='lat' dir='ltr'>qnam</span> <span class='ocrx_word' id='word_1_149' title='bbox 903 2065 1079 2141; x_wconf 86' lang='lat' dir='ltr'>remotive</span> <span class='ocrx_word' id='word_1_150' title='bbox 1097 2076 1237 2155; x_wconf 88' lang='lat' dir='ltr'>tenent,</span> <span class='ocrx_word' id='word_1_151' title='bbox 1255 2063 1350 2139; x_wconf 90' lang='lat' dir='ltr'>siout</span> <span class='ocrx_word' id='word_1_152' title='bbox 1364 2077 1400 2136; x_wconf 91' lang='lat' dir='ltr'>et</span> <span class='ocrx_word' id='word_1_153' title='bbox 1416 2087 1493 2137; x_wconf 89' lang='lat' dir='ltr'>non</span> <span class='ocrx_word' id='word_1_154' title='bbox 1510 2062 1624 2139; x_wconf 88' lang='lat' dir='ltr'>horno</span> <span class='ocrx_word' id='word_1_155' title='bbox 1642 2063 1831 2141; x_wconf 86' lang='lat' dir='ltr'>bominem</span> <span class='ocrx_word' id='word_1_156' title='bbox 1847 2066 2058 2165; x_wconf 84' lang='lat' dir='ltr'>perimendo</span> 
     </span>
     <span class='ocr_line' id='line_1_15' title="bbox 452 2182 1571 2286; baseline -0.006 -24"><span class='ocrx_word' id='word_1_157' title='bbox 452 2188 654 2286; x_wconf 83' lang='lat' dir='ltr'>significare</span> <span class='ocrx_word' id='word_1_158' title='bbox 669 2189 815 2282; x_wconf 89' lang='lat' dir='ltr'>dieitur,</span> <span class='ocrx_word' id='word_1_159' title='bbox 834 2200 870 2261; x_wconf 91' lang='lat' dir='ltr'>et</span> <span class='ocrx_word' id='word_1_160' title='bbox 885 2184 1076 2284; x_wconf 88' lang='lat' dir='ltr'>quodlibet</span> <span class='ocrx_word' id='word_1_161' title='bbox 1090 2182 1273 2259; x_wconf 86' lang='lat' dir='ltr'>infinitum</span> <span class='ocrx_word' id='word_1_162' title='bbox 1291 2208 1399 2257; x_wconf 90' lang='lat' dir='ltr'>suum</span> <span class='ocrx_word' id='word_1_163' title='bbox 1415 2182 1571 2261; x_wconf 86' lang='lat' dir='ltr'>finitum.</span> 
     </span>
    </p>

    <p class='ocr_par' dir='ltr' id='par_1_4' title="bbox 447 2302 2059 4803">
     <span class='ocr_line' id='line_1_16' title="bbox 502 2302 2057 2403; baseline 0.002 -23"><span class='ocrx_word' id='word_1_164' title='bbox 502 2312 555 2382; x_wconf 88' lang='lat' dir='ltr'>Ne</span> <span class='ocrx_word' id='word_1_165' title='bbox 585 2309 724 2382; x_wconf 88' lang='lat' dir='ltr'>mireris</span> <span class='ocrx_word' id='word_1_166' title='bbox 750 2307 788 2383; x_wconf 92' lang='lat' dir='ltr'>in</span> <span class='ocrx_word' id='word_1_167' title='bbox 818 2304 947 2383; x_wconf 89' lang='lat' dir='ltr'>eadem</span> <span class='ocrx_word' id='word_1_168' title='bbox 980 2303 1105 2377; x_wconf 88' lang='lat' dir='ltr'>divina</span> <span class='ocrx_word' id='word_1_169' title='bbox 1132 2302 1333 2377; x_wconf 85' lang='lat' dir='ltr'>substantia</span> <span class='ocrx_word' id='word_1_170' title='bbox 1360 2318 1432 2376; x_wconf 89' lang='lat' dir='ltr'>tres</span> <span class='ocrx_word' id='word_1_171' title='bbox 1460 2327 1635 2403; x_wconf 85' lang='lat' dir='ltr'>personas</span> <span class='ocrx_word' id='word_1_172' title='bbox 1661 2302 1831 2402; x_wconf 69' lang='lat' dir='ltr'>dstingui</span> <span class='ocrx_word' id='word_1_173' title='bbox 1858 2307 2057 2383; x_wconf 86' lang='lat' dir='ltr'>secundum</span> 
     </span>
     <span class='ocr_line' id='line_1_17' title="bbox 452 2422 2058 2527; baseline -0.001 -24"><span class='ocrx_word' id='word_1_174' title='bbox 452 2429 652 2527; x_wconf 81' lang='lat' dir='ltr'>expositam</span> <span class='ocrx_word' id='word_1_175' title='bbox 668 2429 860 2518; x_wconf 87' lang='lat' dir='ltr'>rationem,</span> <span class='ocrx_word' id='word_1_176' title='bbox 875 2451 958 2501; x_wconf 87' lang='lat' dir='ltr'>curu</span> <span class='ocrx_word' id='word_1_177' title='bbox 975 2426 1084 2499; x_wconf 85' lang='lat' dir='ltr'>etiam</span> <span class='ocrx_word' id='word_1_178' title='bbox 1098 2422 1300 2498; x_wconf 87' lang='lat' dir='ltr'>secundum</span> <span class='ocrx_word' id='word_1_179' title='bbox 1311 2424 1585 2520; x_wconf 78' lang='lat' dir='ltr'>grammaticam</span> <span class='ocrx_word' id='word_1_180' title='bbox 1595 2423 1872 2517; x_wconf 86' lang='lat' dir='ltr'>institutionem,</span> <span class='ocrx_word' id='word_1_181' title='bbox 1890 2427 2058 2502; x_wconf 87' lang='lat' dir='ltr'>eumdem</span> 
     </span>
     <span class='ocr_line' id='line_1_18' title="bbox 453 2541 2059 2645; baseline -0.001 -22"><span class='ocrx_word' id='word_1_182' title='bbox 453 2547 641 2623; x_wconf 74' lang='lat' dir='ltr'>honinem</span> <span class='ocrx_word' id='word_1_183' title='bbox 675 2562 747 2623; x_wconf 90' lang='lat' dir='ltr'>tres</span> <span class='ocrx_word' id='word_1_184' title='bbox 774 2569 949 2645; x_wconf 83' lang='lat' dir='ltr'>personas</span> <span class='ocrx_word' id='word_1_185' title='bbox 976 2569 1053 2618; x_wconf 87' lang='lat' dir='ltr'>esse</span> <span class='ocrx_word' id='word_1_186' title='bbox 1077 2542 1324 2619; x_wconf 75' lang='lat' dir='ltr'>concedamus</span> <span class='ocrx_word' id='word_1_187' title='bbox 1347 2570 1358 2613; x_wconf 77' lang='grc' dir='ltr'><strong><em>ε</em></strong></span> <span class='ocrx_word' id='word_1_188' title='bbox 1384 2544 1539 2642; x_wconf 86' lang='lat' dir='ltr'>primam</span> <span class='ocrx_word' id='word_1_189' title='bbox 1568 2541 1735 2619; x_wconf 84' lang='lat' dir='ltr'>videlieet</span> <span class='ocrx_word' id='word_1_190' title='bbox 1764 2544 1962 2619; x_wconf 73' lang='lat' dir='ltr'>secumdum</span> <span class='ocrx_word' id='word_1_191' title='bbox 1986 2547 2059 2621; x_wconf 85' lang='lat' dir='ltr'>boo</span> 
     </span>
     <span class='ocr_line' id='line_1_19' title="bbox 454 2660 2059 2765; baseline -0.001 -24"><span class='ocrx_word' id='word_1_192' title='bbox 454 2665 555 2765; x_wconf 89' lang='lat' dir='ltr'>quod</span> <span class='ocrx_word' id='word_1_193' title='bbox 570 2666 745 2765; x_wconf 89' lang='lat' dir='ltr'>loquitur,</span> <span class='ocrx_word' id='word_1_194' title='bbox 764 2680 800 2739; x_wconf 88' lang='lat' dir='ltr'>et</span> <span class='ocrx_word' id='word_1_195' title='bbox 817 2661 1016 2745; x_wconf 73' lang='lat' dir='ltr'>meandum</span> <span class='ocrx_word' id='word_1_196' title='bbox 1040 2663 1077 2743; x_wconf 87' lang='lat' dir='ltr'>in</span> <span class='ocrx_word' id='word_1_197' title='bbox 1099 2660 1264 2760; x_wconf 88' lang='lat' dir='ltr'>eoquod</span> <span class='ocrx_word' id='word_1_198' title='bbox 1290 2660 1337 2737; x_wconf 91' lang='lat' dir='ltr'>ad</span> <span class='ocrx_word' id='word_1_199' title='bbox 1360 2665 1481 2762; x_wconf 86' lang='lat' dir='ltr'>ipsum</span> <span class='ocrx_word' id='word_1_200' title='bbox 1501 2686 1621 2738; x_wconf 89' lang='lat' dir='ltr'>sermo</span> <span class='ocrx_word' id='word_1_201' title='bbox 1642 2660 1825 2760; x_wconf 88' lang='lat' dir='ltr'>dirigitur,</span> <span class='ocrx_word' id='word_1_202' title='bbox 1851 2686 1995 2737; x_wconf 87' lang='lat' dir='ltr'>necnon</span> <span class='ocrx_word' id='word_1_203' title='bbox 2020 2682 2059 2740; x_wconf 86' lang='lat' dir='ltr'>et</span> 
     </span>
     <span class='ocr_line' id='line_1_20' title="bbox 455 2779 2059 2882; baseline -0.002 -21"><span class='ocrx_word' id='word_1_204' title='bbox 455 2787 598 2861; x_wconf 82' lang='lat' dir='ltr'>tertiam</span> <span class='ocrx_word' id='word_1_205' title='bbox 617 2809 702 2857; x_wconf 88' lang='lat' dir='ltr'>cnm</span> <span class='ocrx_word' id='word_1_206' title='bbox 723 2784 769 2859; x_wconf 94' lang='lat' dir='ltr'>de</span> <span class='ocrx_word' id='word_1_207' title='bbox 785 2784 866 2882; x_wconf 91' lang='lat' dir='ltr'>ipso</span> <span class='ocrx_word' id='word_1_208' title='bbox 891 2783 981 2855; x_wconf 88' lang='lat' dir='ltr'>alter</span> <span class='ocrx_word' id='word_1_209' title='bbox 1001 2780 1049 2859; x_wconf 84' lang='lat' dir='ltr'>ad</span> <span class='ocrx_word' id='word_1_210' title='bbox 1076 2779 1230 2857; x_wconf 86' lang='lat' dir='ltr'>alterum</span> <span class='ocrx_word' id='word_1_211' title='bbox 1256 2781 1620 2879; x_wconf 60' lang='lat' dir='ltr'>inquinationem</span> <span class='ocrx_word' id='word_1_212' title='bbox 1647 2781 1795 2880; x_wconf 85' lang='lat' dir='ltr'>quidem</span> <span class='ocrx_word' id='word_1_213' title='bbox 1822 2807 2059 2882; x_wconf 85' lang='lat' dir='ltr'>personarum</span> 
     </span>
     <span class='ocr_line' id='line_1_21' title="bbox 454 2898 2058 3003; baseline -0.002 -22"><span class='ocrx_word' id='word_1_214' title='bbox 454 2902 641 2981; x_wconf 87' lang='lat' dir='ltr'>diversitas</span> <span class='ocrx_word' id='word_1_215' title='bbox 654 2927 739 2979; x_wconf 85' lang='lat' dir='ltr'>oum</span> <span class='ocrx_word' id='word_1_216' title='bbox 753 2901 882 2977; x_wconf 88' lang='lat' dir='ltr'>eadem</span> <span class='ocrx_word' id='word_1_217' title='bbox 899 2901 944 2974; x_wconf 89' lang='lat' dir='ltr'>sit</span> <span class='ocrx_word' id='word_1_218' title='bbox 960 2901 1121 2999; x_wconf 87' lang='lat' dir='ltr'>ipsarum</span> <span class='ocrx_word' id='word_1_219' title='bbox 1138 2898 1352 2995; x_wconf 87' lang='lat' dir='ltr'>substantia,</span> <span class='ocrx_word' id='word_1_220' title='bbox 1369 2922 1446 2974; x_wconf 91' lang='lat' dir='ltr'>non</span> <span class='ocrx_word' id='word_1_221' title='bbox 1463 2902 1565 2979; x_wconf 81' lang='lat' dir='ltr'>aliter</span> <span class='ocrx_word' id='word_1_222' title='bbox 1581 2900 1752 3001; x_wconf 83' lang='lat' dir='ltr'>distingui</span> <span class='ocrx_word' id='word_1_223' title='bbox 1766 2918 1934 3002; x_wconf 68' lang='lat' dir='ltr'>pomum,</span> <span class='ocrx_word' id='word_1_224' title='bbox 1949 2930 2058 3003; x_wconf 88' lang='lat' dir='ltr'>quam</span> 
     </span>
     <span class='ocr_line' id='line_1_22' title="bbox 453 3017 2058 3123; baseline 0.002 -26"><span class='ocrx_word' id='word_1_225' title='bbox 453 3023 655 3106; x_wconf 72' lang='lat' dir='ltr'>meandum</span> <span class='ocrx_word' id='word_1_226' title='bbox 671 3023 820 3123; x_wconf 88' lang='lat' dir='ltr'>propria</span> <span class='ocrx_word' id='word_1_227' title='bbox 840 3045 969 3096; x_wconf 88' lang='lat' dir='ltr'>eornm</span> <span class='ocrx_word' id='word_1_228' title='bbox 988 3045 1068 3119; x_wconf 77' lang='lat' dir='ltr'>qun</span> <span class='ocrx_word' id='word_1_229' title='bbox 1085 3017 1363 3096; x_wconf 87' lang='lat' dir='ltr'>diffinitionibus</span> <span class='ocrx_word' id='word_1_230' title='bbox 1380 3024 1643 3122; x_wconf 81' lang='lat' dir='ltr'>exprimuntur,</span> <span class='ocrx_word' id='word_1_231' title='bbox 1667 3046 1752 3098; x_wconf 90' lang='lat' dir='ltr'>cum</span> <span class='ocrx_word' id='word_1_232' title='bbox 1773 3021 1939 3100; x_wconf 84' lang='lat' dir='ltr'>videlieet</span> <span class='ocrx_word' id='word_1_233' title='bbox 1960 3024 2058 3100; x_wconf 88' lang='lat' dir='ltr'>alind</span> 
     </span>
     <span class='ocr_line' id='line_1_23' title="bbox 454 3139 2058 3245; baseline -0.001 -25"><span class='ocrx_word' id='word_1_234' title='bbox 454 3145 500 3220; x_wconf 91' lang='lat' dir='ltr'>sit</span> <span class='ocrx_word' id='word_1_235' title='bbox 521 3146 711 3245; x_wconf 88' lang='lat' dir='ltr'>proprium</span> <span class='ocrx_word' id='word_1_236' title='bbox 733 3143 928 3240; x_wconf 80' lang='lat' dir='ltr'>loquentis,</span> <span class='ocrx_word' id='word_1_237' title='bbox 953 3142 991 3216; x_wconf 90' lang='lat' dir='ltr'>in</span> <span class='ocrx_word' id='word_1_238' title='bbox 1014 3165 1060 3214; x_wconf 86' lang='lat' dir='ltr'>eo</span> <span class='ocrx_word' id='word_1_239' title='bbox 1085 3139 1217 3221; x_wconf 84' lang='lat' dir='ltr'>scilieet</span> <span class='ocrx_word' id='word_1_240' title='bbox 1234 3142 1298 3238; x_wconf 89' lang='lat' dir='ltr'>qui</span> <span class='ocrx_word' id='word_1_241' title='bbox 1315 3140 1488 3241; x_wconf 86' lang='lat' dir='ltr'>loquitur,</span> <span class='ocrx_word' id='word_1_242' title='bbox 1508 3140 1608 3218; x_wconf 79' lang='lat' dir='ltr'>aliud</span> <span class='ocrx_word' id='word_1_243' title='bbox 1625 3142 1818 3238; x_wconf 85' lang='lat' dir='ltr'>audientis,</span> <span class='ocrx_word' id='word_1_244' title='bbox 1837 3144 1896 3218; x_wconf 82' lang='lat' dir='ltr'>vel</span> <span class='ocrx_word' id='word_1_245' title='bbox 1915 3145 2058 3244; x_wconf 66' lang='lat' dir='ltr'>deique</span> 
     </span>
     <span class='ocr_line' id='line_1_24' title="bbox 453 3260 2057 3362; baseline 0.001 -23"><span class='ocrx_word' id='word_1_246' title='bbox 453 3264 676 3346; x_wconf 90' lang='lat' dir='ltr'>locutionem</span> <span class='ocrx_word' id='word_1_247' title='bbox 703 3264 793 3338; x_wconf 89' lang='lat' dir='ltr'>alter</span> <span class='ocrx_word' id='word_1_248' title='bbox 811 3262 920 3337; x_wconf 88' lang='lat' dir='ltr'>habet</span> <span class='ocrx_word' id='word_1_249' title='bbox 943 3260 991 3338; x_wconf 90' lang='lat' dir='ltr'>ad</span> <span class='ocrx_word' id='word_1_250' title='bbox 1014 3260 1182 3350; x_wconf 85' lang='lat' dir='ltr'>alterum,</span> <span class='ocrx_word' id='word_1_251' title='bbox 1208 3261 1301 3334; x_wconf 89' lang='lat' dir='ltr'>siout</span> <span class='ocrx_word' id='word_1_252' title='bbox 1322 3275 1358 3336; x_wconf 83' lang='lat' dir='ltr'>ct</span> <span class='ocrx_word' id='word_1_253' title='bbox 1375 3261 1582 3338; x_wconf 86' lang='lat' dir='ltr'>divinarum</span> <span class='ocrx_word' id='word_1_254' title='bbox 1607 3287 1845 3362; x_wconf 62' lang='lat' dir='ltr'>maenarum</span> <span class='ocrx_word' id='word_1_255' title='bbox 1869 3264 2057 3341; x_wconf 74' lang='lat' dir='ltr'>diversitas</span> 
     </span>
     <span class='ocr_line' id='line_1_25' title="bbox 453 3377 2057 3485; baseline 0.001 -25"><span class='ocrx_word' id='word_1_256' title='bbox 453 3387 655 3460; x_wconf 89' lang='lat' dir='ltr'>secundum</span> <span class='ocrx_word' id='word_1_257' title='bbox 672 3384 837 3485; x_wconf 89' lang='lat' dir='ltr'>proprias</span> <span class='ocrx_word' id='word_1_258' title='bbox 854 3385 1014 3483; x_wconf 89' lang='lat' dir='ltr'>ipsarum</span> <span class='ocrx_word' id='word_1_259' title='bbox 1040 3379 1277 3455; x_wconf 83' lang='lat' dir='ltr'>diffinitiones</span> <span class='ocrx_word' id='word_1_260' title='bbox 1299 3395 1352 3456; x_wconf 87' lang='lat' dir='ltr'>est</span> <span class='ocrx_word' id='word_1_261' title='bbox 1377 3381 1426 3456; x_wconf 91' lang='lat' dir='ltr'>ad</span> <span class='ocrx_word' id='word_1_262' title='bbox 1441 3377 1653 3481; x_wconf 85' lang='lat' dir='ltr'>significata.</span> <span class='ocrx_word' id='word_1_263' title='bbox 1683 3383 1813 3472; x_wconf 90' lang='lat' dir='ltr'>Quod¹</span> <span class='ocrx_word' id='word_1_264' title='bbox 1838 3383 1867 3459; x_wconf 90' lang='lat' dir='ltr'>si</span> <span class='ocrx_word' id='word_1_265' title='bbox 1883 3384 1956 3460; x_wconf 86' lang='lat' dir='ltr'>hoc</span> <span class='ocrx_word' id='word_1_266' title='bbox 1972 3387 2057 3461; x_wconf 91' lang='lat' dir='ltr'>loco</span> 
     </span>
     <span class='ocr_line' id='line_1_26' title="bbox 453 3500 2057 3606; baseline -0.001 -22"><span class='ocrx_word' id='word_1_267' title='bbox 453 3505 611 3584; x_wconf 87' lang='lat' dir='ltr'>diversas</span> <span class='ocrx_word' id='word_1_268' title='bbox 630 3530 803 3606; x_wconf 89' lang='lat' dir='ltr'>personas</span> <span class='ocrx_word' id='word_1_269' title='bbox 823 3504 943 3580; x_wconf 79' lang='lat' dir='ltr'>dicem</span> <span class='ocrx_word' id='word_1_270' title='bbox 960 3528 1035 3579; x_wconf 89' lang='lat' dir='ltr'>non</span> <span class='ocrx_word' id='word_1_271' title='bbox 1057 3500 1251 3595; x_wconf 87' lang='lat' dir='ltr'>abhorres,</span> <span class='ocrx_word' id='word_1_272' title='bbox 1270 3517 1420 3602; x_wconf 88' lang='lat' dir='ltr'>propter</span> <span class='ocrx_word' id='word_1_273' title='bbox 1436 3502 1681 3580; x_wconf 83' lang='lat' dir='ltr'>diversitatem</span> <span class='ocrx_word' id='word_1_274' title='bbox 1700 3503 1836 3578; x_wconf 83' lang='lat' dir='ltr'>scilieet</span> <span class='ocrx_word' id='word_1_275' title='bbox 1852 3507 2057 3605; x_wconf 84' lang='lat' dir='ltr'>proprieta-</span> 
     </span>
     <span class='ocr_line' id='line_1_27' title="bbox 452 3622 2058 3723; baseline 0 -23"><span class='ocrx_word' id='word_1_276' title='bbox 452 3641 545 3720; x_wconf 89' lang='lat' dir='ltr'>tum,</span> <span class='ocrx_word' id='word_1_277' title='bbox 570 3651 655 3702; x_wconf 88' lang='lat' dir='ltr'>cum</span> <span class='ocrx_word' id='word_1_278' title='bbox 677 3641 797 3700; x_wconf 89' lang='lat' dir='ltr'>tamen</span> <span class='ocrx_word' id='word_1_279' title='bbox 821 3623 877 3698; x_wconf 85' lang='lat' dir='ltr'>hae</span> <span class='ocrx_word' id='word_1_280' title='bbox 901 3647 1063 3722; x_wconf 89' lang='lat' dir='ltr'>personae</span> <span class='ocrx_word' id='word_1_281' title='bbox 1087 3645 1164 3694; x_wconf 90' lang='lat' dir='ltr'>non</span> <span class='ocrx_word' id='word_1_282' title='bbox 1185 3622 1257 3696; x_wconf 93' lang='lat' dir='ltr'>sint</span> <span class='ocrx_word' id='word_1_283' title='bbox 1278 3647 1298 3695; x_wconf 92' lang='lat' dir='ltr'>a</span> <span class='ocrx_word' id='word_1_284' title='bbox 1320 3648 1358 3696; x_wconf 90' lang='lat' dir='ltr'>se</span> <span class='ocrx_word' id='word_1_285' title='bbox 1382 3649 1448 3723; x_wconf 88' lang='lat' dir='ltr'>per</span> <span class='ocrx_word' id='word_1_286' title='bbox 1467 3623 1760 3722; x_wconf 67' lang='lat' dir='ltr'>pmdicationenr</span> <span class='ocrx_word' id='word_1_287' title='bbox 1787 3625 1988 3723; x_wconf 77' lang='lat' dir='ltr'>dujunsrae,</span> <span class='ocrx_word' id='word_1_288' title='bbox 2019 3642 2058 3701; x_wconf 93' lang='lat' dir='ltr'>ut</span> 
     </span>
     <span class='ocr_line' id='line_1_28' title="bbox 453 3742 2058 3841; baseline 0.002 -24"><span class='ocrx_word' id='word_1_289' title='bbox 453 3769 528 3822; x_wconf 90' lang='lat' dir='ltr'>non</span> <span class='ocrx_word' id='word_1_290' title='bbox 553 3744 719 3820; x_wconf 90' lang='lat' dir='ltr'>videlicet</span> <span class='ocrx_word' id='word_1_291' title='bbox 742 3744 814 3818; x_wconf 88' lang='lat' dir='ltr'>dici</span> <span class='ocrx_word' id='word_1_292' title='bbox 835 3742 943 3818; x_wconf 89' lang='lat' dir='ltr'>liceat</span> <span class='ocrx_word' id='word_1_293' title='bbox 964 3743 1119 3841; x_wconf 89' lang='lat' dir='ltr'>primam</span> <span class='ocrx_word' id='word_1_294' title='bbox 1148 3765 1341 3838; x_wconf 85' lang='lat' dir='ltr'>personam</span> <span class='ocrx_word' id='word_1_295' title='bbox 1364 3768 1441 3818; x_wconf 86' lang='lat' dir='ltr'>esse</span> <span class='ocrx_word' id='word_1_296' title='bbox 1467 3743 1679 3831; x_wconf 87' lang='lat' dir='ltr'>secundam,</span> <span class='ocrx_word' id='word_1_297' title='bbox 1709 3758 1745 3820; x_wconf 90' lang='lat' dir='ltr'>et</span> <span class='ocrx_word' id='word_1_298' title='bbox 1768 3745 1968 3820; x_wconf 71' lang='lat' dir='ltr'>seeundum</span> <span class='ocrx_word' id='word_1_299' title='bbox 1990 3762 2058 3822; x_wconf 74' lang='lat' dir='ltr'>ten</span> 
     </span>
     <span class='ocr_line' id='line_1_29' title="bbox 453 3863 2055 3964; baseline 0.003 -27"><span class='ocrx_word' id='word_1_300' title='bbox 453 3867 556 3958; x_wconf 72' lang='lat' dir='ltr'>nam,</span> <span class='ocrx_word' id='word_1_301' title='bbox 578 3866 715 3964; x_wconf 87' lang='lat' dir='ltr'>quippe</span> <span class='ocrx_word' id='word_1_302' title='bbox 735 3867 899 3938; x_wconf 84' lang='lat' dir='ltr'>Socrates</span> <span class='ocrx_word' id='word_1_303' title='bbox 921 3863 998 3961; x_wconf 89' lang='lat' dir='ltr'>ipse</span> <span class='ocrx_word' id='word_1_304' title='bbox 1017 3863 1260 3960; x_wconf 86' lang='lat' dir='ltr'>grammaticis</span> <span class='ocrx_word' id='word_1_305' title='bbox 1283 3864 1402 3940; x_wconf 88' lang='lat' dir='ltr'>omnis</span> <span class='ocrx_word' id='word_1_306' title='bbox 1418 3887 1575 3964; x_wconf 85' lang='lat' dir='ltr'>persona</span> <span class='ocrx_word' id='word_1_307' title='bbox 1593 3889 1671 3940; x_wconf 83' lang='lat' dir='ltr'>esse</span> <span class='ocrx_word' id='word_1_308' title='bbox 1689 3866 1923 3941; x_wconf 74' lang='lat' dir='ltr'>conceditur:</span> <span class='ocrx_word' id='word_1_309' title='bbox 1939 3869 2055 3942; x_wconf 83' lang='lat' dir='ltr'>multo</span> 
     </span>
     <span class='ocr_line' id='line_1_30' title="bbox 453 3984 2058 4089; baseline 0.004 -32"><span class='ocrx_word' id='word_1_310' title='bbox 453 3985 567 4082; x_wconf 88' lang='lat' dir='ltr'>magis</span> <span class='ocrx_word' id='word_1_311' title='bbox 583 3985 621 4058; x_wconf 94' lang='lat' dir='ltr'>in</span> <span class='ocrx_word' id='word_1_312' title='bbox 641 3990 719 4057; x_wconf 89' lang='lat' dir='ltr'>Deo</span> <span class='ocrx_word' id='word_1_313' title='bbox 730 3984 888 4060; x_wconf 86' lang='lat' dir='ltr'>diversas</span> <span class='ocrx_word' id='word_1_314' title='bbox 905 4008 982 4058; x_wconf 88' lang='lat' dir='ltr'>esse</span> <span class='ocrx_word' id='word_1_315' title='bbox 997 4008 1173 4083; x_wconf 88' lang='lat' dir='ltr'>personas</span> <span class='ocrx_word' id='word_1_316' title='bbox 1189 3985 1341 4058; x_wconf 82' lang='lat' dir='ltr'>concedi</span> <span class='ocrx_word' id='word_1_317' title='bbox 1355 3999 1513 4085; x_wconf 88' lang='lat' dir='ltr'>oportet,</span> <span class='ocrx_word' id='word_1_318' title='bbox 1532 4009 1623 4084; x_wconf 87' lang='lat' dir='ltr'>quas</span> <span class='ocrx_word' id='word_1_319' title='bbox 1638 3987 1892 4086; x_wconf 78' lang='lat' dir='ltr'>praedicatiom</span> <span class='ocrx_word' id='word_1_320' title='bbox 1907 4011 2058 4089; x_wconf 87' lang='lat' dir='ltr'>quoqne</span> 
     </span>
     <span class='ocr_line' id='line_1_31' title="bbox 453 4102 2057 4202; baseline 0.004 -24"><span class='ocrx_word' id='word_1_321' title='bbox 453 4129 535 4186; x_wconf 89' lang='lat' dir='ltr'>asc</span> <span class='ocrx_word' id='word_1_322' title='bbox 560 4103 763 4202; x_wconf 82' lang='lat' dir='ltr'>disjunctas</span> <span class='ocrx_word' id='word_1_323' title='bbox 778 4102 1042 4200; x_wconf 87' lang='lat' dir='ltr'>cognoscimus.</span> <span class='ocrx_word' id='word_1_324' title='bbox 1065 4107 1239 4178; x_wconf 72' lang='lat' dir='ltr'>Praeterea</span> <span class='ocrx_word' id='word_1_325' title='bbox 1259 4106 1353 4179; x_wconf 87' lang='lat' dir='ltr'>sicut</span> <span class='ocrx_word' id='word_1_326' title='bbox 1375 4106 1412 4178; x_wconf 93' lang='lat' dir='ltr'>in</span> <span class='ocrx_word' id='word_1_327' title='bbox 1438 4107 1671 4202; x_wconf 87' lang='lat' dir='ltr'>grammatica</span> <span class='ocrx_word' id='word_1_328' title='bbox 1695 4132 1781 4182; x_wconf 89' lang='lat' dir='ltr'>eum</span> <span class='ocrx_word' id='word_1_329' title='bbox 1800 4107 1959 4186; x_wconf 74' lang='lat' dir='ltr'>dicimus</span> <span class='ocrx_word' id='word_1_330' title='bbox 1983 4124 2057 4184; x_wconf 87' lang='lat' dir='ltr'>tres</span> 
     </span>
     <span class='ocr_line' id='line_1_32' title="bbox 453 4221 2055 4329; baseline 0.003 -31"><span class='ocrx_word' id='word_1_331' title='bbox 453 4248 626 4324; x_wconf 88' lang='lat' dir='ltr'>personas</span> <span class='ocrx_word' id='word_1_332' title='bbox 648 4223 885 4302; x_wconf 86' lang='lat' dir='ltr'>determinate</span> <span class='ocrx_word' id='word_1_333' title='bbox 909 4221 1139 4320; x_wconf 86' lang='lat' dir='ltr'>intelligimus</span> <span class='ocrx_word' id='word_1_334' title='bbox 1161 4224 1385 4323; x_wconf 83' lang='lat' dir='ltr'>loquentem,</span> <span class='ocrx_word' id='word_1_335' title='bbox 1406 4239 1442 4299; x_wconf 90' lang='lat' dir='ltr'>et</span> <span class='ocrx_word' id='word_1_336' title='bbox 1457 4226 1505 4299; x_wconf 88' lang='lat' dir='ltr'>ad</span> <span class='ocrx_word' id='word_1_337' title='bbox 1526 4247 1636 4325; x_wconf 61' lang='lat' dir='ltr'>mem</span> <span class='ocrx_word' id='word_1_338' title='bbox 1658 4227 1836 4327; x_wconf 85' lang='lat' dir='ltr'>loquitur,</span> <span class='ocrx_word' id='word_1_339' title='bbox 1855 4242 1893 4302; x_wconf 85' lang='lat' dir='ltr'>et</span> <span class='ocrx_word' id='word_1_340' title='bbox 1912 4228 1961 4302; x_wconf 87' lang='lat' dir='ltr'>de</span> <span class='ocrx_word' id='word_1_341' title='bbox 1979 4255 2055 4329; x_wconf 88' lang='lat' dir='ltr'>quo</span> 
     </span>
     <span class='ocr_line' id='line_1_33' title="bbox 451 4343 2052 4450; baseline 0.004 -33"><span class='ocrx_word' id='word_1_342' title='bbox 451 4345 626 4443; x_wconf 82' lang='lat' dir='ltr'>loquitur,</span> <span class='ocrx_word' id='word_1_343' title='bbox 658 4358 698 4420; x_wconf 90' lang='lat' dir='ltr'>nt</span> <span class='ocrx_word' id='word_1_344' title='bbox 723 4367 834 4443; x_wconf 85' lang='lat' dir='ltr'>supra</span> <span class='ocrx_word' id='word_1_345' title='bbox 853 4344 1112 4420; x_wconf 70' lang='lat' dir='ltr'>neminimus:</span> <span class='ocrx_word' id='word_1_346' title='bbox 1138 4346 1189 4418; x_wconf 90' lang='lat' dir='ltr'>ita</span> <span class='ocrx_word' id='word_1_347' title='bbox 1212 4369 1298 4417; x_wconf 90' lang='lat' dir='ltr'>cum</span> <span class='ocrx_word' id='word_1_348' title='bbox 1317 4343 1473 4419; x_wconf 78' lang='lat' dir='ltr'>dicimm</span> <span class='ocrx_word' id='word_1_349' title='bbox 1496 4347 1535 4419; x_wconf 93' lang='lat' dir='ltr'>in</span> <span class='ocrx_word' id='word_1_350' title='bbox 1553 4346 1740 4422; x_wconf 88' lang='lat' dir='ltr'>divinitate</span> <span class='ocrx_word' id='word_1_351' title='bbox 1767 4364 1837 4423; x_wconf 70' lang='lat' dir='ltr'>trus</span> <span class='ocrx_word' id='word_1_352' title='bbox 1862 4371 2052 4450; x_wconf 83' lang='lat' dir='ltr'>personas,</span> 
     </span>
     <span class='ocr_line' id='line_1_34' title="bbox 448 4463 2054 4571; baseline 0.004 -34"><span class='ocrx_word' id='word_1_353' title='bbox 448 4464 684 4546; x_wconf 81' lang='lat' dir='ltr'>determinate</span> <span class='ocrx_word' id='word_1_354' title='bbox 705 4463 855 4563; x_wconf 86' lang='lat' dir='ltr'>intelligi</span> <span class='ocrx_word' id='word_1_355' title='bbox 869 4465 1041 4540; x_wconf 88' lang='lat' dir='ltr'>convenit</span> <span class='ocrx_word' id='word_1_356' title='bbox 1060 4468 1201 4538; x_wconf 88' lang='lat' dir='ltr'>Patrem</span> <span class='ocrx_word' id='word_1_357' title='bbox 1224 4478 1260 4537; x_wconf 90' lang='lat' dir='ltr'>et</span> <span class='ocrx_word' id='word_1_358' title='bbox 1282 4463 1412 4538; x_wconf 89' lang='lat' dir='ltr'>Filium</span> <span class='ocrx_word' id='word_1_359' title='bbox 1437 4478 1474 4538; x_wconf 89' lang='lat' dir='ltr'>et</span> <span class='ocrx_word' id='word_1_360' title='bbox 1492 4466 1666 4566; x_wconf 88' lang='lat' dir='ltr'>Spiritum</span> <span class='ocrx_word' id='word_1_361' title='bbox 1689 4483 1869 4560; x_wconf 86' lang='lat' dir='ltr'>sanctum,</span> <span class='ocrx_word' id='word_1_362' title='bbox 1888 4484 2054 4571; x_wconf 85' lang='lat' dir='ltr'>utsupra</span> 
     </span>
     <span class='ocr_line' id='line_1_35' title="bbox 447 4582 2055 4686; baseline 0 -22"><span class='ocrx_word' id='word_1_363' title='bbox 447 4610 594 4685; x_wconf 72' lang='lat' dir='ltr'>maeque</span> <span class='ocrx_word' id='word_1_364' title='bbox 619 4585 847 4678; x_wconf 83' lang='lat' dir='ltr'>astruximus,</span> <span class='ocrx_word' id='word_1_365' title='bbox 870 4584 1032 4683; x_wconf 90' lang='lat' dir='ltr'>alioquin</span> <span class='ocrx_word' id='word_1_366' title='bbox 1050 4584 1199 4658; x_wconf 71' lang='lat' dir='ltr'>foruna</span> <span class='ocrx_word' id='word_1_367' title='bbox 1213 4582 1335 4683; x_wconf 85' lang='lat' dir='ltr'>plures</span> <span class='ocrx_word' id='word_1_368' title='bbox 1351 4609 1523 4685; x_wconf 88' lang='lat' dir='ltr'>personas</span> <span class='ocrx_word' id='word_1_369' title='bbox 1539 4611 1650 4686; x_wconf 83' lang='lat' dir='ltr'>qnam</span> <span class='ocrx_word' id='word_1_370' title='bbox 1665 4602 1738 4662; x_wconf 88' lang='lat' dir='ltr'>tres</span> <span class='ocrx_word' id='word_1_371' title='bbox 1754 4588 1921 4662; x_wconf 79' lang='lat' dir='ltr'>videlicet</span> <span class='ocrx_word' id='word_1_372' title='bbox 1937 4590 2055 4664; x_wconf 85' lang='lat' dir='ltr'>eonfi-</span> 
     </span>
     <span class='ocr_line' id='line_1_36' title="bbox 448 4706 755 4803; baseline -0.013 -19"><span class='ocrx_word' id='word_1_373' title='bbox 448 4706 514 4784; x_wconf 81' lang='lat' dir='ltr'>teri</span> <span class='ocrx_word' id='word_1_374' title='bbox 530 4725 755 4803; x_wconf 82' lang='lat' dir='ltr'>cogeremur.</span> 
     </span>
    </p>

    <p class='ocr_par' dir='ltr' id='par_1_5' title="bbox 499 4823 2054 4930">
     <span class='ocr_line' id='line_1_37' title="bbox 499 4823 2054 4930; baseline -0.002 -22"><span class='ocrx_word' id='word_1_375' title='bbox 499 4825 672 4908; x_wconf 74' lang='lat' dir='ltr'>theores</span> <span class='ocrx_word' id='word_1_376' title='bbox 689 4849 838 4925; x_wconf 77' lang='lat' dir='ltr'>quoqne</span> <span class='ocrx_word' id='word_1_377' title='bbox 858 4824 930 4900; x_wconf 90' lang='lat' dir='ltr'>alio</span> <span class='ocrx_word' id='word_1_378' title='bbox 952 4823 1066 4898; x_wconf 89' lang='lat' dir='ltr'>modo</span> <span class='ocrx_word' id='word_1_379' title='bbox 1085 4833 1199 4923; x_wconf 87' lang='lat' dir='ltr'>quam</span> <span class='ocrx_word' id='word_1_380' title='bbox 1221 4824 1381 4924; x_wconf 88' lang='lat' dir='ltr'>theologi</span> <span class='ocrx_word' id='word_1_381' title='bbox 1396 4827 1471 4901; x_wconf 85' lang='lat' dir='ltr'>sire</span> <span class='ocrx_word' id='word_1_382' title='bbox 1491 4829 1715 4926; x_wconf 69' lang='grc' dir='ltr'>ςιιιιιιιιιιιίά</span> <span class='ocrx_word' id='word_1_383' title='bbox 1737 4847 1931 4930; x_wconf 75' lang='lat' dir='ltr'>pentinum</span> <span class='ocrx_word' id='word_1_384' title='bbox 1957 4832 2054 4905; x_wconf 64' lang='lat' dir='ltr'>aeni</span> 
     </span>
    </p>
   </div>
   <div class='ocr_carea' id='block_1_4' title="bbox 479 5061 712 5126">
    <p class='ocr_par' dir='ltr' id='par_1_6' title="bbox 479 5061 712 5126">
     <span class='ocr_line' id='line_1_38' title="bbox 479 5061 712 5126; baseline 0 -13"><span class='ocrx_word' id='word_1_385' title='bbox 479 5061 712 5126; x_wconf 62' lang='lat' dir='ltr'>mmmm</span> 
     </span>
    </p>
   </div>
   <div class='ocr_carea' id='block_1_5' title="bbox 0 0 2284 6100">
    <p class='ocr_par' dir='ltr' id='par_1_7' title="bbox 0 0 2284 6100">
     <span class='ocr_line' id='line_1_39' title="bbox 0 0 2284 6100; baseline 0 0"><span class='ocrx_word' id='word_1_386' title='bbox 0 0 2284 6100; x_wconf 95' lang='lat' dir='ltr'> </span> 
     </span>
    </p>
   </div>
  </div>
 </body>
</html>
