4559 6100
798 522 803 531 ’
899 527 1125 601 DthOGllS.
1737 527 1809 602 669

216 678 445 752 excellentius
463 704 538 751 non
554 680 687 754 habeas
706 680 968 753 documentum
988 679 1189 769 virtutum,
1202 700 1291 775 quas
1306 676 1353 749 ad
1370 677 1629 752 beatitudinem
1645 677 1809 754 sufficere

216 798 420 872 nullatenus
442 799 597 890 dubitas,
619 801 665 873 de
688 804 766 899 qua'
777 799 925 897 quidem
948 797 1190 897 perfectione,
1208 822 1288 895 quae
1303 796 1469 890 deerant,
1489 797 1528 869 id
1546 813 1600 871 est
1613 800 1725 873 veteri
1741 825 1808 874 suo

215 920 440 1018 complente,
470 921 653 1020 cumipse
673 922 852 993 Dominus
879 942 1017 991 novum
1037 915 1196 989 traderet
1217 930 1491 1007 testamentum,
1519 918 1638 990 statim
1662 943 1809 994 exorsus

215 1036 398 1137 discipulis
423 1039 489 1111 ait¹
514 1066 522 1109 ε
546 1040 651 1110 «Nisi
674 1038 912 1112 abundaverit
930 1037 1066 1135 justitia
1089 1049 1224 1128 vestra,
1252 1050 1320 1108 etc.
1338 1064 1356 1103 r
1376 1038 1420 1106 Et
1439 1035 1557 1107 statim
1580 1060 1647 1135 per
1670 1037 1808 1135 singula

213 1179 316 1230 novae
338 1157 423 1254 legis
445 1156 704 1230 abundantiam
722 1172 951 1257 prosecutus,
976 1180 1057 1255 quae
1073 1154 1202 1227 morali
1218 1155 1368 1229 deerant
1391 1154 1600 1255 perlectioni
1622 1156 1809 1256 diligenter

212 1278 383 1373 expressit
404 1291 441 1349 et
464 1300 584 1350 veram
607 1277 760 1349 ethicam
780 1277 1028 1365 consumavit,
1047 1274 1176 1367 idest,
1197 1276 1298 1373 cujus
1319 1275 1608 1375 comparatione,
1634 1278 1807 1376 quicquid

212 1408 284 1467 tam
311 1395 358 1469 ab
385 1397 542 1495 antiquis
565 1397 727 1496 patribus
751 1422 861 1496 quam
883 1396 1071 1497 prophetis
1090 1394 1137 1468 de
1154 1393 1341 1492 disciplina
1361 1419 1506 1467 morum
1529 1419 1572 1467 ac
1591 1394 1808 1472 discretione

210 1515 385 1589 virtutum
402 1516 572 1589 traditum
592 1517 718 1608 luerat,
740 1517 829 1589 nihil
850 1541 928 1590 esse
951 1515 1053 1588 facilc.
1068 1513 1317 1607 convincetur,
1335 1515 1364 1587 si
1381 1514 1572 1612 diligenter
1595 1514 1672 1588 haec
1686 1518 1807 1592 conle-

211 1658 332 1708 ramus
347 1660 431 1708 cum
447 1634 641 1735 prioribus.

260 1758 401 1826 Panos.
427 1760 562 1827 Harum
584 1778 660 1844 me,
686 1768 726 1828 ut
742 1755 851 1847 nosti,
870 1754 1125 1827 collationum¹
1145 1753 1398 1828 tantummodo
1414 1754 1488 1826 huc
1505 1753 1667 1844 adduxit,
1685 1769 1721 1828 et
1736 1757 1805 1832 hac

210 1896 277 1943 nos
295 1875 496 1947 intentione
512 1875 718 1972 congregati
733 1898 869 1945 sumus.

256 1976 459 2068 Chnrsnsn.
493 1999 596 2066 Nunc
628 1993 815 2092 profecto,
848 2007 1024 2090 quantum
1051 1994 1233 2092 percipio,
1265 1993 1312 2066 ad
1340 1993 1504 2066 omnium
1534 1993 1804 2094 disciplinarum

208 2111 317 2184 finem
340 2128 376 2185 et
398 2111 999 2211 consumationem]proficiscimur.
1019 2115 1137 2199 Quam
1158 2112 1306 2210 quidem
1321 2137 1387 2184 vos
1402 2113 1573 2205 ethicam,
1592 2113 1630 2186 id
1652 2129 1705 2187 est
1723 2141 1804 2189 mo·

208 2230 339 2320 ralem,
367 2256 436 2304 nos
460 2231 682 2304 divinitatem
708 2232 896 2303 nominare
920 2232 1187 2303 consuevimus.
1216 2236 1289 2304 Nos
1311 2230 1409 2304 illam
1424 2229 1590 2304 videlicet
1612 2257 1656 2305 ex
1677 2257 1736 2324 eo,
1756 2237 1802 2310 ad

207 2349 308 2446 quod
329 2350 714 2449 comprehendendum
732 2349 905 2436 tenditur,
931 2348 969 2422 id
987 2363 1041 2422 est
1055 2353 1191 2440 Deum,
1212 2362 1475 2448 nuncupantes,
1494 2373 1563 2422 vos
1578 2375 1622 2425 ex
1638 2352 1719 2446 illis,
1737 2380 1804 2453 per

207 2492 286 2565 quae
303 2469 387 2542 illuc
403 2471 621 2568 pervenitur,
640 2469 712 2542 hoc
729 2483 782 2542 est
799 2469 962 2542 moribus
983 2467 1091 2541 bonis
1107 2491 1198 2567 quas
1216 2469 1363 2542 virtutes
1379 2469 1526 2541 vocatis.

255 2592 399 2662 Pmnos.
423 2590 589 2662 Assentio
605 2589 705 2688 quod
727 2590 866 2661 clarum
888 2603 962 2681 est,
983 2604 1020 2662 et
1039 2613 1175 2663 novam
1196 2588 1504 2687 nuncupationem
1520 2590 1678 2663 nominis
1693 2596 1799 2665 vestri

195 2721 281 2779 ‘non
299 2708 526 2805 mediocriter
541 2708 721 2809 approbo.
741 2709 835 2797 Quia
851 2707 948 2780 enim
970 2708 1017 2782 ad
1031 2700 1133 2806 quod
1150 2709 1357 2807 pervenitur
1374 2708 1443 2797 his,
1462 2732 1528 2807 per
1544 2732 1624 2805 quae
1641 2713 1798 2804 venitur,

205 2826 349 2923 dignius
364 2828 557 2919 aestimatis,
584 2844 620 2901 et
638 2827 841 2927 pervenisse
865 2827 1000 2900 felicius
1019 2850 1130 2926 quam
1153 2828 1293 2921 venire,
1318 2827 1390 2901 hoc
1406 2827 1514 2902 vestri
1530 2831 1690 2902 nominis
1711 2832 1799 2905 iusi·

205 2946 372 3042 gniornm
394 2959 447 3020 est
474 2949 718 3047 nuncupatio,
745 2972 786 3020 ex
812 2946 948 3042 origine
977 2946 1132 3045 propriae
1154 2946 1384 3020 divinationis
1408 2947 1578 3022 lectorem
1603 2949 1800 3050 plurimum

203 3066 374 3139 alliciens.
393 3070 494 3159 Quae,
519 3069 548 3139 si
572 3069 620 3140 ita
646 3092 689 3139 ex
712 3068 934 3139 documento
959 3066 1052 3138 sicut
1076 3090 1118 3137 ex
1142 3066 1322 3140 vocabulo
1347 3069 1574 3167 praemineat,
1603 3069 1738 3143 nullam
1767 3076 1800 3144 ei

201 3183 430 3282 disciplinam
448 3186 731 3283 comparandam
748 3208 891 3257 censeo.

252 3307 455 3377 Canrsrrsrr.
476 3308 578 3376 Nunc
603 3305 723 3400 igitur,
747 3305 776 3375 si
797 3303 933 3402 placet,
954 3301 1132 3402 praelinire
1149 3317 1185 3375 te
1204 3304 1385 3397 volumus,
1411 3305 1542 3403 inquo
1562 3330 1653 3379 verae
1675 3309 1799 3384 ethica»

202 3446 344 3496 summa
365 3424 535 3495 consistat
558 3439 594 3496 et
617 3421 705 3520 quid
729 3446 773 3495 ex
795 3421 865 3495 bac
889 3420 1125 3520 spectandum
1143 3423 1187 3494 sit
1202 3423 1315 3508 nohis
1335 3423 1536 3522 disciplina,
1557 3441 1592 3499 et
1617 3453 1692 3525 quo
1714 3455 1798 3503 cum

200 3557 415 3642 perventum
434 3542 539 3614 fuerit
555 3542 632 3639 ejus
648 3544 692 3615 sit
711 3541 865 3615 intentio
883 3554 1145 3615 consummata.
1166 3543 1294 3639 Hujus,
1312 3557 1353 3615 ut
1367 3542 1534 3633 arbitror,
1549 3545 1744 3647 disciplinae
1760 3553 1797 3623 in

201 3662 272 3736 hoc
289 3676 365 3735 tota
386 3662 566 3760 colligitur
589 3687 749 3753 summa,
769 3676 827 3752 ut,
853 3687 928 3762 quo
945 3685 1127 3735 summum
1149 3663 1289 3736 honum
1309 3664 1354 3736 sit
1369 3679 1404 3738 et
1419 3689 1491 3764 qua
1512 3665 1597 3740 illuc
1611 3668 1671 3741 via
1693 3670 1800 3744 nobis

200 3784 244 3854 sit
260 3783 559 3881 perveniendum,
579 3783 731 3881 aperiat.

249 3908 387 3976 Panos.
417 3904 535 3976 Placet
557 3903 681 4000 utique
702 3902 935 3975 vehementer
957 3917 1031 3975 tam
1056 3904 1179 4001 paucis
1198 3902 1317 3976 verbis
1338 3918 1443 3976 tantae
1466 3907 1517 3978 rei
1540 3932 1717 3982 summam
1735 3935 1798 3983 ex·

198 4023 318 4120 primi,
344 4038 379 4096 et
402 4024 512 4096 totius
534 4022 659 4096 ethicae
676 4037 749 4095 tam
773 4021 961 4120 diligenter
983 4021 1223 4095 intentionem
1246 4023 1519 4123 comprehendi.
1539 4030 1627 4115 Qnae
1649 4030 1796 4128 quidem

198 4142 407 4217 intentionis
423 4142 533 4216 verba
559 4143 625 4216 ista
648 4143 686 4214 in
705 4167 744 4215 se
764 4143 883 4215 statim
901 4142 1047 4240 rapiunt
1068 4140 1291 4232 auditorem,
1319 4158 1354 4220 et
1378 4144 1484 4241 hujus
1504 4146 1698 4247 disciplina
1716 4165 1797 4223 stu-

199 4261 299 4333 dium
316 4262 585 4355 commendant,
605 4277 645 4334 ut
660 4264 697 4334 in
719 4264 797 4360 ejus
812 4261 1085 4361 comparatione
1098 4262 1262 4334 omnium
1280 4264 1409 4336 artium
1424 4263 1597 4340 vilescant
1610 4266 1792 4343 doctrinae.

198 4381 281 4466 Quo
304 4382 401 4452 enim
423 4405 604 4453 summum
620 4381 761 4454 bonum
784 4383 910 4455 ceteris
930 4379 1101 4454 omnihus
1118 4395 1172 4453 est
1188 4381 1435 4476 excellentius,
1454 4385 1491 4455 in
1509 4386 1610 4482 cujus
1627 4386 1796 4462 fruitione

198 4500 456 4572 vera’consistit
473 4498 674 4588 beatitudo,
692 4515 833 4573 constat
849 4498 1107 4600 proculdubio
1123 4500 1201 4596 ejus
1217 4498 1380 4573 doctrina
1396 4516 1532 4576 ceteras
1553 4518 1627 4577 tarn
1644 4506 1795 4582 utilitate

197 4642 306 4714 quam
334 4618 505 4715 dignitate
530 4619 636 4715 longe
659 4617 873 4717 praecedere.
898 4622 1021 4715 Longe
1037 4618 1173 4718 quippe
1188 4617 1339 4692 aliorum
1365 4620 1482 4695 studia
1505 4622 1595 4696 inira
1614 4647 1794 4698 summum

196 4737 335 4810 honum
361 4752 548 4810 remanent
579 4762 646 4811 nec
672 4735 904 4809 beatitudinis
930 4737 1146 4835 contingunt
1176 4738 1427 4829 eminentiam,
1456 4766 1524 4816 nec
1551 4744 1644 4817 nllus
1677 4747 1714 4816 in
1744 4748 1797 4818 eis

198 4857 333 4929 fructus
357 4871 526 4956 apparet,
552 4857 620 4928 nisi
639 4869 814 4953 quantum
839 4855 925 4928 huic
950 4880 1100 4929 summae
1124 4856 1330 4931 deserviunt
1352 4859 1604 4960 philosophiae,
1621 4876 1796 4962 tanquam

228 5131 338 5194 Ἰαὼ,
351 5145 406 5195 cap.
419 5147 446 5192 r,
464 5145 486 5180 r.
498 5131 536 5182 20.
551 5155 580 5166 -
591 5131 600 5161 ²
611 5129 656 5181 fflc
669 5130 761 5192 anund
773 5130 859 5180 deese
870 5129 974 5180 ridetur.
