4559 6100
476 477 547 550 560
1076 472 1206 545 PETRt
1230 473 1464 546 sumntum

475 624 682 724 Apostolus,
700 621 736 693 in
754 621 906 719 hisquae
922 619 1001 694 lieri
1016 621 1110 715 vult,
1128 621 1219 694 nihil
1235 623 1312 720 ejus
1327 622 1504 696 uoluntati
1518 624 1681 696 resistere
1693 647 1798 723 posse
1814 621 1981 717 dicimus,
2002 649 2068 699 nec

476 768 555 816 eam
581 742 703 841 aliquo
728 740 894 841 impediri
920 765 1026 833 casu,
1054 743 1113 814 cui
1141 743 1264 815 omnia
1288 767 1432 815 necesse
1458 744 1504 815 sit
1529 741 1689 816 obedire.
1719 744 1925 819 Secundum
1950 757 2069 818 autem

476 864 713 962 posteriorem
729 861 894 954 modum,
923 862 1035 934 multa
1052 862 1183 934 dicitnr
1204 861 1295 935 velle
1320 860 1416 956 lieri,
1443 887 1523 960 quae
1545 888 1620 936 non
1645 862 1736 935 fiunt
1757 891 1766 933 ε
1786 863 1858 937 hoc
1880 878 1935 937 est
1959 864 2071 936 multa

476 984 674 1074 adhortari,
702 1008 779 1080 quae
803 995 940 1054 certum
965 996 1018 1054 est
1041 1007 1084 1054 ex
1109 982 1221 1079 gratia
1245 982 1321 1078 ejus
1347 985 1581 1074 remunerari,
1607 985 1636 1055 si
1661 982 1800 1075 fierent,
1820 1009 1899 1082 quae
1922 985 2070 1056 minime

477 1102 582 1174 frunt.
610 1102 669 1173 Sic
694 1102 827 1201 quippe
854 1101 1048 1199 unicuique
1073 1100 1214 1173 bomini
1242 1100 1398 1174 consulit
1424 1100 1471 1173 de
1495 1100 1610 1175 salute
1633 1126 1711 1193 sua,
1737 1116 1774 1175 et
1798 1100 1845 1174 ad
1867 1101 1962 1175 hanc
1986 1127 2070 1175 eum

477 1221 702 1311 adhortatur,
725 1246 809 1292 cum
833 1220 1004 1293 obediant
1027 1221 1146 1319 pauci.
1168 1219 1254 1293 Vult
1274 1221 1395 1318 itaque
1416 1224 1512 1293 Deus
1534 1236 1758 1319 peecatorem
1783 1222 1963 1310 converti,
1987 1222 2071 1319 quia

479 1340 516 1413 id
533 1341 566 1413 ei
584 1339 737 1413 consulit
763 1336 864 1437 quod
881 1353 974 1411 esset
997 1337 1153 1436 benigne
1178 1353 1480 1412 remuneraturus.
1502 1338 1784 1428 Quodammodo
1809 1341 1908 1413 enim
1931 1354 2072 1436 gratum

479 1460 513 1530 ei
528 1459 658 1532 dicitur
678 1460 715 1530 in
736 1483 812 1556 quo
828 1459 905 1554 ejus
922 1459 1072 1555 gratiam
1088 1458 1269 1556 experturi
1288 1483 1457 1531 essemus.
1489 1463 1517 1529 li
1540 1458 1722 1532 contrario
1747 1458 1844 1531 nolle
1866 1457 1926 1530 illa
1942 1457 2074 1531 dicitnr

480 1605 559 1676 quae
582 1579 782 1667 dissuadet,
811 1593 872 1649 aut
894 1602 1129 1675 quecumque
1152 1578 1281 1675 punire
1303 1577 1415 1674 magis
1436 1576 1599 1669 deberet,
1625 1603 1736 1675 quam
1751 1578 1851 1652 dono
1874 1577 1995 1675 aliquo
2015 1603 2072 1653 re·

431 1760 435 1767 .
480 1714 687 1782 munerare,
711 1707 747 1762 et
769 1690 806 1761 in
830 1688 962 1787 quibus
985 1690 1076 1760 iram
1097 1689 1208 1786 ipsius
1225 1689 1346 1787 potius
1364 1712 1472 1784 quarn
1494 1689 1643 1785 gratiam
1675 1690 1903 1778 sentiremus,
1929 1688 2001 1761 hoc
2021 1705 2073 1761 est

479 1809 674 1883 vindictam
692 1810 812 1908 potius
830 1833 939 1908 quam
956 1809 1155 1907 praemium.

532 1929 773 2019 Quaerendum
791 1928 945 2001 arbitror
958 1942 1081 2000 utrum
1097 1927 1203 2027 plura
1220 1928 1336 2001 lacere
1350 1929 1463 2026 possit
1482 1934 1578 2001 Deus
1591 1928 1649 2001 vel
1665 1928 1812 2002 meliora
1829 1953 1938 2028 quam
1954 1927 2072 2020 iaciat,

483 2065 545 2121 aut
570 2048 616 2121 ab
633 2049 689 2121 his
707 2049 814 2122 etiam
835 2073 914 2146 quae
936 2047 1021 2120 lacit
1037 2045 1112 2119 ullo
1140 2045 1251 2118 modo
1276 2071 1412 2120 cessare
1438 2061 1571 2146 posset,
1600 2073 1646 2120 ne
1663 2073 1704 2120 ea
1723 2073 1895 2146 umquam
1912 2046 2075 2119 videlieet

483 2172 626 2243 laceret.
646 2169 754 2257 Quod
773 2171 847 2241 sive
864 2166 1118 2255 concedamus,
1142 2167 1217 2238 sive
1236 2191 1419 2264 negemus,
1440 2167 1570 2239 multas
1581 2166 1738 2240 fortassis
1746 2167 2075 2240 inconvenientium

481 2291 675 2363 anxietates
700 2289 937 2360 incurremus.
962 2288 998 2358 si
1022 2288 1120 2359 euim
1145 2310 1325 2384 ponamus
1349 2301 1388 2357 ut
1414 2287 1519 2384 plura
1538 2286 1595 2358 vel
1616 2287 1790 2385 pauciora
1811 2287 1925 2360 lacere
1949 2286 2071 2384 possit,

482 2412 537 2482 vel
564 2409 612 2483 ab
636 2409 694 2480 his
719 2430 798 2506 quae
817 2407 900 2480 lacit
923 2430 1074 2495 cessare,
1105 2406 1267 2504 prolecto
1292 2405 1446 2477 multum
1472 2430 1621 2478 summae
1642 2406 1719 2501 ejus
1739 2406 1894 2477 bonitati
1919 2407 2076 2502 deroga-

481 2530 613 2602 bimus.
630 2532 779 2600 Constat
801 2528 936 2625 quippe
960 2550 1044 2597 eum
1069 2524 1216 2596 nonnisi
1240 2523 1338 2597 bona
1367 2523 1483 2598 lacere
1507 2530 1646 2622 posse⁸.
1669 2525 1706 2596 Si
1728 2540 1848 2597 antem
1872 2523 1972 2597 bona
1994 2549 2076 2598 curn

482 2650 593 2745 possit
616 2672 690 2718 non
717 2646 832 2734 saciat,
861 2659 895 2717 et
913 2643 959 2715 ab
988 2643 1166 2741 aliquibus
1190 2668 1270 2740 quae
1294 2642 1456 2716 facienda
1480 2658 1598 2715 essent
1624 2668 1661 2715 se
1686 2643 1862 2735 retrabat,
1890 2644 1971 2741 quis
1992 2668 2076 2715 eum

481 2783 667 2863 tamquam
691 2765 859 2836 aemulum
877 2763 935 2834 vel
957 2762 1122 2860 iniquum
1140 2786 1216 2833 non
1235 2776 1360 2858 arguat
1382 2763 1602 2860 ,praesertim
1625 2787 1708 2834 cum
1732 2762 1853 2836 nullus
1868 2787 1953 2835 eum
1976 2761 2077 2837 labor

483 2889 520 2957 in
539 2884 704 2958 iaciendo
713 2882 848 2981 aliquid
867 2896 1002 2980 gravet,
1023 2882 1126 2978 cujus
1142 2906 1242 2979 aeque
1255 2883 1379 2954 omnia
1396 2882 1573 2955 voluntati
1584 2897 1669 2953 sunt
1684 2881 1860 2979 subjecta,
1879 2882 2076 2955 secundum

483 3004 583 3102 quod
599 3002 736 3076 dictum
754 3005 825 3074 est¹
845 3025 854 3072 t
876 3000 1001 3070 «Dixit
1018 3013 1054 3071 et
1070 2999 1281 3091 factasunt,
1300 2999 1486 3075 mandavit
1501 3015 1537 3070 et
1552 3017 1672 3071 creata
1690 3015 1786 3071 sunt.
1801 3030 1820 3067 u
1840 3002 1930 3071 Hinc
1946 3013 1999 3071 est
2017 2998 2076 3072 illa

528 3209 539 3230 ⁸
560 3196 634 3262 Non
653 3196 697 3260 ita
712 3211 749 3258 nt
766 3194 899 3258 aestimat
914 3189 1218 3256 Nabuchodonosor
1233 3202 1384 3278 operatur
1399 3188 1497 3269 Deus,
1516 3210 1608 3252 more
1619 3186 1768 3253 videlieet
1783 3210 1907 3269 eorum,
1916 3189 1972 3278 qui
1983 3190 2016 3253 in
2030 3190 2078 3253 his

484 3320 555 3384 quae
576 3295 714 3372 faciunt,
732 3315 800 3357 non
819 3307 886 3356 tam
907 3286 996 3378 quod
1016 3288 1142 3352 bonum
1167 3302 1215 3351 est
1236 3284 1416 3363 attendunt,
1440 3307 1538 3373 quam
1553 3299 1590 3348 nt
1605 3307 1670 3349 suae
1692 3285 1884 3350 satisfaciant
1902 3286 2076 3364 voluntati,

483 3393 721 3483 qualiscumque
741 3393 810 3481 ipsa
825 3390 884 3470 sit,
900 3386 942 3453 de
958 3385 1105 3475 qualibus
1120 3384 1274 3474 seriptum
1289 3399 1357 3449 est:
1375 3383 1427 3447 Sic
1441 3382 1530 3465 volo,
1548 3383 1593 3447 sic
1605 3381 1718 3468 jubeo,
1736 3383 1857 3474 sitj'pro
1878 3386 2003 3450 ratione
2018 3408 2078 3449 vo·

484 3491 601 3556 luntas.
625 3490 689 3557 Sed
706 3490 807 3579 magis
822 3486 903 3552 velle
925 3482 1081 3550 dicendus
1106 3498 1155 3547 est
1170 3480 1295 3570 singula
1311 3496 1347 3545 ut
1367 3479 1461 3562 fiant,
1486 3480 1561 3568 quia
1583 3479 1708 3544 bonum
1724 3503 1791 3546 esse
1808 3497 1847 3546 ut
1862 3480 1970 3547 forent
1988 3481 2075 3547 vidit.

481 3591 572 3655 Patet
588 3589 696 3676 itaque
710 3583 862 3676 quiequid
877 3585 963 3649 Deus
978 3581 1074 3647 iacnt
1085 3595 1141 3645 ant
1156 3577 1309 3660 dimittat,
1319 3579 1437 3663 justam
1455 3599 1493 3641 ac
1508 3577 1732 3643 rationabilem
1748 3579 1876 3644 subesse
1892 3603 2033 3660 causam,
2045 3595 2080 3644 ut

480 3688 546 3751 sola
563 3685 617 3750 illa
638 3685 734 3749 faciat
749 3699 805 3748 ant
821 3682 979 3762 dimittat,
998 3702 1070 3768 quae
1091 3676 1161 3742 fieri
1180 3675 1230 3741 vel
1248 3674 1365 3740 dimitti
1382 3689 1547 3764 oporteat,
1566 3690 1660 3763 atque
1676 3675 1782 3764 ipsum
1800 3675 1925 3742 deceat.
1944 3675 2079 3760 Quodsi

480 3781 568 3868 quod
577 3783 665 3863 lacit,
676 3805 750 3846 eum
760 3781 864 3846 lacere
877 3792 1025 3869 oportet:
1037 3779 1159 3861 justum
1170 3790 1218 3839 est
1228 3774 1336 3862 utique
1347 3787 1383 3837 ut
1394 3772 1489 3837 faciat
1498 3770 1650 3860 quicquid
1660 3770 1746 3854 facit,
1760 3796 1797 3837 ac
1805 3774 1873 3838 sine
1883 3772 1983 3839 dubio
1995 3774 2080 3862 quic-

480 3877 560 3964 quid
575 3879 680 3946 facere
696 3878 805 3945 dehet.
824 3875 922 3960 Quod
938 3875 965 3939 si
987 3873 1100 3954 debet,
1119 3895 1187 3936 non
1203 3887 1309 3962 potest
1324 3870 1468 3961 prolecto
1483 3872 1567 3956 juste
1587 3868 1748 3935 dimittere
1772 3893 1813 3935 ne
1841 3871 1946 3936 faciat.
1975 3872 2078 3934 Omne

483 3974 601 4064 quippe
614 3976 704 4060 quod
715 3980 835 4058 justum
845 3989 893 4039 est
903 3972 984 4050 lieri,
1000 3971 1154 4055 injustum
1163 3984 1212 4034 est
1223 3966 1356 4047 dimitti;
1367 3982 1400 4032 et
1408 3967 1548 4056 quisquis
1557 3966 1592 4031 id
1603 3990 1669 4032 non
1679 3966 1766 4049 facit,
1778 3966 1867 4057 quod
1877 3969 1957 4031 ratio
1968 3965 2077 4054 exigit,

485 4094 574 4160 aeque
591 4069 765 4162 delinquit,
777 4091 814 4132 ac
821 4072 847 4133 si
864 4069 960 4130 faciat
968 4066 1057 4152 quod
1066 4067 1183 4131 rationi
1195 4067 1327 4132 minime
1336 4063 1523 4130 concordat.
1535 4062 1598 4130 Sed
1611 4065 1749 4130 fortassis
1761 4066 1893 4153 inquies,
1903 4061 1991 4152 quod
1999 4063 2081 4127 sicut

479 4173 599 4253 justum
609 4183 720 4233 estant
733 4166 856 4231 bouum
867 4185 922 4228 seu
931 4158 1121 4225 rationabile
1132 4162 1167 4224 id
1177 4160 1374 4249 quodmodo
1384 4161 1470 4242 facit,
1481 4161 1524 4224 ita
1535 4160 1657 4225 bonum
1665 4177 1747 4226 esset
1755 4177 1850 4250 atque
1864 4160 2081 4250 seqrebonum

481 4267 509 4330 si
526 4264 613 4330 aliud
633 4263 751 4330 iaceret
770 4278 802 4328 et
822 4263 885 4326 boo
905 4257 1089 4324 dimitteret.
1108 4258 1208 4345 Atqui
1228 4257 1254 4320 si
1275 4280 1363 4345 aeque
1383 4254 1462 4322 illud
1485 4256 1608 4323 bonnm
1624 4275 1705 4324 esset
1727 4256 1814 4348 quod
1831 4257 1949 4322 dimisit
1964 4258 2079 4336 fauere,

484 4363 614 4451 quando
626 4362 711 4429 istud
725 4361 832 4452 elegit,
850 4356 939 4423 nulla
951 4354 1097 4446 profecto
1112 4355 1195 4418 ratio
1212 4353 1270 4417 fuit
1287 4376 1344 4418 eur
1358 4352 1438 4418 illud
1455 4352 1630 4419 dimitteret
1645 4371 1740 4441 atque
1750 4353 1836 4418 istud
1852 4353 1992 4445 eligeret.
2009 4355 2082 4420 Fuit

484 4477 593 4527 antem
607 4462 744 4549 inquies,
762 4458 835 4548 quia
852 4478 926 4521 curn
941 4476 1009 4518 non
1025 4467 1195 4539 utrumque
1211 4448 1280 4515 fieri
1302 4465 1466 4539 oporteret
1481 4465 1514 4514 et
1530 4473 1620 4538 aeque
1640 4451 1703 4515 boc
1717 4451 1768 4516 vel
1782 4450 1863 4516 illud
1876 4451 1946 4517 lieri
1960 4452 2082 4518 bonum

484 4575 577 4641 esset,
591 4557 817 4648 quodcumque
831 4575 944 4620 eorum
959 4550 1049 4616 fieret
1067 4546 1301 4613 rationabiliter
1314 4548 1434 4612 factum
1444 4562 1537 4612 esset.
1552 4547 1615 4612 Sed
1628 4551 1721 4634 juxta
1730 4550 1814 4613 banc
1823 4550 1969 4640 profecto
1982 4553 2082 4616 ratio·

486 4678 573 4731 nem,
587 4678 676 4741 aeque
690 4652 760 4719 fieri
771 4649 941 4743 oportebat
952 4648 1040 4738 quod
1052 4647 1173 4712 factum
1186 4668 1254 4710 non
1270 4661 1329 4727 est,
1345 4645 1427 4710 sicut
1437 4644 1525 4734 quod
1536 4643 1656 4710 iactum
1668 4661 1730 4727 est;
1741 4661 1774 4711 et
1786 4669 1875 4736 aeque
1884 4648 2010 4714 bonum
2018 4666 2085 4714 erat

485 4753 566 4820 illud
587 4751 656 4817 fieri
675 4751 756 4814 sicut
776 4752 851 4815 hoc.
871 4748 952 4811 Cum
966 4768 1043 4810 vero
1059 4742 1136 4833 quid
1158 4741 1226 4807 lieri
1243 4742 1366 4808 bonum
1384 4757 1443 4823 est,
1462 4758 1494 4808 et
1508 4742 1735 4808 rationabilem
1754 4744 1854 4810 habet
1872 4769 2001 4812 causam
2021 4769 2084 4835 qna

486 4850 670 4918 faciendum
684 4848 737 4928 sit,
761 4841 1021 4911 irrationabiliter
1035 4841 1182 4932 profecto
1199 4841 1275 4934 ogit,
1291 4841 1346 4930 qni
1362 4840 1451 4934 quod
1462 4864 1482 4905 a
1492 4863 1526 4907 se
1537 4841 1606 4907 lieri
1623 4840 1741 4908 debere
1755 4865 1821 4907 non
1837 4844 1974 4931 ignorat,
2002 4865 2084 4931 prae·

520 5079 526 5106 ¹
539 5072 636 5125 Proto
648 5083 751 5132 menn,
762 5077 790 5121 n*
800 5072 826 5121 t.
