4559 6100
491 490 565 564 634
846 552 850 559 .
1094 485 1223 557 Pb'llll
1249 486 1478 562 indutum

493 638 560 710 ista
575 637 621 708 sit
638 633 855 709 verecundia
870 634 927 707 vel
942 635 1140 709 reverentia
1155 637 1402 731 confessionis,
1422 652 1462 709 ut
1479 637 1600 710 flendo
1618 639 1730 735 magis
1744 661 1855 734 quam
1872 637 2083 711 confitendo

494 764 618 830 Petrus
633 755 859 841 satisfecerit,
879 749 1077 827 uidendum
1101 769 1165 828 est.
1185 756 1221 827 Si
1239 758 1335 829 enim
1352 770 1500 855 propter
1516 757 1587 829 boc
1602 783 1717 830 unum
1732 756 1895 830 confiteri
1909 782 2085 831 verecun-

493 876 659 965 dabatur,
687 899 735 947 ue
757 874 902 971 cognito
925 888 1074 971 peccato
1089 899 1158 946 suo
1183 874 1286 948 vilior
1307 875 1514 967 baberetur,
1542 878 1704 976 profacto
1729 877 1905 976 superbus
1926 892 2020 965 erat,
2046 891 2086 948 et

492 997 643 1069 honoris
664 997 721 1067 sui
742 994 861 1092 gloriae
886 995 998 1089 magis
1023 1018 1132 1092 quam
1159 996 1287 1067 auimoe
1307 1021 1378 1069 sun
1402 997 1506 1069 saluti
1531 998 1734 1070 consulens.
1763 999 1825 1069 Sin
1845 1013 1966 1070 autem
1981 1021 2083 1069 vere-

492 1117 624 1190 cundia
651 1139 725 1186 uou
755 1128 826 1186 tam
853 1137 917 1185 sua
941 1137 1051 1209 quam
1076 1114 1239 1188 Ecclesia
1259 1117 1498 1206 retinebatur,
1516 1142 1592 1189 non
1615 1132 1669 1190 est
1689 1117 1759 1188 hoc
1783 1117 2080 1216 improbandum.

493 1233 709 1308 Providabat
725 1258 763 1305 se
779 1232 936 1305 fortassis
951 1257 1060 1332 super
1078 1235 1306 1310 Dominicam
1328 1236 1470 1334 plebem
1485 1262 1507 1310 a
1522 1238 1680 1309 Domino
1698 1237 1989 1310 constituendum
2005 1260 2083 1309 esse

491 1356 707 1456 principem,
731 1367 767 1425 et
782 1351 972 1425 verebatur
984 1378 1031 1424 ne
1052 1355 1081 1425 si
1097 1353 1173 1427 haec
1195 1355 1288 1428 trina
1303 1356 1380 1453 ejus
1401 1358 1540 1453 negatio
1560 1382 1626 1455 per
1642 1357 1903 1428 confessionem
1918 1357 1995 1453 ejus
2009 1357 2082 1429 cito

490 1476 526 1546 in
545 1474 729 1574 publicum
746 1471 919 1572 prodiret,
935 1496 1043 1570 super
1051 1472 1122 1544 boc
1136 1472 1294 1549 Ecclesia
1306 1475 1459 1571 graviter
1468 1474 1779 1568 scandalizaretur,
1795 1490 1831 1548 et
1838 1475 2082 1549 erubescentia

489 1594 693 1666 vehementi
714 1590 996 1664 confunderetur
1016 1591 1116 1688 quod
1139 1606 1214 1664 tem
1228 1592 1368 1665 facilem
1387 1593 1434 1665 ad
1449 1593 1655 1690 negandum
1671 1609 1706 1666 et
1727 1608 1801 1667 tarn
1818 1594 2082 1693 pusillanimem

488 1714 666 1787 Dominus
678 1712 711 1784 ei
723 1710 946 1810 prefecisset.
962 1711 998 1783 Si
1014 1734 1101 1805 ergo
1114 1725 1188 1783 tam
1203 1736 1270 1809 pro
1285 1711 1426 1785 honore
1439 1713 1508 1784 sibi
1524 1714 1786 1803 conservando,
1806 1738 1914 1811 quarn
1929 1739 1997 1812 pro
2014 1713 2081 1785 bac

490 1833 600 1905 animi
620 1830 866 1904 ensbescentia
885 1829 1049 1903 Ecclesia
1075 1829 1238 1903 confiteri
1261 1831 1416 1919 distulit,
1433 1832 1586 1931 provide
1602 1833 1687 1925 hoc,
1712 1858 1787 1905 non
1808 1833 1963 1932 superbe
1985 1833 2079 1905 fecit.

488 1953 611 2024 Timor
631 1974 777 2048 quoque
802 1950 840 2020 iu
857 1973 964 2021 causa
990 1949 1211 2021 rationabilis
1237 1949 1315 2038 fuit,
1339 1950 1385 2022 de
1403 1951 1538 2025 damno
1562 1950 1725 2024 Ecclesia
1749 1955 1875 2051 magis,
1902 1976 2012 2049 qnam
2035 1951 2082 2023 de

489 2071 643 2170 propriae
667 2069 883 2143 detrimento
904 2068 1019 2141 famae.
1042 2067 1184 2141 Sciebat
1204 2069 1340 2168 quippe
1362 2068 1429 2141 sibi
1453 2068 1651 2168 specialiter
1669 2095 1691 2144 a
1708 2073 1871 2143 Domino
1889 2072 2081 2143 Ecclesiam

489 2215 565 2263 esse
582 2190 823 2279 commissam,
843 2213 926 2261 cum
943 2188 977 2260 ei
994 2186 1142 2260 diceret¹
1162 2214 1170 2258 ε
1193 2217 1211 2254 α
1226 2192 1267 2260 Et
1285 2202 1323 2260 tu
1340 2188 1534 2285 aliquando
1549 2213 1746 2262 conversus
1760 2188 1937 2263 confirma
1960 2189 2082 2262 fratres

490 2324 584 2382 tuos.
602 2340 620 2377 ι)
643 2311 679 2380 Si
703 2332 788 2405 ergo
809 2332 855 2380 eo
876 2308 1023 2407 propria
1046 2307 1271 2379 confessione
1289 2311 1468 2399 convicto,
1495 2307 1542 2381 ad
1564 2332 1668 2381 aures
1687 2309 1850 2383 Ecclesiae
1872 2309 2082 2407 preveniret

488 2430 547 2502 hic
570 2431 645 2528 ejus
673 2443 746 2500 tam
772 2427 1022 2500 abhorrendus
1038 2428 1171 2526 lapsus,
1196 2428 1276 2523 quis
1303 2452 1378 2499 non
1400 2428 1524 2501 leviter
1548 2429 1724 2501 diceret’:
1754 2429 1961 2501 «Nolumus
1985 2427 2082 2499 hunc

489 2574 637 2648 regnare
654 2573 761 2646 super
777 2573 862 2635 nos3
883 2577 900 2614 n
921 2561 956 2619 et
975 2572 1050 2618 non
1075 2546 1177 2618 facile
1201 2548 1431 2619 Dominicum
1455 2548 1674 2647 improbaret
1693 2548 1898 2639 consilium,
1921 2548 2020 2646 quod
2035 2548 2082 2620 ad

488 2666 758 2741 confirmandos
782 2666 905 2737 fratres
930 2690 1014 2736 eum
1039 2666 1161 2761 elegit,
1187 2665 1250 2762 qui
1272 2668 1410 2763 primus
1434 2666 1583 2740 defecit?
1600 2672 1675 2738 llac
1692 2692 1837 2765 quoque
1859 2667 2082 2766 providentia

491 2789 594 2860 multi
610 2786 872 2859 confessionem
890 2783 1047 2873 differre,
1064 2785 1121 2856 vel
1138 2786 1289 2856 omnino
1303 2786 1481 2857 dimittere
1500 2801 1645 2884 possent
1659 2788 1735 2857 sine
1748 2801 1919 2885 peccato;
1935 2788 1964 2858 si
1981 2785 2083 2858 visle-

491 2907 573 2979 licet
597 2906 677 3005 plns
701 2903 798 2976 illam
828 2927 959 2976 nocere
984 2928 1093 3002 quam
1119 2902 1290 3002 prodesse
1309 2904 1497 2977 crederent
1522 2933 1530 2975 :
1557 2907 1642 3002 quia
1664 2905 1798 2977 nullam
1823 2907 1889 2978 Dei
1909 2905 2082 2999 offensam

491 3053 534 3100 es
561 3025 665 3124 culpa
696 3025 928 3115 incurrimus,
959 3023 1095 3121 inquo
1121 3048 1205 3096 eum
1233 3048 1461 3123 nequaquam
1483 3025 1762 3098 contemnimus.
1790 3026 1934 3101 Distulit
1960 3030 2082 3098 Petrus

491 3146 655 3221 confiteri
678 3160 886 3244 peccatum,
915 3168 998 3215 cum
1026 3142 1146 3215 adhuc
1170 3158 1292 3216 tenera
1324 3146 1360 3216 in
1387 3144 1458 3216 fids
1482 3158 1589 3240 atque
1614 3143 1756 3217 infirma
1785 3159 1878 3217 esset
1903 3144 2080 3236 Ecclesia,

492 3268 609 3339 donec
633 3266 746 3337 virtus
767 3264 860 3336 Petri
880 3262 1132 3362 praedicatione
1153 3264 1264 3360 ipsius
1282 3263 1338 3335 vel
1356 3263 1535 3335 miraculis
1556 3277 1647 3334 esset
1668 3263 1830 3361 probata.
1857 3268 1982 3337 Postea
1997 3289 2081 3336 vero

492 3413 576 3460 cum
596 3386 643 3457 de
664 3385 737 3457 hoc
755 3384 831 3480 jam
854 3397 1045 3471 constaret,
1073 3383 1225 3479 ipsemet
1244 3387 1367 3454 Petrus
1392 3384 1468 3454 sine
1492 3381 1566 3453 ullo
1584 3382 1745 3455 Ecclesia
1766 3383 1937 3456 scandalo
1961 3399 2082 3456 contra

492 3506 780 3606 desperationem
796 3502 979 3599 lapsorum
999 3498 1162 3572 confiteri
1186 3499 1257 3572 hoc
1282 3503 1411 3600 potuit,
1439 3515 1478 3572 ut
1502 3504 1674 3601 scriptum
1696 3504 1804 3575 etiam
1826 3503 2083 3601 relinqueretur

493 3626 540 3698 ab
557 3621 802 3719 Evangelistis.

543 3746 634 3815 Sunt
660 3739 818 3812 fortassis
842 3738 973 3834 quibus
999 3737 1163 3810 videatur
1193 3744 1336 3811 Petrum
1361 3742 1423 3837 qui
1452 3742 1586 3813 caeteris
1609 3740 1779 3814 omnibus
1812 3756 1982 3841 praeerat,
2018 3765 2083 3812 nec

496 3861 717 3960 superiorem
733 3856 903 3951 babebat,
928 3858 989 3932 cui
1012 3859 1134 3932 anima
1154 3860 1232 3956 ejus
1259 3872 1352 3932 essct
1371 3860 1570 3955 ⁸commissa
1581 3913 1592 3949 ,
1618 3884 1846 3957 nequaquam
1869 3859 2001 3933 habere
2022 3885 2086 3932 ne-

495 3980 686 4058 cessarium
703 3976 843 4054 bomini
862 3977 1025 4052 confiteri
1043 3992 1243 4078 peccatum,
1261 3991 1433 4074 tanquam
1451 3977 1499 4051 ab
1515 3978 1577 4051 illo
1595 3979 1813 4054 instituenda
1828 3993 1919 4051 esset
1934 3979 1967 4050 ei
1984 3979 2085 4054 satis·

496 4099 615 4192 tactio,
634 4121 677 4174 ac
691 4098 721 4172 si
736 4110 915 4195 praecepto
931 4098 1007 4193 ejus
1023 4099 1124 4196 quasi
1137 4098 1329 4196 superioris
1341 4097 1518 4172 obediret.
1536 4097 1608 4171 Sed
1624 4099 1654 4169 si
1671 4123 1746 4172 non
1764 4123 1830 4197 pro
1846 4098 2084 4174 satisfactione

496 4216 716 4317 injungenda
741 4214 903 4288 confiteri
927 4216 1033 4290 alicui
1058 4216 1237 4304 debuerit,
1267 4230 1413 4315 propter
1435 4219 1607 4292 orationis
1629 4218 1836 4315 suffragium
1862 4243 1938 4294 nnn
1959 4220 2085 4292 innon·

497 4365 583 4440 grue
599 4338 676 4416 fieri
691 4337 828 4437 potuit;
842 4335 975 4434 dequo
989 4336 1137 4434 quidem
1156 4359 1240 4410 cum
1260 4336 1476 4409 diceretur⁸:
1495 4367 1512 4402 α
1527 4336 1756 4412 Confitemini
1771 4338 1982 4412 alterutrum
2002 4364 2086 4437 pec-

497 4474 577 4534 cata
593 4473 723 4548 vestra,
737 4486 755 4532 a
775 4455 1007 4554 subjunctum
1024 4471 1089 4549 est,
1110 4486 1129 4526 a
1144 4471 1180 4530 et
1195 4469 1295 4528 orate
1307 4481 1375 4555 pro
1393 4457 1547 4532 invicem
1564 4473 1603 4529 ut
1617 4457 1815 4534 salvemini.
1834 4488 1851 4524 s
1871 4456 1966 4530 Nihil
1981 4458 2086 4531 etiam

497 4578 662 4676 isnpsdit,
684 4602 732 4649 na
752 4577 887 4675 praelati
910 4575 1042 4674 eligant
1058 4576 1236 4673 subjectos
1253 4574 1298 4648 ad
1320 4577 1584 4650 confessionem
1608 4577 1822 4666 faciendam,
1844 4578 1899 4652 sel
1922 4577 1970 4650 ad
1989 4579 2086 4651 satis·

498 4697 688 4774 uodonem
711 4695 991 4794 suscipiendam,
1012 4711 1052 4770 ut
1068 4696 1168 4794 quod
1193 4696 1323 4791 agitur,
1351 4708 1451 4770 tanto
1469 4699 1546 4770 Deo
1568 4694 1629 4766 liat
1650 4697 1848 4795 acceptius,
1880 4711 2017 4794 quanto
2041 4695 2087 4770 ab

497 4817 560 4892 illo
585 4817 719 4914 geritur
742 4813 925 4892 humilius.
945 4817 1035 4902 Quis
1055 4815 1163 4890 etiam
1179 4828 1275 4889 vetet
1293 4814 1488 4911 quemlibet
1514 4818 1552 4888 iu
1580 4814 1710 4892 talibus
1735 4840 1925 4915 personam
1949 4817 2089 4913 religio·

529 5092 679 5155 'an.,cap.
692 5106 755 5155 uu,
766 5104 789 5140 r.
803 5094 842 5143 82.
856 5090 988 5154 -’Luc.,
1004 5105 1058 5154 cap.
1070 5104 1124 5156 nx,
1138 5105 1161 5140 r.
1176 5094 1213 5144 rt.
1227 5089 1420 5155 -⁸lac.,cap.
1435 5105 1461 5156 r,
1482 5106 1505 5140 v.
1524 5095 1562 5143 16.
