4559 6100
196 117 379 190 Sancti
340 142 485 215 ,ipsam
507 115 770 217 proculdubio
792 114 945 210 diligunt
965 138 1037 212 qua
1058 115 1238 205 fruuntur,
1257 139 1367 211 quam
1387 130 1423 187 et
1444 111 1570 187 hanc
1560 140 1675 215 ipsam
1697 118 1735 189 in
1758 121 1810 194 eis

195 236 327 309 Deum
352 262 473 311 amare
496 238 741 337 conspiciunt,
769 259 791 308 a
818 235 919 332 cujus
942 233 1047 306 avelli
1072 260 1148 307 nou
1172 249 1345 359 possunt
1347 258 1491 327 amore,
1514 261 1581 307 nec
1602 237 1780 334 quidem
1771 266 1807 313 m

196 378 247 428 ea
264 355 362 430 beati
382 356 476 430 effici
496 371 660 457 possunt,
685 379 794 453 quam
818 354 895 426 sine
910 377 1035 426 amore
1055 354 1250 452 possident
1271 330 1345 426 Sic
1345 367 1380 426 et
1398 358 1495 426 Deus
1512 357 1705 455 propriam
1713 373 1809 432 amat

195 471 380 571 gloriam,
402 502 488 549 cum
509 475 586 549 haec
602 499 742 547 summe
760 475 804 545 sit
819 472 991 564 amanda;
1014 487 1048 544 et
1070 475 1108 547 in
1127 474 1297 547 omnibus
1316 499 1397 571 quae
1415 473 1496 546 iacit
1512 499 1612 548 suam
1631 479 1808 578 praecipue

195 593 358 690 gloriam
385 611 421 669 et
445 596 626 669 honorem
658 594 828 684 attendit,
860 618 931 692 qua
959 594 1058 665 nulla
1086 596 1218 666 rectior
1246 594 1303 666 vel
1331 618 1432 691 aeque
1460 608 1557 666 recta
1586 610 1704 693 potest
1730 623 1807 671 esse

193 709 326 810 causa,
344 715 504 815 alioquin
528 717 565 787 in
585 714 643 787 his
664 739 744 813 quae
760 712 909 786 iacimus
921 714 1119 784 'rectiorem
1132 713 1328 785 habemus¹
1350 734 1494 785 causam
1519 737 1628 810 quam
1654 716 1749 814 ipse,
1771 732 1807 791 et

194 849 330 907 nostra
356 859 466 934 opera
492 849 568 906 tota
595 835 742 906 meliora
764 833 972 906 viderentur
1000 858 1109 930 quam
1138 858 1220 920 sua,
1251 847 1388 929 quanto
1414 832 1553 905 meliori
1578 832 1806 907 efficerentur

194 977 313 1027 causa
335 970 442 1051 atque
462 955 662 1027 intentione
678 952 834 1026 rectiori.
857 956 1005 1024 Constat
1021 953 1168 1051 quippe,
1197 976 1265 1024 nos
1283 952 1375 1023 nihil
1392 967 1561 1050 oportere
1578 954 1712 1046 lacere,
1736 956 1806 1028 nisi

193 1074 248 1146 ad
272 1075 422 1171 gloriam
446 1091 482 1147 et
497 1074 642 1146 laudem
663 1075 774 1171 ipsius
792 1100 800 1143 :
819 1096 927 1170 quem
952 1087 987 1144 et
1009 1071 1115 1145 nobis
1136 1071 1245 1144 finem
1263 1074 1397 1144 Veritas
1415 1074 1491 1171 ipsa
1507 1076 1699 1172 proponit,
1720 1101 1804 1149 cum

194 1193 308 1267 dicit¹
328 1190 336 1266 Ξ
357 1224 376 1265 r
396 1200 441 1267 Ut
467 1192 685 1289 glorificetur
714 1196 816 1265 Pater
840 1208 957 1265 vester
988 1193 1052 1288 qui
1079 1206 1138 1264 est·
1160 1195 1195 1265 in
1229 1192 1377 1266 coelis.»
1406 1194 1442 1265 si
1467 1194 1575 1289 igitur
1601 1178 1697 1293 ipse,
1728 1220 1802 1270 non

191 1330 350 1413 propter
375 1338 431 1407 se,
455 1313 517 1385 sed
536 1326 685 1411 propter
708 1337 795 1405 nos,
819 1336 862 1385 ea
879 1336 958 1410 quae
980 1310 1088 1383 ellicit
1105 1311 1252 1404 laceret,
1273 1337 1340 1384 nos
1356 1327 1477 1385 autem
1496 1328 1645 1412 propter
1664 1316 1800 1414 ipsum,

192 1434 363 1531 proiecto
379 1432 532 1506 dubium
550 1457 626 1504 non
645 1446 753 1521 esset,
773 1457 842 1503 nos
859 1431 1002 1504 rectiori
1021 1433 1217 1505 intentione
1236 1432 1320 1504 duci
1336 1456 1446 1531 quam
1466 1434 1602 1531 ipsum,
1628 1460 1712 1507 cum
1735 1462 1804 1511 nos

192 1578 284 1625 eum
300 1552 515 1625 haberemus
534 1550 666 1640 finem,
686 1553 762 1649 ipse
781 1576 866 1622 vero
884 1576 964 1653 nos.
991 1552 1144 1623 Maxime
1163 1577 1247 1623 cum
1270 1576 1338 1624 nec
1354 1553 1432 1651 ipse
1454 1578 1564 1651 opera
1584 1554 1652 1626 nisi
1674 1580 1804 1628 secun·

193 1670 289 1743 dum
311 1672 549 1744 intentionem
572 1678 715 1769 penset3
734 1673 835 1766 juxta
859 1670 950 1742 illud
973 1672 1136 1743 Veritatis
1159 1672 1450 1744 documentum:
1476 1675 1546 1744 «Si
1570 1674 1698 1746 oculus
1718 1691 1802 1750 tuus

192 1790 304 1863 suerit
318 1792 482 1890 simplex,
500 1805 616 1863 totum
632 1815 764 1888 corpus
777 1789 938 1862 lucidum
954 1791 1033 1878 erit,
1050 1806 1119 1863 etc.
1144 1822 1161 1859 »
1178 1795 1257 1863 Hoc
1268 1806 1341 1885 est,
1352 1791 1382 1863 si
1398 1805 1494 1864 recta
1512 1794 1663 1866 intentio
1682 1796 1798 1890 luerit,

192 1922 272 1983 tota
299 1938 415 1986 massa
435 1937 586 2012 operum
607 1898 702 1984 bona
724 1912 803 1981 erit.
823 1913 914 1983 Cum
932 1911 1052 2008 ltaque
1072 1925 1148 1983 tota
1168 1910 1322 2009 qualitas
1348 1936 1501 2010 opernm
1525 1936 1568 1983 ex
1592 1915 1801 1989 intentionis

192 2031 318 2105 radice
341 2032 550 2132 accipienda
577 2033 640 2123 sit,
667 2031 827 2129 prolecto
851 2055 994 2103 necesse
1016 2032 1096 2124 erit,
1124 2045 1226 2104 tanto
1244 2031 1392 2104 meliora
1416 2056 1491 2103 esse
1510 2056 1641 2130 opera,
1662 2049 1799 2132 quanto
1836 2025 1838 2030 ¹

192 2151 337 2224 meliori
362 2152 598 2250 perficiuntur
621 2152 837 2223 intentione.
866 2154 988 2222 Tanto'
1007 2165 1126 2222 autem
1154 2151 1282 2222 melior
1304 2165 1357 2222 est
1380 2152 1545 2244 intentio,
1565 2168 1703 2250 quanto
1720 2154 1801 2227 finis

189 2270 285 2369 ipse,
301 2271 338 2353 id
352 2287 405 2344 est
423 2271 539 2345 finalis
553 2295 672 2356 causa,
684 2285 737 2343 est
749 2272 883 2370 potior.
900 2274 947 2341 Ut
963 2271 1071 2365 igitur
1082 2274 1180 2342 Deus
1196 2271 1233 2341 in
1249 2270 1419 2342 omnibus
1436 2295 1516 2368 quae
1529 2273 1600 2367 agit
1619 2275 1800 2371 optimum

190 2389 326 2463 habeat
348 2391 473 2482 finem,
493 2405 636 2490 oportet
653 2391 700 2463 ad
718 2390 877 2489 seipsum
895 2391 1059 2462 omnium
1078 2416 1158 2487 quae
1176 2388 1286 2462 efficit
1307 2390 1543 2462 intentionem
1567 2391 1738 2489 dirigere,
1761 2408 1800 2466 ut

189 2525 341 2611 propter
368 2536 408 2583 se
435 2511 495 2583 illa
520 2537 666 2609 quoqne
697 2510 820 2604 saciat,
849 2536 928 2609 quae
955 2526 1105 2609 propter
1131 2535 1198 2582 nos
1228 2511 1344 2581 iacere
1370 2510 1513 2582 dicitur.
1543 2508 1651 2584 iliter
1676 2527 1797 2586 tamen

189 2645 343 2729 propter
367 2655 422 2719 se,
451 2632 554 2703 aliter
574 2643 721 2727 propter
744 2655 848 2701 nos.
877 2645 1028 2729 propter
1053 2654 1091 2701 se
1109 2628 1274 2725 quidem,
1301 2630 1402 2726 quasi
1426 2629 1471 2700 ad
1496 2630 1663 2725 gloriam,
1686 2647 1725 2704 ut
1750 2633 1797 2706 ad

189 2749 343 2823 salutem
356 2774 480 2840 suam;
500 2762 648 2848 propter
659 2773 727 2861 nos
739 2764 860 2822 autem
865 2763 1062 2846 ,tanquam
1075 2748 1120 2819 ad
1138 2747 1290 2820 salutem
1303 2747 1359 2819 vel
1373 2747 1420 2821 ad
1437 2748 1594 2845 aliquam
1610 2749 1797 2824 utilitatem

188 2884 367 2943 nostram
387 2873 468 2942 Non
486 2883 539 2941 est
557 2870 676 2966 itaque
694 2851 791 2940 recta
807 2867 982 2967 superbiae
1001 2866 1189 2939 definitio.
1213 2872 1351 2938 «Amor
1371 2869 1525 2966 propriae
1541 2868 1678 2966 gloriae,
1695 2903 1711 2936 ι)
1731 2872 1797 2945 sed

192 2989 375 3063 «ambitio
402 2988 557 3089 propriae
581 2988 714 3087 gloriae.
730 3017 748 3057 >r
769 2993 848 3062 Non
873 3004 927 3061 est
950 2989 1047 3060 enim
1072 2985 1223 3060 ambitio
1247 2988 1316 3060 nisr
1306 2987 1502 3060 malum:
1523 2990 1697 3095 quando
1695 2990 1797 3065 vide·

187 3107 270 3181 licet
298 3110 428 3208 injuste
455 3108 591 3208 aliquid
612 3109 905 3207 concupiscentia
925 3110 1072 3207 appetit.
1094 3107 1203 3195 Quod
1235 3133 1321 3179 vero
1345 3107 1482 3179 dictum
1508 3124 1580 3202 est,
1610 3111 1794 3183 caritatem

187 3251 257 3299 nec
272 3254 335 3302 sua
352 3254 524 3328 quaerere,
541 3253 583 3301 ac
596 3255 661 3328 per
677 3228 749 3300 hoc
767 3233 883 3301 Deum
902 3228 966 3326 qui
985 3227 1211 3324 singulariter
1224 3251 1371 3325 quoque
1388 3229 1465 3325 ipsa
1479 3231 1645 3325 quoque⁸
1667 3232 1795 3304 caritas

188 3347 332 3440 dicitur,
361 3375 437 3421 non
465 3349 596 3423 debere
622 3349 805 3448 propriam
831 3351 990 3447 quaerere
1017 3348 1187 3444 gloriam,
1216 3348 1480 3424 inconsiderate
1509 3347 1689 3445 objicitur.
1720 3354 1795 3422 No-

187 3482 298 3543 stram
320 3470 455 3567 quippe
479 3469 671 3569 Apostolus
691 3470 874 3541 caritatem
895 3469 1033 3567 accepit
1053 3493 1162 3566 quam
1188 3466 1487 3558 commendabat,
1515 3493 1599 3552 cum
1625 3471 1688 3561 ait,
1710 3471 1794 3568 qnia

177 3589 315 3661 ⁴caritas
336 3614 411 3661 non
434 3593 560 3687 quaerit
581 3615 661 3687 quae
682 3613 747 3662 sua
765 3604 850 3662 sunt
868 3618 877 3659 ε
897 3588 969 3660 hoc
997 3602 1142 3659 estnon
1167 3603 1218 3659 est
1244 3587 1393 3660 sollicita
1417 3588 1463 3660 de
1485 3588 1557 3660 suis
1576 3590 1790 3663 commodis.

186 3710 306 3793 Quam
328 3708 454 3781 beatus
471 3709 889 3803 definiensrlugustinus,
910 3708 996 3779 dicit
1013 3731 1093 3780 eam
1110 3731 1187 3778 esse
1205 3720 1344 3778 motum
1366 3708 1479 3778 animi
1502 3705 1549 3779 ad
1568 3707 1812 3804 diligendum⁸

185 3830 305 3898 Deum
324 3843 360 3899 et
376 3830 583 3927 proximum
599 3844 750 3928 propter
768 3832 896 3902 Deum.
919 3830 1034 3900 Deum
1052 3842 1173 3900 autem
1193 3827 1333 3901 nullum
1354 3828 1506 3899 omnino
1525 3842 1663 3898 motum
1680 3831 1792 3901 animi

185 3942 319 4019 habere
329 3961 559 4031 constat‚nec
571 3948 789 4022 vocabulum
808 3943 963 4020 caritatis
978 3948 1044 4017 Dei
1060 3960 1096 4017 et
1110 3959 1270 4019 nostram
1286 3946 1471 4019 caritatem
1481 3946 1518 4017 iu
1529 3946 1791 4044 uuasignilrca-

185 4065 284 4140 tione
299 4065 531 4158 concludere,
541 4068 604 4139 sed
615 4084 650 4140 et
662 4069 786 4139 omnia
802 4094 881 4165 quae
888 4067 934 4139 dc
944 4067 1036 4164 ipso,
1050 4090 1153 4138 more
1170 4079 1308 4153 nostro,
1318 4064 1512 4163 loquimur,
1522 4063 1684 4160 figurate,
1689 4070 1791 4165 juxta

185 4186 342 4285 aliquam
367 4185 679 4284 significationem,
704 4213 780 4258 non
804 4187 950 4286 proprie
978 4186 1085 4277 dici⁸3
1106 4187 1153 4258 de
1176 4205 1250 4283 quo
1278 4184 1363 4257 alibi
1389 4184 1541 4286 plenius·
1557 4185 1785 4261 disseremus.

233 4307 342 4398 Quod
367 4308 488 4404 itaque
514 4308 601 4380 dicit
622 4308 815 4406 Apostolus
838 4336 846 4379 :
870 4338 888 4375 α
904 4308 1039 4380 Caritas
1062 4331 1138 4378 non
1166 4306 1292 4404 quaerit
1312 4330 1393 4403 quae
1414 4329 1479 4377 sua
1503 4320 1600 4395 sunt,
1616 4336 1634 4374 a
1655 4309 1691 4379 in
1716 4333 1790 4384 una

215 4514 222 4543 ¹
234 4509 274 4561 Stc
286 4510 365 4560 Tostt.
384 4507 472 4559 Annon
492 4508 649 4561 haimarus.
663 4537 692 4547 -
706 4508 791 4561 ''lostt
804 4510 877 4562 dicu.
888 4536 917 4548 -
928 4509 938 4540 ⁸
948 4506 991 4558 Slc
1001 4508 1079 4558 Tostl.
1093 4507 1196 4571 Quoque
1207 4509 1246 4557 bls
1254 4483 1385 4571 repetitum
1394 4506 1532 4560 'mudum
1542 4509 1648 4560 ridetur.
1662 4537 1691 4546 -
1703 4509 1789 4566 ⁴Tosu
1807 4535 1810 4544 ·

182 4582 293 4644 dicitur3
303 4583 370 4646 quod
381 4584 500 4631 absonum
511 4590 557 4632 est.
