4559 6100
639 572 924 645 INTRODUCTIO
950 571 1011 644 Ab
1036 573 1331 648 THEOLOGIAM.
1731 579 1780 652 79

187 728 270 797 est¹:
288 753 305 788 ιι
316 722 388 809 Qui
398 720 512 793 credit
525 721 611 811 cito,
624 720 711 794 levis
722 735 775 794 cst
788 719 910 813 corde,
925 736 960 793 et
975 721 1255 795 minorabitur»
1269 725 1350 796 Cito
1363 738 1484 795 autem
1500 724 1573 797 sive
1583 724 1685 797 facile
1701 751 1778 799 cre·

150 830 155 837 ⁶
186 843 248 933 dit,
265 840 329 941 qui
346 838 535 913 indiscrete
551 854 659 938 atque
677 838 877 939 improvide
894 838 950 912 his
965 866 1045 938 quas
1063 840 1191 913 dicunt
1205 844 1304 939 prius
1322 843 1527 940 acquiescit,
1541 867 1649 940 quam
1659 844 1730 918 boc
1745 850 1779 920 ei

186 959 286 1061 quod
298 956 536 1059 persuadetur
546 960 668 1055 ignota
681 960 834 1050 ratione,
851 974 1026 1056 quantum
1043 958 1155 1047 valet,
1171 959 1355 1053 discutiat,
1370 986 1415 1033 an
1430 959 1564 1033 scilieet
1575 960 1778 1036 adbiberiei

188 1080 294 1155 fidem
302 1079 521 1150 conveniat².
530 1079 639 1166 Quod
647 1080 756 1151 etiam
766 1077 955 1174 diligenter
968 1076 1094 1150 beatus
1109 1102 1264 1178 pensans
1282 1081 1533 1177 Hieronymus,
1553 1103 1639 1151 cum
1651 1095 1778 1153 sanctas

187 1195 356 1277 Marcelle
377 1196 537 1273 audium
559 1213 595 1270 et
618 1197 874 1272 discretionem
895 1197 1184 1289 commendaret,
1202 1197 1267 1271 lib.
1287 1202 1318 1289 1,
1342 1202 1380 1269 in
1397 1197 1596 1295 Epr'stolam
1611 1199 1723 1271 Pauli
1732 1202 1783 1271 nd

189 1318 348 1404 Galatas,
362 1319 412 1389 ita
422 1317 628 1389 meminit⁸z
648 1319 760 1390 «Scio
775 1315 946 1415 equidem
961 1317 1127 1389 ardorem
1141 1316 1231 1412 ejus,
1246 1319 1321 1390 scio
1334 1317 1455 1410 tidem,
1471 1342 1582 1415 quarn
1596 1318 1779 1392 flammam

186 1436 313 1510 habeat
328 1437 367 1508 in
384 1449 530 1534 pectore
546 1459 716 1534 superare
734 1459 873 1528 sexum,
892 1435 1053 1509 oblivisci
1070 1435 1251 1524 homines,
1275 1451 1311 1509 et
1331 1435 1537 1509 divinorum
1552 1435 1780 1512 solmninum

187 1571 356 1655 tympano
369 1569 623 1654 concrepante,
642 1554 794 1628 rubrum
809 1555 920 1653 hujus
937 1554 1053 1629 muli
1071 1579 1172 1629 mare
1185 1556 1427 1637 transfretare
1445 1559 1549 1629 Certe
1562 1576 1646 1629 eum
1656 1559 1779 1631 Rome

187 1698 312 1767 essem,
327 1698 518 1773 nunqnam
533 1689 607 1747 tam
624 1674 750 1748 festina
766 1698 826 1748 me
842 1673 948 1761 vidit,
968 1690 1008 1747 ut
1022 1674 1166 1748 nonde
1175 1676 1366 1774 Scripturis
1376 1676 1511 1774 aliquid
1528 1678 1775 1771 interrogaret.

186 1798 306 1892 Neque
318 1794 420 1867 enim
435 1818 537 1867 more
548 1793 800 1894 Pythagorico,
818 1795 995 1893 quidquid
1009 1795 1278 1893 respondebam
1289 1811 1428 1869 rectum
1441 1795 1603 1895 putabm,
1622 1798 1779 1868 uecsine

184 1915 324 1988 ratione
349 1912 579 2012 prejudicato
601 1915 700 2014 apud
730 1938 811 1988 eam
839 1914 980 1988 valebat
1013 1916 1222 2007 audentes,
1247 1915 1312 1989 sed
1328 1915 1555 1988 examinabat
1567 1916 1714 2006 omnia,
1744 1930 1780 1987 et

57 2090 61 2095 .
184 2034 298 2128 sagaci
324 2045 446 2107 mente
469 2034 639 2106 universa
653 2032 840 2132 pensabat,
866 2020 906 2107 ut
923 2057 982 2106 me
999 2035 1168 2107 sentirem
1194 2058 1269 2107 non
1289 2049 1365 2107 tam
1391 2034 1604 2133 discipulam
1627 2032 1776 2125 habere,

184 2173 292 2248 quarn
302 2150 479 2248 judicem.
497 2183 515 2219 s
536 2156 640 2225 Nunc
657 2176 745 2225 vero
765 2167 930 2226 econtra
948 2153 1095 2252 plurimi
1118 2152 1377 2225 solatiumsuas
1391 2153 1578 2253 imperitia
1594 2167 1775 2249 querunt,

183 2283 226 2341 ut
238 2294 326 2341 cum
339 2294 381 2343 ea
393 2269 440 2343 de
455 2268 527 2345 fide
542 2270 673 2344 docere
690 2272 867 2365 nituntur,
887 2296 967 2370 qnae
989 2287 1029 2345 ut
1045 2273 1154 2345 etiam
1177 2271 1327 2369 intelligi
1344 2271 1495 2370 possint,
1516 2270 1688 2343 disserere
1701 2294 1776 2342 uon

185 2385 382 2477 sufficiunt,
398 2388 496 2460 illum
513 2391 670 2463 maxime
681 2389 767 2463 fidei
785 2390 963 2464 fervorem
978 2391 1314 2487 commendentqui
1328 2414 1468 2486 eaquae
1479 2390 1657 2476 dicantur,
1676 2404 1776 2462 ante·

186 2529 297 2601 quam
309 2505 491 2604 intelligat,
504 2507 632 2601 credit,
646 2524 684 2583 et
696 2510 797 2608 prius
812 2508 869 2581 bis
885 2510 1030 2582 assentit
1040 2533 1083 2582 ac
1099 2510 1239 2608 recipit,
1258 2531 1368 2607 quam
1382 2533 1462 2606 quae
1474 2510 1551 2608 ipsa
1562 2507 1773 2598 sintvideat,

184 2638 287 2697 etan
314 2625 518 2723 recipienda
534 2628 607 2699 sint
622 2642 807 2725 agnoscat,
834 2652 898 2701 seu
920 2652 989 2727 pro
1014 2642 1127 2726 captu
1147 2652 1215 2699 suo
1239 2627 1415 2700 discutiat.
1445 2628 1597 2699 Maxime
1624 2650 1711 2699 vero
1739 2627 1775 2698 id

183 2742 410 2839 profitentur,
425 2769 510 2818 cum
527 2771 570 2820 ea
586 2746 826 2846 praedicantur
840 2771 920 2844 quae
931 2745 980 2820 ad
990 2745 1187 2818 divinitatis
1201 2759 1380 2837 naturam,
1398 2746 1496 2818 etad
1514 2760 1644 2819 sanctae
1652 2746 1774 2817 Trini·

183 2864 261 2935 tatis
270 2864 727 2962 pertinentdiscretionem,
736 2890 816 2966 quae
831 2867 975 2964 penitus
987 2862 1099 2937 iubae
1114 2866 1272 2938 vitanon
1287 2889 1393 2963 posse
1402 2865 1551 2961 intelligi
1558 2881 1773 2956 asseverant,

184 2980 245 3055 sed
260 2982 332 3055 boc
347 2984 466 3082 ipsum
483 2984 633 3083 intelligi
650 2988 761 3061 vitam
777 2985 905 3059 dicunt
919 2999 1101 3076 eternam,
1124 2984 1226 3081 juxta
1242 2984 1332 3059 illud
1350 2986 1558 3058 Veritatis:
1582 3012 1601 3053 «
1620 2986 1702 3057 Haec
1723 3000 1777 3057 est

186 3115 301 3174 autem
312 3103 386 3174 vita
402 3117 548 3190 aeterna,
568 3119 609 3177 ut
619 3119 840 3201 cognoscant
856 3118 891 3178 te
907 3108 1024 3177 Deum
1041 3128 1180 3196 verum,
1196 3120 1233 3177 et
1248 3129 1357 3201 quem
1372 3105 1498 3178 misisti
1513 3107 1634 3176 Jesum
1652 3104 1775 3178 Chris·

187 3234 269 3294 turn.
284 3251 303 3287 n
317 3225 361 3294 Et
375 3223 543 3295 iternm⁸z
561 3254 578 3289 e
590 3223 888 3298 blaniiestaboeis
904 3224 1095 3322 meipsum.
1109 3249 1129 3292 a
1147 3222 1389 3322 Sedprolecto
1401 3223 1499 3296 aliud
1511 3238 1565 3296 est
1581 3223 1775 3320 intelligere

186 3362 246 3410 seu
260 3339 419 3433 credere,
438 3340 535 3442 aliud
553 3365 771 3438 cognoscere
788 3367 852 3416 seu
869 3341 1108 3414 manifestare.
1133 3340 1237 3413 Fides
1254 3344 1389 3440 quippe
1407 3341 1538 3412 dicitur
1562 3341 1774 3413 existimatio

186 3483 256 3530 uon
274 3462 540 3561 apparentium,
567 3463 725 3560 cognitio
733 3486 828 3535 -vero
855 3462 1014 3558 ipsarum
1038 3483 1159 3531 rerum
1183 3459 1402 3557 experientia
1426 3458 1625 3555 peripsam
1649 3481 1773 3531 earum

186 3579 417 3672 presentiae.
440 3583 529 3667 Quae
551 3580 700 3678 quidem
726 3580 803 3652 duo
823 3583 863 3651 B.
884 3579 1081 3675 Gregorius
1106 3576 1291 3675 distingunt
1312 3574 1548 3669 Homiliorr,
1571 3575 1633 3647 lib.
1663 3578 1710 3665 ΙΙ,
1736 3578 1773 3649 in

187 3696 386 3794 Evangelia⁸
399 3727 409 3769 ε
423 3700 594 3796 «Liquet,
608 3699 739 3795 inquit,
756 3695 941 3795 quialides
950 3697 1093 3769 illarum
1107 3720 1230 3769 rerum
1236 3710 1291 3769 est
1301 3707 1554 3793 argumentum
1570 3718 1650 3791 quse
1662 3719 1771 3794 appa-

186 3836 259 3886 rere
281 3840 359 3888 non
381 3832 543 3914 possunt.
564 3819 769 3906 Quaeeuim
792 3831 876 3890 sunt
898 3817 1119 3915 apparentia,
1139 3814 1249 3887 fidem
1276 3838 1354 3886 non
1376 3811 1525 3904 babent,
1542 3812 1606 3885 sed
1620 3815 1774 3911 agnitio·

185 3955 278 4005 nem.
300 3964 318 3999 s
348 3937 494 4034 Proprie
511 3961 659 4033 quoque
677 3936 724 4009 dc
734 3935 973 4009 invisibilibus
985 3934 1183 4008 intellectus
1200 3934 1343 4024 dicitur,
1364 3931 1563 4006 secundum
1578 3932 1680 4031 quod
1694 3935 1773 4031 qui·

186 4049 264 4125 dem
280 4054 539 4129 intellectuales
559 4069 595 4128 et
616 4056 770 4128 risibiles
786 4068 923 4128 naturae
944 4054 1225 4151 distinguuntur.
1247 4053 1418 4152 Quisquis
1437 4053 1600 4127 etiamin
1616 4050 1687 4126 bac
1702 4055 1774 4127 vita

184 4194 223 4243 ea
237 4196 318 4271 quae
334 4173 380 4247 de
395 4175 563 4248 Trinitate
577 4174 766 4267 dicuutur,
797 4200 873 4248 non
895 4198 1002 4272 posse
1018 4173 1166 4271 intelligi
1185 4171 1390 4262 arbitratur,
1419 4172 1582 4271 proiecto
1607 4173 1644 4245 in
1672 4172 1773 4245 illurn

182 4294 344 4366 Montani
359 4295 515 4368 haretici
527 4296 659 4369 labitur
673 4320 847 4388 errorem,
863 4308 973 4392 'quem
990 4295 1115 4368 beatus
1130 4294 1308 4367 damnans
1314 4294 1554 4391 Hieronymus
1570 4293 1772 4391 inprologo

183 4415 528 4488 Commentariorum
551 4418 779 4490 Erar’esait':
801 4421 960 4514 «Neque
986 4439 1083 4507 vere,
1107 4429 1147 4487 ut
1172 4418 1365 4488 Monmnus
1390 4414 1558 4505 somniat,
1587 4413 1772 4512 Propheta

179 4533 220 4605 in
237 4538 364 4608 exstasi
375 4538 602 4630 suntloouti,
614 4552 667 4611 ut
686 4538 865 4612 nescirent
881 4537 970 4635 quid
993 4535 1238 4634 loquerentur,
1257 4550 1295 4608 et
1320 4557 1434 4633 quum
1458 4533 1550 4606 alios
1575 4533 1772 4622 erudirent,

167 4653 250 4751 ,ipsi
259 4656 471 4753 ignorarent
480 4658 572 4756 quid
584 4659 757 4732 dicerent.
773 4688 792 4727 a
803 4657 877 4730 Sed
890 4658 992 4754 juxta
1003 4658 1234 4732 Salomonem
1243 4657 1314 4753 qui
1328 4654 1489 4754 loquitur
1503 4656 1542 4726 in
1558 4652 1771 4740 Proverbiis,

177 4801 201 4842 a
221 4776 375 4874 Sapiens
383 4777 547 4875 iutelligit
557 4803 636 4875 que
651 4779 811 4877 loquitur
833 4777 880 4850 de
904 4776 1015 4852 corde
1040 4802 1122 4868 suo,
1148 4776 1232 4848 etin
1253 4774 1356 4848 labiis
1377 4775 1451 4847 suis
1477 4774 1640 4873 portabit
1663 4774 1775 4846 scien·

212 4999 319 5064 'lecim
330 5016 385 5067 cap.
396 5016 450 5066 xrs,
465 5020 490 5057 r.
502 5009 527 5058 t.
540 5006 656 5058 -21toc
668 5007 825 5070 reprehendit
845 5004 948 5057 Beruar·
1006 5004 1083 5069 Opp„
1104 5011 1124 5054 t.
1137 5003 1179 5067 tt,
1202 5017 1228 5067 p.
1243 5006 1267 5064 1,
1280 5001 1328 5054 ool.
1341 5005 1396 5054 rat.
1409 5026 1441 5038 -
1451 5003 1460 5032 ⁴
1470 5000 1552 5064 toan„
1568 5013 1622 5064 cap.
1635 5012 1694 5062 aru,
1710 5014 1734 5051 r.
1748 5004 1773 5054 Ι.

168 5086 230 5136 m
246 5081 433 5139 ammanus
450 5084 537 5148 abbas,
556 5085 615 5149 nus
634 5087 728 5138 scillcet
749 5100 798 5138 non
813 5088 906 5140 mnne
926 5089 953 5138 tn
1004 5084 1147 5146 -⁸Jnen.‚
1159 5097 1213 5148 sep.
1225 5083 1366 5142 xrr,r.2t.
1379 5079 1508 5133 -⁸flom.
1522 5084 1548 5131 tn
1562 5082 1665 5144 Erana,
1680 5081 1723 5131 uu
1736 5079 1771 5143 11,

167 5162 304 5214 munau
320 5168 409 5225 saltur.
427 5167 471 5217 sed
487 5168 520 5218 de
538 5174 623 5218 natm
641 5167 793 5218 mantare.
807 5194 836 5204 -
849 5165 951 5228 ⁸l’rnt.,
1006 5166 1073 5216 bon.
1088 5167 1218 5216 nra-²
1232 5162 1531 5228 opp.‚t.111,p.t‚cot.
1545 5166 1568 5214 8.
1669 5187 1680 5214 t

682 5305 723 5364 Χ
