4559 6100
458 592 528 666 ddi
1061 587 1191 661 PETlil
1215 589 1451 663 tumtum

456 744 556 816 sione
573 725 690 812 vestra
706 762 726 812 a
744 725 814 810 lide
830 736 986 810 recedat.
1007 727 1051 810 Et
1068 739 1243 837 quoniam
1260 754 1334 816 tota
1359 739 1437 811 haee
1452 738 1637 812 contentio
1661 761 1704 809 ex
1729 737 1819 810 cibis
1842 739 1920 836 lege
1946 741 2055 815 inter·

457 862 561 936 dietis
577 857 802 951 nascebatur,
818 857 904 931 dicit
921 859 1103 931 neminem
1117 883 1160 931 ex
1176 860 1346 958 qualitate
1363 858 1799 958 ciborum-contaminari,
1820 859 1886 931 aed
1904 881 1946 933 ert
1967 885 2054 934 con·

457 983 603 1056 scientia
619 993 759 1054 tanturn
778 977 1085 1075 transgressionis,
1104 979 1133 1050 si
1150 980 1201 1050 eis
1219 993 1347 1052 contra
1366 979 1623 1052 conscientiam
1640 992 1813 1051 vescatur.
1830 983 1876 1050 Et
1890 978 1963 1051 hoc
1976 995 2051 1053 est:

459 1131 478 1171 n
493 1103 587 1191 Scio,
605 1130 623 1167 a
644 1097 680 1171 id
695 1112 834 1170 estnon
848 1123 891 1169 ex
909 1121 987 1188 me,
1004 1097 1067 1170 sed
1083 1096 1309 1172 confidenter
1327 1097 1399 1170 hoc
1421 1097 1506 1169 dico
1523 1121 1566 1169 es
1585 1097 1749 1171 doctrina
1767 1099 1916 1174 Domini
1933 1100 1996 1197 qui
2012 1123 2054 1174 ea
2082 1103 2087 1112 '

458 1222 513 1292 his
526 1218 757 1292 solummodo
774 1242 852 1315 quae
866 1217 912 1290 de
928 1217 1038 1290 corde
1054 1231 1199 1310 exeunt,
1215 1241 1290 1289 non
1307 1241 1351 1289 ex
1369 1217 1520 1315 hisquae
1535 1218 1671 1291 intrant
1693 1219 1729 1290 in
1754 1241 1809 1309 os,
1831 1219 2054 1316 coinquinari

457 1339 642 1412 hominem
658 1337 756 1410 dicit.
774 1342 818 1409 Et
830 1338 978 1409 mittens·
988 1336 1036 1409 ad
1052 1336 1323 1434 praedicandum
1336 1336 1533 1437 discipulos
1546 1337 1631 1410 ait¹:
1646 1365 1665 1406 u
1680 1333 1836 1409 bidentes
1846 1336 2054 1416 etbihentes

457 1484 536 1556 quae
549 1456 647 1556 apud
663 1455 743 1528 illos
759 1470 855 1547 sunt,
867 1484 886 1520 a
901 1457 987 1554 quia
1009 1456 1128 1528 nullus
1145 1455 1246 1530 cibus
1262 1456 1467 1529 communis
1489 1471 1527 1530 et
1551 1456 1763 1530 immundus
1773 1471 1827 1529 est
1839 1479 1904 1557 per
1919 1457 2050 1555 ipsum,

458 1578 494 1651 id
521 1592 574 1650 est
599 1601 641 1649 ex
667 1577 871 1675 semetipso,
895 1577 958 1647 sed
980 1577 1101 1676 potius
1128 1578 1408 1650 ex'conscientia
1433 1576 1670 1649 comedentis.
1697 1579 1742 1648 tn
1766 1576 1837 1649 hoc
1854 1592 1920 1669 est,
1942 1608 1959 1643 α
1980 1578 2054 1651 Nisi
2174 1579 2177 1584 ’
2276 1615 2277 1628 ¹

457 1700 503 1770 ei.
525 1729 544 1764 n
573 1702 623 1769 hc
651 1696 680 1768 si
712 1696 846 1769 diceret
864 1722 873 1766 a
901 1696 972 1769 Sed
1003 1699 1037 1769 ei
1064 1696 1127 1794 qni
1159 1697 1336 1769 existimat
1365 1696 1521 1793 aliquem
1551 1696 1674 1769 cibum
1705 1719 1781 1769 esse
1807 1696 2050 1789 immundum,

457 1817 494 1890 id
508 1832 573 1908 est,
593 1819 749 1889 animam
766 1839 868 1887 snam
881 1815 966 1889 inde
978 1815 1105 1915 pollui,
1137 1815 1190 1890 illi
1212 1817 1435 1890 immundus
1449 1831 1516 1909 est,
1540 1817 1623 1915 quia
1644 1829 1772 1888 contra
1796 1817 2053 1890 conscientiam

456 1962 557 2011 suain
575 1938 675 2010 illum
686 1935 915 2009 comedendo
926 1952 1063 2035 peccat.
1079 1941 1167 2024 Quae
1182 1938 1497 2010 communicantur
1507 1938 1582 2009 sire
1597 1935 1838 2036 publicantur,
1857 1950 1958 2009 tanto
1976 1962 2051 2010 nm·

457 2057 548 2154 plius
559 2056 839 2130 immundasnnt
851 2072 989 2155 quanto
1002 2058 1121 2129 minus
1134 2057 1407 2130 custodiuntur:
1420 2056 2052 2155 ideoqnecommnneptoimmundc

454 2178 613 2275 ponitur.
635 2177 737 2250 Unde
761 2190 797 2249 ct
819 2179 855 2248 in
875 2175 1021 2248 Actibus
1039 2177 1292 2274 Apostolorum
1300 2181 1323 2270 ¹,
1344 2177 1463 2276 inquit
1485 2177 1679 2274 Origenes,
1699 2175 1878 2247 Dominus
1900 2175 1986 2248 dicit
2005 2177 2050 2249 od

456 2300 621 2370 Petrum.-
642 2326 660 2367 u
675 2297 783 2385 Quod
796 2301 893 2369 Deus
908 2295 1117 2384 mundavit,
1136 2310 1175 2368 tn
1189 2322 1236 2371 ne
1249 2320 1443 2369 commune
1457 2296 1601 2369 dixeris.
1616 2325 1634 2364 a
1652 2299 1793 2368 Marcus
1810 2295 1919 2372 ctiam
1935 2301 2052 2370 Evan-

454 2417 577 2512 gelista
592 2418 860 2490 communicare
879 2440 948 2515 pro
964 2417 1192 2513 coinquinari
1207 2441 1350 2516 ponens
1364 2417 1455 2488 niti:
1473 2445 1491 2482 e
1506 2421 1586 2487 Non
1608 2413 1804 2511 intelligitis
1820 2415 1922 2513 quod
1945 2439 2053 2489 omne

455 2535 673 2608 extrinsecus
688 2537 864 2608 introiens
875 2536 911 2605 in
926 2535 1126 2627 hominem,
1141 2560 1216 2607 non
1229 2549 1347 2634 potest
1359 2557 1444 2608 eum
1456 2534 1738 2624 communicare,
1753 2533 1835 2632 quia
1846 2557 1921 2607 non
1931 2534 2054 2608 introit
2094 2569 2098 2574 ’

455 2655 491 2724 in
510 2679 574 2726 cor
588 2655 676 2751 ejus,
694 2655 758 2727 sed
774 2656 812 2726 in
826 2669 990 2726 ventrem
1006 2654 1118 2726 vadit.
1131 2658 1218 2742 Quae
1235 2654 1282 2726 de
1297 2653 1446 2726 homine
1462 2667 1607 2742 exeunt,
1626 2652 1685 2727 illa
1701 2653 1972 2725 communicant
1985 2652 2053 2726 ho-

455 2773 602 2845 minem.
617 2801 638 2841 n
653 2801 672 2840 n
684 2774 839 2845 sienim.
851 2801 871 2841 n
884 2773 964 2843 Dixi
977 2799 987 2842 a
1000 2778 1080 2843 Non
1096 2773 1241 2871 ponatis
1254 2773 1512 2846 offendiculum
1527 2772 1641 2865 fratri,
1655 2772 1740 2870 qnia
1756 2772 1918 2869 quisquis
1927 2794 1978 2864 es,
1992 2773 2052 2844 usi

454 2905 603 2990 propter
616 2891 739 2964 cibum
754 2906 870 2985 tuum,
882 2905 969 2981 etc,
984 2892 1052 2964 nid
1065 2907 1132 2984 est,
1145 2894 1175 2963 si
1184 2894 1336 2965 sustines
1345 2917 1429 2966 eum
1438 2893 1489 2965 sic
1499 2891 1697 2984 offendere,
1713 2904 1781 2963 etc.
1796 2889 1916 2966 «Not.
1934 2918 1951 2958 a
1967 2894 2054 2962 Post

456 3009 716 3084 offendiculum
731 3025 829 3086 vetat
843 3013 951 3085 etiam
969 3010 1191 3103 scandalum,
1210 3013 1295 3111 quia
1312 3012 1472 3087 ollensus
1488 3012 1591 3085 facile
1608 3009 1790 3085 recederet
1805 3034 1828 3084 a
1842 3008 1928 3106 lide,
1947 3041 1965 3079 α
1983 3035 2051 3111 pro

454 3155 529 3229 quo
544 3161 563 3201 n
584 3132 717 3205 scilicet
730 3128 918 3225 salvando,
940 3161 958 3201 n
974 3134 1081 3205 etiun
1099 3132 1274 3206 Christus.
1291 3163 1309 3200 a
1329 3141 1380 3209 Ac
1398 3135 1427 3207 si
1440 3135 1577 3208 diceret
1593 3158 1603 3203 ε
1618 3136 1670 3206 Ne
1686 3132 1787 3232 parri
1807 3131 1947 3232 pendas
1958 3132 2052 3205 salu·

454 3263 527 3323 tem
543 3254 636 3348 ejus,
654 3277 808 3352 proquo
825 3267 965 3326 tantum
979 3254 1135 3352 pretium
1150 3253 1275 3327 datum
1293 3268 1358 3326 est.

506 3397 525 3434 c
537 3376 618 3439 Nan
634 3396 721 3471 ergo
735 3404 753 3440 r
773 3372 983 3471 generaliter
1001 3372 1174 3447 admonet
1184 3398 1252 3447 nos
1268 3374 1381 3446 vitare
1391 3370 1654 3470 blasphemiam
1677 3396 1838 3463 omnem,
1859 3394 1925 3470 per
1944 3394 2053 3468 quam

456 3486 664 3560 rideliccta
692 3508 816 3560 nostra
839 3492 911 3565 fide
934 3493 1025 3565 alios
1048 3492 1277 3591 repellamus,
1307 3515 1349 3564 ac
1375 3493 1406 3564 si
1432 3491 1556 3564 dicat:
1585 3493 1680 3581 Quia
1706 3491 1873 3564 videlicet
1887 3487 2052 3585 exemplo

455 3607 586 3680 Christi
610 3607 775 3680 lucrandi
799 3619 883 3678 sunt
909 3611 1031 3705 potius
1049 3611 1220 3678 homines
1240 3611 1347 3678 nobie
1367 3634 1476 3703 qnam
1499 3610 1688 3704 perdendi,
1709 3616 1901 3680 caveamus
1921 3605 2050 3698 lacem,

455 3743 631 3825 quantum
639 3750 845 3826 possumus,
859 3749 925 3822 per
937 3722 1036 3820 qnod
1047 3723 1145 3796 bona
1154 3738 1277 3796 nostra
1291 3722 1379 3796 iides
1393 3724 1674 3822 blasphemetur.
1694 3756 1712 3792 n
1727 3730 1808 3798 Non
1823 3739 1889 3816 est,
1904 3752 1923 3792 n
1936 3722 2051 3815 idest,

456 3845 557 3918 nullo
569 3869 698 3940 genere
710 3843 782 3917 cibi
795 3843 852 3917 vel
865 3856 973 3941 potus
989 3865 1240 3941 promeremur
1256 3857 1295 3915 ut
1305 3847 1402 3915 Deus
1417 3844 1453 3914 in
1468 3842 1574 3915 nobis
1586 3859 1711 3941 regnet
1721 3843 1777 3917 vel
1788 3843 1937 3916 habitet.
1949 3847 2052 3932 Qua-

456 3987 600 4062 cunque
616 3964 713 4035 enirn
730 3963 884 4036 exterius
894 3960 988 4033 benc
1000 3960 1078 4033 lieri
1089 3959 1272 4053 ridentur,
1290 3976 1325 4033 et
1342 3962 1495 4034 maxime
1511 3987 1592 4060 quae
1608 3963 1655 4037 ad
1672 3963 1922 4037 abstinentiam
1938 3964 2053 4062 parti—

349 4182 352 4187 λ
456 4098 557 4175 nent,
574 4107 676 4182 aeque
692 4081 857 4181 reprobis
874 4095 912 4153 ut
928 4082 1048 4154 electis
1064 4082 1271 4155 communia
1282 4096 1378 4175 sunt,
1397 4096 1434 4154 et
1448 4082 1645 4182 hypocritis
1656 4085 1748 4157 sicut
1763 4084 1856 4157 veris
1872 4078 2049 4156 fidelibus.

459 4232 477 4272 κ
493 4204 564 4277 Sed
574 4203 711 4301 justitia
727 4202 906 4299 »aequitas
922 4200 982 4274 illa
995 4225 1183 4300 perquam
1199 4201 1299 4301 quod
1313 4200 1379 4274 tibi
1395 4226 1470 4273 non
1487 4202 1541 4275 vis
1561 4200 1651 4295 lieri,
1672 4205 1773 4278 altari
1789 4228 1837 4276 no
1851 4203 1970 4293 iacias,
1989 4231 2008 4273 u
2018 4218 2053 4279 et

457 4345 526 4420 pax
537 4350 557 4390 a
575 4323 673 4417 inde,
689 4323 727 4396 id
742 4336 808 4416 est,
823 4322 1039 4422 proveniens
1056 4321 1285 4397 aconcordia
1302 4346 1385 4394 curn
1403 4322 1586 4417 iratribus,
1604 4339 1640 4396 et
1656 4323 1788 4396 deinde
1807 4353 1826 4391 e
1847 4323 2048 4421 gaudium»

457 4443 639 4542 spirituale
663 4442 750 4515 hinc
776 4457 956 4536 exortum,
987 4470 1006 4511 u
1021 4443 1066 4514 in
1084 4443 1156 4515 hoo
1176 4473 1194 4509 a
1218 4443 1352 4515 scilicet
1375 4442 1476 4540 quod
1500 4443 1589 4538 dixi,
1620 4459 1660 4516 nt
1684 4443 1817 4517 scilicet
1844 4441 2052 4521 scandalum

458 4562 576 4636 fratris
584 4564 672 4636 vitet
682 4577 718 4635 et
723 4562 897 4659 justitiam
906 4574 1061 4634 sectetur
1072 4576 1108 4633 et
1118 4586 1257 4661 paoem,
1268 4576 1308 4635 ut
1321 4561 1460 4635 dictum
1474 4576 1540 4656 est,
1554 4592 1573 4632 u
1587 4564 1694 4636 servit
1703 4563 1845 4637 Christo
1861 4590 1879 4631 a
1896 4563 1968 4633 hoc
1984 4575 2050 4652 est,

458 4685 491 4756 ei
506 4674 579 4756 hoc
596 4683 815 4782 praecipienti
831 4674 975 4776 obedit,
987 4688 1017 4749 ⁴u
1035 4697 1071 4755 et
1086 4681 1258 4781 probatus
1273 4695 1349 4774 est;
1368 4710 1386 4750 a
1406 4682 1525 4776 idest,
1544 4682 1736 4756 hominum
1753 4706 1900 4780 quoque
1915 4680 2052 4778 judicio

457 4798 644 4903 probatur,
663 4801 827 4879 laudatur
843 4816 949 4900 atque
964 4801 1252 4875 commendatur.
1275 4830 1293 4871 n
1305 4806 1442 4901 ltaque,
1458 4830 1476 4871 n
1495 4802 1598 4883 idest
1613 4816 1649 4874 et
1664 4802 1725 4893 ita,
1752 4801 1897 4892 scilicet,
1919 4815 1960 4873 nt
1980 4799 2053 4872 diri

458 4922 626 4996 scandala
656 4920 803 4995 vitando
825 4922 925 5020 prius
945 4944 1026 5019 quac
1048 4919 1096 4994 ad
1122 4943 1249 5019 paoem
1271 4922 1464 5020 pertinent,
1494 4934 1535 4999 nt
1549 4921 1623 4994 dixi
1644 4936 1902 5011 «sectemum
1929 4918 2050 5011 idest,

492 5199 574 5259 ¹Luc,
587 5213 640 5264 cap.
656 5214 681 5262 x,
694 5214 717 5252 r.
731 5202 755 5250 t.
765 5225 793 5237 -
807 5200 877 5251 'Act
889 5199 991 5263 apost,
1005 5211 1059 5263 cap.
1074 5213 1100 5261 x,
1111 5213 1134 5250 v.
1148 5200 1487 5265 15.-³ttuc.,cap.n1,v.
1501 5202 1530 5252 to
