4559 6100
623 642 907 716 lNTllODUCTIO
932 643 993 714 An
1018 642 1311 715 THEOLOGlAll.
1692 638 1756 712 131

185 808 258 864 tura
274 792 461 865 necessitas
474 790 520 865 ab
537 794 613 890 ejus
623 793 808 866 voluntate
826 792 1003 891 disjuncta
1019 806 1086 887 est,
1107 817 1192 865 cum
1213 807 1250 865 et
1269 792 1342 865 hoc
1361 793 1438 892 ipse
1453 791 1541 864 velit
1556 815 1644 883 esse,
1664 794 1764 891 quod

184 938 316 987 necesse
332 927 386 986 est
400 914 519 1014 ipsum
531 938 620 1006 esse,
636 913 674 987 id
687 913 852 1014 estquod
867 939 942 986 non
959 929 1078 1014 potest
1093 940 1169 987 non
1188 940 1278 988 esse.
1299 915 1337 986 si
1353 928 1473 987 autem
1486 914 1536 985 ita
1548 912 1683 1011 aliquid
1702 940 1766 988 ne-

183 1035 326 1106 cessario
339 1048 471 1131 ageret,
490 1046 542 1127 ut,
554 1033 660 1107 vellet
674 1034 799 1127 nollet,
819 1033 857 1107 id
874 1034 990 1107 lacere
1005 1048 1213 1131 cogeretur3
1231 1050 1317 1105 tunc
1335 1035 1368 1106 ei
1381 1032 1545 1133 profecto
1564 1031 1670 1105 nullae
1681 1032 1767 1107 hinc

183 1154 290 1247 gratiae
306 1151 537 1226 deberentur.
556 1155 648 1227 Cum
658 1178 746 1227 vero
761 1153 837 1251 ejus
855 1168 954 1226 tanta
969 1156 1014 1227 sit
1036 1153 1180 1227 bonitas
1192 1168 1298 1252 atque
1317 1154 1455 1253 optima
1469 1151 1649 1242 voluntas,
1669 1168 1708 1225 ut
1720 1154 1768 1226 ad

183 1271 212 1343 id
219 1271 421 1346 faciendum
432 1296 507 1346 non
520 1273 673 1346 invitum
686 1297 783 1367 eum,
802 1272 866 1347 sed
882 1288 1121 1373 spontaneum
1139 1273 1324 1363 inclinent,
1344 1288 1446 1345 tanto
1458 1272 1611 1372 amplius
1624 1296 1668 1345 ex
1683 1299 1768 1372 pro-

89 1423 91 1426 ⁴
183 1394 250 1490 pria
277 1407 406 1465 natura
432 1390 634 1489 diligendus
651 1406 725 1485 est,
745 1408 852 1491 atque
874 1393 961 1466 hinc
979 1392 1253 1493 glorificandus,
1280 1407 1416 1491 quanto
1443 1390 1520 1465 baec
1536 1390 1680 1465 bonitas
1694 1392 1770 1489 ejus

183 1535 247 1583 non
265 1506 309 1584 ei
329 1535 394 1610 per
413 1511 596 1603 accidens,
628 1511 692 1585 sed
716 1511 995 1586 substantialiter
1018 1529 1126 1611 atque
1154 1511 1495 1586 incommutabiliter
1521 1513 1626 1584 inest.
1657 1516 1770 1583 Tanto

182 1632 307 1730 quippe
324 1630 409 1703 hino
429 1632 558 1705 melior
573 1634 720 1725 exsistit,
735 1648 874 1732 quanto
892 1634 930 1705 in
950 1658 993 1706 ea
1011 1633 1149 1707 firmius
1170 1634 1336 1733 persistit.
1354 1631 1538 1731 Numquid
1551 1632 1649 1705 enim
1665 1630 1770 1703 alicui

180 1749 400 1823 subvenienti
420 1750 527 1824 nobis
543 1767 658 1850 grates
680 1777 755 1825 non
772 1751 1007 1847 haberemus,
1026 1756 1057 1827 si
1074 1768 1180 1827 tantae
1196 1755 1226 1827 is
1242 1754 1383 1854 pietatis
1404 1767 1516 1840 esset,
1541 1766 1582 1824 ut
1602 1776 1687 1823 cum
1703 1776 1772 1823 nos

180 1869 280 1967 affligi
304 1848 652 1963 violentervideret,
671 1897 693 1945 a
709 1872 958 1946 subveniendo
983 1873 1163 1947 abstinere
1181 1898 1257 1945 non
1273 1888 1417 1972 posset,
1436 1873 1513 1971 ipsa
1537 1896 1621 1944 eum
1638 1870 1772 1943 scilicet

179 1990 303 2087 pietate
320 1988 451 2062 adhoc
467 1990 728 2091 compellente?
744 1992 841 2081 Quid
858 2008 912 2066 est
921 1995 1020 2066 enim
1037 2017 1104 2066 nos
1118 1990 1225 2066 alicui
1237 1991 1370 2066 debere
1387 2007 1503 2090 grates
1517 2016 1585 2090 pro
1601 1992 1774 2090 susceptis

178 2107 372 2201 beneficiis,
389 2111 457 2183 nisi
472 2135 540 2185 nos
557 2134 812 2209 recognoscere
825 2138 909 2186 eum
921 2137 941 2186 a
954 2113 1061 2186 nobis
1076 2112 1171 2186 bene
1185 2113 1373 2200 meruisse,
1388 2111 1445 2185 vel
1462 2110 1684 2185 laudandum
1699 2135 1775 2183 esse

179 2229 314 2329 probis
332 2255 413 2328 qnae
431 2230 538 2304 nobis
562 2232 638 2330 ejus
664 2232 866 2332 benignitas
886 2236 992 2331 gratis
1012 2234 1194 2308 exhibuit?
1218 2232 1398 2307 Pr-aedictis
1415 2234 1536 2330 itaque
1555 2230 1772 2319 rationibus,

177 2350 227 2421 vel
248 2348 474 2447 objectorum
490 2349 753 2445 solutionibus,
769 2353 906 2453 liquere
919 2353 1088 2427 omnibus
1106 2379 1211 2447 reor,
1226 2378 1270 2427 ea
1285 2351 1517 2426 solummodo
1535 2357 1654 2425 Deum
1670 2376 1775 2450 posse

178 2469 289 2542 lacere
306 2471 362 2542 vel
379 2471 579 2564 dimittere,
599 2497 678 2571 quae
695 2473 914 2572 quandoque
942 2473 1026 2547 facit
1048 2472 1106 2547 vel
1127 2473 1296 2564 dimittit,
1312 2488 1348 2546 et
1371 2471 1545 2546 eomodo
1562 2486 1699 2545 tantum
1719 2471 1775 2544 vel

175 2615 217 2661 eo
243 2604 408 2688 tempore
435 2616 509 2689 quo
532 2591 635 2685 lacit,
660 2618 737 2667 non
762 2593 848 2667 alio.
867 2592 1092 2682 Quibusdam
1123 2607 1243 2666 tamen
1265 2592 1427 2685 videtur,
1459 2590 1637 2665 nonnulla
1659 2592 1777 2689 ipsum

172 2708 288 2781 facere
303 2733 409 2807 posse
428 2710 499 2783 alio
514 2710 627 2785 modo
646 2738 754 2811 quam
772 2713 896 2805 faciat,
913 2711 978 2785 sed
993 2737 1077 2785 eum
1090 2726 1210 2785 tamen
1228 2738 1369 2811 semper
1382 2711 1512 2809 eligere
1521 2736 1606 2784 eum
1625 2710 1777 2782 modurn

172 2827 345 2920 faciendi,
365 2829 427 2925 qui
447 2833 720 2906 convenientior
733 2834 789 2905 sit.
807 2831 917 2921 Quod
931 2833 1040 2905 etiam
1058 2835 1237 2931 penitusa
1261 2834 1400 2906 ratione
1427 2830 1597 2920 dissidet,
1623 2845 1662 2902 ut
1682 2831 1779 2904 vide·

169 2946 253 3019 licet
277 2948 602 3023 inconvenientiori
623 2951 736 3024 modo
768 2952 879 3052 possit
907 2950 1024 3025 lacere
1050 2976 1161 3052 quam
1182 2952 1304 3043 saciat,
1328 2949 1384 3024 vel
1405 2952 1779 3024 inconvenientiorem

168 3066 328 3141 modum
346 3066 489 3164 eligere,
509 3085 545 3142 et
567 3074 900 3146 convenientiorem
919 3072 1112 3147 dimittere.
1134 3077 1215 3147 Non
1234 3073 1331 3145 enim
1347 3072 1503 3171 perfecte
1526 3071 1647 3145 bonus
1668 3086 1777 3164 esset,

167 3188 238 3260 nisi
257 3187 300 3259 in
317 3187 489 3261 omnibus
510 3189 738 3288 perficiendis
761 3191 807 3266 ab
829 3217 874 3265 eo
890 3192 1117 3267 voluntatem
1137 3194 1313 3292 optimam
1329 3191 1500 3265 haberet:
1522 3207 1564 3264 ut
1581 3190 1720 3288 singula
1735 3214 1780 3264 eo

163 3307 287 3380 modo
312 3305 389 3381 fieri
411 3308 533 3401 vellet,
558 3336 632 3410 quo
658 3314 932 3386 convenientius
956 3312 1095 3386 fierent.
1117 3319 1160 3387 At
1184 3312 1342 3386 fortassis
1365 3313 1529 3410 inquies,
1552 3311 1712 3409 quodsi
1735 3335 1780 3384 eo

163 3442 340 3527 tempore
356 3453 430 3526 quo
446 3429 599 3528 aliquid¹
616 3431 719 3523 facit,
739 3431 829 3505 illud
841 3432 957 3506 lacere
975 3434 1107 3532 possit,
1123 3447 1160 3504 et
1177 3456 1253 3504 non
1272 3430 1440 3504 videlicet
1453 3432 1491 3501 in
1509 3428 1581 3501 alio
1595 3443 1776 3528 tempore,

159 3561 318 3621 constat
331 3572 415 3620 eum
433 3573 508 3622 uno
522 3564 686 3650 tempore
700 3576 807 3651 posse
823 3551 924 3650 quod
940 3552 1011 3624 alio
1026 3575 1102 3623 non
1113 3564 1249 3650 potest,
1270 3574 1337 3622 nec
1349 3573 1493 3648 semper
1503 3572 1587 3622 eum
1597 3548 1780 3646 aequaliter

153 3693 277 3765 posse
306 3669 446 3762 omnia,
466 3694 533 3742 nec
559 3695 700 3769 semper
715 3671 898 3768 aequaliter
917 3672 1203 3770 omnipotentem
1222 3693 1450 3770 permanere,
1471 3667 1534 3740 sed
1557 3666 1670 3740 modo
1697 3692 1781 3740 eum

154 3786 373 3883 quamdam
392 3786 527 3862 babere
549 3792 766 3889 potentiam,
785 3789 897 3864 modo
917 3791 1031 3889 ipsam
1048 3814 1123 3863 non
1142 3788 1289 3863 habere.
1314 3789 1385 3862 sed
1407 3790 1437 3860 si
1458 3787 1648 3885 diligenter
1665 3802 1780 3863 atten-

147 3908 304 3981 damus
321 3961 331 3998 ‚
348 3932 490 4008 semper
501 3934 605 4007 aeque
614 3911 846 4010 omnipotens
863 3924 933 4002 est,
945 3924 982 3983 et
996 3909 1096 3982 nullo
1109 3923 1271 4008 tempore
1286 3908 1397 3982 habet
1409 3908 1566 4007 aliquam
1584 3909 1783 4007 potentiam

139 4051 273 4125 quam
301 4051 452 4127 semper
470 4054 547 4102 non
569 4029 715 4104 habeat.
734 4028 806 4102 Sed
828 4030 941 4101 dicis:
969 4030 1088 4101 Potuit
1109 4031 1289 4101 incarnari
1310 4029 1420 4116 olim,
1443 4026 1543 4125 quod
1569 4025 1682 4098 modo
1706 4053 1781 4100 non

140 4162 317 4244 potest,
339 4170 423 4219 cum
443 4148 648 4223 nullatenus
665 4150 704 4225 id
719 4149 795 4223 lieri
821 4147 933 4221 modo
952 4149 1165 4239 conveniat,
1182 4163 1218 4221 et
1242 4149 1293 4221 sie
1317 4148 1520 4247 potentiam
1543 4144 1671 4219 habuit
1696 4146 1784 4218 olim
1888 4138 1891 4142 ’

135 4292 272 4364 qnam
292 4266 416 4338 modo
436 4267 648 4343 nonhabet.
668 4269 721 4343 ad
739 4269 841 4369 quod
857 4268 1061 4368 respondeo
1074 4272 1187 4341 :Cum
1204 4268 1377 4340 dicimus:
1397 4280 1516 4365 potest
1532 4265 1648 4339 lacere
1664 4264 1785 4362 aliquo

129 4400 344 4488 tempore
359 4385 459 4483 quod
480 4387 552 4461 alio
567 4388 684 4463 lacere
699 4413 775 4462 non
790 4404 921 4488 potest,
936 4387 1078 4461 dnobus
1092 4386 1211 4459 modis
1227 4385 1376 4483 intelligi
1389 4385 1485 4458 valet
1500 4414 1509 4458 ε
1530 4411 1604 4457 uno
1621 4383 1784 4483 quidem,

130 4521 173 4578 nt
208 4506 295 4579 illa
333 4504 587 4579 determinatio
614 4509 787 4609 temporis
806 4508 983 4582 adiacere
1003 4508 1220 4607 applicetur,
1241 4504 1312 4579 alio
1334 4504 1446 4598 salso,
1474 4506 1504 4577 si
1523 4503 1570 4578 ad
1588 4529 1694 4604 posse
1711 4505 1786 4603 ipsa

120 4630 432 4726 conjungatur.
455 4625 561 4700 Aliud
590 4630 724 4728 quippe
748 4642 801 4701 est
826 4627 973 4702 dicere:
1000 4652 1149 4728 possum
1174 4625 1288 4699 modo
1306 4625 1344 4698 id
1365 4625 1500 4717 facere,
1525 4624 1563 4698 id
1591 4639 1644 4698 est
1669 4623 1787 4697 babeo

114 4746 265 4821 modo
287 4746 512 4846 potentiam
528 4747 567 4818 id
584 4746 738 4822 faciendi
761 4747 1073 4847 quandocunque,
1092 4745 1218 4820 alind:
1240 4769 1387 4843 possum
1405 4744 1443 4818 id
1470 4745 1587 4819 facere
1601 4743 1731 4834 modo,
1750 4742 1787 4813 id

111 4883 174 4940 est
195 4869 367 4940 facere
381 4864 417 4936 in
435 4865 511 4938 hoo
522 4869 700 4966 praesenti.
715 4872 807 4942 Nam
824 4883 860 4942 et
875 4867 1124 4941 determinatio
1140 4865 1264 4938 localis
1282 4865 1393 4938 relata
1405 4863 1452 4938 ad
1471 4863 1611 4937 diversa
1631 4863 1788 4934 diversos

102 4985 249 5061 efficit
270 4989 459 5060 sensus’.
483 4989 575 5059 Cum
594 4988 692 5060 enim
710 4987 840 5081 homo,
860 4987 1067 5086 ubicunque
1084 4987 1149 5080 sit,
1168 4984 1219 5057 ibi
1235 4983 1425 5081 gressibilis
1439 4985 1502 5076 sit,
1520 4982 1559 5055 id
1572 4997 1643 5074 est,
1661 4994 1789 5079 poten·

130 5269 136 5293 ·
151 5261 226 5313 εκ,
246 5260 355 5314 cod.
370 5256 435 5309 tter.
450 5259 532 5312 rues
545 5260 654 5312 smu—
666 5263 675 5292 ²
685 5262 817 5314 suem
827 5235 899 5314 emi.
