4559 6100
724 497 979 576 Tfluotoutt
1006 502 1281 577 CHlllS'l'lANA.
1732 508 1804 580 473

207 643 409 719 diversitate
425 672 661 747 personarum
679 649 903 723 identitatem
923 652 1083 723 essentiae
1103 675 1314 750 oppugnare
1327 650 1507 724 laborant.
1529 658 1666 726 Horum
1683 654 1804 753 itaque

207 765 429 863 objectiones
442 770 599 868 primum
617 769 811 868 ponamus,
830 771 954 871 pbstea
970 771 1220 847 dissolvamus.
1447 786 1449 793 ’

257 892 326 960 Aut
347 890 458 980 enirn,
487 890 679 988 inquiunt,
694 891 770 963 baec
784 891 975 965 ‘diversitas
1000 916 1234 991 personarum
1257 893 1291 964 in
1315 894 1400 965 solis
1422 892 1605 966 vocabulis
1625 895 1800 988 consistit,

208 1009 343 1080 nonin
369 1034 421 1102 re,
448 1024 489 1082 ut
513 1010 678 1083 videlicet
699 1008 874 1085 vocabula
904 1027 1042 1085 tantum
1067 1012 1207 1084 diversa
1231 1013 1313 1104 sint,
1340 1028 1376 1085 et
1401 1013 1499 1085 nulla
1523 1015 1569 1086 sit
1594 1015 1631 1087 in
1658 1015 1807 1087 Deorei

207 1125 419 1202 diversitas&
437 1133 548 1205 autin
564 1155 603 1203 re
617 1130 708 1225 sola,
726 1146 762 1204 et
777 1156 852 1205 nou
866 1134 903 1204 iu
919 1132 1104 1206 vocabulis
1121 1159 1129 1203 z
1147 1132 1329 1204 autsimul
1346 1134 1432 1206 etin
1449 1130 1486 1206 re
1500 1148 1536 1206 et
1552 1136 1589 1205 in
1602 1133 1801 1207 vocabulis.

208 1250 251 1317 At
273 1271 359 1319 vero
382 1250 411 1321 si
434 1249 586 1323 alter'nm
611 1251 744 1324 borum
770 1250 901 1325 aulein‘
928 1254 1072 1353 poterit,
1097 1277 1172 1325 nou
1200 1253 1401 1325 remanebit
1421 1267 1643 1353 utrumque„
1783 1280 1801 1315 xt

257 1368 365 1455 Quod
382 1370 413 1441 si
430 1369 477 1441 ad
492 1370 670 1445 vocabula
690 1373 936 1471 respiciamus,
953 1375 1028 1471 jam
1045 1398 1119 1445 nnn
1144 1386 1197 1445 est
1215 1373 1366 1445 Trinitas
1391 1397 1626 1471 personarum
1651 1391 1802 1469 aeterna,

209 1510 293 1558 curn
310 1488 388 1587 ipsa
411 1492 594 1590 impositio
615 1493 804 1564 nominum
820 1493 867 1565 ab
889 1491 1098 1566 bominibus
1114 1492 1206 1565 facta
1219 1495 1278 1565 sit.

259 1611 429 1683 Praeterea
452 1612 482 1683 si
502 1613 547 1684 ad
575 1637 766 1685 numerum
792 1613 1053 1686 vocabulorum
1079 1613 1155 1686 baec
1178 1612 1359 1685 distinctio
1385 1636 1621 1710 personarum
1649 1617 1694 1688 sit
1715 1619 1805 1689 acci·

211 1726 361 1822 pienda3
383 1733 498 1805 multo
515 1732 634 1832 plures
651 1738 823 1834 personas
839 1733 1004 1808 confiteri
1021 1744 1130 1831 quam
1145 1749 1217 1806 tres
1233 1758 1301 1805 rios
1318 1747 1472 1831 oportet,
1494 1734 1578 1829 quia
1592 1735 1705 1808 multa
1723 1753 1804 1810 sunt

211 1859 246 1915 et
266 1847 336 1921 alia
353 1851 481 1925 divinae
499 1852 705 1926 substantiae
722 1855 895 1946 nomina,
907 1855 999 1927 sicut
1020 1853 1091 1927 boc
1112 1878 1246 1926 nomen
1272 1858 1382 1941 Dens,
1400 1853 1454 1925 vel
1470 1855 1670 1948 Dominus,
1688 1859 1807 1930 AEterss

211 1990 291 2058 nus,
310 1969 367 2042 vel
386 1972 599 2060 lmm'ensus,
617 1974 674 2045 vel
691 1978 853 2065 Creator,
873 1990 908 2047 et
923 1975 991 2048 alia
1006 1973 1148 2049 infinita
1163 1974 1324 2046 nomina.

259 2090 322 2160 Sin
332 2105 451 2163 autem
466 2092 542 2165 baec
559 2094 742 2167 diversitas
756 2095 1008 2192 personarum,
1022 2095 1133 2193 magis
1145 2093 1354 2193 accipienda
1371 2094 1416 2165 sit
1434 2094 1469 2165 in
1490 2094 1567 2192 ipsa
1585 2120 1751 2194 requam
1768 2100 1805 2169 in

212 2210 446 2304 vocabulis,in
469 2217 548 2286 Deo
566 2230 686 2286 autem
708 2214 796 2286 nibil
821 2230 873 2287 est
892 2216 928 2288 iu
946 2241 985 2288 re
1001 2230 1127 2313 praeter
1149 2215 1365 2311 singularem
1382 2212 1690 2307 substantiam,·et
1713 2216 1807 2289 indi·

216 2330 373 2420 viduam,
399 2348 435 2405 et
451 2333 656 2422 informem,
675 2337 756 2433 quis
774 2335 915 2408 dubitet
931 2337 1137 2408 Trinitatem
1156 2335 1271 2434 accipi
1288 2334 1486 2406 secundum
1505 2333 1711 2409 substantiae
1724 2339 1808 2409 uni·

211 2450 335 2545 tatem,
355 2468 445 2527 ut'et
460 2456 574 2527 trinus
589 2456 634 2528 sit
649 2458 686 2528 in
702 2454 902 2530 substantia
916 2456 1091 2530 dicendus
1107 2454 1234 2528 Deus?
1334 2510 1337 2516 ,

260 2580 329 2646 Ant
344 2575 374 2645 si
399 2574 495 2648 idem
511 2572 655 2675 penitus
671 2578 706 2648 in
727 2579 804 2648 Deo
823 2576 1019 2650 substantia
1036 2578 1081 2649 sit
1103 2590 1138 2649 et
1154 2600 1333 2675 personae,
1357 2589 1397 2645 ut
1412 2573 1576 2648 videlicet
1592 2576 1682 2648 nibil
1708 2577 1806 2651 aliud

159 2710 163 2715 ·
213 2688 411 2763 substantia
435 2692 479 2762 sit
498 2693 619 2788 quam
633 2716 807 2790 personae,
833 2693 889 2764 vel
913 2696 1075 2792 personae
1095 2716 1206 2790 quam
1227 2690 1442 2781 substantia;
1467 2691 1644 2787 numquid
1666 2693 1695 2764 si
1713 2719 1806 2781 unus

213 2824 266 2882 est
278 2813 375 2882 Deus
391 2810 650 2901 insubstantia,
664 2837 755 2886 unus
767 2814 822 2885 est
837 2814 925 2886 et'in
941 2814 1121 2912 personis;
1140 2826 1204 2884 aut
1216 2812 1246 2884 si
1262 2812 1374 2884 trinus
1388 2811 1433 2882 sit
1449 2810 1485 2881 in
1502 2813 1676 2910 personis,
1692 2814 1808 2885 trinus

215 2932 310 3002 et'iu
334 2931 590 3004 substantial'

261 3048 457 3137 Quomodo
480 3053 587 3124 etiam
612 3068 682 3126 tres
703 3079 865 3154 personae
882 3069 965 3125 sunt
982 3054 1042 3126 ubi
1066 3052 1167 3125 nullo
1185 3051 1297 3124 modo
1315 3051 1382 3122 tria
1402 3050 1510 3123 sunt?
1534 3055 1604 3123 Aut
1619 3052 1808 3150 quomodo

214 3170 281 3241 tria
293 3184 389 3259 sunt,
404 3171 434 3241 si
450 3172 561 3242 multa
577 3196 651 3244 non
663 3173 770 3245 suut?
787 3179 856 3245 Aut
869 3173 1059 3270 quomodo
1077 3174 1190 3244 rnulta
1198 3197 1274 3243 esse
1286 3159 1450 3270 possunt,
1468 3171 1497 3241 si
1515 3170 1613 3243 nulla
1629 3173 1675 3243 sit
1689 3197 1808 3243 rerum

213 3288 433 3362 multitudo?
460 3293 604 3365 Atvero
631 3292 823 3366 multitudo
845 3317 965 3365 rerum
992 3317 1067 3364 esse
1089 3315 1173 3363 non*
1187 3303 1306 3388 potest
1327 3313 1370 3360 ex
1398 3313 1469 3360 una
1497 3303 1637 3361 tantum
1664 3315 1718 3380 re,
1743 3291 1809 3362 nisi

214 3408 380 3483 videlicet
395 3436 438 3483 ex
460 3412 622 3511 pluribus
640 3429 778 3487 constet
793 3413 968 3513 partibus.
990 3414 1111 3485 Partes
1131 3424 1251 3482 autem
1276 3409 1380 3481 nullae
1399 3409 1532 3507 inipso
1551 3433 1627 3481 esse
1644 3426 1807 3508 possunt,

214 3546 384 3630 utsupra
411 3531 726 3626 confirmavimus3
751 3533 938 3631 quomodo
958 3558 1044 3629 ergo
1067 3532 1217 3602 Trinitas
1239 3528 1290 3600 ibi
1317 3541 1382 3620 est,
1411 3527 1472 3599 ubi
1493 3528 1591 3604 nulla
1617 3531 1812 3602 estmulti-

213 3654 326 3727 tudo?
352 3658 475 3729 Omne·
492 3658 627 3758 quippe
649 3653 775 3730 'simile'
788 3660 823 3729 in
845 3658 967 3757 aliquo
987 3655 1243 3730 dissimileest.
1266 3658 1334 3726 Aut
1355 3650 1545 3750 quomodo
1564 3667 1634 3726 tres
1657 3670 1754 3748 sunt,
1781 3657 1810 3727 si

214 3776 319 3848 multi
335 3800 410 3847 non
427 3773 539 3848 sunt?
919 3798 921 3804 ’

258 3889 436 3968 'Praeterea
460 3898 647 3994 quomodo
666 3898 795 3986 dicitis,
821 3899 912 3972 Talis
937 3905 1040 3973 Pater
1065 3895 1181 3997 qualis
1202 3894 1310 3966 Filius
1337 3891 1394 3965 vel
1419 3892 1570 3991 Spiritus
1596 3910 1752 3981 sanctus,
1781 3897 1811 3967 si

215 4015 315 4088 nulla
342 4018 386 4088 sit
407 4042 643 4118 personarum
668 4011 886 4109 similitude,
907 4043 1060 4116 quarum
1087 4017 1188 4089 nulla
1215 4029 1267 4087 est
1294 4011 1512 4085 multitudo?
1532 4017 1811 4115 Omne'quippe

215 4137 329 4209 simile
355 4138 391 4209 in
411 4137 533 4236 aliquo
562 4139 732 4213 dissimile
759 4156 829 4232 est,
859 4153 895 4212 et
922 4138 1019 4212 nulla
1046 4152 1100 4211 est
1126 4137 1194 4208 nisi
1216 4138 1251 4206 in
1275 4133 1437 4205 diseretis
1462 4132 1570 4204 rebus
1598 4134 1808 4207 similitudo.

217 4257 320 4329 Unde
347 4281 455 4329 nemo
478 4259 577 4332 hunc
600 4259 787 4333 bominem
814 4275 850 4333 et
878 4259 976 4332 hunc
999 4257 1121 4332 album
1145 4254 1277 4329 similes
1301 4253 1407 4343 dicit,
1439 4251 1485 4322 de
1508 4252 1638 4326 eodem
1664 4254 1812 4327 homine

212 4402 345 4474 agens,
372 4401 457 4448 cum
473 4403 548 4450 non
563 4380 634 4451 sint
650 4379 697 4454 ab
715 4375 877 4454 invicem
886 4379 1116 4453 essentialiter
1132 4374 1288 4447 discreti.
1307 4429 1310 4435 .

265 4498 425 4593 Amplius
445 4522 529 4569 cum
552 4502 839 4600 unumquodque
855 4500 955 4598 quod
972 4500 1088 4572 existit
1109 4510 1171 4569 aut
1187 4492 1384 4567 substantia
1399 4491 1443 4561 sit
1458 4505 1520 4562 aut
1537 4491 1651 4563 forma
1668 4494 1704 4564 in
1722 4493 1813 4566 sub-

212 4607 347 4689 stantia
373 4607 579 4710 subsistens,
600 4620 690 4693 sicut
711 4635 763 4692 est
788 4620 932 4711 albedo,
958 4620 1014 4692 vel
1041 4620 1167 4718 pietas,
1192 4615 1247 4688 vel
1266 4610 1431 4711 quaelibet
1453 4634 1510 4682 res
1532 4635 1663 4683 novem
1685 4614 1811 4711 praedi·

210 4727 480 4817 camentorum,
504 4739 692 4835 quomodo
711 4757 864 4840 possunt
882 4766 958 4814 esse
976 4739 1093 4837 aliqua
1111 4732 1329 4830 multa,·nisi
1342 4745 1404 4804 aut
1421 4730 1625 4804 substantiae
1644 4734 1727 4823 sint,
1751 4749 1813 4807 aut

213 4860 354 4946 formae,
374 4870 435 4928 aut
452 4881 494 4929 es
511 4860 673 4956 utrisque
690 4861 907 4957 conjuncta?

266 4983 335 5080 Aut
358 5002 441 5049 cum
466 4980 562 5051 Deus
583 4978 778 5052 substantia
803 4981 861 5071 sit,
889 4994 923 5052 et
946 4980 1019 5052 boc
1034 4979 1174 5050 ‘nomen
1198 4978 1294 5045 Deus
1320 4969 1526 5042 substantiae
1547 4969 1606 5059 sit,
1634 4993 1709 5041 non
1736 4996 1813 5069 per·

210 5122 329 5189 sonae,
359 5098 502 5200 honest
525 5114 672 5199 propter
689 5116 858 5198 ,naturam
882 5082 1101 5190 substantiae,
1122 5120 1196 5167 non
1219 5107 1366 5193 propter
1386 5113 1576 5189 personum
1593 5088 1814 5188 distinguen-

339 5243 361 5279 ιι
1656 5219 1695 5274 60
