4559 6100
459 549 530 627 tes
898 582 903 587 r
1059 541 1188 617 PETRI
1213 542 1448 620 tumtum

456 698 561 797 lymis
584 699 736 769 Romam
759 692 957 783 venientes,
978 690 1042 765 ubi
1060 693 1229 794 princeps
1251 693 1350 767 orhis
1373 691 1566 787 residebat,
1591 694 1650 767 cui
1676 706 1780 768 erant
1801 691 1869 792 ipsi
1885 691 2048 790 subjecti,

457 816 570 893 fidem
590 837 702 917 quam
723 812 822 915 apud
844 809 1130 911 Hierosolymam
1155 812 1355 888 didicerant
1386 815 1555 888 Romanis
1581 813 1924 911 evangelizaverunt.
1941 841 1959 881 a
1978 815 2049 886 No·

458 936 610 1010 tandum
625 959 713 1009 vero
729 936 827 1033 quia,
839 934 868 1007 si
877 932 1066 1031 diligenter
1080 932 1306 1007 attendamus
1315 956 1394 1030 quae
1407 933 1502 1007 dicta
1517 947 1614 1028 sunt,
1629 931 1729 1007 nulla
1744 931 1812 1007 erit
1824 932 2051 1032 superiorum

459 1056 652 1131 doctorum
664 1069 700 1129 et
715 1055 913 1154 Haymunis
923 1053 1176 1128 contrarietas.
1200 1054 1239 1126 Si
1259 1054 1357 1127 enim
1381 1053 1517 1153 integre
1530 1077 1640 1155 supra
1657 1067 1898 1127 memoratum
1915 1040 2052 1153 capitu·

459 1176 538 1250 lum
560 1175 816 1251 Ecclesiasticae
840 1175 1007 1247 Historias
1030 1196 1300 1274 percurramus,
1323 1173 1549 1247 inveniemus
1568 1177 1714 1247 Petrum
1735 1173 1894 1273 primum
1913 1196 1956 1246 ex
1972 1190 2051 1244 um·

449 1296 568 1381 ⁸nibus
590 1295 775 1397 apostolis,
794 1319 871 1368 nun
887 1319 929 1368 ex
950 1293 1121 1367 omnibus
1143 1293 1365 1388 doctoribus,
1384 1285 1556 1368 Romanis
1570 1292 1793 1393 praedicasse.
1813 1293 2050 1390 Hieronymus

461 1440 607 1514 quoque
624 1441 709 1489 cum
730 1415 817 1488 dicit
841 1416 1024 1487 Romanos
1040 1436 1063 1486 a
1081 1416 1202 1507 Petro,
1221 1438 1288 1513 per
1304 1413 1596 1513 praedicationem
1611 1413 1702 1511 ejus,
1727 1412 1837 1486 fidem
1853 1411 2048 1511 accepisse,

462 1535 536 1609 sire
552 1549 686 1627 tenere,
706 1533 797 1608 nihil
809 1532 925 1626 obest,
943 1556 1029 1607 cum
1045 1556 1110 1633 per
1126 1531 1321 1632 discipulos
1345 1534 1451 1626 Petri,
1468 1557 1489 1606 a
1504 1530 1754 1632 Hierosolyma
1765 1531 1962 1623 venientes,
1976 1553 2052 1603 non

461 1679 526 1753 per
540 1656 660 1755 ipsum
675 1660 820 1728 Petmm
840 1652 878 1726 id
891 1652 970 1727 tieri
984 1652 1157 1751 potuerit.
1175 1655 1315 1750 Haymu
1327 1677 1415 1728 vero
1430 1666 1537 1752 negat
1548 1677 1613 1753 per
1625 1652 1741 1753 ipsam
1752 1651 1845 1724 Petri
1861 1670 2053 1751 personam

462 1773 501 1847 id
518 1774 651 1848 sactum
668 1798 762 1865 esse3
777 1771 873 1846 unde
891 1785 1026 1845 etcum
1045 1770 1228 1845 Petrnsah
1244 1796 1290 1847 eo
1306 1774 1528 1867 nominatur,
1546 1771 1691 1845 additur
1709 1772 1828 1871 «ipse.
1845 1802 1863 1839 a
1883 1774 2055 1843 Praeterea

462 1916 538 1966 non
564 1893 652 1968 dicit
673 1897 813 1993 Haymo
825 1944 836 1979 ‚
864 1890 966 1991 quod
988 1914 1051 1964 eos
1070 1896 1197 1965 Petrus
1220 1915 1296 1965 non
1323 1892 1506 1984 instruxit,
1526 1889 1590 1965 sed
1614 1890 1715 1991 quod
1737 1914 1812 1964 non
1838 1890 1998 1991 primum
2017 1886 2055 1961 id

463 2012 598 2088 lecerit.
611 2014 722 2103 Quod
733 2037 821 2087 vero
835 2012 884 2086 ait
897 2012 1088 2112 pradictus
1100 2013 1292 2110 Gregorius
1298 2017 1442 2086 Petrum
1456 2016 1577 2085 Romae
1590 2011 1797 2112 praedicasse
1808 2009 1876 2083 sub
1888 2008 2052 2098 Claudio,

462 2155 538 2206 nun
555 2133 695 2207 addidit
710 2134 869 2235 primurn
883 2155 967 2204 eum
980 2131 1216 2232 praedictum,
1238 2132 1303 2206 sed
1319 2131 1440 2206 multis
1462 2131 1718 2206 miraculorum
1735 2131 1923 2204 vimudhus
1939 2130 2056 2202 mani-

463 2253 550 2326 leste
566 2253 749 2327 Christum
762 2277 840 2326 esse
855 2252 922 2325 Dei
940 2251 1069 2324 Filium
1085 2250 1353 2351 comprobasse.
1369 2252 1479 2341 Quod
1491 2267 1612 2326 autem
1630 2267 1716 2324 ωηο
1731 2249 1883 2343 addidit,
1906 2275 1950 2323 ex
1970 2263 2057 2323 tunc

464 2370 686 2446 Christianos
704 2398 780 2446 esse
801 2376 922 2445 Romae
937 2371 1104 2470 coepisse,
1122 2386 1239 2471 potest
1250 2370 1411 2471 intelligi,
1428 2396 1491 2447 eos
1506 2387 1593 2446 tunc
1606 2397 1672 2471 per
1686 2376 1832 2445 Petrum
1849 2369 2055 2444 manifestos

464 2492 583 2587 usse,
602 2496 666 2592 qui
679 2495 778 2593 prius
794 2491 927 2567 occulti
951 2516 1027 2567 esse
1047 2506 1261 2593 potuerunt.
1278 2497 1361 2567 Haec
1383 2505 1503 2567 autem
1523 2492 1696 2592 Epistola,
1718 2491 1881 2592 quamvis
1899 2491 2056 2591 primum

464 2613 596 2712 scripta
620 2612 727 2686 luisse
746 2638 822 2686 ηοη
848 2613 1029 2706 credatur,
1060 2615 1179 2713 prima
1203 2630 1324 2691 mmeu
1345 2640 1367 2690 a
1388 2615 1522 2690 sanctis
1537 2612 1701 2686 Patribus
1717 2611 1960 2703 ordinataest,
1974 2609 2059 2709 quia

465 2748 591 2808 contra
604 2737 762 2834 primum
779 2736 908 2809 vitium
919 2750 956 2809 et
970 2750 1183 2811 caeterorum
1198 2740 1369 2834 radicem,
1383 2739 1486 2838 quod
1501 2756 1554 2813 est
1569 2737 1749 2839 superbia,
1769 2738 1954 2834 dirigitur;
1969 2736 2059 2808 sicut

465 2854 638 2953 scriptum
654 2856 723 2928 est¹
738 2882 747 2926 ε
770 2884 789 2925 r<
800 2856 946 2949 initium
962 2857 1081 2929 omnis
1095 2860 1232 2956 peccati
1246 2859 1434 2959 superbia3
1452 2858 1538 2932 »vel
1549 2861 1657 2933 etiam
1666 2859 1752 2956 quia
1765 2858 1813 2932 ad
1827 2859 1951 2958 primae
1963 2854 2057 2929 sedis

467 2972 662 3050 Ecclesiam
686 2974 899 3048 destinatur.
919 2969 975 3047 De
990 2972 1064 3048 huc
1078 2990 1200 3050 autem
1215 2977 1264 3053 itu
1280 2982 1420 3078 Haymu
1437 2979 1601 3053 meminit
1621 3003 1630 3054 ι
1653 2976 1843 3079 «Epistola
1853 2990 1973 3052 autem
1990 2975 2056 3050 ista

466 3117 541 3166 non
556 3094 658 3168 illum
671 3094 839 3168 ordinem
852 3107 950 3168 tenet
965 3096 1004 3169 in
1021 3119 1177 3196 corpore
1195 3098 1449 3197 Epistularum,
1477 3124 1551 3198 quo
1567 3114 1621 3172 est
1631 3099 1857 3200 conscripta:
1876 3096 1939 3170 sed
1954 3116 2061 3169 causa

466 3210 648 3311 dignitatis
671 3217 932 3308 Romanorum,
949 3214 1012 3313 qni
1027 3228 1115 3289 tunc
1138 3219 1312 3316 temporis
1334 3220 1508 3293 universis
1528 3219 1694 3316 gentihus
1718 3218 1957 3318 imperabant,
1986 3214 2062 3314 pri-

465 3346 605 3406 matum
622 3333 792 3408 obtinuit.
811 3338 890 3408 Huc
903 3346 1025 3407 autem
1040 3332 1176 3407 lactum
1190 3350 1262 3425 est,
1283 3361 1358 3411 uon
1372 3338 1418 3412 ab
1439 3339 1626 3438 apostolo,
1644 3336 1708 3412 sed
1723 3338 1844 3438 potius
1859 3336 1905 3411 ab
1920 3334 1982 3409 illo
2000 3334 2062 3431 qui

465 3473 592 3536 omnes
608 3457 684 3548 ejus
693 3453 869 3552 Epistulas
883 3452 952 3526 suh
963 3479 1039 3526 uno
1055 3478 1210 3555 corpore
1225 3457 1365 3531 curavit
1376 3457 1557 3556 colligere.
1573 3486 1591 3526 >r
1609 3463 1698 3531 item
1715 3458 1833 3532 idem:
1851 3489 1870 3528 e
1881 3461 2062 3553 Interpre-

465 3579 586 3642 tantur
604 3583 726 3642 autem
743 3571 896 3641 Romani
912 3571 1097 3662 sublimes,
1116 3574 1193 3647 sive
1209 3587 1376 3649 tonantes
1395 3600 1405 3650 t
1423 3579 1508 3674 quia
1523 3576 1585 3649 illo
1602 3591 1765 3677 tempure
1780 3600 1854 3674 quo
1872 3570 2060 3672 Apostolus

466 3685 560 3759 hanc
587 3685 781 3786 Epistulam
807 3687 859 3758 eis
876 3686 983 3781 misit,
1001 3689 1140 3762 cunctis
1162 3691 1329 3787 gentihus
1346 3693 1654 3794 principabantur,
1685 3710 1721 3768 et
1744 3690 1959 3768 intonabant
1970 3715 2061 3790 prm·

466 3820 582 3905 cepta.
598 3836 617 3872 r
637 3804 804 3880 Creditur
824 3818 946 3878 autem
962 3806 1158 3905 Apostolus
1178 3826 1392 3909 praesentem
1413 3813 1611 3912 Epistulam
1628 3818 1779 3888 Romam
1800 3812 1937 3885 misisse
1953 3835 1976 3885 a
1991 3814 2063 3884 Co·

466 3922 589 4008 rintho
603 3949 668 4024 per
680 3922 855 4014 Phoeben,
872 3924 1072 4000 ministram
1086 3927 1250 4002 Ecclesiae
1266 3931 1458 4027 Cenchris,
1474 3934 1537 4032 qui
1549 3948 1602 4007 est
1612 3933 1860 4008 toeusvieinus
1870 3913 2060 4024 Corintho,

466 4044 541 4114 imo
567 4057 694 4141 portus
717 4042 829 4143 ipsius
853 4043 1032 4137 Corinthi,
1057 4047 1149 4120 sicut
1170 4050 1343 4148 Origenes
1361 4077 1470 4154 super
1483 4051 1580 4126 hanc
1598 4052 1794 4152 Epistulam
1812 4053 1989 4130 meminit.
2010 4054 2064 4123 De

466 4183 540 4258 qua
562 4160 710 4259 quidem
729 4163 863 4237 Phoebe
888 4165 965 4264 ipse
984 4168 1176 4266 Apostolus
1191 4169 1229 4241 in
1243 4169 1315 4243 line
1327 4172 1494 4271 Epistulae
1507 4174 1558 4247 ait
1573 4175 1667 4246 sic':
1687 4203 1705 4244 e
1718 4171 1944 4247 Commendo
1961 4169 2061 4243 vohis
2272 4201 2279 4251 t

467 4277 641 4373 Phoeben,
656 4305 818 4354 sororem
827 4296 1001 4377 nostram,
1012 4297 1082 4358 etc.
1096 4315 1115 4352 s
1126 4289 1246 4374 Quem
1257 4289 1406 4388 quidem
1417 4292 1540 4366 locum
1550 4293 1790 4391 Hieronymus
1801 4312 1983 4391 exponens
1990 4287 2059 4360 ait:

469 4428 487 4464 a
502 4398 577 4470 Hic
602 4411 779 4473 monstrat
807 4400 997 4498 Apostolus
1022 4425 1099 4476 non
1122 4405 1373 4505 accipiendam
1397 4434 1592 4510 personam
1613 4435 1689 4485 esse
1718 4413 1785 4485 viri
1815 4410 1871 4485 vel
1898 4408 2062 4499 semine,

467 4518 616 4616 quando
630 4519 801 4593 Romanis
816 4543 881 4620 per
892 4521 1093 4613 mulierem,
1115 4537 1157 4597 ut
1172 4524 1297 4623 fertur,
1312 4527 1448 4604 litteras
1461 4531 1583 4624 mittit,
1599 4546 1670 4605 etc.
1684 4560 1703 4598 s

478 4789 1149 4869 ·meat,up.x‚r.1s-¹aors,esr.m,r.r.

1161 5036 1374 5059 Μ
