4559 6100
490 549 563 621 tte
830 604 832 613 ,
1088 528 1217 615 estat
1244 536 1479 613 nauatam

491 693 756 771 formationem.
783 689 888 762 Unde
915 702 952 762 et
976 689 1083 761 vilius
1104 687 1177 761 boc
1191 688 1316 788 ipsum
1339 700 1488 786 apparet
1508 683 1613 782 fiquod
1628 684 1765 761 dieitur
1784 684 1944 777 idolum,
1969 697 2076 788 quarn

490 811 592 910 qnod
611 810 742 887 dicitur
764 810 923 905 lignum3
950 832 1035 881 eum
1050 807 1140 883 illud
1164 807 1335 883 factitium
1357 808 1420 898 sit,
1439 804 1512 878 hoe
1530 803 1703 881 naturate.
1722 804 1760 878 si
1775 805 1898 902 itaque
1917 810 2079 905 potentia

491 932 571 1022 Dei,
595 931 670 1003 sive
693 929 881 1029 sapientia,
906 941 969 1001 aut
991 928 1099 1001 'etiam
1122 950 1207 1026 pars
1226 927 1363 1023 aliqua,
1391 949 1454 997 seu
1471 922 1568 996 aliud
1592 921 1727 1021 aliquid
1749 923 1794 997 in·
1809 928 1887 997 Deo
1907 926 1961 998 'sit
1981 928 2079 1024 qnod

491 1054 588 1125 Deus
611 1050 763 1141 nonsit,
787 1048 911 1146 utique
933 1046 1075 1148 abipso
1097 1045 1258 1145 incoepit,
1282 1069 1303 1117 a
1324 1070 1398 1143 quo
1421 1057 1505 1117 sunt
1522 1043 1645 1121 omnia
1664 1070 1673 1115 a
1691 1042 1794 1140 quod
1811 1044 1841 1116 si
1857 1045 2081 1144 inooepitant

492 1170 654 1267 potentia
672 1169 749 1265 ejus
762 1182 825 1241 aut
840 1167 1027 1266 sapientia,
1044 1165 1207 1264 prolecto
1224 1165 1301 1264 ipse
1319 1164 1381 1261 qni
1406 1178 1559 1239 aeternus
1575 1174 1629 1234 est
1643 1163 1758 1235 extitit
1772 1162 1908 1263 absque
1931 1164 2017 1253 istis,
2033 1182 2080 1239 ‘ut

492 1288 657 1381 videlicet
673 1311 746 1363 uon
761 1311 902 1385 semper
914 1299 976 1359 aut
993 1298 1122 1383 potens
1139 1283 1244 1355 suerit
1262 1298 1324 1355 aut
1339 1283 1492 1380 sapiens,
1512 1279 1629 1353 donec
1645 1280 1777 1354 scilicet
1803 1281 1879 1379 ipse
1903 1283 2082 1381 impotens

493 1408 530 1479 in
559 1406 677 1503 seipso
703 1406 902 1502 potentiam
926 1416 1091 1490 creasset,
1109 1416 1172 1474 ant
1188 1401 1307 1475 adhuc
1329 1401 1499 1500 insipiens
1521 1400 1732 1497 sapientiam
1756 1399 1825 1472 sibi
1849 1400 2079 1474 condidmet.

495 1529 583 1612 Quae
602 1549 686 1609 cum
710 1524 830 1597 lecerit
849 1522 985 1621 absque
1003 1520 1218 1595 discretione
1232 1520 1426 1618 sapientiae,
1448 1520 1583 1616 quippe
1601 1538 1711 1613 quam
1730 1517 1896 1589 nondum
1913 1518 2080 1607 habebat,

494 1645 617 1741 utique
639 1642 814 1717 nonnulla
840 1644 916 1738 ejus
937 1663 1049 1740 opera
1072 1638 1329 1712 irrationabilia
1351 1653 1449 1711 sunt.
1475 1637 1513 1708 si
1535 1637 1616 1734 quis
1639 1650 1760 1709 autem
1782 1636 1878 1711 dicat
1900 1637 2083 1734 qualitates

494 1764 530 1834 in
557 1764 634 1833 Deo
662 1762 713 1835 sic
740 1785 834 1854 esse,
863 1774 904 1832 ut
927 1784 995 1833 nec
1022 1764 1118 1831 Deus
1145 1759 1230 1848 sint,
1253 1782 1320 1829 nec
1343 1781 1364 1830 a
1387 1760 1465 1828 Deo
1491 1756 1604 1849 iactae,
1629 1754 1755 1829 sedin
1780 1760 1857 1828 Deo
1877 1756 2085 1830 eternaliter

496 1894 759 1977 permanentes,
782 1894 890 1976 atque
909 1879 976 1976 ipsi
996 1877 1125 1949 divinae
1151 1875 1366 1968 substantiae,
1382 1876 1419 1946 in
1441 1898 1514 1973 qua
1532 1887 1630 1961 sunt,
1648 1887 1843 1947 coaeternas
1859 1900 1937 1951 esse
1962 1903 1971 1946 :
1990 1900 2084 1972 qna·

496 1997 651 2071 rendum
680 2012 807 2089 restat,
842 2011 964 2069 utrum
999 1997 1036 2069 ei
1063 1996 1344 2070 substantialiter
1371 2020 1418 2068 an
1456 1992 1722 2067 accidentaliter
1755 1993 1880 2067 insint.
1908 1995 1944 2066 Si
1969 2009 2087 2069 autem

503 2118 791 2207 substantialiter,
816 2132 855 2189 ut
883 2117 1198 2191 scilicet-divinam
1222 2115 1455 2188 substantiam
1474 2112 1692 2204 ‘conlinianu
1722 2113 1885 2212 pmlecto
1910 2116 1988 2213 ipso
2009 2120 2086 2189 neo

502 2238 709 2311 naturaliter
722 2239 860 2336 priores
877 2236 1055 2324 videntur,
1077 2236 1135 2308 cui
1154 2259 1230 2308 esse
1246 2234 1454 2326 conferunt,
1479 2233 1571 2307 siem
1586 2231 1804 2309 rationalitas
1824 2234 1975 2308 bomine
1989 2235 2087 2334 prior

502 2356 645 2447 dicitur,
666 2356 750 2454 quia
767 2357 841 2452 ejus
858 2355 991 2428 scilieet
1014 2355 1240 2427 constitutiva
1257 2367 1308 2425 est
1326 2352 1454 2444 forma,
1472 2367 1581 2450 atque
1597 2353 1634 2425 in
1651 2353 1728 2451 ipsa
1744 2353 1820 2450 ejus
1835 2355 2087 2426 constitutione

501 2498 585 2573 pars
610 2474 775 2572 quadam
799 2474 957 2547 formalis
979 2488 1044 2566 est,
1067 2474 1169 2569 cujus
1192 2486 1372 2544 conventu
1393 2471 1440 2545 ad
1458 2471 1693 2544 substantiam
1716 2472 1893 2563 animalis,
1920 2474 2020 2570 quasi
2043 2472 2088 2545 ad

505 2593 705 2685 materiam,
735 2592 847 2666 homo
875 2594 951 2691 ipse
978 2591 1174 2693 perficitur.
1206 2596 1277 2663 Nee
1300 2591 1407 2662 relert
1431 2590 1538 2662 etiam
1561 2589 1608 2662 ad
1630 2592 1918 2664 constitutionem
1941 2616 2020 2688 quae
2047 2616 2090 2663 ex

504 2711 652 2783 materia
677 2711 776 2782 venit
803 2725 839 2782 et
867 2710 994 2802 forma,
1025 2711 1099 2781 sive
1122 2709 1294 2807 sapientia
1311 2734 1390 2806 qnae
1417 2710 1508 2781 inest
1534 2713 1613 2782 Deo
1639 2711 1684 2781 sit
1703 2711 1735 2782 ei
1753 2710 1988 2783 substantialis
2016 2711 2091 2782 sive

504 2828 743 2915 accidentalis,
761 2828 968 2901 dummodo
989 2829 1034 2900 sit
1058 2828 1172 2900 forma
1194 2828 1314 2925 aliqua
1338 2829 1375 2901 in
1397 2832 1474 2901 Deo
1496 2841 1534 2900 et
1551 2853 1609 2901 res
1633 2827 1771 2904 diversa
1792 2829 1838 2902 ab
1868 2830 1943 2929 ipsa
1972 2828 2092 2902 divina

504 2947 713 3022 substantia.
733 2946 900 3019 Similiter
916 2948 1012 3019 enim
1028 2945 1141 3018 homo
1156 2945 1260 3019 albus
1275 2947 1332 3019 rel
1348 2971 1480 3046 corpus
1500 2945 1624 3020 album
1640 2966 1682 3019 ex
1699 2946 1848 3020 homine
1863 2948 1919 3021 vel
1936 2970 2090 3046 corpore

504 3083 539 3139 et
555 3067 721 3142 albedine
734 3080 875 3140 constat
891 3066 938 3139 ad
953 3065 1223 3139 similitudinem
1243 3068 1396 3140 materiae
1412 3081 1447 3139 et
1464 3067 1599 3152 formae,
1619 3067 1709 3140 siem
1723 3089 1815 3140 terea
1830 3082 1948 3140 statua
1964 3093 2006 3140 ex
2023 3091 2090 3139 aere

505 3201 542 3259 et
561 3187 822 3286 compositione
841 3212 850 3255 r
869 3200 977 3284 atque
992 3184 1118 3258 eadem
1143 3188 1281 3258 ratione
1305 3199 1447 3285 oportet
1468 3185 1619 3259 concedi
1641 3185 1741 3283 qnod
1767 3189 1863 3258 Deus
1886 3186 2028 3286 sapiens
2050 3210 2092 3258 ex

505 3309 583 3405 ipsa
606 3305 800 3379 divinitatis
826 3303 1024 3378 substantia
1048 3319 1085 3377 et
1109 3306 1282 3403 sapientia
1308 3307 1603 3396 mustitueretur3
1630 3304 1848 3378 sividelioet
1872 3306 1909 3376 in
1936 3310 2014 3378 Deo
2039 3328 2093 3377 res

506 3425 575 3499 alia
601 3440 691 3498 esset
717 3448 739 3497 a
765 3427 860 3517 Deo,
889 3423 989 3519 cujus
1016 3439 1195 3497 conventu
1219 3423 1266 3497 ad
1289 3424 1522 3497 substantiam
1549 3424 1664 3522 ipsam
1692 3428 1789 3497 Deus
1806 3426 1956 3522 »sapiens
1982 3440 2090 3512 esset,

507 3544 647 3618 duabus
673 3545 825 3616 invicem
848 3542 1147 3618 convenientibus
1167 3543 1302 3615 rebus:
1322 3568 1365 3617 ac
1380 3568 1445 3642 per
1467 3544 1538 3616 boc
1561 3547 1679 3616 Deum
1696 3543 1894 3643 sapientem
1910 3544 2093 3641 quoddam
2167 3561 2171 3566 “

508 3688 584 3736 esse
604 3678 721 3736 totum
744 3686 786 3733 cx
813 3663 961 3734 materia
983 3675 1017 3733 et
1038 3661 1152 3734 lorma
1170 3664 1424 3759 compositum,
1444 3664 1631 3762 ipsamque
1653 3663 1837 3736 materiam
1860 3686 1901 3734 ac
1927 3664 2091 3750 sormam,

509 3808 552 3854 ex
577 3782 708 3880 quibus
733 3779 934 3870 conficitur,
961 3781 1178 3879 principium
1198 3782 1253 3852 sui
1276 3781 1423 3854 habere.
1439 3782 1528 3869 Quis
1553 3783 1657 3854 etiam
1682 3781 1800 3856 dicere
1822 3798 2013 3882 prasumat
2037 3782 2096 3855 ali·

511 3899 599 4000 quid
621 3904 699 3972 Deo
725 3924 789 3997 per
813 3899 980 3972 accidens
1002 3922 1107 3997 posse
1128 3899 1266 3992 inesse,
1288 3914 1324 3972 et
1342 3900 1460 3998 ipsum
1479 3925 1627 4000 quoque
1647 3901 1889 3975 accidentibus
1911 3927 1988 3976 esse
2011 3900 2097 3974 sub·
2173 3889 2181 3910 ⁸

508 4020 643 4114 jectum
662 4048 670 4092 ε
689 4017 973 4117 quodomnium
993 4031 1067 4088 tam
1090 4018 1389 4117 pbilosophorum
1410 4045 1522 4118 quam
1541 4020 1801 4096 catholicorum
1823 4021 2098 4095 anathematizat

512 4138 726 4211 auctoritas?
751 4136 855 4209 Unde
871 4137 1083 4232 Augustinus
1104 4135 1149 4207 de
1178 4140 1351 4212 Trinitate
1366 4139 1456 4213 libro
1475 4144 1517 4229 V,
1549 4141 1706 4239 capitulo
1724 4165 1761 4212 ιν
1780 4168 1788 4211 :
1812 4140 2013 4213 «Accidens
2027 4140 2099 4213 dici

513 4282 586 4330 non
608 4258 711 4350 solet,
736 4257 803 4328 nisi
827 4255 926 4355 quod
944 4257 1064 4354 aliqua
1085 4258 1283 4330 mutatione
1302 4258 1378 4355 ejus
1399 4260 1464 4348 rei,
1482 4261 1540 4333 cui
1561 4259 1705 4351 accidit,
1726 4260 1839 4333 amitti
1855 4274 1985 4359 potest.
2005 4259 2099 4333 Nihil

512 4378 631 4475 itaque
658 4376 824 4450 accidens
843 4376 879 4447 in
898 4378 989 4468 Deo,
1015 4377 1100 4474 quia
1125 4376 1215 4447 nibil
1239 4378 1424 4471 mutabile,
1446 4393 1508 4451 aut
1524 4379 1728 4452 amissibile.
1750 4379 1992 4467 Quamobrem
2010 4379 2100 4452 nibil

513 4498 550 4567 in
576 4521 620 4569 eo
640 4495 839 4569 secundum
861 4493 1026 4567 accidens
1042 4494 1186 4583 dieitur,
1204 4497 1290 4593 quia
1311 4497 1397 4568 nibil
1416 4498 1449 4569 ei
1470 4498 1618 4584 accidit3
1642 4522 1711 4570 nec
1728 4512 1848 4571 tamen
1870 4519 1979 4571 omne
2000 4497 2100 4595 qnod

514 4616 657 4699 dicitur,
686 4613 884 4687 seeundum
908 4613 1142 4687 substantiam
1171 4614 1313 4688 dicitur.
1341 4617 1478 4689 Dicitur
1501 4619 1599 4690 enim
1623 4616 1670 4691 ad
1695 4617 1853 4716 aliquid,
1883 4619 1975 4690 sicut
2000 4621 2101 4690 Pater

514 4733 561 4816 ad
586 4735 727 4826 Filium,
753 4748 787 4806 et
813 4732 919 4805 Filius
944 4733 989 4806 ad
1014 4738 1168 4823 Patrem,
1191 4734 1290 4832 quod
1313 4761 1388 4808 non
1413 4752 1466 4809 est
1492 4736 1687 4810 accidens:
1708 4739 1792 4835 quia
1816 4753 1853 4812 et
1877 4737 1936 4810 ille
1962 4755 2101 4836 semper

516 4860 631 4946 Pater,
659 4867 693 4925 et
719 4852 778 4923 ille
803 4875 944 4950 semper
968 4851 1089 4924 Filius.
1113 4852 1222 4940 Quod
1246 4855 1277 4926 si
1298 4854 1491 4953 aliquando
1516 4880 1592 4929 esse
1616 4857 1798 4955 caepisset,
1824 4871 1886 4934 aut
1907 4854 2101 4953 aliquando

515 4998 590 5046 esse
606 4972 784 5044 desineret
804 4969 931 5062 Filius,
950 4969 1149 5043 secundum
1167 4971 1332 5046 accidens
1347 4974 1537 5046 diceretur.
1560 4976 1595 5046 Si
1611 4999 1697 5047 vero
1713 4975 1814 5073 quod
1837 4975 1966 5047 dicitur
1983 4980 2099 5061 Pater,

429 5189 438 5200 Ι
517 5091 561 5163 ad
580 5094 734 5189 seipsum
755 5089 946 5186 diceretur,
965 5114 1039 5163 non
1062 5090 1107 5163 ad
1126 5091 1269 5183 l'ilium3
1289 5093 1488 5167 secundum
1508 5092 1744 5169 substantiam
1766 5094 1989 5169 diceretur.»
2016 5099 2103 5166 Prae·
