4559 6100
510 561 558 630 {2
1109 551 1237 623 rem!
1261 549 1496 624 ABAEARDl

508 705 634 780 Solum
652 699 1182 799 verobocnomen,quodmt
1200 722 1372 797 persona,
1390 697 2099 796 pluuiurpmsefimmmidetioa

506 826 627 926 plnres
642 823 1061 925 proferimuspersoms,
1079 822 1265 891 nouDeus
1280 815 1526 888 autdominos
1543 816 1786 890 neeulhmin
1802 824 1937 893 ceteris
1952 819 2095 921 plurali·

507 959 617 1019 tatem
634 942 838 1042 recipimus.
855 940 961 1013 Cnde
982 939 1198 1035 Augustinus
1212 935 1257 1007 de
1275 938 1467 1027 Trinitate,
1485 934 1552 1006 lib.
1574 940 1657 1025 Vll,
1676 961 1757 1036 esp.
1778 944 1872 1009 rn¹2
1894 970 1914 1007 ι
1932 945 2036 1012 Pater
2050 937 2097 1010 ad

507 1062 690 1136 redicitnr
705 1084 880 1161 persona,
894 1085 972 1132 nou
988 1058 1036 1131 ad
1052 1056 1180 1128 Filium
1197 1053 1253 1127 vel
1268 1055 1454 1154 Spiritum.
1469 1084 1488 1120 ι
1512 1058 1601 1125 Item
1624 1083 1635 1125 :
1662 1086 1681 1120 ι
1700 1060 1779 1127 lloc
1793 1056 1911 1129 solum
1927 1082 2002 1130 uon
2020 1072 2094 1149 est,

506 1180 621 1280 quod,
630 1206 715 1253 cum
724 1175 1193 1274 dicaturdesiugulisadse,
1201 1173 1384 1273 pluraliter
1393 1198 1469 1244 oon
1480 1173 2094 1274 duguhrbmaodpituriusumma.

506 1301 668 1377 Dicimus
681 1301 822 1398 itaque:
834 1303 999 1370 Paterest
1008 1321 1178 1396 persona,
1191 1293 1350 1366 etFrlius
1363 1306 1594 1392 estpersona,
1607 1294 1759 1392 Spiritus
1770 1311 2093 1396 sanctuspersoua3

507 1423 611 1493 Pater
625 1435 749 1492 tamen
771 1432 807 1490 et
831 1418 940 1490 ruins
958 1431 996 1489 et
1021 1416 1175 1514 Spiritus
1194 1429 1339 1486 sancurs
1361 1438 1438 1485 uon
1461 1426 1547 1485 suut
1563 1436 1823 1512 uuapersona,
1840 1416 1906 1488 sed
1922 1415 2056 1514 plures.
2076 1447 2094 1484 ι

505 1542 668 1628 Quarum
693 1537 844 1637 quidem
868 1552 990 1610 tamen
1016 1557 1253 1634 personarum
1278 1533 1369 1604 sicut
1395 1531 1523 1604 eadem
1553 1557 1701 1631 prorsus
1724 1548 1779 1607 ost
1802 1534 2023 1624 substantia,
2047 1537 2097 1609 ita

504 1657 786 1731 indeterminans
799 1671 852 1729 est
869 1655 1002 1754 gloria,
1023 1653 1174 1726 indivisa
1189 1653 1353 1751 operatio
1368 1674 1412 1723 ac
1429 1649 1608 1724 voluntas.

553 1777 782 1849 Hac'autem
801 1773 887 1846 fidei
905 1797 1046 1845 stimma
1068 1772 1165 1844 ciros
1182 1773 1358 1844 unitatem
1376 1793 1419 1841 ac
1442 1770 1637 1842 trinitatem
1653 1774 1859 1871 proposita,
1878 1790 2043 1873 mperest
2056 1790 2095 1847 ut

505 1893 678 1967 adversus
714 1892 965 1991 inquisitiones
992 1890 1258 1982 dubitantium,
1295 1888 1465 1986 congruis
1496 1889 1594 1960 eam'
1620 1890 1895 1963 similitudinum
1926 1893 2096 1993 exemplis

505 2012 742 2088 defendamus
764 2027 872 2110 atque
896 2027 1108 2084 esuriamus.
1126 2009 1225 2098 Quid
1239 2010 1337 2080 euim
1358 2007 1407 2080 ad
1425 2006 1627 2080 docuinam
1643 2008 1745 2106 loqui
1764 2011 1929 2109 proficit,
1948 2013 2096 2111 siquod

503 2130 637 2205 docere
652 2130 820 2204 volumus
831 2130 963 2229 exponi
978 2154 1055 2202 non
1070 2142 1188 2228 potest
1200 2142 1240 2199 ut
1254 2126 1497 2223 intelligatur?
1511 2126 1621 2214 Quod
1636 2126 1825 2225 diligenter
1841 2128 1967 2202 beatus
1981 2145 2096 2204 atten-

503 2250 594 2324 dens
622 2251 838 2347 Augustinus
856 2273 943 2320 cum
966 2247 1217 2320 difficillimum
1240 2246 1288 2319 de
1312 2246 1483 2317 Trinitate
1510 2244 1614 2317 illum
1630 2271 1813 2344 exponere
1830 2249 1936 2321 vellet
1950 2249 2093 2340 locum,

502 2369 601 2467 quod
625 2368 792 2443 videlicet
818 2366 1043 2462 Evangelista
1066 2370 1224 2438 loannes
1251 2389 1401 2437 exorsus
1420 2379 1491 2454 est,
1522 2363 1688 2436 dioem‘:
1711 2396 1729 2432 ι
1754 2370 1796 2438 ln
1821 2369 2000 2466 principio
2019 2387 2096 2444 erat

507 2487 678 2582 Verbum,
696 2502 733 2560 et
741 2485 900 2557 Verbum
916 2499 990 2557 erat
1007 2483 1106 2583 apud
1123 2489 1254 2573 Deuuq
1265 2499 1302 2555 et
1315 2488 1412 2555 Deus
1427 2496 1502 2554 erat
1518 2481 1695 2576 l'erbum5
1707 2512 1726 2547 ι
1748 2516 1766 2550 ι
1778 2490 1856 2557 Hoc
1872 2487 2000 2584 inquit,
2016 2490 2093 2561 ani.

504 2607 607 2679 malis
637 2606 751 2678 bomo
780 2630 857 2677 non
883 2604 1049 2702 percipit.
1074 2602 1172 2691 Quid
1201 2626 1288 2698 ergo
1319 2601 1470 2672 fratres?
1490 2602 1682 2674 Silebimus
1707 2604 1823 2676 hinc?
1850 2610 1971 2693 Quare
2008 2632 2093 2704 ergo

503 2725 694 2817 scribitur,
712 2725 741 2795 si
761 2722 910 2796 siletur?
927 2736 989 2793 aut
1004 2745 1117 2819 quare
1136 2719 1303 2808 auditur,
1324 2720 1356 2789 si
1379 2742 1455 2791 non
1478 2723 1696 2818 exponitur?
1717 2723 1788 2795 Sed
1812 2739 1851 2795 ut
1875 2726 1965 2823 quid
1986 2752 2095 2826 expo-

505 2842 628 2935 nitur,
646 2844 676 2914 si
692 2867 767 2914 non
783 2838 1018 2936 intelligitur?
1035 2843 1161 2936 ltaque
1176 2838 1350 2935 quoninn
1368 2863 1493 2910 rursus
1509 2864 1584 2910 non
1604 2837 1733 2913 dubito
1751 2843 1790 2914 iu
1805 2868 1958 2916 numero
1977 2861 2094 2920 restro

503 2960 682 3063 quosdam
703 2984 797 3052 esse,
820 2957 993 3057 aquibus
1015 2958 1130 3058 possit
1151 2982 1227 3030 uon
1245 2956 1365 3029 solum
1380 2960 1582 3058 expositum
1603 2960 1703 3059 cupi,
1729 2960 1794 3034 sed
1817 2977 2009 3062 antequam
2033 2990 2094 3040 ex·

503 3096 661 3182 ponatur
676 3080 842 3175 intelligi,
862 3103 939 3152 nou
957 3077 1133 3151 fraudabo
1151 3078 1293 3175 eosqui
1312 3093 1464 3176 possunt
1484 3102 1632 3178 capere,
1650 3079 1740 3153 dnm
1761 3083 1871 3155 timeo
1892 3086 2094 3183 superfluus

504 3226 581 3275 esse
599 3198 748 3273 auribus
764 3223 892 3271 eorum
907 3200 971 3297 qui
989 3224 1064 3272 non
1082 3213 1234 3299 possunt
1247 3223 1389 3298 capere.
1412 3223 1440 3265 r.

557 3321 717 3406 Primum
733 3318 853 3415 itaque
867 3318 973 3391 nobis
988 3318 1238 3391 disserendum
1254 3320 1426 3410 occurrit,
1441 3322 1530 3419 quid
1542 3321 1611 3395 sibi
1633 3323 1717 3396 velit
1742 3324 1780 3396 iu
1804 3349 1878 3399 una
1898 3326 2095 3403 divinitatis

504 3449 630 3513 natura
645 3461 882 3537 personarum
897 3439 965 3509 ista
979 3436 1175 3528 distinctio,
1200 3452 1240 3509 ut
1255 3438 1383 3512 eadem
1399 3441 1533 3513 scilicet
1549 3448 1665 3534 Pater,
1683 3444 1813 3516 eadem
1826 3444 1947 3536 Filius,
1965 3447 2092 3521 eadem

503 3558 655 3655 Spiritus
671 3570 816 3628 sanctm
832 3558 878 3628 sit
898 3556 1087 3655 appellata.
1109 3557 1250 3628 Deinde
1266 3559 1420 3655 qualiter
1436 3586 1508 3632 una
1525 3563 1670 3659 penitus
1690 3578 1727 3635 et
1749 3562 1935 3636 individua
1951 3591 2093 3664 perma-

503 3689 612 3748 nente
634 3674 853 3762 substantia,
870 3676 1022 3746 Trinitas
1041 3699 1279 3773 personarum
1303 3691 1411 3773 queat
1432 3680 1621 3775 assignari,
1645 3697 1681 3754 et
1697 3681 1796 3779 quod
1821 3680 1868 3753 de
1888 3683 2025 3758 unitate
2049 3712 2093 3761 ac

502 3792 674 3865 Trinitate
697 3793 819 3864 diviua
838 3806 922 3864 ante
938 3794 1207 3891 proposuimus,
1227 3809 1354 3866 contra
1369 3795 1599 3871 vehementes
1616 3799 1881 3898 philosophicas
1901 3803 2092 3901 impugna·

503 3913 620 3983 tiones
642 3910 799 3982 defendi.
821 3910 966 3983 Videtur
983 3925 1103 3983 autem
1123 3913 1230 3985 uobis
1251 3917 1486 4014 suprapositis
1501 3919 1610 3990 trium
1627 3944 1865 4017 personarum
1883 3923 2094 3998 nominibus

503 4030 634 4103 summi
647 4027 735 4101 boni
747 4029 918 4127 perfectio
934 4029 1123 4127 diligenter
1138 4056 1215 4104 esse
1231 4031 1430 4133 descripta,
1447 4050 1487 4106 ut
1498 4061 1583 4110 cum
1598 4037 1764 4110 videlicet
1775 4039 2093 4137 praedicsturDeus

502 4173 578 4221 esse
592 4153 694 4220 Pater
706 4162 742 4220 et
753 4147 860 4219 Filius
875 4161 911 4219 et
926 4149 1076 4247 Spiritus
1092 4162 1259 4238 sauctus,
1284 4176 1369 4223 eum
1387 4177 1570 4227 summum
1585 4155 1727 4228 bouum
1742 4171 1852 4254 atque
1869 4159 1906 4230 in
1923 4160 2092 4235 omuibus

501 4266 699 4367 perfectum
712 4266 784 4338 hac
798 4265 1026 4340 distinctione
1037 4269 1217 4341 Trinitatis
1230 4270 1480 4369 intelligamus.

552 4387 662 4457 Patris
686 4385 821 4484 quippe
849 4387 999 4460 nomine
1024 4384 1155 4459 divinae
1186 4389 1377 4485 majestatis
1397 4393 1559 4490 potentia
1586 4393 1812 4491 designauit,
1831 4421 1905 4494 qua
1928 4396 2092 4470 videlicet

500 4503 674 4603 quidquid
695 4502 779 4575 velit
803 4503 944 4576 efficere
958 4517 1098 4603 potest,
1117 4506 1213 4579 unde
1231 4511 1447 4606 Augustinus
1466 4513 1504 4584 in
1520 4513 1795 4586 Euchirulr‘orr‘:
1814 4544 1832 4583 s
1849 4520 1971 4613 Neque
1993 4515 2090 4586 enim

499 4624 673 4697 veraciter
691 4635 841 4694 vocatur
860 4623 1110 4722 omnipotens,
1124 4626 1193 4698 uisi
1203 4629 1379 4723 quoniam
1394 4654 1618 4729 quaecurmue
1635 4632 1712 4705 vult
1727 4649 1862 4733 potest,
1881 4659 1948 4706 nec
1965 4631 2092 4704 volun·

499 4756 558 4816 ate
578 4741 780 4842 cujuspiam
797 4755 968 4813 creaturae
991 4741 1184 4816 voluntatis
1209 4747 1470 4846 omnipotentis
1489 4750 1688 4849 impeditur
1711 4753 1873 4828 effeetus.
1897 4751 2035 4825 »idem
2052 4751 2089 4822 iu

530 5063 536 5090 ¹
547 5056 626 5123 opp..
638 5065 657 5108 t.
670 5054 735 5119 vm,
747 5060 794 5108 ool.
808 5059 862 5110 tut.
877 5085 906 5096 -
916 5060 927 5090 ²
936 5060 1008 5110 Nune
1019 5068 1115 5112 ouum.
1132 5063 1193 5115 (bd.
1207 5061 1321 5117 lter-³
1330 5064 1378 5117 Sle.
1395 5067 1457 5120 cod.
1470 5069 1532 5119 Vter.
1544 5070 1670 5132 Corqrur'r
1681 5071 1759 5120 etium
1770 5069 1973 5122 similitudinum
1983 5065 2087 5116 Amb-

498 5136 599 5200 stoan,
613 5150 701 5200 cap-1.
722 5152 745 5188 v.
766 5139 788 5188 1.
804 5162 833 5173 -
845 5139 855 5170 ⁸
868 5137 943 5202 Opp,
954 5146 975 5188 t.
992 5138 1032 5196 Vl,
1045 5142 1093 5190 cot.
1106 5145 1164 5193 ttt.
