4559 6100
511 24 585 96 772
1197 22 1434 98 APPENDlx.

510 169 684 261 peracerba
707 166 877 234 videbatur
900 169 1032 254 injuria,
1054 169 1195 259 reperire
1224 170 1363 260 aliquem
1388 171 1443 259 qui
1464 170 1533 260 pari
1556 142 1765 259 responderet
1784 165 1954 257 protervia.
1977 164 2121 230 Possem

510 279 615 369 aliqua
639 278 680 346 de
704 282 797 372 nugis
819 281 881 345 tuis
897 280 973 345 huic
993 279 1147 371 opusculo
1168 305 1210 347 ex
1234 281 1364 347 testium
1379 280 1597 372 probabilium
1620 280 1842 372 astipulatione
1868 278 2025 359 inserere,
2054 274 2124 341 sed

511 421 625 465 vereor
651 400 801 490 paginam
826 398 903 464 foedi
927 400 1101 465 commenti
1122 399 1365 490 interpositione
1390 400 1587 491 interpolari.
1612 402 1762 467 Ceterum
1785 397 1906 463 cunctis
1931 412 2009 460 nota
2030 411 2122 461 teste

510 540 577 582 nou
604 518 762 610 indigent.
789 519 885 584 Illum
910 520 1018 609 itaque
1040 518 1282 585 commentandi
1309 535 1343 585 et
1361 519 1504 611 nugandi
1531 544 1624 586 usum
1647 519 1688 585 ad
1714 518 1858 595 divinum
1882 538 1966 606 saepe
1989 516 2119 579 instru-

510 653 654 703 mentum
674 639 823 723 accersis;
848 654 880 703 et
905 654 1050 705 astruunt
1065 639 1204 729 imperiti
1229 640 1368 729 graviter
1380 655 1421 704 et
1446 638 1609 730 granditer
1634 637 1773 720 dictum,
1801 634 1890 725 quod
1915 633 2055 700 ubertim
2076 652 2120 700 et

510 754 699 846 eloquenter
717 758 837 824 effutis.
862 755 926 823 Sed
947 782 1014 823 non
1033 759 1079 825 sie
1099 782 1167 825 esse
1184 759 1267 825 ratio
1283 757 1459 825 necessaria
1479 759 1653 824 convincit.
1675 756 1871 846 Frequenter
1888 754 1977 846 enim
1994 753 2119 819 veritas

509 874 653 942 absolute
673 894 706 943 et
721 878 851 968 illepide
865 878 1041 969 profertur,
1057 896 1090 945 et
1107 878 1224 945 falsitas
1240 877 1415 969 plausibilis
1432 878 1552 968 eloquii
1569 879 1721 944 comitate
1736 874 1993 943 commendatur.
2011 874 2116 938 Simi-

509 994 616 1083 lesque
636 1013 725 1079 sunt,
755 1013 790 1062 ut
809 999 853 1064 ait
873 998 1087 1089 Augustinus,
1105 997 1288 1088 simplicitas
1305 996 1434 1063 dicendi
1455 1012 1489 1062 et
1507 996 1689 1086 eloquentia
1709 996 1792 1061 vasis
1812 994 1979 1060 rusticanis
1998 1009 2031 1058 et
2049 1017 2114 1059 ur·

507 1110 599 1178 banis
616 1137 625 1179 ε
643 1114 760 1180 falsitas
776 1137 854 1181 vero
866 1132 900 1180 et
915 1116 1043 1197 veritas,
1057 1114 1185 1181 ferculis
1200 1114 1316 1181 vilibus
1331 1131 1364 1181 et
1375 1115 1538 1204 preciosis.
1553 1116 1698 1205 Utraque
1710 1129 1818 1179 autem
1833 1111 1952 1178 fercula
1968 1113 2112 1201 utrisque

507 1245 640 1315 possunt
654 1230 736 1295 vasis
752 1229 935 1295 ministrari.
949 1228 1062 1318 Neque
1078 1228 1141 1294 hoc
1157 1228 1232 1295 ideo
1250 1229 1399 1313 dixerim,
1418 1245 1454 1294 ut
1467 1246 1499 1297 te
1516 1229 1693 1295 notabilem
1711 1243 1743 1295 et
1759 1242 1940 1317 suspectum
1955 1223 2106 1309 reddam5

507 1345 565 1410 sed
581 1364 617 1412 ut
630 1349 799 1415 veritatem
819 1370 887 1412 uon
904 1347 939 1410 in
956 1347 1101 1412 omnium
1125 1346 1277 1413 facundia
1299 1370 1367 1412 esse
1386 1346 1571 1437 simpliciter
1591 1363 1743 1412 astruam.
1761 1344 1825 1412 Sed
1838 1367 1933 1435 super
1948 1343 2011 1408 hoc
2026 1343 2108 1408 hac-

507 1480 627 1531 tenus:
653 1463 696 1530 ad
724 1465 846 1555 reliqua
871 1465 978 1555 potius
1001 1481 1210 1532 transeamus.
1239 1465 1438 1532 iamdudum
1462 1465 1684 1531 sanctitudinis
1711 1482 1775 1531 tuae
1801 1462 1936 1529 odorem
1962 1463 2026 1528 ales
2050 1485 2108 1552 per

508 1584 622 1650 orbem
649 1584 736 1650 fama
762 1585 926 1676 dispersit,
954 1585 1179 1674 praeconizavit
1205 1588 1335 1669 merita,
1363 1585 1518 1651 miracrda
1543 1584 1741 1651 declamavit.
1769 1581 1886 1648 felicia
1907 1579 2108 1667 jactabamus

508 1700 663 1768 moderna
685 1703 791 1770 secula
814 1720 881 1769 tam
901 1705 1025 1770 corusci
1043 1702 1155 1770 sideris
1176 1721 1341 1771 venustata
1362 1706 1484 1785 nitore,
1505 1702 1726 1792 mundumque
1742 1704 1811 1790 jam
1831 1700 1976 1767 debitum
1997 1700 2107 1791 perdi·

507 1821 588 1887 tioni
609 1823 673 1891 tuis
691 1824 815 1905 meritis
836 1822 1005 1890 subsistere
1028 1823 1233 1914 putabamus.
1260 1824 1474 1915 Sperabamus
1494 1825 1528 1890 in
1548 1824 1667 1915 linguae
1689 1839 1753 1890 tuae
1770 1820 1902 1886 arbitrio
1923 1820 1994 1885 coeli
2013 1820 2106 1884 sitam

505 1939 726 2021 clementiam,
745 1943 826 2008 aeris
847 1943 1047 2032 temperiem,
1072 1942 1253 2009 ubertatem
1273 1960 1386 2027 terrae,
1407 1945 1569 2009 fructuum
1590 1941 1863 2008 benedictionem.
1886 1941 1990 2028 Caput
2015 1955 2106 2004 tuum

506 2060 607 2126 nubes
622 2061 787 2152 tangebat.
801 2063 843 2126 Et
853 2063 943 2147 juxta
958 2062 1088 2157 vrdgare
1104 2063 1323 2153 proverbium,
1341 2064 1423 2128 rami
1441 2064 1488 2127 tui
1508 2062 1638 2127 umbras
1650 2060 1810 2126 montium
1825 2056 2103 2123 transcendebant.

505 2180 556 2246 Sic
572 2180 628 2245 diu
639 2181 757 2263 vixisti,
772 2182 817 2246 sic
829 2180 1005 2247 Ecclesiam
1020 2183 1113 2273 castis
1128 2185 1380 2249 institutionibus
1396 2182 1592 2266 informasti,
1613 2198 1648 2248 ut
1661 2180 1703 2246 ad
1719 2178 1912 2246 semicinctia
1931 2194 1986 2244 tua
2000 2178 2105 2268 rugire

508 2296 673 2363 daemones
689 2314 939 2381 autumaremus,
956 2317 988 2365 et
1002 2301 1148 2366 beatulos
1164 2324 1223 2366 nos
1237 2317 1327 2368 tanto
1343 2301 1554 2392 gloriaremur
1569 2318 1718 2393 patrono.

549 2415 665 2499 Nunc,
683 2417 767 2508 proh
783 2416 895 2483 dolor!
913 2396 1017 2508 paiuit
1032 2418 1121 2508 quod
1144 2419 1279 2503 latebat,
1297 2436 1330 2486 et
1346 2419 1470 2486 colubri
1486 2422 1628 2510 sopomti
1644 2419 1775 2486 tandem
1793 2419 1919 2484 aculeos
1933 2418 2102 2482 suscitasti.

504 2536 635 2601 Omissis
648 2537 811 2618 omnibus,
828 2537 960 2603 Petrum
976 2538 1185 2605 Abaelardum
1199 2541 1288 2630 quasi
1303 2540 1485 2632 signumad
1500 2541 1647 2632 sagittam
1663 2539 1806 2630 posuisti,
1821 2539 1855 2603 iu
1870 2560 1966 2628 quem
1981 2534 2104 2602 acerbi-

504 2654 577 2724 tatis
593 2670 657 2724 tuae
673 2656 759 2722 virus
781 2661 966 2740 evomeres,
984 2681 1082 2749 quem
1099 2658 1140 2726 de
1156 2676 1241 2727 terra
1262 2661 1437 2728 viventium
1452 2658 1599 2741 tolleres,
1622 2682 1721 2747 quem
1736 2659 1821 2724 inter
1837 2673 1981 2722 mortuos
2000 2654 2103 2722 collo·

503 2797 603 2840 cares.
626 2777 808 2867 Cormgatis
824 2776 1049 2868 undecumque
1065 2780 1232 2870 Episcopis
1252 2803 1327 2845 eum
1349 2780 1383 2845 in
1404 2779 1580 2846 Senonensi
1597 2779 1741 2846 Concilio
1763 2779 1940 2844 hereticum
1962 2800 2104 2868 pronun·

504 2894 612 2976 ciasti,
637 2894 678 2960 ab
700 2913 792 2962 utero
815 2898 925 2962 matris
946 2878 1095 2963 Ecclesiae
1118 2898 1206 2964 velut
1229 2900 1378 2965 aborsum
1394 2899 1577 2990 precidisti.
1600 2901 1640 2965 In
1659 2901 1711 2964 via
1726 2898 1842 2964 Christi
1864 2895 2101 2978 ambulantem,

504 3021 657 3106 tanquam
684 3017 814 3083 sicarius
839 3015 881 3084 de
908 3018 1034 3085 occulto
1062 3018 1239 3110 prodiens,·
1256 3020 1365 3085 tunica
1393 3019 1579 3087 inconsutili
1606 3018 1758 3111 spoliasti.
1789 3018 2038 3085 Concionabaris
2061 3015 2103 3083 ad

504 3136 677 3224 populum,
705 3152 742 3202 ut
767 3138 947 3205 orationem
974 3138 1126 3205 funderet.
1149 3139 1192 3205 ad
1214 3139 1319 3205 Deum
1344 3165 1404 3231 pro
1429 3164 1469 3207 eo
1490 3164 1498 3207 :
1523 3140 1655 3205 interius
1680 3155 1787 3206 autem
1813 3137 2005 3228 disponebas
2030 3160 2102 3203 eum

505 3254 771 3342 proscribendum
794 3257 836 3321 ab
856 3257 936 3324 orbe
958 3259 1151 3325 Christiano.
1169 3258 1258 3344 Quid
1277 3259 1390 3353 vulgus
1413 3257 1551 3326 faceret?
1571 3256 1652 3348 quid
1669 3258 1781 3349 vulgus
1804 3274 1927 3340 oraret,
1950 3279 2024 3322 cum
2045 3280 2101 3346 pro

503 3392 569 3460 quo
592 3387 674 3438 esset
694 3374 855 3439 orandum
876 3376 1031 3443 nesciret?
1046 3380 1098 3444 Tu
1112 3379 1161 3443 vir
1176 3379 1256 3462 Dei,
1275 3381 1331 3469 qui
1351 3379 1505 3445 miracula
1525 3378 1656 3461 feceras,
1679 3378 1734 3467 qui
1755 3376 1797 3442 ad
1813 3376 1912 3467 pedes
1932 3377 2007 3442 lesu
2030 3397 2101 3440 cum

502 3488 606 3554 Maria
632 3489 784 3573 sedebas,
811 3495 867 3582 qui
892 3496 1104 3562 conservabas
1131 3500 1243 3564 omnia
1265 3500 1366 3564 verba
1390 3501 1458 3566 baec
1484 3499 1519 3563 in
1546 3496 1747 3581 cordetuo,
1775 3497 1980 3586 purissimum
2007 3516 2100 3559 sacre

504 3614 658 3680 orationis
677 3615 752 3680 thus
774 3640 884 3684 coram
906 3621 1050 3710 supernis
1071 3614 1243 3687 ‘obtutibus
1267 3622 1397 3690 adolere
1422 3621 1575 3705 deberes,
1600 3637 1636 3685 ut
1656 3643 1730 3686 reus
1751 3620 1864 3686 Petrus
1885 3619 2098 3711 resipisceret,

504 3747 537 3797 et
559 3733 630 3801 talis
648 3719 826 3801 efficeretur
846 3757 944 3828 quem
963 3737 1051 3803 nulla
1076 3740 1213 3830 suspicio
1233 3742 1427 3832 inquinaret.
1447 3740 1512 3808 Sed
1531 3741 1664 3806 forsitan
1686 3739 1828 3806 malebas
1848 3739 1963 3820 talem,
1983 3739 2016 3803 in
2039 3760 2100 3828 quo

503 3853 757 3941 reprehensionis
779 3852 932 3921 idoneam
959 3858 1184 3925 nanciscereris
1209 3862 1422 3929 occasionem.
1447 3862 1593 3950 Denique
1619 3876 1692 3951 post
1718 3857 1891 3951 prandium
1918 3857 2032 3923 allatus
2055 3870 2100 3921 est

502 3966 584 4035 liber
599 3970 701 4051 Petri,
726 3990 759 4037 st
778 3975 908 4041 cuidam
924 3993 1121 4071 preceptum
1137 3996 1237 4046 estut
1257 4004 1337 4047 voce
1354 3981 1494 4047 clamosa
1509 3980 1597 4045 Petri
1616 3978 1768 4070 opuscula
1785 3993 1983 4069 personaret.
2001 3977 2045 4040 At
2053 3971 2102 4038 ille

450 4106 456 4119 ·
503 4105 536 4155 et
555 4090 642 4156 Petri
658 4089 736 4157 odio
753 4093 924 4175 animatus,
942 4113 975 4159 et
988 4098 1059 4159 vitis
1078 4100 1222 4186 germine
1238 4101 1405 4193 irrigatus;
1428 4124 1496 4167 non
1515 4099 1598 4165 illius
1614 4099 1672 4189 qui
1690 4095 1787 4164 dixit¹
1809 4119 1816 4163 :
1835 4128 1848 4153 ι
1863 4097 1932 4186 Ego
1949 4117 2021 4160 sum
2036 4092 2102 4158 vitis

502 4231 625 4291 vera,»
651 4209 708 4278 sed
733 4208 817 4276 illius
839 4210 895 4300 qui
917 4212 1132 4304 patriarcham
1167 4214 1291 4281 nudum
1317 4218 1426 4284 stravit
1448 4219 1482 4282 iu
1507 4239 1600 4298 area,
1624 4217 1771 4281 sonorius
1793 4237 1890 4305 quam
1913 4214 2102 4305 postulatum

503 4328 607 4395 fuerat
625 4329 826 4398 exclamavit.
844 4329 922 4397 Post
945 4331 1051 4422 aliqua
1070 4333 1237 4423 pontifices
1262 4336 1432 4423 insultare,
1451 4336 1568 4429 pedem
1587 4335 1663 4427 pedi
1683 4334 1875 4426 applodere,
1900 4334 2022 4419 ridere,
2040 4356 2100 4399 nu·

532 4596 626 4662 itam,
639 4610 692 4662 cap.
704 4611 747 4663 xv,
759 4612 782 4651 v.
798 4602 820 4651 1.
