<?xml version="1.0" encoding="UTF-8"?>
<!DOCTYPE html PUBLIC "-//W3C//DTD XHTML 1.0 Transitional//EN"
    "http://www.w3.org/TR/xhtml1/DTD/xhtml1-transitional.dtd">
<html xmlns="http://www.w3.org/1999/xhtml" xml:lang="en" lang="en">
 <head>
  <title>
</title>
<meta http-equiv="Content-Type" content="text/html;charset=utf-8" />
  <meta name='ocr-system' content='tesseract 3.04.00' />
  <meta name='ocr-capabilities' content='ocr_page ocr_carea ocr_par ocr_line ocrx_word'/>
</head>
<body>
  <div class='ocr_page' id='page_1' title='image "./petriablardiope00despgoog_0227.png"; bbox 0 0 4559 6100; ppageno 0'>
   <div class='ocr_carea' id='block_1_1' title="bbox 619 505 1831 584">
    <p class='ocr_par' dir='ltr' id='par_1_1' title="bbox 619 505 1831 584">
     <span class='ocr_line' id='line_1_1' title="bbox 619 505 1831 584; baseline 0.002 -6"><span class='ocrx_word' id='word_1_1' title='bbox 619 508 662 580; x_wconf 88' lang='lat' dir='ltr'><strong>IN</strong></span> <span class='ocrx_word' id='word_1_2' title='bbox 688 505 935 580; x_wconf 75' lang='lat' dir='ltr'><strong>nutstotttt</strong></span> <span class='ocrx_word' id='word_1_3' title='bbox 960 506 1021 577; x_wconf 80' lang='lat' dir='ltr'><strong>AD</strong></span> <span class='ocrx_word' id='word_1_4' title='bbox 1045 506 1258 579; x_wconf 74' lang='lat' dir='ltr'><strong>Ronanus</strong></span> <span class='ocrx_word' id='word_1_5' title='bbox 1282 507 1353 579; x_wconf 77' lang='grc' dir='ltr'><strong>ΗΒ</strong></span> <span class='ocrx_word' id='word_1_6' title='bbox 1377 508 1468 578; x_wconf 84' lang='lat' dir='ltr'><strong>SEC.</strong></span> <span class='ocrx_word' id='word_1_7' title='bbox 1760 512 1831 584; x_wconf 77' lang='lat'><strong>205</strong></span> 
     </span>
    </p>
   </div>
   <div class='ocr_carea' id='block_1_2' title="bbox 0 654 1955 4919">
    <p class='ocr_par' dir='ltr' id='par_1_2' title="bbox 0 654 1955 4919">
     <span class='ocr_line' id='line_1_2' title="bbox 243 654 1833 754; baseline 0 -24"><span class='ocrx_word' id='word_1_8' title='bbox 243 655 378 730; x_wconf 78' lang='lat' dir='ltr'><strong>modo?</strong></span> <span class='ocrx_word' id='word_1_9' title='bbox 392 654 573 752; x_wconf 85' lang='lat' dir='ltr'><strong>Numquid</strong></span> <span class='ocrx_word' id='word_1_10' title='bbox 591 669 837 754; x_wconf 85' lang='lat' dir='ltr'><strong>etpauperem</strong></span> <span class='ocrx_word' id='word_1_11' title='bbox 851 655 965 748; x_wconf 84' lang='lat' dir='ltr'><strong>iilum,</strong></span> <span class='ocrx_word' id='word_1_12' title='bbox 985 655 1101 751; x_wconf 92' lang='lat' dir='ltr'><strong>quiin</strong></span> <span class='ocrx_word' id='word_1_13' title='bbox 1120 655 1201 725; x_wconf 90' lang='lat' dir='ltr'><strong>sinu</strong></span> <span class='ocrx_word' id='word_1_14' title='bbox 1226 654 1374 727; x_wconf 75' lang='lat' dir='ltr'><strong>Abrahae</strong></span> <span class='ocrx_word' id='word_1_15' title='bbox 1397 656 1651 752; x_wconf 78' lang='lat' dir='ltr'>requiescebat,</span> <span class='ocrx_word' id='word_1_16' title='bbox 1672 660 1761 731; x_wconf 90' lang='lat' dir='ltr'><strong>sicut</strong></span> <span class='ocrx_word' id='word_1_17' title='bbox 1779 661 1833 732; x_wconf 90' lang='lat' dir='ltr'><strong>di·</strong></span> 
     </span>
     <span class='ocr_line' id='line_1_3' title="bbox 244 773 1833 875; baseline 0.001 -25"><span class='ocrx_word' id='word_1_18' title='bbox 244 778 351 850; x_wconf 80' lang='lat' dir='ltr'><strong>ritem</strong></span> <span class='ocrx_word' id='word_1_19' title='bbox 368 774 580 846; x_wconf 81' lang='lat' dir='ltr'><strong>damnatum</strong></span> <span class='ocrx_word' id='word_1_20' title='bbox 597 774 763 846; x_wconf 78' lang='lat' dir='ltr'><strong>diabotus</strong></span> <span class='ocrx_word' id='word_1_21' title='bbox 778 774 973 866; x_wconf 84' lang='lat' dir='ltr'><strong>cruciabat,</strong></span> <span class='ocrx_word' id='word_1_22' title='bbox 994 773 1076 846; x_wconf 91' lang='lat' dir='ltr'><strong>licet</strong></span> <span class='ocrx_word' id='word_1_23' title='bbox 1091 776 1211 845; x_wconf 91' lang='lat' dir='ltr'><strong>minus</strong></span> <span class='ocrx_word' id='word_1_24' title='bbox 1226 799 1309 846; x_wconf 89' lang='lat' dir='ltr'><strong>eum</strong></span> <span class='ocrx_word' id='word_1_25' title='bbox 1327 788 1523 872; x_wconf 88' lang='lat' dir='ltr'><strong>torqueret,</strong></span> <span class='ocrx_word' id='word_1_26' title='bbox 1543 791 1604 847; x_wconf 94' lang='lat' dir='ltr'><strong>aut</strong></span> <span class='ocrx_word' id='word_1_27' title='bbox 1617 790 1653 847; x_wconf 91' lang='lat' dir='ltr'><strong>et</strong></span> <span class='ocrx_word' id='word_1_28' title='bbox 1669 778 1704 847; x_wconf 95' lang='lat' dir='ltr'><strong>in</strong></span> <span class='ocrx_word' id='word_1_29' title='bbox 1717 778 1833 875; x_wconf 88' lang='lat' dir='ltr'><strong>ipsum</strong></span> 
     </span>
     <span class='ocr_line' id='line_1_4' title="bbox 245 891 1955 989; baseline 0.001 -22"><span class='ocrx_word' id='word_1_30' title='bbox 245 894 423 967; x_wconf 80' lang='lat' dir='ltr'><strong>Abraham</strong></span> <span class='ocrx_word' id='word_1_31' title='bbox 440 893 643 966; x_wconf 89' lang='lat' dir='ltr'><strong>dominium</strong></span> <span class='ocrx_word' id='word_1_32' title='bbox 659 891 828 981; x_wconf 85' lang='lat' dir='ltr'><strong>habebat,</strong></span> <span class='ocrx_word' id='word_1_33' title='bbox 847 907 1066 989; x_wconf 70' lang='lat' dir='ltr'><strong>ceterosque</strong></span> <span class='ocrx_word' id='word_1_34' title='bbox 1082 892 1236 964; x_wconf 81' lang='lat' dir='ltr'><strong>eiectos?</strong></span> <span class='ocrx_word' id='word_1_35' title='bbox 1254 893 1410 982; x_wconf 87' lang='lat' dir='ltr'><strong>Quando</strong></span> <span class='ocrx_word' id='word_1_36' title='bbox 1429 896 1466 965; x_wconf 93' lang='lat' dir='ltr'><strong>in</strong></span> <span class='ocrx_word' id='word_1_37' title='bbox 1485 918 1569 965; x_wconf 90' lang='lat' dir='ltr'><strong>euru</strong></span> <span class='ocrx_word' id='word_1_38' title='bbox 1586 893 1762 989; x_wconf 90' lang='lat' dir='ltr'><strong>malignus</strong></span> <span class='ocrx_word' id='word_1_39' title='bbox 1775 898 1834 968; x_wconf 87' lang='lat' dir='ltr'><strong>iile</strong></span> <span class='ocrx_word' id='word_1_40' title='bbox 1953 945 1955 950; x_wconf 82' lang='lat'><em>.</em></span> 
     </span>
     <span class='ocr_line' id='line_1_5' title="bbox 244 1011 1835 1110; baseline -0.001 -23"><span class='ocrx_word' id='word_1_41' title='bbox 244 1028 359 1087; x_wconf 89' lang='lat' dir='ltr'><strong>tortor</strong></span> <span class='ocrx_word' id='word_1_42' title='bbox 375 1012 579 1084; x_wconf 88' lang='lat' dir='ltr'><strong>dominium</strong></span> <span class='ocrx_word' id='word_1_43' title='bbox 594 1011 756 1105; x_wconf 89' lang='lat' dir='ltr'><strong>haberet,</strong></span> <span class='ocrx_word' id='word_1_44' title='bbox 774 1014 838 1110; x_wconf 93' lang='lat' dir='ltr'><strong>qui</strong></span> <span class='ocrx_word' id='word_1_45' title='bbox 853 1027 1015 1110; x_wconf 87' lang='lat' dir='ltr'><strong>portatus</strong></span> <span class='ocrx_word' id='word_1_46' title='bbox 1036 1011 1082 1084; x_wconf 93' lang='lat' dir='ltr'><strong>ab</strong></span> <span class='ocrx_word' id='word_1_47' title='bbox 1098 1011 1231 1110; x_wconf 88' lang='lat' dir='ltr'><strong>angelis</strong></span> <span class='ocrx_word' id='word_1_48' title='bbox 1247 1014 1284 1084; x_wconf 91' lang='lat' dir='ltr'><strong>in</strong></span> <span class='ocrx_word' id='word_1_49' title='bbox 1300 1014 1421 1084; x_wconf 91' lang='lat' dir='ltr'><strong>sinum</strong></span> <span class='ocrx_word' id='word_1_50' title='bbox 1439 1012 1587 1084; x_wconf 80' lang='lat' dir='ltr'><strong>Abrahae</strong></span> <span class='ocrx_word' id='word_1_51' title='bbox 1606 1038 1835 1086; x_wconf 91' lang='lat' dir='ltr'><strong>commemo-</strong></span> 
     </span>
     <span class='ocr_line' id='line_1_6' title="bbox 244 1129 1835 1230; baseline -0.001 -26"><span class='ocrx_word' id='word_1_52' title='bbox 244 1147 354 1225; x_wconf 83' lang='lat' dir='ltr'><strong>ratur,</strong></span> <span class='ocrx_word' id='word_1_53' title='bbox 373 1131 507 1227; x_wconf 91' lang='lat' dir='ltr'><strong>dequo</strong></span> <span class='ocrx_word' id='word_1_54' title='bbox 523 1131 630 1202; x_wconf 91' lang='lat' dir='ltr'><strong>etiam</strong></span> <span class='ocrx_word' id='word_1_55' title='bbox 648 1131 724 1230; x_wconf 90' lang='lat' dir='ltr'><strong>ipse</strong></span> <span class='ocrx_word' id='word_1_56' title='bbox 741 1129 921 1203; x_wconf 78' lang='lat' dir='ltr'><strong>Abraham</strong></span> <span class='ocrx_word' id='word_1_57' title='bbox 945 1145 1092 1204; x_wconf 86' lang='lat' dir='ltr'><strong>testatur</strong></span> <span class='ocrx_word' id='word_1_58' title='bbox 1107 1130 1276 1202; x_wconf 87' lang='lat' dir='ltr'><strong>dicens¹:</strong></span> <span class='ocrx_word' id='word_1_59' title='bbox 1303 1161 1321 1199; x_wconf 80' lang='lat' dir='ltr'><strong>u</strong></span> <span class='ocrx_word' id='word_1_60' title='bbox 1341 1136 1444 1203; x_wconf 90' lang='lat' dir='ltr'><strong>Nunc</strong></span> <span class='ocrx_word' id='word_1_61' title='bbox 1469 1146 1590 1204; x_wconf 90' lang='lat' dir='ltr'><strong>autem</strong></span> <span class='ocrx_word' id='word_1_62' title='bbox 1615 1131 1675 1203; x_wconf 91' lang='lat' dir='ltr'><strong>hic</strong></span> <span class='ocrx_word' id='word_1_63' title='bbox 1705 1157 1835 1204; x_wconf 91' lang='lat' dir='ltr'><strong>conso·</strong></span> 
     </span>
     <span class='ocr_line' id='line_1_7' title="bbox 242 1249 1837 1348; baseline -0.001 -24"><span class='ocrx_word' id='word_1_64' title='bbox 242 1252 348 1339; x_wconf 85' lang='lat' dir='ltr'><strong>latur,</strong></span> <span class='ocrx_word' id='word_1_65' title='bbox 366 1266 404 1322; x_wconf 94' lang='lat' dir='ltr'><strong>tu</strong></span> <span class='ocrx_word' id='word_1_66' title='bbox 420 1273 506 1321; x_wconf 77' lang='lat' dir='ltr'><strong>vero</strong></span> <span class='ocrx_word' id='word_1_67' title='bbox 525 1249 719 1322; x_wconf 78' lang='lat' dir='ltr'><strong>cruciaris?</strong></span> <span class='ocrx_word' id='word_1_68' title='bbox 736 1279 754 1316; x_wconf 71' lang='lat' dir='ltr'><strong>s</strong></span> <span class='ocrx_word' id='word_1_69' title='bbox 775 1254 819 1322; x_wconf 89' lang='lat' dir='ltr'><strong>Et</strong></span> <span class='ocrx_word' id='word_1_70' title='bbox 836 1251 982 1348; x_wconf 91' lang='lat' dir='ltr'><strong>insuper</strong></span> <span class='ocrx_word' id='word_1_71' title='bbox 997 1250 1107 1322; x_wconf 89' lang='lat' dir='ltr'><strong>chaos</strong></span> <span class='ocrx_word' id='word_1_72' title='bbox 1121 1274 1291 1346; x_wconf 88' lang='lat' dir='ltr'><strong>magnum</strong></span> <span class='ocrx_word' id='word_1_73' title='bbox 1311 1251 1492 1323; x_wconf 81' lang='lat' dir='ltr'><strong>firmatum</strong></span> <span class='ocrx_word' id='word_1_74' title='bbox 1509 1276 1584 1324; x_wconf 88' lang='lat' dir='ltr'><strong>esse</strong></span> <span class='ocrx_word' id='word_1_75' title='bbox 1604 1253 1727 1324; x_wconf 89' lang='lat' dir='ltr'><strong>asserit</strong></span> <span class='ocrx_word' id='word_1_76' title='bbox 1744 1253 1837 1326; x_wconf 88' lang='lat' dir='ltr'><strong>inter</strong></span> 
     </span>
     <span class='ocr_line' id='line_1_8' title="bbox 243 1367 1837 1470; baseline 0.001 -28"><span class='ocrx_word' id='word_1_77' title='bbox 243 1371 375 1442; x_wconf 89' lang='lat' dir='ltr'><strong>electos</strong></span> <span class='ocrx_word' id='word_1_78' title='bbox 393 1383 430 1441; x_wconf 91' lang='lat' dir='ltr'><strong>et</strong></span> <span class='ocrx_word' id='word_1_79' title='bbox 446 1367 640 1467; x_wconf 89' lang='lat' dir='ltr'><strong>reprobos,</strong></span> <span class='ocrx_word' id='word_1_80' title='bbox 659 1382 697 1439; x_wconf 94' lang='lat' dir='ltr'><strong>ut</strong></span> <span class='ocrx_word' id='word_1_81' title='bbox 713 1393 940 1467; x_wconf 80' lang='lat' dir='ltr'><strong>nequaquam</strong></span> <span class='ocrx_word' id='word_1_82' title='bbox 962 1368 1002 1440; x_wconf 92' lang='lat' dir='ltr'><strong>hi</strong></span> <span class='ocrx_word' id='word_1_83' title='bbox 1019 1368 1066 1441; x_wconf 90' lang='lat' dir='ltr'><strong>ad</strong></span> <span class='ocrx_word' id='word_1_84' title='bbox 1082 1369 1163 1441; x_wconf 90' lang='lat' dir='ltr'><strong>illos</strong></span> <span class='ocrx_word' id='word_1_85' title='bbox 1178 1370 1326 1441; x_wconf 90' lang='lat' dir='ltr'><strong>transire</strong></span> <span class='ocrx_word' id='word_1_86' title='bbox 1344 1371 1495 1470; x_wconf 86' lang='lat' dir='ltr'>possint,</span> <span class='ocrx_word' id='word_1_87' title='bbox 1515 1371 1650 1442; x_wconf 87' lang='lat' dir='ltr'><strong>nedum</strong></span> <span class='ocrx_word' id='word_1_88' title='bbox 1670 1370 1837 1443; x_wconf 90' lang='lat' dir='ltr'><strong>diabolus</strong></span> 
     </span>
     <span class='ocr_line' id='line_1_9' title="bbox 244 1485 1836 1585; baseline 0.001 -25"><span class='ocrx_word' id='word_1_89' title='bbox 244 1488 413 1560; x_wconf 89' lang='lat' dir='ltr'><strong>omnibus</strong></span> <span class='ocrx_word' id='word_1_90' title='bbox 432 1487 587 1584; x_wconf 87' lang='lat' dir='ltr'><strong>nequior</strong></span> <span class='ocrx_word' id='word_1_91' title='bbox 604 1485 654 1558; x_wconf 92' lang='lat' dir='ltr'><strong>ibi</strong></span> <span class='ocrx_word' id='word_1_92' title='bbox 671 1486 874 1560; x_wconf 90' lang='lat' dir='ltr'><strong>dominium</strong></span> <span class='ocrx_word' id='word_1_93' title='bbox 897 1487 1040 1580; x_wconf 89' lang='lat' dir='ltr'><strong>habeat,</strong></span> <span class='ocrx_word' id='word_1_94' title='bbox 1060 1487 1123 1560; x_wconf 93' lang='lat' dir='ltr'><strong>ubi</strong></span> <span class='ocrx_word' id='word_1_95' title='bbox 1140 1486 1259 1560; x_wconf 83' lang='lat' dir='ltr'><strong>nulius</strong></span> <span class='ocrx_word' id='word_1_96' title='bbox 1280 1489 1426 1585; x_wconf 82' lang='lat' dir='ltr'><strong>iniquus</strong></span> <span class='ocrx_word' id='word_1_97' title='bbox 1442 1488 1564 1560; x_wconf 84' lang='lat' dir='ltr'><strong>locum</strong></span> <span class='ocrx_word' id='word_1_98' title='bbox 1583 1489 1690 1561; x_wconf 88' lang='lat' dir='ltr'><strong>velet</strong></span> <span class='ocrx_word' id='word_1_99' title='bbox 1710 1492 1836 1563; x_wconf 89' lang='lat' dir='ltr'><strong>transi·</strong></span> 
     </span>
     <span class='ocr_line' id='line_1_10' title="bbox 244 1604 1836 1705; baseline 0.001 -27"><span class='ocrx_word' id='word_1_100' title='bbox 244 1620 320 1678; x_wconf 87' lang='lat' dir='ltr'><strong>tum</strong></span> <span class='ocrx_word' id='word_1_101' title='bbox 332 1604 455 1678; x_wconf 83' lang='lat' dir='ltr'><strong>hebet.</strong></span> <span class='ocrx_word' id='word_1_102' title='bbox 473 1606 582 1694; x_wconf 89' lang='lat' dir='ltr'><strong>Quod</strong></span> <span class='ocrx_word' id='word_1_103' title='bbox 588 1608 701 1698; x_wconf 90' lang='lat' dir='ltr'><strong>etiam</strong></span> <span class='ocrx_word' id='word_1_104' title='bbox 712 1607 818 1702; x_wconf 76' lang='lat' dir='ltr'><strong>jus-iu</strong></span> <span class='ocrx_word' id='word_1_105' title='bbox 837 1605 1057 1705; x_wconf 90' lang='lat' dir='ltr'><strong>possidendo</strong></span> <span class='ocrx_word' id='word_1_106' title='bbox 1071 1606 1258 1678; x_wconf 87' lang='lat' dir='ltr'><strong>hominem</strong></span> <span class='ocrx_word' id='word_1_107' title='bbox 1272 1606 1438 1678; x_wconf 91' lang='lat' dir='ltr'><strong>diabolus</strong></span> <span class='ocrx_word' id='word_1_108' title='bbox 1452 1606 1584 1679; x_wconf 89' lang='lat' dir='ltr'><strong>habere</strong></span> <span class='ocrx_word' id='word_1_109' title='bbox 1598 1621 1750 1705; x_wconf 89' lang='lat' dir='ltr'><strong>poterat,</strong></span> <span class='ocrx_word' id='word_1_110' title='bbox 1768 1609 1836 1679; x_wconf 89' lang='lat' dir='ltr'><strong>nisi</strong></span> 
     </span>
     <span class='ocr_line' id='line_1_11' title="bbox 245 1724 1836 1824; baseline 0.003 -30"><span class='ocrx_word' id='word_1_111' title='bbox 245 1724 334 1797; x_wconf 84' lang='lat' dir='ltr'><strong>forte</strong></span> <span class='ocrx_word' id='word_1_112' title='bbox 352 1726 438 1821; x_wconf 86' lang='lat' dir='ltr'><strong>quia</strong></span> <span class='ocrx_word' id='word_1_113' title='bbox 454 1748 557 1816; x_wconf 89' lang='lat' dir='ltr'><strong>eum,</strong></span> <span class='ocrx_word' id='word_1_114' title='bbox 574 1726 731 1797; x_wconf 92' lang='lat' dir='ltr'><strong>Domino</strong></span> <span class='ocrx_word' id='word_1_115' title='bbox 752 1725 978 1824; x_wconf 78' lang='lat' dir='ltr'><strong>permittente</strong></span> <span class='ocrx_word' id='word_1_116' title='bbox 995 1727 1179 1798; x_wconf 89' lang='lat' dir='ltr'><strong>autetiam</strong></span> <span class='ocrx_word' id='word_1_117' title='bbox 1200 1724 1374 1818; x_wconf 83' lang='lat' dir='ltr'><strong>tradente,</strong></span> <span class='ocrx_word' id='word_1_118' title='bbox 1391 1724 1438 1799; x_wconf 91' lang='lat' dir='ltr'><strong>ad</strong></span> <span class='ocrx_word' id='word_1_119' title='bbox 1457 1725 1699 1823; x_wconf 88' lang='lat' dir='ltr'><strong>torquendum</strong></span> <span class='ocrx_word' id='word_1_120' title='bbox 1719 1727 1836 1824; x_wconf 87' lang='lat' dir='ltr'><strong>ipsum</strong></span> 
     </span>
     <span class='ocr_line' id='line_1_12' title="bbox 245 1843 1837 1942; baseline 0.003 -28"><span class='ocrx_word' id='word_1_121' title='bbox 245 1845 471 1941; x_wconf 79' lang='lat' dir='ltr'><strong>susceperat?</strong></span> <span class='ocrx_word' id='word_1_122' title='bbox 488 1844 671 1940; x_wconf 88' lang='lat' dir='ltr'><strong>Numquid</strong></span> <span class='ocrx_word' id='word_1_123' title='bbox 686 1844 783 1916; x_wconf 89' lang='lat' dir='ltr'><strong>enim</strong></span> <span class='ocrx_word' id='word_1_124' title='bbox 799 1845 829 1916; x_wconf 88' lang='lat' dir='ltr'><strong>si</strong></span> <span class='ocrx_word' id='word_1_125' title='bbox 844 1843 971 1942; x_wconf 81' lang='lat' dir='ltr'><strong>uliquis</strong></span> <span class='ocrx_word' id='word_1_126' title='bbox 996 1868 1119 1917; x_wconf 85' lang='lat' dir='ltr'><strong>servus</strong></span> <span class='ocrx_word' id='word_1_127' title='bbox 1134 1844 1332 1916; x_wconf 89' lang='lat' dir='ltr'><strong>Dominum</strong></span> <span class='ocrx_word' id='word_1_128' title='bbox 1353 1866 1458 1916; x_wconf 88' lang='lat' dir='ltr'><strong>suum</strong></span> <span class='ocrx_word' id='word_1_129' title='bbox 1483 1845 1647 1917; x_wconf 84' lang='lat' dir='ltr'><strong>deserere</strong></span> <span class='ocrx_word' id='word_1_130' title='bbox 1662 1845 1781 1934; x_wconf 79' lang='lat' dir='ltr'><strong>veliet,</strong></span> <span class='ocrx_word' id='word_1_131' title='bbox 1802 1861 1837 1918; x_wconf 89' lang='lat' dir='ltr'><strong>et</strong></span> 
     </span>
     <span class='ocr_line' id='line_1_13' title="bbox 245 1962 1838 2060; baseline 0.002 -25"><span class='ocrx_word' id='word_1_132' title='bbox 245 1962 387 2035; x_wconf 84' lang='lat' dir='ltr'><strong>alterius</strong></span> <span class='ocrx_word' id='word_1_133' title='bbox 402 1962 568 2060; x_wconf 88' lang='lat' dir='ltr'><strong>potestati</strong></span> <span class='ocrx_word' id='word_1_134' title='bbox 584 1987 622 2035; x_wconf 89' lang='lat' dir='ltr'><strong>se</strong></span> <span class='ocrx_word' id='word_1_135' title='bbox 642 1962 811 2052; x_wconf 87' lang='lat' dir='ltr'><strong>subdere,</strong></span> <span class='ocrx_word' id='word_1_136' title='bbox 831 1977 867 2034; x_wconf 94' lang='lat' dir='ltr'><strong>et</strong></span> <span class='ocrx_word' id='word_1_137' title='bbox 886 1964 938 2035; x_wconf 87' lang='lat' dir='ltr'><strong>sic</strong></span> <span class='ocrx_word' id='word_1_138' title='bbox 955 1987 1058 2060; x_wconf 86' lang='lat' dir='ltr'><strong>agere</strong></span> <span class='ocrx_word' id='word_1_139' title='bbox 1075 1963 1207 2053; x_wconf 90' lang='lat' dir='ltr'><strong>liceret,</strong></span> <span class='ocrx_word' id='word_1_140' title='bbox 1229 1976 1267 2034; x_wconf 90' lang='lat' dir='ltr'><strong>ut</strong></span> <span class='ocrx_word' id='word_1_141' title='bbox 1283 1985 1357 2034; x_wconf 92' lang='lat' dir='ltr'><strong>non</strong></span> <span class='ocrx_word' id='word_1_142' title='bbox 1371 1965 1465 2060; x_wconf 86' lang='lat' dir='ltr'><strong>jure,</strong></span> <span class='ocrx_word' id='word_1_143' title='bbox 1484 1965 1512 2035; x_wconf 89' lang='lat' dir='ltr'><strong>si</strong></span> <span class='ocrx_word' id='word_1_144' title='bbox 1531 1963 1649 2056; x_wconf 83' lang='lat' dir='ltr'><strong>vellet,</strong></span> <span class='ocrx_word' id='word_1_145' title='bbox 1668 1989 1752 2035; x_wconf 91' lang='lat' dir='ltr'><strong>eum</strong></span> <span class='ocrx_word' id='word_1_146' title='bbox 1769 1969 1838 2038; x_wconf 94' lang='lat' dir='ltr'><strong>Do·</strong></span> 
     </span>
     <span class='ocr_line' id='line_1_14' title="bbox 245 2065 1836 2179; baseline 0.001 -27"><span class='ocrx_word' id='word_1_147' title='bbox 245 2082 364 2153; x_wconf 89' lang='lat' dir='ltr'><strong>minus</strong></span> <span class='ocrx_word' id='word_1_148' title='bbox 376 2081 584 2177; x_wconf 86' lang='lat' dir='ltr'><strong>requireret,</strong></span> <span class='ocrx_word' id='word_1_149' title='bbox 603 2094 711 2177; x_wconf 90' lang='lat' dir='ltr'><strong>atque</strong></span> <span class='ocrx_word' id='word_1_150' title='bbox 726 2081 941 2153; x_wconf 81' lang='lat' dir='ltr'><strong>reduceret?</strong></span> <span class='ocrx_word' id='word_1_151' title='bbox 965 2083 1054 2170; x_wconf 90' lang='lat' dir='ltr'><strong>Quis</strong></span> <span class='ocrx_word' id='word_1_152' title='bbox 1069 2082 1178 2153; x_wconf 88' lang='lat' dir='ltr'><strong>etiam</strong></span> <span class='ocrx_word' id='word_1_153' title='bbox 1196 2080 1338 2153; x_wconf 89' lang='lat' dir='ltr'><strong>dubitet</strong></span> <span class='ocrx_word' id='word_1_154' title='bbox 1363 2082 1463 2178; x_wconf 90' lang='lat' dir='ltr'><strong>quod</strong></span> <span class='ocrx_word' id='word_1_155' title='bbox 1488 2084 1518 2154; x_wconf 90' lang='lat' dir='ltr'><strong>si</strong></span> <span class='ocrx_word' id='word_1_156' title='bbox 1543 2108 1666 2155; x_wconf 90' lang='lat' dir='ltr'><strong>servus</strong></span> <span class='ocrx_word' id='word_1_157' title='bbox 1689 2065 1836 2179; x_wconf 86' lang='lat' dir='ltr'><strong>alicujus</strong></span> 
     </span>
     <span class='ocr_line' id='line_1_15' title="bbox 248 2199 1833 2300; baseline 0 -28"><span class='ocrx_word' id='word_1_158' title='bbox 248 2200 386 2284; x_wconf 86' lang='lat' dir='ltr'><strong>domini</strong></span> <span class='ocrx_word' id='word_1_159' title='bbox 405 2199 694 2298; x_wconf 86' lang='lat' dir='ltr'><strong>persuasionibus</strong></span> <span class='ocrx_word' id='word_1_160' title='bbox 707 2201 780 2272; x_wconf 90' lang='lat' dir='ltr'><strong>suis</strong></span> <span class='ocrx_word' id='word_1_161' title='bbox 795 2223 1009 2272; x_wconf 86' lang='lat' dir='ltr'><strong>conservum</strong></span> <span class='ocrx_word' id='word_1_162' title='bbox 1027 2226 1134 2272; x_wconf 89' lang='lat' dir='ltr'><strong>suum</strong></span> <span class='ocrx_word' id='word_1_163' title='bbox 1158 2200 1317 2293; x_wconf 89' lang='lat' dir='ltr'><strong>seducat,</strong></span> <span class='ocrx_word' id='word_1_164' title='bbox 1350 2216 1385 2272; x_wconf 93' lang='lat' dir='ltr'><strong>et</strong></span> <span class='ocrx_word' id='word_1_165' title='bbox 1408 2202 1455 2272; x_wconf 87' lang='lat' dir='ltr'><strong>ab</strong></span> <span class='ocrx_word' id='word_1_166' title='bbox 1475 2201 1681 2273; x_wconf 91' lang='lat' dir='ltr'><strong>obedientia</strong></span> <span class='ocrx_word' id='word_1_167' title='bbox 1698 2203 1833 2300; x_wconf 88' lang='lat' dir='ltr'><strong>proprii</strong></span> 
     </span>
     <span class='ocr_line' id='line_1_16' title="bbox 251 2317 1836 2418; baseline 0.001 -30"><span class='ocrx_word' id='word_1_168' title='bbox 251 2317 391 2390; x_wconf 91' lang='lat' dir='ltr'><strong>domini</strong></span> <span class='ocrx_word' id='word_1_169' title='bbox 402 2317 577 2390; x_wconf 80' lang='lat' dir='ltr'><strong>declinere</strong></span> <span class='ocrx_word' id='word_1_170' title='bbox 595 2317 722 2409; x_wconf 86' lang='lat' dir='ltr'><strong>faciat;</strong></span> <span class='ocrx_word' id='word_1_171' title='bbox 744 2332 879 2415; x_wconf 91' lang='lat' dir='ltr'><strong>quanto</strong></span> <span class='ocrx_word' id='word_1_172' title='bbox 898 2320 1051 2418; x_wconf 88' lang='lat' dir='ltr'><strong>amplius</strong></span> <span class='ocrx_word' id='word_1_173' title='bbox 1071 2318 1169 2417; x_wconf 88' lang='lat' dir='ltr'><strong>apud</strong></span> <span class='ocrx_word' id='word_1_174' title='bbox 1185 2317 1376 2391; x_wconf 91' lang='lat' dir='ltr'><strong>dominum</strong></span> <span class='ocrx_word' id='word_1_175' title='bbox 1387 2342 1493 2394; x_wconf 88' lang='lat' dir='ltr'><strong>suum</strong></span> <span class='ocrx_word' id='word_1_176' title='bbox 1508 2344 1589 2391; x_wconf 90' lang='lat' dir='ltr'><strong>reus</strong></span> <span class='ocrx_word' id='word_1_177' title='bbox 1599 2320 1836 2390; x_wconf 90' lang='lat' dir='ltr'><strong>constituatur</strong></span> 
     </span>
     <span class='ocr_line' id='line_1_17' title="bbox 250 2436 1835 2534; baseline -0.003 -22"><span class='ocrx_word' id='word_1_178' title='bbox 250 2436 416 2512; x_wconf 81' lang='lat' dir='ltr'><strong>seductor</strong></span> <span class='ocrx_word' id='word_1_179' title='bbox 430 2460 538 2534; x_wconf 86' lang='lat' dir='ltr'><strong>quam</strong></span> <span class='ocrx_word' id='word_1_180' title='bbox 553 2436 734 2531; x_wconf 88' lang='lat' dir='ltr'><strong>seductus,</strong></span> <span class='ocrx_word' id='word_1_181' title='bbox 748 2452 910 2534; x_wconf 89' lang='lat' dir='ltr'><strong>etquam</strong></span> <span class='ocrx_word' id='word_1_182' title='bbox 926 2438 1098 2534; x_wconf 89' lang='lat' dir='ltr'><strong>injustum</strong></span> <span class='ocrx_word' id='word_1_183' title='bbox 1115 2438 1173 2528; x_wconf 92' lang='lat' dir='ltr'><strong>sit,</strong></span> <span class='ocrx_word' id='word_1_184' title='bbox 1193 2452 1234 2509; x_wconf 92' lang='lat' dir='ltr'><strong>ut</strong></span> <span class='ocrx_word' id='word_1_185' title='bbox 1245 2438 1274 2509; x_wconf 92' lang='lat' dir='ltr'><strong>is</strong></span> <span class='ocrx_word' id='word_1_186' title='bbox 1289 2439 1352 2534; x_wconf 92' lang='lat' dir='ltr'><strong>qui</strong></span> <span class='ocrx_word' id='word_1_187' title='bbox 1362 2438 1472 2510; x_wconf 84' lang='lat' dir='ltr'><strong>aliurn</strong></span> <span class='ocrx_word' id='word_1_188' title='bbox 1484 2437 1677 2527; x_wconf 83' lang='lat' dir='ltr'><strong>seduxerit,</strong></span> <span class='ocrx_word' id='word_1_189' title='bbox 1690 2437 1835 2534; x_wconf 90' lang='lat' dir='ltr'><strong>aliquod</strong></span> 
     </span>
     <span class='ocr_line' id='line_1_18' title="bbox 249 2555 1833 2655; baseline 0.002 -31"><span class='ocrx_word' id='word_1_190' title='bbox 249 2555 334 2627; x_wconf 90' lang='lat' dir='ltr'><strong>inde</strong></span> <span class='ocrx_word' id='word_1_191' title='bbox 358 2556 580 2654; x_wconf 88' lang='lat' dir='ltr'><strong>privilegium</strong></span> <span class='ocrx_word' id='word_1_192' title='bbox 602 2556 658 2627; x_wconf 77' lang='lat' dir='ltr'><strong>vel</strong></span> <span class='ocrx_word' id='word_1_193' title='bbox 688 2570 900 2655; x_wconf 89' lang='lat' dir='ltr'><strong>potestatem</strong></span> <span class='ocrx_word' id='word_1_194' title='bbox 921 2557 958 2627; x_wconf 93' lang='lat' dir='ltr'><strong>in</strong></span> <span class='ocrx_word' id='word_1_195' title='bbox 982 2580 1065 2628; x_wconf 91' lang='lat' dir='ltr'><strong>eum</strong></span> <span class='ocrx_word' id='word_1_196' title='bbox 1092 2580 1203 2653; x_wconf 90' lang='lat' dir='ltr'><strong>quem</strong></span> <span class='ocrx_word' id='word_1_197' title='bbox 1228 2556 1368 2628; x_wconf 82' lang='lat' dir='ltr'><strong>seduxit</strong></span> <span class='ocrx_word' id='word_1_198' title='bbox 1385 2556 1519 2628; x_wconf 88' lang='lat' dir='ltr'><strong>habere</strong></span> <span class='ocrx_word' id='word_1_199' title='bbox 1547 2557 1730 2644; x_wconf 89' lang='lat' dir='ltr'><strong>meruerit,</strong></span> <span class='ocrx_word' id='word_1_200' title='bbox 1757 2558 1833 2653; x_wconf 91' lang='lat' dir='ltr'><strong>qui,</strong></span> 
     </span>
     <span class='ocr_line' id='line_1_19' title="bbox 248 2674 1838 2773; baseline 0 -27"><span class='ocrx_word' id='word_1_201' title='bbox 248 2674 387 2746; x_wconf 88' lang='lat' dir='ltr'><strong>etiamsi</strong></span> <span class='ocrx_word' id='word_1_202' title='bbox 415 2675 513 2773; x_wconf 88' lang='lat' dir='ltr'><strong>prius</strong></span> <span class='ocrx_word' id='word_1_203' title='bbox 541 2676 578 2746; x_wconf 95' lang='lat' dir='ltr'><strong>in</strong></span> <span class='ocrx_word' id='word_1_204' title='bbox 607 2700 692 2747; x_wconf 90' lang='lat' dir='ltr'><strong>eum</strong></span> <span class='ocrx_word' id='word_1_205' title='bbox 715 2675 775 2771; x_wconf 84' lang='lat' dir='ltr'><strong>jus</strong></span> <span class='ocrx_word' id='word_1_206' title='bbox 800 2674 968 2768; x_wconf 83' lang='lat' dir='ltr'><strong>haberet,</strong></span> <span class='ocrx_word' id='word_1_207' title='bbox 996 2699 1040 2747; x_wconf 78' lang='lat' dir='ltr'><strong>ex</strong></span> <span class='ocrx_word' id='word_1_208' title='bbox 1065 2674 1135 2746; x_wconf 81' lang='lat' dir='ltr'><strong>hac</strong></span> <span class='ocrx_word' id='word_1_209' title='bbox 1162 2675 1240 2772; x_wconf 84' lang='lat' dir='ltr'><strong>ipsa</strong></span> <span class='ocrx_word' id='word_1_210' title='bbox 1263 2675 1482 2746; x_wconf 86' lang='lat' dir='ltr'><strong>seductionis</strong></span> <span class='ocrx_word' id='word_1_211' title='bbox 1506 2700 1578 2747; x_wconf 85' lang='lat' dir='ltr'><strong>suae</strong></span> <span class='ocrx_word' id='word_1_212' title='bbox 1601 2675 1759 2772; x_wconf 87' lang='lat' dir='ltr'><strong>nequitia</strong></span> <span class='ocrx_word' id='word_1_213' title='bbox 1781 2677 1838 2771; x_wconf 88' lang='lat' dir='ltr'><strong>jus</strong></span> 
     </span>
     <span class='ocr_line' id='line_1_20' title="bbox 249 2791 1835 2892; baseline 0.001 -28"><span class='ocrx_word' id='word_1_214' title='bbox 249 2792 336 2864; x_wconf 85' lang='lat' dir='ltr'><strong>iilud</strong></span> <span class='ocrx_word' id='word_1_215' title='bbox 354 2796 517 2866; x_wconf 89' lang='lat' dir='ltr'><strong>amittere</strong></span> <span class='ocrx_word' id='word_1_216' title='bbox 534 2793 920 2892; x_wconf 77' lang='lat' dir='ltr'><strong>merueritiscriptum</strong></span> <span class='ocrx_word' id='word_1_217' title='bbox 941 2793 1075 2891; x_wconf 90' lang='lat' dir='ltr'><strong>quippe</strong></span> <span class='ocrx_word' id='word_1_218' title='bbox 1094 2806 1171 2864; x_wconf 85' lang='lat' dir='ltr'><strong>est:</strong></span> <span class='ocrx_word' id='word_1_219' title='bbox 1201 2821 1219 2861; x_wconf 82' lang='lat' dir='ltr'><strong>u</strong></span> <span class='ocrx_word' id='word_1_220' title='bbox 1236 2792 1459 2888; x_wconf 86' lang='lat' dir='ltr'><strong>Privilegium</strong></span> <span class='ocrx_word' id='word_1_221' title='bbox 1479 2807 1637 2865; x_wconf 89' lang='lat' dir='ltr'><strong>meretur</strong></span> <span class='ocrx_word' id='word_1_222' title='bbox 1661 2791 1835 2885; x_wconf 89' lang='lat' dir='ltr'><strong>amittere,</strong></span> 
     </span>
     <span class='ocr_line' id='line_1_21' title="bbox 251 2910 1838 3012; baseline 0.001 -29"><span class='ocrx_word' id='word_1_223' title='bbox 251 2913 310 3008; x_wconf 94' lang='lat' dir='ltr'><strong>qui</strong></span> <span class='ocrx_word' id='word_1_224' title='bbox 327 2914 517 2985; x_wconf 87' lang='lat' dir='ltr'><strong>commissa</strong></span> <span class='ocrx_word' id='word_1_225' title='bbox 534 2912 601 2984; x_wconf 90' lang='lat' dir='ltr'><strong>sibi</strong></span> <span class='ocrx_word' id='word_1_226' title='bbox 618 2926 793 3012; x_wconf 86' lang='lat' dir='ltr'><strong>potestate</strong></span> <span class='ocrx_word' id='word_1_227' title='bbox 809 2912 979 2986; x_wconf 86' lang='lat' dir='ltr'><strong>abutitur.</strong></span> <span class='ocrx_word' id='word_1_228' title='bbox 1001 2940 1020 2979; x_wconf 81' lang='lat' dir='ltr'><strong>u</strong></span> <span class='ocrx_word' id='word_1_229' title='bbox 1047 2910 1156 3000; x_wconf 83' lang='lat' dir='ltr'><strong>Quod</strong></span> <span class='ocrx_word' id='word_1_230' title='bbox 1175 2910 1263 2986; x_wconf 85' lang='lat' dir='ltr'><strong>aiter</strong></span> <span class='ocrx_word' id='word_1_231' title='bbox 1285 2910 1385 2984; x_wconf 78' lang='lat' dir='ltr'><strong>alteri</strong></span> <span class='ocrx_word' id='word_1_232' title='bbox 1408 2936 1450 2984; x_wconf 82' lang='lat' dir='ltr'><strong>ex</strong></span> <span class='ocrx_word' id='word_1_233' title='bbox 1476 2911 1532 2983; x_wconf 92' lang='lat' dir='ltr'><strong>his</strong></span> <span class='ocrx_word' id='word_1_234' title='bbox 1550 2913 1730 2984; x_wconf 88' lang='lat' dir='ltr'><strong>conservis</strong></span> <span class='ocrx_word' id='word_1_235' title='bbox 1754 2937 1838 3010; x_wconf 86' lang='lat' dir='ltr'><strong>prae·</strong></span> 
     </span>
     <span class='ocr_line' id='line_1_22' title="bbox 250 3030 1837 3132; baseline 0 -30"><span class='ocrx_word' id='word_1_236' title='bbox 250 3030 439 3129; x_wconf 83' lang='lat' dir='ltr'><strong>pon‘endus</strong></span> <span class='ocrx_word' id='word_1_237' title='bbox 454 3047 562 3124; x_wconf 83' lang='lat' dir='ltr'><strong>esset,¹</strong></span> <span class='ocrx_word' id='word_1_238' title='bbox 573 3047 609 3104; x_wconf 93' lang='lat' dir='ltr'><strong>et</strong></span> <span class='ocrx_word' id='word_1_239' title='bbox 625 3045 836 3132; x_wconf 79' lang='lat' dir='ltr'><strong>potestatem</strong></span> <span class='ocrx_word' id='word_1_240' title='bbox 853 3032 890 3103; x_wconf 95' lang='lat' dir='ltr'><strong>in</strong></span> <span class='ocrx_word' id='word_1_241' title='bbox 907 3056 990 3104; x_wconf 91' lang='lat' dir='ltr'><strong>eum</strong></span> <span class='ocrx_word' id='word_1_242' title='bbox 1000 3045 1223 3129; x_wconf 89' lang='lat' dir='ltr'><strong>accepturus,</strong></span> <span class='ocrx_word' id='word_1_243' title='bbox 1242 3056 1469 3129; x_wconf 90' lang='lat' dir='ltr'><strong>nequaquam</strong></span> <span class='ocrx_word' id='word_1_244' title='bbox 1494 3044 1676 3130; x_wconf 90' lang='lat' dir='ltr'><strong>oporteret</strong></span> <span class='ocrx_word' id='word_1_245' title='bbox 1690 3032 1837 3128; x_wconf 83' lang='lat' dir='ltr'><strong>nequio-</strong></span> 
     </span>
     <span class='ocr_line' id='line_1_23' title="bbox 247 3148 1838 3251; baseline 0.001 -32"><span class='ocrx_word' id='word_1_246' title='bbox 247 3174 326 3222; x_wconf 87' lang='lat' dir='ltr'><strong>rem</strong></span> <span class='ocrx_word' id='word_1_247' title='bbox 344 3177 492 3250; x_wconf 83' lang='lat' dir='ltr'><strong>praeesse</strong></span> <span class='ocrx_word' id='word_1_248' title='bbox 508 3154 571 3251; x_wconf 92' lang='lat' dir='ltr'><strong>qui</strong></span> <span class='ocrx_word' id='word_1_249' title='bbox 583 3153 717 3224; x_wconf 90' lang='lat' dir='ltr'><strong>nullam</strong></span> <span class='ocrx_word' id='word_1_250' title='bbox 729 3151 871 3250; x_wconf 91' lang='lat' dir='ltr'><strong>penitus</strong></span> <span class='ocrx_word' id='word_1_251' title='bbox 886 3150 997 3223; x_wconf 85' lang='lat' dir='ltr'><strong>hahet</strong></span> <span class='ocrx_word' id='word_1_252' title='bbox 1013 3151 1186 3248; x_wconf 88' lang='lat' dir='ltr'><strong>privilegii</strong></span> <span class='ocrx_word' id='word_1_253' title='bbox 1196 3152 1372 3222; x_wconf 86' lang='lat' dir='ltr'><strong>rationem</strong></span> <span class='ocrx_word' id='word_1_254' title='bbox 1383 3177 1392 3222; x_wconf 78' lang='grc' dir='ltr'><em>τ</em></span> <span class='ocrx_word' id='word_1_255' title='bbox 1404 3148 1468 3222; x_wconf 90' lang='lat' dir='ltr'><strong>sed</strong></span> <span class='ocrx_word' id='word_1_256' title='bbox 1481 3151 1594 3245; x_wconf 88' lang='lat' dir='ltr'><strong>magis</strong></span> <span class='ocrx_word' id='word_1_257' title='bbox 1606 3151 1736 3221; x_wconf 75' lang='lat' dir='ltr'><strong>radoni</strong></span> <span class='ocrx_word' id='word_1_258' title='bbox 1753 3174 1838 3221; x_wconf 89' lang='lat' dir='ltr'><strong>con·</strong></span> 
     </span>
     <span class='ocr_line' id='line_1_24' title="bbox 5 3267 1837 3371; baseline -0.002 -30"><span class='ocrx_word' id='word_1_259' title='bbox 5 3362 6 3371; x_wconf 8' lang='grc' dir='ltr'>ἵ</span> <span class='ocrx_word' id='word_1_260' title='bbox 251 3283 458 3343; x_wconf 86' lang='lat' dir='ltr'><strong>sentaneum</strong></span> <span class='ocrx_word' id='word_1_261' title='bbox 474 3287 579 3365; x_wconf 90' lang='lat' dir='ltr'><strong>esset,</strong></span> <span class='ocrx_word' id='word_1_262' title='bbox 599 3286 639 3343; x_wconf 91' lang='lat' dir='ltr'><strong>ut</strong></span> <span class='ocrx_word' id='word_1_263' title='bbox 654 3272 683 3343; x_wconf 91' lang='lat' dir='ltr'><strong>is</strong></span> <span class='ocrx_word' id='word_1_264' title='bbox 699 3272 762 3368; x_wconf 93' lang='lat' dir='ltr'><strong>qui</strong></span> <span class='ocrx_word' id='word_1_265' title='bbox 776 3269 945 3342; x_wconf 91' lang='lat' dir='ltr'><strong>seductus</strong></span> <span class='ocrx_word' id='word_1_266' title='bbox 962 3285 1029 3360; x_wconf 92' lang='lat' dir='ltr'><strong>est,</strong></span> <span class='ocrx_word' id='word_1_267' title='bbox 1043 3270 1079 3341; x_wconf 91' lang='lat' dir='ltr'><strong>iu</strong></span> <span class='ocrx_word' id='word_1_268' title='bbox 1099 3294 1183 3341; x_wconf 89' lang='lat' dir='ltr'><strong>eum</strong></span> <span class='ocrx_word' id='word_1_269' title='bbox 1208 3270 1270 3365; x_wconf 91' lang='lat' dir='ltr'><strong>qui</strong></span> <span class='ocrx_word' id='word_1_270' title='bbox 1285 3267 1363 3347; x_wconf 69' lang='lat' dir='ltr'><strong>,sibi</strong></span> <span class='ocrx_word' id='word_1_271' title='bbox 1388 3267 1592 3340; x_wconf 89' lang='lat' dir='ltr'><strong>seducendo</strong></span> <span class='ocrx_word' id='word_1_272' title='bbox 1619 3269 1755 3357; x_wconf 90' lang='lat' dir='ltr'><strong>nocuit,</strong></span> <span class='ocrx_word' id='word_1_273' title='bbox 1784 3267 1837 3338; x_wconf 93' lang='lat' dir='ltr'><strong>di·</strong></span> 
     </span>
     <span class='ocr_line' id='line_1_25' title="bbox 0 3374 1837 3484; baseline -0.001 -25"><span class='ocrx_word' id='word_1_274' title='bbox 0 3410 3 3444; x_wconf 71' lang='lat'>³</span> <span class='ocrx_word' id='word_1_275' title='bbox 118 3442 124 3448; x_wconf 75' lang='lat'>.</span> <span class='ocrx_word' id='word_1_276' title='bbox 251 3374 469 3464; x_wconf 78' lang='lat' dir='ltr'><strong>strictionem</strong></span> <span class='ocrx_word' id='word_1_277' title='bbox 485 3407 665 3464; x_wconf 82' lang='lat' dir='ltr'><strong>exerceret</strong></span> <span class='ocrx_word' id='word_1_278' title='bbox 679 3390 856 3463; x_wconf 85' lang='lat' dir='ltr'><strong>vindictae.</strong></span> <span class='ocrx_word' id='word_1_279' title='bbox 877 3395 1047 3462; x_wconf 73' lang='lat' dir='ltr'><strong>Praetereo</strong></span> <span class='ocrx_word' id='word_1_280' title='bbox 1064 3388 1230 3462; x_wconf 87' lang='lat' dir='ltr'><strong>diabolus</strong></span> <span class='ocrx_word' id='word_1_281' title='bbox 1247 3388 1549 3459; x_wconf 84' lang='lat' dir='ltr'><strong>immortalitatem</strong></span> <span class='ocrx_word' id='word_1_282' title='bbox 1571 3411 1680 3484; x_wconf 83' lang='lat' dir='ltr'><strong>quarn</strong></span> <span class='ocrx_word' id='word_1_283' title='bbox 1697 3386 1837 3458; x_wconf 91' lang='lat' dir='ltr'><strong>homini</strong></span> 
     </span>
     <span class='ocr_line' id='line_1_26' title="bbox 249 3493 1838 3609; baseline 0 -32"><span class='ocrx_word' id='word_1_284' title='bbox 249 3531 295 3578; x_wconf 83' lang='lat' dir='ltr'><strong>ex</strong></span> <span class='ocrx_word' id='word_1_285' title='bbox 321 3512 594 3606; x_wconf 85' lang='lat' dir='ltr'><strong>transgressione</strong></span> <span class='ocrx_word' id='word_1_286' title='bbox 616 3511 793 3609; x_wconf 87' lang='lat' dir='ltr'><strong>promisit,</strong></span> <span class='ocrx_word' id='word_1_287' title='bbox 820 3509 906 3582; x_wconf 90' lang='lat' dir='ltr'><strong>dare</strong></span> <span class='ocrx_word' id='word_1_288' title='bbox 930 3534 1005 3581; x_wconf 93' lang='lat' dir='ltr'><strong>non</strong></span> <span class='ocrx_word' id='word_1_289' title='bbox 1031 3493 1169 3609; x_wconf 80' lang='lat' dir='ltr'><strong>potuit3</strong></span> <span class='ocrx_word' id='word_1_290' title='bbox 1187 3522 1227 3580; x_wconf 93' lang='lat' dir='ltr'><strong>ut</strong></span> <span class='ocrx_word' id='word_1_291' title='bbox 1255 3533 1318 3607; x_wconf 92' lang='lat' dir='ltr'><strong>per</strong></span> <span class='ocrx_word' id='word_1_292' title='bbox 1346 3508 1418 3580; x_wconf 92' lang='lat' dir='ltr'><strong>hoc</strong></span> <span class='ocrx_word' id='word_1_293' title='bbox 1431 3507 1511 3603; x_wconf 86' lang='lat' dir='ltr'><strong>jure</strong></span> <span class='ocrx_word' id='word_1_294' title='bbox 1535 3505 1656 3603; x_wconf 83' lang='lat' dir='ltr'><strong>aliquo</strong></span> <span class='ocrx_word' id='word_1_295' title='bbox 1685 3506 1838 3577; x_wconf 90' lang='lat' dir='ltr'><strong>retinere</strong></span> 
     </span>
     <span class='ocr_line' id='line_1_27' title="bbox 249 3626 1838 3727; baseline -0.001 -29"><span class='ocrx_word' id='word_1_296' title='bbox 249 3642 385 3723; x_wconf 88' lang='lat' dir='ltr'><strong>posset.</strong></span> <span class='ocrx_word' id='word_1_297' title='bbox 403 3629 464 3700; x_wconf 90' lang='lat' dir='ltr'><strong>His</strong></span> <span class='ocrx_word' id='word_1_298' title='bbox 480 3630 600 3727; x_wconf 84' lang='lat' dir='ltr'><strong>itnque</strong></span> <span class='ocrx_word' id='word_1_299' title='bbox 617 3628 817 3703; x_wconf 90' lang='lat' dir='ltr'><strong>rationibus</strong></span> <span class='ocrx_word' id='word_1_300' title='bbox 831 3630 1000 3702; x_wconf 85' lang='lat' dir='ltr'><strong>convinci</strong></span> <span class='ocrx_word' id='word_1_301' title='bbox 1011 3629 1153 3702; x_wconf 86' lang='lat' dir='ltr'><strong>videtur</strong></span> <span class='ocrx_word' id='word_1_302' title='bbox 1168 3628 1268 3725; x_wconf 92' lang='lat' dir='ltr'><strong>quod</strong></span> <span class='ocrx_word' id='word_1_303' title='bbox 1287 3626 1453 3699; x_wconf 88' lang='lat' dir='ltr'><strong>diabolus</strong></span> <span class='ocrx_word' id='word_1_304' title='bbox 1469 3627 1505 3697; x_wconf 94' lang='lat' dir='ltr'><strong>in</strong></span> <span class='ocrx_word' id='word_1_305' title='bbox 1527 3626 1714 3698; x_wconf 91' lang='lat' dir='ltr'><strong>bominem</strong></span> <span class='ocrx_word' id='word_1_306' title='bbox 1727 3650 1838 3722; x_wconf 88' lang='lat' dir='ltr'><strong>quem</strong></span> 
     </span>
     <span class='ocr_line' id='line_1_28' title="bbox 250 3730 1839 3847; baseline -0.001 -31"><span class='ocrx_word' id='word_1_307' title='bbox 250 3744 391 3817; x_wconf 80' lang='lat' dir='ltr'><strong>seduxit</strong></span> <span class='ocrx_word' id='word_1_308' title='bbox 403 3746 541 3819; x_wconf 83' lang='lat' dir='ltr'><strong>nulium</strong></span> <span class='ocrx_word' id='word_1_309' title='bbox 553 3749 612 3845; x_wconf 85' lang='lat' dir='ltr'><strong>jus</strong></span> <span class='ocrx_word' id='word_1_310' title='bbox 624 3749 831 3822; x_wconf 89' lang='lat' dir='ltr'><strong>seducendo</strong></span> <span class='ocrx_word' id='word_1_311' title='bbox 848 3749 1063 3847; x_wconf 88' lang='lat' dir='ltr'><strong>acquisierit,</strong></span> <span class='ocrx_word' id='word_1_312' title='bbox 1082 3748 1151 3821; x_wconf 91' lang='lat' dir='ltr'><strong>nisi</strong></span> <span class='ocrx_word' id='word_1_313' title='bbox 1167 3746 1273 3837; x_wconf 85' lang='lat' dir='ltr'><strong>sorte,</strong></span> <span class='ocrx_word' id='word_1_314' title='bbox 1285 3760 1323 3818; x_wconf 92' lang='lat' dir='ltr'><strong>ut</strong></span> <span class='ocrx_word' id='word_1_315' title='bbox 1332 3745 1498 3838; x_wconf 84' lang='lat' dir='ltr'><strong>diximus,</strong></span> <span class='ocrx_word' id='word_1_316' title='bbox 1513 3758 1690 3840; x_wconf 89' lang='lat' dir='ltr'><strong>quantum</strong></span> <span class='ocrx_word' id='word_1_317' title='bbox 1703 3730 1750 3815; x_wconf 86' lang='lat' dir='ltr'><strong>ad</strong></span> <span class='ocrx_word' id='word_1_318' title='bbox 1760 3768 1839 3842; x_wconf 57' lang='lat' dir='ltr'><strong>pera</strong></span> 
     </span>
     <span class='ocr_line' id='line_1_29' title="bbox 249 3862 1839 3965; baseline -0.001 -31"><span class='ocrx_word' id='word_1_319' title='bbox 249 3864 457 3937; x_wconf 88' lang='lat' dir='ltr'><strong>missionem</strong></span> <span class='ocrx_word' id='word_1_320' title='bbox 479 3863 625 3939; x_wconf 90' lang='lat' dir='ltr'><strong>Domini</strong></span> <span class='ocrx_word' id='word_1_321' title='bbox 643 3868 860 3965; x_wconf 90' lang='lat' dir='ltr'><strong>pertinebat,</strong></span> <span class='ocrx_word' id='word_1_322' title='bbox 880 3869 943 3965; x_wconf 92' lang='lat' dir='ltr'><strong>qui</strong></span> <span class='ocrx_word' id='word_1_323' title='bbox 966 3893 1050 3940; x_wconf 89' lang='lat' dir='ltr'><strong>eum</strong></span> <span class='ocrx_word' id='word_1_324' title='bbox 1067 3867 1118 3939; x_wconf 87' lang='lat' dir='ltr'><strong>itti</strong></span> <span class='ocrx_word' id='word_1_325' title='bbox 1133 3867 1236 3964; x_wconf 90' lang='lat' dir='ltr'><strong>quasi</strong></span> <span class='ocrx_word' id='word_1_326' title='bbox 1252 3866 1450 3937; x_wconf 89' lang='lat' dir='ltr'><strong>carcerario</strong></span> <span class='ocrx_word' id='word_1_327' title='bbox 1476 3864 1533 3935; x_wconf 83' lang='lat' dir='ltr'><strong>vel</strong></span> <span class='ocrx_word' id='word_1_328' title='bbox 1558 3863 1682 3936; x_wconf 89' lang='lat' dir='ltr'><strong>tortori</strong></span> <span class='ocrx_word' id='word_1_329' title='bbox 1704 3886 1770 3934; x_wconf 92' lang='lat' dir='ltr'><strong>suo</strong></span> <span class='ocrx_word' id='word_1_330' title='bbox 1794 3862 1839 3932; x_wconf 93' lang='lat' dir='ltr'><strong>ad</strong></span> 
     </span>
     <span class='ocr_line' id='line_1_30' title="bbox 246 3980 1840 4082; baseline -0.003 -27"><span class='ocrx_word' id='word_1_331' title='bbox 246 3984 474 4080; x_wconf 89' lang='lat' dir='ltr'><strong>puniendum</strong></span> <span class='ocrx_word' id='word_1_332' title='bbox 494 3985 698 4060; x_wconf 76' lang='lat' dir='ltr'><strong>tradiderat.</strong></span> <span class='ocrx_word' id='word_1_333' title='bbox 719 3991 792 4059; x_wconf 86' lang='lat' dir='ltr'><strong>Nec</strong></span> <span class='ocrx_word' id='word_1_334' title='bbox 807 3988 904 4059; x_wconf 91' lang='lat' dir='ltr'><strong>enim</strong></span> <span class='ocrx_word' id='word_1_335' title='bbox 924 3985 984 4060; x_wconf 83' lang='lat' dir='ltr'><strong>itte</strong></span> <span class='ocrx_word' id='word_1_336' title='bbox 1000 3987 1068 4059; x_wconf 89' lang='lat' dir='ltr'><strong>nisi</strong></span> <span class='ocrx_word' id='word_1_337' title='bbox 1093 3988 1130 4058; x_wconf 94' lang='lat' dir='ltr'><strong>in</strong></span> <span class='ocrx_word' id='word_1_338' title='bbox 1149 3986 1347 4058; x_wconf 90' lang='lat' dir='ltr'><strong>Dominum</strong></span> <span class='ocrx_word' id='word_1_339' title='bbox 1372 4008 1477 4055; x_wconf 90' lang='lat' dir='ltr'><strong>suum</strong></span> <span class='ocrx_word' id='word_1_340' title='bbox 1499 3996 1719 4082; x_wconf 86' lang='lat' dir='ltr'><strong>peccaverat,</strong></span> <span class='ocrx_word' id='word_1_341' title='bbox 1739 3980 1840 4076; x_wconf 91' lang='lat' dir='ltr'><strong>cujus</strong></span> 
     </span>
     <span class='ocr_line' id='line_1_31' title="bbox 242 4099 1839 4201; baseline -0.003 -28"><span class='ocrx_word' id='word_1_342' title='bbox 242 4101 494 4195; x_wconf 80' lang='lat' dir='ltr'><strong>obedientiam</strong></span> <span class='ocrx_word' id='word_1_343' title='bbox 516 4104 734 4178; x_wconf 84' lang='lat' dir='ltr'><strong>deseruerat.</strong></span> <span class='ocrx_word' id='word_1_344' title='bbox 766 4107 803 4177; x_wconf 88' lang='lat' dir='ltr'><strong>Si</strong></span> <span class='ocrx_word' id='word_1_345' title='bbox 828 4129 913 4201; x_wconf 85' lang='lat' dir='ltr'><strong>ergo</strong></span> <span class='ocrx_word' id='word_1_346' title='bbox 937 4105 1114 4177; x_wconf 92' lang='lat' dir='ltr'><strong>Dominus</strong></span> <span class='ocrx_word' id='word_1_347' title='bbox 1139 4105 1278 4176; x_wconf 89' lang='lat' dir='ltr'><strong>sunsei</strong></span> <span class='ocrx_word' id='word_1_348' title='bbox 1306 4103 1485 4175; x_wconf 84' lang='lat' dir='ltr'><strong>dimittere</strong></span> <span class='ocrx_word' id='word_1_349' title='bbox 1507 4116 1695 4201; x_wconf 86' lang='lat' dir='ltr'><strong>peccatum</strong></span> <span class='ocrx_word' id='word_1_350' title='bbox 1721 4099 1839 4187; x_wconf 86' lang='lat' dir='ltr'><strong>vellet,</strong></span> 
     </span>
     <span class='ocr_line' id='line_1_32' title="bbox 238 4218 1843 4321; baseline -0.001 -30"><span class='ocrx_word' id='word_1_351' title='bbox 238 4221 342 4292; x_wconf 87' lang='lat' dir='ltr'><strong>sicut</strong></span> <span class='ocrx_word' id='word_1_352' title='bbox 358 4236 393 4294; x_wconf 91' lang='lat' dir='ltr'><strong>et</strong></span> <span class='ocrx_word' id='word_1_353' title='bbox 403 4225 518 4295; x_wconf 84' lang='lat' dir='ltr'><strong>Mariae</strong></span> <span class='ocrx_word' id='word_1_354' title='bbox 533 4225 669 4321; x_wconf 84' lang='lat' dir='ltr'><strong>Virgini</strong></span> <span class='ocrx_word' id='word_1_355' title='bbox 687 4224 901 4315; x_wconf 77' lang='lat' dir='ltr'><strong>factumest,</strong></span> <span class='ocrx_word' id='word_1_356' title='bbox 920 4238 956 4296; x_wconf 91' lang='lat' dir='ltr'><strong>et</strong></span> <span class='ocrx_word' id='word_1_357' title='bbox 972 4223 1094 4295; x_wconf 90' lang='lat' dir='ltr'><strong>multis</strong></span> <span class='ocrx_word' id='word_1_358' title='bbox 1107 4223 1215 4295; x_wconf 83' lang='lat' dir='ltr'><strong>etium</strong></span> <span class='ocrx_word' id='word_1_359' title='bbox 1231 4238 1314 4294; x_wconf 91' lang='lat' dir='ltr'><strong>ante</strong></span> <span class='ocrx_word' id='word_1_360' title='bbox 1331 4221 1533 4321; x_wconf 86' lang='lat' dir='ltr'><strong>passionem</strong></span> <span class='ocrx_word' id='word_1_361' title='bbox 1560 4245 1660 4292; x_wconf 89' lang='lat' dir='ltr'><strong>suam</strong></span> <span class='ocrx_word' id='word_1_362' title='bbox 1682 4218 1843 4290; x_wconf 86' lang='lat' dir='ltr'><strong>Christus</strong></span> 
     </span>
     <span class='ocr_line' id='line_1_33' title="bbox 236 4326 1843 4440; baseline -0.001 -30"><span class='ocrx_word' id='word_1_363' title='bbox 236 4340 345 4428; x_wconf 83' lang='lat' dir='ltr'><strong>fecit,</strong></span> <span class='ocrx_word' id='word_1_364' title='bbox 366 4355 405 4412; x_wconf 91' lang='lat' dir='ltr'><strong>ut</strong></span> <span class='ocrx_word' id='word_1_365' title='bbox 422 4340 558 4413; x_wconf 91' lang='lat' dir='ltr'><strong>dictum</strong></span> <span class='ocrx_word' id='word_1_366' title='bbox 571 4357 624 4415; x_wconf 91' lang='lat' dir='ltr'><strong>est</strong></span> <span class='ocrx_word' id='word_1_367' title='bbox 639 4342 686 4415; x_wconf 93' lang='lat' dir='ltr'><strong>de</strong></span> <span class='ocrx_word' id='word_1_368' title='bbox 699 4343 810 4415; x_wconf 81' lang='lat' dir='ltr'><strong>Maria</strong></span> <span class='ocrx_word' id='word_1_369' title='bbox 823 4343 1044 4439; x_wconf 86' lang='lat' dir='ltr'><strong>Magdalene,</strong></span> <span class='ocrx_word' id='word_1_370' title='bbox 1064 4357 1100 4415; x_wconf 92' lang='lat' dir='ltr'><strong>et</strong></span> <span class='ocrx_word' id='word_1_371' title='bbox 1117 4326 1426 4440; x_wconf 77' lang='lat' dir='ltr'><strong>quemadmodum</strong></span> <span class='ocrx_word' id='word_1_372' title='bbox 1443 4340 1616 4437; x_wconf 90' lang='lat' dir='ltr'><strong>scriptum</strong></span> <span class='ocrx_word' id='word_1_373' title='bbox 1639 4352 1692 4410; x_wconf 91' lang='lat' dir='ltr'><strong>est</strong></span> <span class='ocrx_word' id='word_1_374' title='bbox 1713 4338 1758 4409; x_wconf 88' lang='lat' dir='ltr'><strong>ad</strong></span> <span class='ocrx_word' id='word_1_375' title='bbox 1778 4361 1843 4436; x_wconf 88' lang='lat' dir='ltr'><strong>pa-</strong></span> 
     </span>
     <span class='ocr_line' id='line_1_34' title="bbox 233 4456 1839 4557; baseline -0.001 -29"><span class='ocrx_word' id='word_1_376' title='bbox 233 4457 439 4552; x_wconf 76' lang='lat' dir='ltr'><strong>ralyticum</strong></span> <span class='ocrx_word' id='word_1_377' title='bbox 455 4461 613 4535; x_wconf 91' lang='lat' dir='ltr'><strong>Domino</strong></span> <span class='ocrx_word' id='word_1_378' title='bbox 630 4461 771 4534; x_wconf 90' lang='lat' dir='ltr'><strong>dicente</strong></span> <span class='ocrx_word' id='word_1_379' title='bbox 786 4464 798 4501; x_wconf 76' lang='lat'>²</span> <span class='ocrx_word' id='word_1_380' title='bbox 812 4489 820 4533; x_wconf 74' lang='grc' dir='ltr'><strong><em>ε</em></strong></span> <span class='ocrx_word' id='word_1_381' title='bbox 835 4461 1030 4549; x_wconf 75' lang='lat' dir='ltr'><strong>«Confido,</strong></span> <span class='ocrx_word' id='word_1_382' title='bbox 1041 4460 1103 4549; x_wconf 87' lang='lat' dir='ltr'><strong>fili,</strong></span> <span class='ocrx_word' id='word_1_383' title='bbox 1112 4462 1341 4533; x_wconf 89' lang='lat' dir='ltr'><strong>remittuntur</strong></span> <span class='ocrx_word' id='word_1_384' title='bbox 1357 4459 1422 4531; x_wconf 92' lang='lat' dir='ltr'><strong>tibi</strong></span> <span class='ocrx_word' id='word_1_385' title='bbox 1431 4472 1578 4557; x_wconf 89' lang='lat' dir='ltr'><strong>peccata</strong></span> <span class='ocrx_word' id='word_1_386' title='bbox 1594 4472 1676 4529; x_wconf 88' lang='lat' dir='ltr'><strong>tua:</strong></span> <span class='ocrx_word' id='word_1_387' title='bbox 1697 4486 1715 4523; x_wconf 78' lang='lat' dir='ltr'><strong>u</strong></span> <span class='ocrx_word' id='word_1_388' title='bbox 1729 4456 1759 4528; x_wconf 91' lang='lat' dir='ltr'><strong>si</strong></span> <span class='ocrx_word' id='word_1_389' title='bbox 1778 4456 1839 4544; x_wconf 90' lang='lat' dir='ltr'><strong>ita,</strong></span> 
     </span>
     <span class='ocr_line' id='line_1_35' title="bbox 227 4575 1842 4679; baseline -0.002 -33"><span class='ocrx_word' id='word_1_390' title='bbox 227 4577 413 4672; x_wconf 80' lang='lat' dir='ltr'><strong>inquam,</strong></span> <span class='ocrx_word' id='word_1_391' title='bbox 430 4578 505 4651; x_wconf 91' lang='lat' dir='ltr'><strong>sine</strong></span> <span class='ocrx_word' id='word_1_392' title='bbox 521 4580 685 4677; x_wconf 87' lang='lat' dir='ltr'><strong>passione</strong></span> <span class='ocrx_word' id='word_1_393' title='bbox 701 4580 842 4653; x_wconf 91' lang='lat' dir='ltr'><strong>homini</strong></span> <span class='ocrx_word' id='word_1_394' title='bbox 858 4582 1108 4679; x_wconf 84' lang='lat' dir='ltr'><strong>transgressori</strong></span> <span class='ocrx_word' id='word_1_395' title='bbox 1123 4581 1307 4676; x_wconf 87' lang='lat' dir='ltr'><strong>ignoscere</strong></span> <span class='ocrx_word' id='word_1_396' title='bbox 1333 4579 1510 4650; x_wconf 90' lang='lat' dir='ltr'><strong>Dominus</strong></span> <span class='ocrx_word' id='word_1_397' title='bbox 1530 4576 1649 4670; x_wconf 89' lang='lat' dir='ltr'><strong>vellet,</strong></span> <span class='ocrx_word' id='word_1_398' title='bbox 1669 4591 1705 4649; x_wconf 90' lang='lat' dir='ltr'><strong>et</strong></span> <span class='ocrx_word' id='word_1_399' title='bbox 1724 4575 1842 4647; x_wconf 87' lang='lat' dir='ltr'><strong>dicere</strong></span> 
     </span>
     <span class='ocr_line' id='line_1_36' title="bbox 225 4691 1841 4799; baseline -0.004 -33"><span class='ocrx_word' id='word_1_400' title='bbox 225 4697 381 4767; x_wconf 86' lang='lat' dir='ltr'><strong>tortori</strong></span> <span class='ocrx_word' id='word_1_401' title='bbox 398 4721 464 4769; x_wconf 92' lang='lat' dir='ltr'><strong>suo</strong></span> <span class='ocrx_word' id='word_1_402' title='bbox 482 4722 492 4771; x_wconf 76' lang='lat' dir='ltr'><strong>t</strong></span> <span class='ocrx_word' id='word_1_403' title='bbox 511 4697 602 4770; x_wconf 85' lang='lat' dir='ltr'><strong>Nolo</strong></span> <span class='ocrx_word' id='word_1_404' title='bbox 617 4713 655 4770; x_wconf 91' lang='lat' dir='ltr'><strong>ut</strong></span> <span class='ocrx_word' id='word_1_405' title='bbox 669 4700 823 4798; x_wconf 90' lang='lat' dir='ltr'><strong>amplius</strong></span> <span class='ocrx_word' id='word_1_406' title='bbox 839 4693 922 4773; x_wconf 83' lang='lat' dir='ltr'><strong>eum</strong></span> <span class='ocrx_word' id='word_1_407' title='bbox 938 4701 1089 4799; x_wconf 75' lang='lat' dir='ltr'><strong>puuiast</strong></span> <span class='ocrx_word' id='word_1_408' title='bbox 1109 4699 1196 4797; x_wconf 92' lang='lat' dir='ltr'><strong>quid</strong></span> <span class='ocrx_word' id='word_1_409' title='bbox 1209 4700 1303 4795; x_wconf 88' lang='lat' dir='ltr'><strong>juste</strong></span> <span class='ocrx_word' id='word_1_410' title='bbox 1320 4713 1487 4796; x_wconf 89' lang='lat' dir='ltr'><strong>torquere</strong></span> <span class='ocrx_word' id='word_1_411' title='bbox 1503 4708 1624 4796; x_wconf 89' lang='lat' dir='ltr'><strong>posset</strong></span> <span class='ocrx_word' id='word_1_412' title='bbox 1636 4709 1762 4780; x_wconf 89' lang='lat' dir='ltr'><strong>tortor,</strong></span> <span class='ocrx_word' id='word_1_413' title='bbox 1780 4691 1841 4787; x_wconf 91' lang='lat' dir='ltr'><strong>qui</strong></span> 
     </span>
     <span class='ocr_line' id='line_1_37' title="bbox 217 4807 1840 4919; baseline -0.006 -32"><span class='ocrx_word' id='word_1_414' title='bbox 217 4813 316 4905; x_wconf 80' lang='lat' dir='ltr'><strong>nit,</strong></span> <span class='ocrx_word' id='word_1_415' title='bbox 337 4829 376 4887; x_wconf 94' lang='lat' dir='ltr'><strong>ut</strong></span> <span class='ocrx_word' id='word_1_416' title='bbox 393 4829 578 4890; x_wconf 88' lang='lat' dir='ltr'><strong>ostensum</strong></span> <span class='ocrx_word' id='word_1_417' title='bbox 594 4830 659 4910; x_wconf 90' lang='lat' dir='ltr'><strong>est,</strong></span> <span class='ocrx_word' id='word_1_418' title='bbox 669 4817 759 4914; x_wconf 88' lang='lat' dir='ltr'><strong>juris</strong></span> <span class='ocrx_word' id='word_1_419' title='bbox 775 4820 811 4890; x_wconf 95' lang='lat' dir='ltr'><strong>in</strong></span> <span class='ocrx_word' id='word_1_420' title='bbox 829 4812 1033 4917; x_wconf 84' lang='lat' dir='ltr'><strong>torquendo</strong></span> <span class='ocrx_word' id='word_1_421' title='bbox 1047 4833 1245 4919; x_wconf 87' lang='lat' dir='ltr'><strong>acceperat,</strong></span> <span class='ocrx_word' id='word_1_422' title='bbox 1270 4819 1337 4892; x_wconf 91' lang='lat' dir='ltr'><strong>nisi</strong></span> <span class='ocrx_word' id='word_1_423' title='bbox 1359 4842 1400 4891; x_wconf 86' lang='lat' dir='ltr'><strong>ex</strong></span> <span class='ocrx_word' id='word_1_424' title='bbox 1424 4818 1498 4916; x_wconf 83' lang='lat' dir='ltr'><strong>ipse</strong></span> <span class='ocrx_word' id='word_1_425' title='bbox 1520 4813 1665 4887; x_wconf 90' lang='lat' dir='ltr'><strong>Domiui</strong></span> <span class='ocrx_word' id='word_1_426' title='bbox 1692 4807 1840 4909; x_wconf 90' lang='lat' dir='ltr'><strong>permis·</strong></span> 
     </span>
    </p>
   </div>
   <div class='ocr_carea' id='block_1_3' title="bbox 254 5090 971 5157">
    <p class='ocr_par' dir='ltr' id='par_1_3' title="bbox 254 5090 971 5157">
     <span class='ocr_line' id='line_1_38' title="bbox 254 5090 971 5157; baseline 0.004 -16"><span class='ocrx_word' id='word_1_427' title='bbox 254 5097 270 5127; x_wconf 81' lang='lat'><strong>³</strong></span> <span class='ocrx_word' id='word_1_428' title='bbox 282 5090 371 5151; x_wconf 77' lang='lat' dir='ltr'><strong>Luc..</strong></span> <span class='ocrx_word' id='word_1_429' title='bbox 384 5104 438 5157; x_wconf 80' lang='lat' dir='ltr'><strong>cap.</strong></span> <span class='ocrx_word' id='word_1_430' title='bbox 451 5104 504 5153; x_wconf 75' lang='lat' dir='ltr'><strong>ru.</strong></span> <span class='ocrx_word' id='word_1_431' title='bbox 521 5106 543 5143; x_wconf 83' lang='lat' dir='ltr'><strong>r.</strong></span> <span class='ocrx_word' id='word_1_432' title='bbox 561 5095 601 5145; x_wconf 78' lang='lat'><strong>25.</strong></span> <span class='ocrx_word' id='word_1_433' title='bbox 619 5118 649 5130; x_wconf 93' lang='lat'><em>-</em></span> <span class='ocrx_word' id='word_1_434' title='bbox 662 5091 774 5156; x_wconf 75' lang='lat' dir='ltr'><strong>²Datur..</strong></span> <span class='ocrx_word' id='word_1_435' title='bbox 790 5105 844 5156; x_wconf 82' lang='lat' dir='ltr'><strong>erp.</strong></span> <span class='ocrx_word' id='word_1_436' title='bbox 862 5105 895 5156; x_wconf 86' lang='lat' dir='ltr'><strong>u,</strong></span> <span class='ocrx_word' id='word_1_437' title='bbox 911 5106 934 5144; x_wconf 78' lang='lat' dir='ltr'><strong>v.</strong></span> <span class='ocrx_word' id='word_1_438' title='bbox 948 5096 971 5144; x_wconf 80' lang='lat' dir='ltr'><strong>t.</strong></span> 
     </span>
    </p>
   </div>
   <div class='ocr_carea' id='block_1_4' title="bbox 0 0 2289 6100">
    <p class='ocr_par' dir='ltr' id='par_1_4' title="bbox 0 0 2289 6100">
     <span class='ocr_line' id='line_1_39' title="bbox 0 0 2289 6100; baseline 0 0"><span class='ocrx_word' id='word_1_439' title='bbox 0 0 2289 6100; x_wconf 95' lang='lat' dir='ltr'><strong> </strong></span> 
     </span>
    </p>
   </div>
  </div>
 </body>
</html>
