4559 6100
869 577 1103 665 ntttoous
1123 579 1126 584 ’
1712 589 1783 664 705

194 753 334 813 constat
355 754 459 833 tune,
486 752 526 811 ut
546 738 643 812 idem
664 739 855 841 Apostolus
875 738 988 828 dicir,
1013 762 1161 812 omnem
1177 738 1341 812 evacuari
1367 739 1607 838 principatum
1627 753 1663 811 et
1679 753 1785 837 pote-

193 841 339 950 statem,
365 882 449 931 cum
464 859 540 954 Jam
566 858 731 934 videlicet
754 859 830 932 sola
850 858 909 932 illa
932 859 975 930 sit
991 882 1056 957 per
1071 872 1185 931 semet
1201 860 1316 956 ipsam
1337 857 1580 957 principaliter
1602 871 1781 956 potestas,

193 999 272 1071 quae
288 977 428 1066 omnia,
446 990 486 1048 nt
501 975 637 1049 dictum
654 992 725 1072 est,
750 977 848 1049 hona
873 1000 938 1075 per
961 1000 1032 1048 suae
1048 976 1225 1048 visionem
1246 967 1443 1073 praesentiae
1468 976 1643 1054 omnibus,
1662 977 1781 1047 electis

193 1095 381 1168 ministrat.
409 1094 533 1167 Nullus
551 1096 625 1192 jam
651 1095 757 1169 nobis
778 1095 999 1195 principatus
1021 1094 1201 1190 angelicus
1217 1093 1275 1166 vel
1296 1094 1478 1166 humanus
1493 1095 1530 1166 in
1555 1093 1781 1167 administra·

193 1212 291 1286 tione
305 1214 444 1311 aliqua,
456 1213 553 1285 nulla
571 1229 727 1312 potestas
740 1215 777 1288 in
795 1215 916 1313 aliquo
932 1213 1105 1310 regimine
1121 1214 1274 1310 praeerit,
1294 1213 1379 1311 quia
1395 1211 1484 1284 nihil
1501 1212 1623 1285 deesse
1636 1215 1779 1312 poterit,

191 1330 254 1404 ubi
270 1335 393 1404 omnia
409 1334 447 1404 in
467 1331 638 1406 omnibns
654 1339 750 1407 Deus
768 1334 852 1428 erit,
873 1332 956 1423 ubi,
974 1356 1057 1404 cum
1074 1330 1189 1404 aderit
1206 1331 1305 1429 quod
1324 1331 1520 1430 perfectum
1538 1347 1609 1424 est,
1629 1355 1780 1405 evacua·

191 1448 290 1524 bitur
305 1451 406 1548 quod
427 1476 470 1523 ex
486 1466 587 1549 parte
607 1468 672 1525 est.
692 1453 787 1526 Nihil
804 1454 939 1552 quippe
960 1476 1057 1523 nunc
1073 1450 1179 1523 nobis
1196 1451 1265 1522 nisi
1287 1476 1329 1523 es
1352 1466 1452 1550 parte
1473 1451 1592 1550 aliqua
1617 1451 1777 1550 proficit,

191 1568 280 1641 nihil
293 1572 413 1642 omnia
424 1569 528 1643 nobis
537 1573 736 1646 necessaria
750 1573 912 1645 conferre
928 1570 1069 1644 suflicit.
1083 1568 1268 1669 Quidquid
1285 1570 1389 1643 nobis
1404 1595 1502 1644 nune
1516 1571 1562 1643 ad
1578 1571 1781 1643 doctrinam

193 1689 250 1761 vel
271 1689 318 1762 ad
336 1690 492 1786 aliquam
508 1689 676 1763 virtutem
695 1690 751 1763 vel
775 1691 821 1765 ad
844 1691 1001 1790 aliquam
1018 1688 1162 1789 proficit
1184 1688 1551 1780 administrationem,
1574 1690 1779 1788 imperfecte

191 1807 282 1902 agit,
318 1807 524 1904 quiasolus
558 1823 611 1880 est
641 1812 738 1880 Deus
765 1810 829 1907 qui
859 1810 982 1882 omnia
1015 1809 1141 1906 possit.
1178 1807 1373 1880 Cessabunt
1404 1809 1524 1906 itaque
1556 1834 1778 1907 quaeeunque

189 1925 396 2023 imperfecte
417 1940 583 2023 aguntur,
609 1951 693 1999 cum
716 1927 776 1999 ille
796 1952 862 2026 per
884 1952 922 2000 se
937 1925 1131 2017 suffecerit,
1151 1927 1214 2023 qui
1237 1927 1359 1999 omnia
1383 1941 1513 2025 potest.
1533 1928 1641 2016 Quod
1660 1930 1780 2026 itaque

189 2042 241 2116 ibi
265 2046 389 2117 oculos
410 2046 527 2117 carnis
549 2070 633 2117 oum
651 2047 777 2119 ceteris
793 2047 957 2146 corporis
980 2045 1151 2119 membris
1173 2046 1364 2118 resumturi
1386 2070 1529 2140 sumus,
1555 2071 1629 2119 non
1655 2050 1779 2146 utique

188 2159 250 2233 fiet
280 2177 429 2260 propter
457 2163 575 2236 officia
599 2189 724 2237 eorum
748 2163 879 2264 quibus
904 2190 1069 2263 egeamus
1075 2221 1088 2254 ,
1114 2165 1179 2237 sed
1201 2165 1248 2237 ad
1272 2164 1546 2261 glorificandum
1569 2173 1702 2259 Deum,
1737 2184 1776 2240 ut

191 2277 325 2377 praefati
353 2304 488 2354 sumus.
518 2286 558 2355 ln
579 2283 711 2381 quibus
727 2282 892 2356 videlicet
914 2285 989 2381 ejus
1011 2284 1211 2382 potentiam
1233 2297 1334 2356 tanto
1358 2286 1513 2384 amplius
1535 2291 1774 2386 experiemur,

189 2413 324 2495 quanto
341 2398 401 2471 illa
416 2402 452 2472 in
471 2398 597 2472 officiis
612 2403 698 2493 suis,
719 2405 749 2474 si
765 2427 858 2501 opus
873 2417 979 2496 esset,
1000 2400 1226 2502 peragendis,
1247 2402 1421 2478 validiora
1436 2429 1513 2478 esse
1533 2407 1726 2480 sentiemus
1740 2418 1778 2480 et

189 2519 296 2615 longe
319 2513 503 2592 fortiorem
529 2543 571 2593 ac
593 2522 781 2594 meliorem
805 2535 996 2595 consecuta
1021 2534 1151 2593 statum
1175 2545 1250 2595 esse
1270 2520 1479 2610 viderimus.
1496 2523 1605 2612 Quod
1621 2527 1650 2596 si
1671 2527 1778 2598 etiam

188 2636 234 2710 de
261 2638 341 2710 luce
370 2638 454 2710 solis
478 2662 521 2712 ao
546 2641 639 2712 lunae
664 2640 933 2740 multiplicanda
958 2638 1204 2737 corporaliter,
1232 2663 1307 2711 non
1336 2642 1484 2737 mystice
1515 2657 1656 2715 tantum
1681 2641 1785 2718 acci·'
1841 2702 1845 2706 -

188 2758 351 2855 piamns,
378 2757 425 2830 ad
450 2758 600 2855 gloriam
625 2760 823 2833 conditoris
855 2761 1105 2860 potiusquam
1131 2758 1179 2831 ad
1204 2757 1314 2830 officii
1339 2759 1393 2830 sui
1417 2762 1662 2834 necessitatem
1691 2766 1780 2838 refe-

187 2875 340 2950 rendum
358 2891 428 2970 est,
447 2878 538 2950 sicut
551 2893 588 2950 et
602 2880 787 2952 universus
804 2879 931 2952 mundi
952 2891 1062 2951 status
1084 2877 1121 2949 in
1144 2877 1271 2949 melius
1289 2893 1343 2950 est
1363 2881 1654 2973 commutandus,
1677 2881 1777 2980 qnod

186 2996 293 3068 etiam
319 2996 515 3069 coelestium
542 2996 771 3071 luminarium
795 2998 1004 3096 adjumento
1033 2996 1088 3069 vel
1112 2999 1395 3071 commutatione
1418 2999 1565 3093 mundi,
1594 3002 1776 3076 manifeste

188 3117 284 3186 Deus
300 3115 406 3187 nobis
425 3116 627 3211 innotescit,
649 3117 686 3188 id
701 3117 801 3215 quod
825 3133 907 3191 ante
923 3118 1042 3191 minus
1057 3116 1240 3190 habebant
1255 3143 1330 3190 non
1353 3143 1397 3190 ex
1417 3120 1627 3218 impotentia
1646 3123 1778 3194 eondi-

189 3233 275 3304 toris
297 3235 464 3327 extitisse,
488 3235 551 3307 sed
567 3260 635 3335 pro
650 3237 729 3308 vitae
751 3260 822 3310 suae
841 3236 1004 3320 mortalis
1022 3250 1058 3307 et
1079 3234 1229 3307 intirmae
1252 3237 1525 3327 necessitudine,
1548 3261 1627 3333 quae
1643 3262 1777 3336 nequa·

187 3376 298 3449 quam
323 3354 407 3428 talia
426 3355 482 3428 rel
509 3370 607 3429 tanta
632 3357 722 3430 ferre
747 3372 866 3455 potest
890 3380 958 3429 nec
983 3357 1091 3428 etiam
1113 3355 1221 3426 tantis
1249 3355 1300 3425 uti
1328 3353 1511 3427 beneficiis
1534 3354 1643 3451 digna
1669 3374 1773 3432 esset.

186 3474 332 3569 Mystice
350 3489 470 3548 tamen
493 3476 642 3572 intelligi
663 3476 764 3549 facile
781 3492 834 3550 est
850 3479 973 3549 lunam
994 3489 1081 3546 tunc
1096 3488 1138 3544 ut
1158 3473 1272 3545 solem
1285 3473 1445 3570 fulgere,
1465 3473 1503 3544 id
1520 3488 1574 3545 est
1589 3475 1775 3550 ecclesiam

186 3594 383 3665 electorum
406 3597 498 3667 sicut
517 3610 554 3668 et
575 3596 651 3692 ejus
673 3594 785 3668 solem
806 3600 922 3668 Deum
949 3591 1215 3666 indeficientem
1242 3591 1360 3664 lucem
1372 3591 1520 3678 habere,
1547 3593 1636 3664 etin
1654 3595 1774 3694 ipsum

186 3711 263 3806 ejus
279 3713 393 3784 solem
408 3727 495 3786 tuno
511 3738 657 3811 quoqne
674 3714 724 3787 ita
739 3716 857 3787 lucem
869 3713 1084 3814 ipsiuslunae
1098 3710 1366 3802 transcendere,
1387 3711 1478 3784 utin
1499 3710 1579 3809 ipso
1588 3711 1667 3783 solo
1687 3715 1776 3788 lucis

186 3831 231 3901 sit
246 3814 430 3929 perfectio,
449 3856 529 3930 quae
544 3834 747 3931 septenario
763 3832 969 3929 designatur
984 3854 1151 3904 numero.

238 3953 377 4024 Primos.
395 3954 580 4040 Quantum
597 3951 721 4041 video,
742 3952 772 4023 si
793 3950 869 4024 haec
892 3952 940 4023 ita
960 3975 998 4023 se
1013 3948 1169 4039 habent,
1194 3964 1234 4022 ut
1256 3950 1391 4044 dicitis,
1416 3955 1529 4027 multa
1549 3954 1635 4029 fidei
1652 3972 1775 4030 vestrae

186 4072 283 4142 Deus
307 4070 449 4143 videtur
475 4068 629 4163 debere,
661 4069 763 4166 cujus
790 4071 827 4142 in
856 4067 1026 4142 omnibus
1052 4068 1207 4141 maxime
1234 4069 1385 4167 gloriam
1412 4072 1624 4170 predicatio.
1658 4080 1776 4151 Restat

186 4203 307 4261 autem
328 4215 439 4282 nunc,
461 4189 610 4289 utquid
632 4188 678 4262 de
699 4189 821 4262 inferis
839 4190 947 4263 etiam
969 4189 1015 4261 sit
1034 4189 1278 4282 sentiendum,
1302 4173 1490 4289 diligenter
1507 4194 1658 4292 aperias.
1678 4198 1776 4270 Sicut

185 4308 284 4377 enim
305 4333 485 4383 summum
501 4309 660 4382 hominis
679 4307 819 4381 bonum
838 4307 1052 4407 eo'amplius
1075 4308 1321 4407 appetendum
1343 4334 1417 4407 quo
1438 4313 1550 4408 magis
1572 4314 1771 4410 cognitum,

183 4425 235 4496 ita
250 4428 464 4500 econtrario
476 4422 657 4499 summum
670 4429 804 4501 malum
817 4452 861 4500 eo
875 4428 988 4524 magis
1000 4427 1068 4498 erit
1081 4425 1269 4498 vitandum
1284 4415 1358 4523 quo
1377 4429 1496 4500 minus
1511 4430 1578 4500 erit
1593 4430 1770 4528 ignotum.

236 4547 438 4618 Cnnrsrran.
454 4547 519 4617 Hic
534 4546 669 4644 quippe
681 4547 778 4643 apud
795 4570 862 4617 nos
879 4546 970 4617 sicut
985 4558 1021 4615 et
1033 4543 1131 4642 apud
1147 4568 1213 4616 vos
1230 4543 1369 4616 diversa
1384 4544 1472 4616 olim
1486 4548 1618 4620 exstitit
1634 4551 1770 4651 opinio.

183 4659 254 4735 atii
280 4663 413 4762 quippe
438 4665 618 4736 infernum
641 4663 864 4761 corporalem
888 4661 1083 4759 quemdam
1104 4663 1226 4735 locum
1249 4663 1317 4735 sub
1337 4663 1438 4736 terris
1462 4666 1683 4759 existimant,
1711 4676 1774 4768 qui

181 4803 227 4850 ex
262 4783 338 4879 ipsa
365 4781 469 4854 locali
493 4804 639 4878 quoqne
664 4780 842 4879 positione
865 4805 943 4877 quae
967 4779 1114 4852 inferior
1136 4781 1262 4852 ceteris
1287 4781 1414 4855 mundi
1438 4784 1610 4881 partibus,
1636 4786 1775 4862 dicatur

181 4897 371 4991 infernus,
390 4900 450 4973 alii
464 4924 610 4998 quoque
625 4924 700 4972 non
716 4914 790 4974 tam
806 4899 992 4997 corporale
1008 4914 1245 4991 tormentum,
1261 4923 1369 4997 quam
1384 4901 1541 4998 spiritale
1557 4904 1775 4982 arbitrantur

221 5171 342 5237 'Comsr.,
356 5187 410 5236 cap.
423 5186 455 5237 u,
468 5187 491 5225 r.
503 5176 540 5225 ts.
1000 5196 1004 5221 ι
1034 5236 1038 5243 .

302 5282 325 5319 ιι
1614 5270 1652 5328 89
