4559 6100
455 547 528 621 aso
589 523 593 530 ’
870 505 872 509 ’
1056 547 1178 621 rnnu
1202 541 1434 618 naamam

456 693 639 797 percipere
663 692 771 791 hujus
789 719 952 793 personae
969 693 1236 787 discretionem,
1254 718 1364 794 quam
1386 690 1566 788 condigne
1585 692 1741 790 cogitare
1766 704 1875 790 atque
1902 690 1948 764 ab
1974 692 2053 792 ipso

458 821 613 888 Patreet
630 814 718 887 Filio
735 815 841 915 plene
874 815 1091 913 distinguere
1111 843 1187 891 non
1203 796 1413 889 sufficimus.
1429 812 1667 887 Tantumdem
1682 815 1791 887 etiam
1809 811 1902 886 valet
1918 811 2053 910 aliquid

457 961 478 1010 a
503 941 581 1008 Deo
606 937 799 1034 excogitari
823 935 946 1035 aliquo
974 938 1101 1029 modo,
1132 962 1242 1037 quam
1267 935 1357 1009 illud
1380 959 1418 1007 se
1444 934 1579 1026 habere
1599 934 1661 1007 illo
1686 934 1812 1028 modo,
1832 933 1905 1006 hoc
1929 947 1984 1006 est
2005 934 2054 1005 ita

457 1057 631 1130 veraciter
652 1059 740 1129 esse.
762 1056 901 1128 Deinde
919 1059 1037 1129 statim
1062 1057 1171 1155 hujus
1194 1058 1304 1131 tertiae
1326 1079 1502 1155 personae,
1527 1078 1637 1153 quam
1660 1055 1819 1127 animam
1835 1051 1964 1125 mundi
1982 1051 2054 1126 col·

456 1176 571 1268 locat,
599 1176 805 1274 diligentem
828 1176 973 1249 adhibet
996 1176 1289 1277 descriptionem,
1317 1200 1402 1248 cum
1427 1175 1587 1248 animam
1611 1175 1726 1274 ipsam
1749 1197 1792 1246 ex
1816 1171 2003 1246 individua
2018 1188 2054 1245 et

458 1295 743 1371 incommutabili
766 1296 962 1371 substantia
986 1300 1181 1372 consistere
1205 1296 1392 1398 perhibet,
1411 1320 1453 1368 ac
1476 1290 1596 1368 rursus
1619 1320 1662 1367 ex
1684 1292 1833 1367 dividua
1853 1293 2053 1367 secundum

459 1416 559 1514 quod
586 1416 720 1489 scilicet
745 1418 897 1517 seipsam
925 1418 1044 1491 anima
1071 1417 1235 1492 scindere
1262 1443 1329 1517 per
1356 1439 1510 1516 corpora
1536 1428 1694 1514 putatur.
1723 1416 1811 1485 Nam
1840 1426 1875 1483 et
1904 1413 2054 1510 Spiritus

459 1552 602 1610 sanctus
624 1553 660 1611 et
684 1539 721 1609 in
749 1538 866 1637 seipso
895 1539 1046 1638 simplex
1068 1539 1220 1611 omnino
1249 1538 1448 1611 substantia
1473 1549 1548 1628 est,
1578 1549 1614 1607 et
1640 1560 1683 1607 ex
1711 1547 1838 1607 natura
1861 1531 2054 1607 divinitatis

460 1657 610 1730 omnino
634 1657 853 1731 invariabilis
882 1673 990 1757 atque
1022 1659 1327 1732 incommutabilis
1356 1660 1393 1731 in
1423 1659 1541 1757 seipso
1568 1668 1791 1755 perseverat,
1822 1667 1931 1750 atque
1956 1652 2053 1727 idem

459 1777 611 1875 Spiritus
636 1803 700 1876 per
724 1778 851 1850 allecta
875 1778 1062 1877 multiplex
1086 1777 1360 1875 quodammodo
1382 1793 1544 1869 vocatur,
1570 1791 1607 1848 et
1628 1789 1764 1874 septem
1788 1773 1939 1873 Spiritus
1962 1798 2053 1848 non·

460 1921 659 1995 numquam
685 1897 827 1992 dicitur,
859 1896 1059 1971 secundum
1086 1898 1303 1998 septiformis
1329 1900 1448 1996 gratiae
1476 1921 1547 1971 suae
1572 1895 1767 1969 efficaciam
1795 1917 1804 1966 ε
1836 1892 1991 1965 undeet
2016 1895 2052 1966 in

460 2014 567 2088 laude
596 2014 726 2088 divinae
750 2018 938 2116 Sapientiae
961 2018 1113 2116 Spiritus
1138 2020 1216 2114 ejus
1240 2032 1277 2089 et
1303 2018 1432 2091 unicus
1456 2032 1492 2089 et
1514 2015 1700 2114 multiplex
1726 2029 1761 2086 et
1788 2013 1991 2086 discurrens
2018 2028 2055 2086 et

460 2134 595 2208 stabilis
614 2160 689 2208 esse
711 2136 936 2210 describitur.
963 2139 1057 2209 Dicit
1072 2139 1193 2236 itaque
1212 2138 1451 2237 Philosophus
1474 2138 1633 2209 animam
1656 2136 1771 2234 ipsam
1795 2158 1870 2206 esse
1895 2159 1938 2206 ex
1965 2133 2055 2206 indi-

460 2253 568 2327 vidua
593 2279 807 2355 semperque
837 2257 874 2329 iu
905 2283 971 2330 suo
1003 2272 1095 2330 statu
1123 2272 1375 2356 perseverante
1405 2255 1617 2330 substantia.
1652 2259 1775 2350 ltaque
1811 2254 1950 2326 anima¹
1976 2278 2055 2352 quae

458 2375 706 2475 inseparabilis
727 2402 850 2449 comes
875 2402 1093 2477 corporum,
1119 2403 1184 2478 per
1209 2377 1337 2450 eadem
1363 2402 1402 2450 se
1426 2400 1580 2476 corpora
1605 2373 1767 2447 scindere
1790 2387 1947 2472 putatur,
1973 2374 2055 2470 quia

459 2495 610 2593 Spiritus
633 2511 778 2569 sanctus
799 2512 836 2569 ct
856 2496 1063 2595 hujusmodi
1090 2513 1156 2586 est,
1180 2497 1280 2596 quod
1297 2522 1339 2569 er
1362 2521 1430 2569 suo
1454 2509 1562 2586 statu,
1585 2519 1694 2593 quem
1717 2495 1754 2566 in
1776 2495 1894 2594 seipso
1919 2518 1995 2566 non
2018 2496 2055 2565 in

458 2614 682 2688 effectissuis
701 2615 826 2703 habet,
848 2619 999 2689 omnino
1023 2617 1172 2717 simplex
1192 2632 1245 2689 est
1264 2631 1372 2715 atque
1393 2614 1709 2707 incommutabilis,
1729 2627 1765 2687 et
1782 2613 2055 2712 quodammodo

458 2733 646 2832 multiplex
664 2759 740 2807 esse
757 2736 958 2808 secundum
975 2736 1099 2809 ellecta
1115 2750 1274 2835 putatur,
1295 2734 1397 2833 quod
1415 2749 1468 2806 est
1484 2735 1641 2834 seipsum
1657 2736 1695 2806 in
1711 2758 1865 2832 corpora
1876 2731 2052 2825 scindere,

457 2851 655 2925 secundum
685 2853 786 2952 quod
807 2855 885 2953 ipsa
908 2856 1074 2928 videlicet
1099 2857 1218 2930 anima
1242 2852 1490 2953 inseparabilis
1517 2877 1639 2927 comes
1659 2867 1712 2926 est
1735 2877 1945 2954 corporum,
1970 2876 2055 2925 cum

457 2969 553 3041 hanc
574 2969 707 3043 scilicet
728 2971 999 3072 multiplicitatis
1022 2975 1211 3047 scissuram
1236 2974 1336 3047 nullo
1356 2972 1468 3047 modo
1490 2987 1666 3072 quantum
1682 2972 1728 3046 ad
1749 2975 1903 3074 seipsam
1923 2972 2057 3047 habere

459 3090 583 3188 possit,
610 3090 673 3163 sed
690 3091 922 3166 solummodo
946 3110 1123 3192 quantum
1145 3095 1190 3168 ad
1211 3095 1350 3168 ellecta.
1371 3094 1518 3193 Egregie
1537 3118 1683 3193 quoque
1703 3094 1820 3192 putari
1843 3093 1980 3167 dictum
2003 3109 2057 3167 est

457 3222 492 3282 et
514 3234 589 3282 nou
603 3235 693 3304 esse,
711 3213 795 3310 quia
809 3217 838 3286 si
853 3240 936 3287 vere
950 3240 992 3289 ac
1006 3218 1152 3315 proprie
1166 3216 1371 3314 loquamur,
1390 3240 1465 3287 non
1480 3230 1534 3288 est
1543 3213 1621 3287 haec
1634 3214 1877 3313 multiplicitas
1887 3215 2052 3315 Spiritus,

457 3329 520 3400 sed
536 3330 749 3405 effectorum
767 3334 891 3432 ipsius,
910 3360 994 3407 cum
1013 3362 1097 3408 eum
1111 3336 1276 3409 videlicet
1292 3337 1329 3407 in
1348 3335 1419 3408 hoc
1437 3358 1513 3407 unc
1529 3333 1762 3433 multiplicem
1778 3334 1955 3424 dicamus,
1972 3335 2055 3434 quia

456 3449 667 3549 multiplicia
692 3452 787 3547 lacit,
815 3455 914 3551 quod
937 3436 990 3528 est
1014 3455 1140 3529 ellecta
1164 3457 1240 3554 ejus
1263 3457 1375 3553 magis
1397 3479 1474 3527 esse
1496 3452 1649 3546 diversa,
1676 3478 1787 3552 quam
1812 3455 1944 3554 ipsum.
1965 3458 2057 3526 Cum

458 3571 577 3668 itaque
599 3572 636 3643 in
658 3572 735 3670 ipsa
752 3574 872 3646 anima
895 3575 1023 3647 mnndi
1043 3574 1228 3649 individua
1250 3589 1286 3648 et
1304 3575 1467 3667 dividua,
1486 3574 1561 3646 sive
1580 3585 1620 3644 ut
1640 3571 1779 3646 dictum
1801 3589 1854 3647 est
1872 3573 1999 3647 eadem
2022 3586 2057 3644 et

458 3690 597 3763 diversa
613 3694 797 3764 concurrit
814 3692 1024 3786 substantia,
1044 3694 1146 3767 addit
1158 3695 1214 3766 his
1231 3694 1377 3768 duobus
1392 3697 1429 3767 in
1445 3696 1521 3794 ipsa
1535 3694 1656 3766 anima
1672 3693 1742 3766 sibi
1760 3691 2056 3767 concurrentibus

458 3809 654 3905 quamdam
681 3811 871 3884 mixturam
896 3812 987 3883 effici
1011 3838 1054 3884 ex
1075 3814 1266 3885 individuo
1292 3815 1425 3888 scilicet
1450 3829 1486 3887 ct
1510 3813 1674 3906 dividuo,
1695 3814 1769 3887 sive
1794 3838 1834 3886 ex
1863 3812 1993 3885 eodem
2021 3825 2056 3883 et

458 3927 616 4021 diverso,
636 3927 710 4001 hoc
727 3945 779 4003 est
799 3931 1088 4005 incommutabili
1105 3947 1140 4004 et
1156 3934 1417 4007 commutabili.
1438 3939 1479 4006 ln
1505 3958 1577 4032 qua
1595 3933 1762 4032 quidem,
1782 3947 1823 4005 ut
1845 3933 1895 4003 ita
1911 3931 2052 4021 dicam,

460 4048 613 4119 mistura
630 4050 782 4146 Spiritus
799 4052 912 4124 sancti
932 4054 1130 4153 proprietas
1149 4053 1336 4151 diligenter
1352 4069 1388 4125 et
1403 4054 1539 4152 integre
1557 4051 1700 4125 videtur
1725 4077 1907 4153 expressa,
1928 4052 2055 4124 tamin

460 4167 577 4265 seipso
594 4169 743 4264 scilicet,
765 4196 874 4268 quam
893 4175 930 4242 in
952 4172 1097 4261 allectis,
1116 4188 1154 4244 ut
1169 4172 1387 4265 dictumest,
1404 4173 1490 4245 suis.
1514 4172 1609 4244 Dicit
1626 4173 1746 4268 itaque
1767 4172 1851 4269 quia
1869 4175 1968 4244 Deus
1985 4169 2055 4243 boc

460 4287 605 4359 tertium
634 4287 839 4363 substantie
867 4315 979 4386 genus
1009 4293 1070 4384 ita,
1101 4307 1141 4364 ut
1164 4280 1394 4387 dictumest,
1415 4293 1588 4384 mixtum,
1618 4291 1749 4365 locavit
1776 4290 1937 4364 medium
1963 4291 2056 4361 inter

461 4419 651 4505 utramque
684 4409 941 4503 substantiam
969 4409 1193 4484 individuam
1221 4412 1354 4485 scilicet
1379 4426 1415 4485 et
1441 4410 1649 4504 dividuam,
1678 4413 1764 4511 quia
1791 4436 1874 4483 curn
1902 4411 1946 4482 sit
1979 4411 2056 4508 ipse

460 4550 607 4625 quoque
629 4529 781 4628 Spiritus
794 4535 932 4603 ex'Deo
951 4543 1137 4628 tamquam
1153 4555 1196 4602 ex
1212 4531 1291 4630 ipso
1310 4530 1523 4631 procedens,
1543 4545 1737 4629 utrumque
1752 4531 1886 4604 horum
1911 4529 1956 4603 ab
1976 4529 2055 4629 ipso

460 4643 606 4720 habeta
623 4658 696 4745 quo
721 4674 796 4722 esse
817 4649 926 4722 habet
946 4677 954 4720 ε
976 4663 1012 4722 et
1029 4650 1101 4721 hoc
1118 4663 1171 4721 est
1186 4649 1306 4723 dicere
1321 4649 1424 4748 quod
1441 4655 1537 4724 Deus
1553 4650 1684 4724 locavit
1705 4649 1778 4723 hoc
1794 4651 1912 4749 ipsum
1929 4650 2056 4722 animae

462 4790 574 4862 genus
600 4767 693 4841 inter
714 4783 864 4868 utraque
886 4769 1092 4870 supradicta
1114 4772 1217 4868 quasi
1238 4769 1399 4842 medium
1427 4795 1569 4863 eorum,
1595 4769 1667 4843 hoc
1690 4772 1912 4844 estmixtum
1930 4770 2054 4862 exeis,

460 4907 502 4958 ac
526 4887 555 4959 si
579 4886 725 4983 dicatu,-
754 4891 855 4989 quod
881 4890 928 4965 ab
953 4891 1033 4989 ipso
1059 4895 1150 4985 Deo,
1174 4915 1196 4964 a
1220 4915 1294 4988 qno
1321 4890 1399 4991 ipsa
1424 4906 1477 4964 est
1495 4891 1629 4983 anima,
1652 4905 1726 4965 tam
1747 4890 1819 4965 hoc
1839 4915 1950 4988 quam
1969 4890 2054 4964 illud

494 5164 691 5232 resupnum
705 5152 1826 5239 utrumuis.umneruqrepeauannror.cruciamentorum
1836 5172 1902 5225 ue.
1991 5226 1994 5235 Α
