4559 6100
477 498 548 569 tat
1078 500 1206 572 PETRl
1234 497 1470 571 ABAELARDl

509 654 643 732 ⁴«Cum
656 650 753 722 enim
775 663 940 747 gentes.»
959 652 1002 721 Et
1019 674 1192 728 verenon
1215 650 1252 721 in
1273 649 1399 723 auditu
1416 649 1553 748 scriptae
1571 645 1670 745 legis,
1690 646 1754 720 sed
1774 647 1811 719 in
1836 672 1946 747 opere
1965 653 2064 751 ejus,

475 787 512 845 ut
540 771 678 844 dictum
701 783 775 860 est,
801 770 853 840 vis
877 767 1143 865 justificationis
1159 770 1346 846 ,consistit
1376 767 1484 857 Quod
1515 782 1664 868 apparet
1686 792 1728 839 er
1759 759 1979 863 Gentilibus,
2005 777 2067 870 qui

473 890 771 990 quamvislegem
795 889 963 986 scriptam
981 912 1055 959 non
1074 886 1231 961 babeant
1249 910 1357 985 quarn
1374 886 1497 959 audire
1518 888 1673 986 possint,
1692 912 1775 960 cum
1797 902 1917 961 tamen
1935 891 2068 968 laniunt

473 1037 515 1085 ea
541 1035 652 1111 opera
674 1035 752 1108 quae
773 1008 831 1081 lex
848 1010 1139 1109 praecipit‚‚aeque
1157 1022 1197 1079 ut
1219 1007 1330 1079 Judaei
1355 1007 1547 1080 salvantur.
1571 1011 1613 1079 Et
1633 1006 1705 1079 boc
1721 1022 1775 1080 est
1793 1032 1833 1078 :a
1852 1012 1944 1081 Cum
1970 1015 2067 1086 enim

473 1131 643 1222 Gentiles,
664 1158 682 1198 n
699 1129 735 1201 id
754 1142 808 1202 est
822 1129 982 1201 Gentiles
995 1129 1058 1225 qui
1073 1127 1189 1224 legem
1214 1127 1347 1199 scilicet
1365 1127 1533 1225 scriptam
1551 1150 1627 1199 non
1649 1124 1801 1220 habent,
1823 1156 1842 1196 a
1862 1131 2068 1204 naturaliter

475 1251 654 1340 iaciunt,‚»
679 1249 791 1321 idest
813 1247 965 1320 naturali
992 1246 1068 1344 lege
1087 1247 1249 1318 instructi
1262 1244 1370 1336 ,boc
1394 1246 1674 1343 estcognitione
1694 1248 1759 1318 Dei
1785 1271 1828 1320 ac
1853 1246 2068 1325 discretione

474 1370 634 1461 rationis,
654 1393 764 1467 quam
781 1368 1002 1455 naturaliter,
1021 1366 1093 1439 boc
1112 1381 1178 1456 est,
1198 1391 1242 1438 ex
1257 1390 1323 1439 sua
1342 1366 1524 1439 creatione
1542 1365 1691 1459 babent,
1709 1390 1783 1438 non
1798 1369 1985 1469 exscripta
2004 1372 2067 1443 ali·

475 1491 577 1587 cujus
592 1489 777 1561 doctrina:
797 1489 879 1588 ipsi,
897 1487 994 1576 dicu,
1008 1511 1083 1558 non
1100 1485 1276 1558 habentes
1293 1485 1502 1582 hujusmodi
1518 1484 1646 1583 legem,
1665 1485 1704 1558 id
1720 1498 1774 1558 est
1789 1488 1955 1587 scriptam
1972 1506 2068 1564 este·

474 1611 559 1700 rius,
575 1611 669 1690 ‚sicut
683 1607 818 1680 habent
833 1606 958 1698 ludaei,
979 1635 997 1674 rr
1014 1606 1082 1703 ipsi
1097 1604 1165 1677 sibi
1183 1620 1265 1677 sunt
1281 1603 1352 1698 lex,
1367 1633 1385 1673 a
1405 1603 1477 1677 boc
1490 1620 1543 1678 est
1560 1604 1725 1678 eamdem
1741 1610 2068 1684 remunerationem

474 1743 713 1828 assequuntur
739 1753 805 1826 per
829 1728 964 1824 seipsos
988 1726 1065 1799 sine
1091 1725 1169 1823 lege
1194 1727 1339 1825 scripta,
1364 1749 1475 1823 quam
1497 1724 1547 1797 illi
1571 1751 1636 1825 per
1660 1724 1904 1802 obedientiam
1931 1731 2069 1828 scriptae

473 1850 573 1945 legis.
590 1847 813 1947 Quippeqni
833 1845 1003 1918 exhibent
1016 1844 1170 1917 exterius
1187 1845 1224 1916 in
1242 1869 1351 1944 opere
1367 1844 1590 1917 voluntatem
1603 1843 1741 1916 bonam
1755 1868 1865 1940 quam
1878 1845 2015 1921 habent
2026 1852 2067 1930 ,in

475 1983 607 2061 mente,
618 1968 691 2041 boc
707 1983 773 2062 est,
788 1992 908 2066 «opus
920 1966 1007 2062 legis
1020 1966 1192 2064 scriptum
1207 1965 1243 2036 in
1261 1963 1445 2037 cordibus.
1461 1992 1480 2028 a
1496 1967 1588 2036 Cum
1604 1963 1692 2035 dicit
1706 1966 1907 2062 «scriptum
1920 1997 1938 2033 a
1949 1992 2069 2065 perse-

475 2087 672 2161 verantiam
687 2086 793 2160 bonae
803 2086 998 2158 voluntatis
1014 2084 1143 2156 innuit.
1159 2089 1206 2155 Ut
1221 2085 1318 2157 enim
1329 2084 1455 2156 beatus
1468 2084 1519 2156 ait
1533 2083 1749 2180 Gregorius,
1766 2083 1867 2179 quod
1885 2085 2067 2184 loquimur

477 2208 611 2296 transit,
633 2206 731 2304 quod
749 2205 938 2278 scribimus
953 2218 1153 2305 permanet.
1176 2208 1247 2292 Qui
1269 2206 1388 2302 itaque
1407 2201 1494 2300 legis
1514 2202 1696 2276 auditores
1712 2217 1808 2294 sunt,
1831 2206 1934 2301 quasi
1953 2206 2067 2305 legem

473 2328 673 2427 loquuntur
690 2351 799 2424 quarn
814 2328 851 2398 in
868 2325 1088 2399 membranis
1108 2324 1297 2423 scriptam,
1316 2348 1392 2395 non
1412 2325 1449 2395 in
1468 2321 1637 2396 cordibus
1656 2337 1777 2396 tenent
1793 2323 1955 2419 affixam,
1976 2330 2067 2401 sieut

473 2449 686 2521 econtrario
699 2448 754 2520 isti
767 2447 922 2536 faciunt,
941 2444 1109 2517 «bonum
1125 2446 1177 2516 eis
1189 2444 1432 2516 testimonium
1445 2442 1617 2515 reddente
1633 2444 1850 2518 conscientia
1863 2445 2065 2545 ipsorum»

473 2568 547 2668 boc
570 2582 624 2640 est
647 2591 792 2640 securos
815 2592 877 2638 eos
910 2565 1061 2637 iaciente
1090 2563 1137 2636 de
1161 2563 1299 2662 justitia
1322 2586 1473 2661 operum
1495 2587 1644 2634 suorum
1669 2563 1767 2635 bona
1792 2564 1953 2663 ipsorum
1980 2592 2067 2640 con·

473 2688 618 2759 scientia
635 2701 741 2782 atque
757 2699 854 2757 recta
871 2683 1083 2773 intentione,
1102 2706 1182 2779 quae
1199 2681 1282 2770 illis,
1301 2705 1378 2753 non
1399 2683 1475 2754 aliis
1491 2684 1635 2780 cognita
1652 2696 1719 2756 est.
1733 2683 1939 2756 Secundum
1956 2710 2067 2784 quam

469 2804 621 2901 ,quidem
638 2804 876 2876 intentionem
893 2807 990 2874 Deus
1013 2825 1125 2900 opera
1147 2815 1285 2900 pensat.
1308 2804 1382 2872 «tu
1398 2801 1491 2872 iuter
1511 2802 1765 2875 seinvicem.»
1785 2803 1930 2875 Diversa
1949 2802 2069 2880 littera

474 2925 534 2997 hic
549 2924 619 3021 legi
640 2922 744 2996 solet.
765 2922 874 2995 Modo
893 2923 989 2995 enim
1010 2922 1156 3019 genitivi
1177 2919 1329 3020 plurales
1348 2935 1534 3019 ponuntur
1548 2919 1620 2993 lroc
1636 2922 1761 3010 modo,
1784 2923 2068 3021 «cogitationum

476 3060 511 3117 et
532 3044 797 3132 accusantium,
826 3073 844 3109 a
876 3056 938 3116 aut
970 3042 1079 3115 etiam
1100 3039 1394 3131 defendentium
1425 3038 1536 3113 modo
1569 3039 1715 3114 ablativi
1737 3042 1807 3135 sic,
1835 3070 1854 3110 «
1877 3043 2070 3140 cogitatio·

475 3164 582 3237 nibus
603 3163 866 3255 accusantibus,
888 3177 956 3236 ete.
968 3193 986 3230 s
1006 3161 1110 3234 Unde
1128 3162 1356 3257 Augustinus,
1375 3160 1419 3231 de
1441 3161 1591 3232 Ciuitate
1606 3165 1691 3257 Dei,
1715 3162 1780 3236 lib.
1798 3167 1887 3234 XX:
1907 3194 1926 3229 «r
1944 3169 1984 3236 ln
2005 3189 2069 3237 co·

474 3284 705 3381 gitationibus
724 3285 835 3376 enim,
854 3314 872 3350 a
891 3284 980 3355 sicut
996 3283 1170 3381 scriptum
1187 3296 1262 3368 est,
1285 3312 1302 3347 r
1321 3281 1423 3378 impii
1441 3280 1674 3377 interrogatio
1695 3284 1774 3355 erit.
1794 3286 1838 3354 Et
1854 3282 2067 3382 Apostolus,

475 3436 492 3470 «
508 3403 809 3502 cogitationibus,
824 3433 841 3472 a
859 3404 989 3502 inquit,
1011 3434 1028 3470 a
1043 3400 1307 3490 accusantibus,
1322 3430 1339 3466 a
1359 3399 1416 3472 rel
1430 3400 1537 3472 etiam
1552 3401 1815 3495 excusantibus,
1837 3433 1854 3467 a
1867 3403 1904 3475 in
1920 3402 1981 3475 die
1996 3429 2069 3502 qua

476 3555 493 3594 rr
506 3524 681 3623 judicabit
690 3528 787 3596 Deus
800 3523 939 3597 occulta
949 3522 1157 3612 hominum,
1167 3535 1235 3593 etc.
1249 3550 1267 3586 a
1280 3517 1379 3597 ldern
1390 3522 1429 3590 in
1440 3519 1626 3591 Psalmum
1642 3547 1771 3595 cxvrn:
1785 3553 1802 3589 a
1816 3523 1947 3595 Omnia
1959 3548 2068 3623 opera

472 3643 529 3715 vel
545 3642 643 3714 bona
658 3641 714 3713 vel
731 3643 824 3716 mala
841 3666 859 3714 a
880 3641 1096 3738 cogitatione
1115 3638 1329 3738 procedunt.
1349 3642 1390 3710 ln
1406 3638 1622 3733 cogitatione
1643 3641 1796 3738 quisque
1818 3641 2011 3733 innocens,
2030 3642 2068 3713 in

472 3762 689 3858 cogitatione
705 3786 786 3833 reus
801 3776 865 3834 est.
880 3763 1031 3860 Propter
1046 3758 1146 3858 quod
1163 3759 1336 3857 scriptum
1349 3771 1428 3830 estu
1442 3758 1618 3855 Cogitatio
1633 3774 1756 3833 sancta
1768 3759 1922 3834 servabit
1936 3772 2008 3832 te.»
2025 3763 2071 3833 Et

472 3880 576 3951 alibi:
589 3910 607 3949 rr
618 3886 656 3953 ln
669 3881 944 3978 cogitationibus
958 3880 1057 3978 impii
1070 3879 1303 3975 interrogatio
1315 3878 1394 3950 erit.
1409 3906 1427 3945 a
1437 3881 1480 3950 Et
1494 3880 1685 3978 Apostolus
1697 3908 1706 3952 :
1718 3879 2067 3978 «cogitationibus»

473 3999 602 4097 inquit,
618 4028 635 4066 a
651 4002 899 4075 accusantibus
918 4015 979 4074 aut
996 4002 1103 4073 etiarn
1122 3996 1389 4090 excusantibus,
1403 4011 1471 4071 etc.
1485 4027 1503 4063 a
1524 3997 1624 4071 ldem
1639 4001 1676 4071 in
1693 3999 1879 4072 Psalmum
1891 4005 1933 4070 v¹
1948 4026 1956 4071 ε
1972 4028 1990 4068 rr
2000 4004 2071 4073 De·

471 4117 592 4190 cidant
607 4118 915 4215 acogitationibus
929 4121 1015 4210 suis,
1030 4119 1196 4192 »dictum
1209 4130 1281 4211 est;
1298 4115 1466 4190 decidant
1481 4116 1732 4195 accusantibus
1744 4143 1783 4191 se
1792 4118 2070 4216 cogitationibus

471 4237 555 4330 suis,
575 4239 794 4312 conscientia
807 4264 885 4333 sua,
902 4240 993 4312 sicut
1012 4236 1205 4337 Apostolus
1221 4235 1323 4329 dicit,
1344 4268 1361 4305 α
1380 4236 1647 4332 Cogitationem
1660 4240 1903 4312 accusantium
1917 4263 1980 4310 seu
1996 4237 2070 4310 de-

473 4357 710 4449 fendentium,
724 4372 793 4430 etc.
806 4390 824 4427 a
839 4363 930 4431 Puto
947 4372 1068 4432 antem
1081 4356 1177 4429 hanc
1192 4357 1315 4429 litterae
1331 4357 1566 4429 variationem
1582 4359 1736 4431 maxime
1751 4384 1794 4432 er
1808 4356 2070 4432 consuetudine

471 4479 602 4549 Groeeae
627 4475 757 4573 linguae
780 4477 988 4574 contigisse3
1013 4501 1096 4549 cum
1113 4473 1281 4547 videlicet
1304 4476 1416 4547 Graeci
1439 4473 1594 4549 ablativo
1617 4491 1792 4571 carentes,
1818 4476 1975 4575 genitivo
2000 4500 2070 4574 pro

472 4594 629 4668 ablativo
647 4608 810 4667 utuntur.
831 4596 935 4668 Unde
949 4595 1159 4689 factumest,
1178 4607 1219 4665 ut
1233 4593 1433 4666 meandum
1450 4593 1607 4668 diversas
1621 4596 1869 4670 translationes
1885 4621 1928 4669 ex
1943 4598 2070 4667 Graeoo

472 4713 507 4784 in
532 4714 721 4807 latinum,
746 4713 858 4787 modo
876 4714 1050 4812 genitivus
1065 4727 1226 4786 retentus
1247 4727 1300 4786 est
1323 4714 1359 4785 in
1377 4714 1502 4787 launo
1524 4715 1615 4788 sicut
1634 4716 1765 4789 eratin
1785 4720 1932 4809 Graeco,
1956 4713 2070 4787 modo

501 4947 507 4974 ¹
524 4943 604 4995 Locus
619 4956 719 4994 mancus
726 4980 736 5006 ,
752 4946 788 4995 stc
799 4945 983 4995 muraenam:
1001 4962 1012 4988 ι
1026 4942 1143 4994 Decldant
1158 4957 1243 5005 error
1296 4946 1330 4994 tta
1341 4958 1394 5005 sua,
1407 4947 1471 4996 aloru
1481 4945 1613 5008 Apostolus
1625 4947 1718 4997 dteltse
1726 4946 1757 4998 Et
1769 4949 1942 5008 cortuttonum
1955 4959 2072 4998 reema-

469 5026 685 5085 arogltattoulbus
695 5027 760 5085 suls,
778 5025 870 5074 dictum
882 5030 932 5081 esu
945 5023 1059 5072 decidant
1073 5024 1243 5071 causantibus
1273 5020 1277 5025 “
1297 5025 1356 5072 tlum
1369 5038 1411 5074 seu
1423 5027 1617 5089 defendendum,
1629 5029 1654 5077 ln
1666 5030 1811 5079 reretauone
1820 5031 1880 5091 Justt
1889 5029 1974 5092 ludttll
1986 5026 2041 5078 Del.
2056 5047 2069 5071 ·

470 5116 497 5154 se
506 5106 695 5166 contutlontbus
705 5106 766 5166 sats,
786 5105 952 5155 usamentum
962 5103 1108 5166 perhibente
1117 5104 1243 5155 maselan·
1297 5104 1359 5169 opp.
1369 5141 1378 5168 ,
1390 5114 1409 5157 t.
1420 5106 1461 5169 lv,
1475 5121 1498 5159 c.
1514 5111 1553 5174 lu,
