4559 6100
742 500 995 576 talcrlt'os
1019 502 1078 574 DE
1103 502 1445 579 tutattscrttttts.
1826 504 1898 578 tat

307 647 475 740 mortale,
502 648 778 749 circumscriptis
801 650 934 724 scilicet
956 651 1127 725 omnibus
1143 651 1314 751 aliisque
1332 653 1380 728 ad
1407 651 1641 726 substantiam
1669 652 1901 728 humanitatis

305 792 380 840 non
405 768 572 855 attinent,
599 768 760 866 prolecto
782 772 896 844 multa
919 795 958 844 se
980 795 1046 871 per.
1069 772 1363 868 imaginationem
1389 770 1527 845 nolenti
1552 773 1674 845 animo
1701 772 1897 868 objiciunt,

306 912 387 986 quae
413 888 564 959 omnino
588 886 635 960 ab
656 888 855 963 intentione
880 889 1088 987 abjecimus,
1105 905 1232 989 utpote
1257 890 1359 964 color
1382 890 1510 989 aliquis
1532 891 1606 963 sire
1629 891 1817 988 longitudo
1840 906 1903 965 aut

306 1004 555 1079 membrorum
570 1031 805 1106 quacumque
821 1008 1007 1109 dispositio
1025 1023 1062 1081 et
1083 1009 1262 1110 pleraeque
1284 1009 1521 1082 accidentales
1544 1009 1668 1081 formae
1689 1035 1898 1110 corporum,

305 1150 395 1222 quas
420 1125 627 1223 frequenter
650 1127 812 1201 sensibus
836 1130 972 1229 experti
996 1154 1140 1223 sumus3
1165 1129 1257 1203 adeo
1279 1127 1426 1227 quidem
1449 1142 1507 1221 ut,
1529 1127 1627 1226 quod
1650 1128 1812 1202 mirabile
1832 1145 1898 1221 cst,

306 1243 395 1316 dum
423 1245 558 1342 aliquid
592 1261 765 1345 tanquam
792 1249 1067 1348 incorporeum¹
1089 1274 1155 1348 per
1183 1248 1402 1321 intellectum
1429 1246 1600 1327 attendo.
1633 1271 1805 1321 sensuum
1832 1257 1899 1322 usu

309 1377 481 1460 tanquam
500 1389 715 1464 corporeum
731 1368 919 1463 imaginari
933 1393 1057 1466 cogor,
1075 1369 1132 1441 vel
1150 1367 1238 1440 dum
1250 1366 1391 1466 'aliquid
1414 1381 1585 1464 tanquam
1605 1391 1680 1439 nou
1700 1367 1901 1441 coloratum

306 1481 480 1578 intelligo,
500 1484 708 1557 necessitate
723 1485 994 1558 consuetudinis
1009 1512 1133 1559 sensus
1155 1500 1327 1585 tanquam
1343 1487 1544 1559 coloratum
1562 1486 1751 1581 imaginor.
1770 1489 1902 1561 Sensus

308 1601 441 1700 quippe
468 1604 503 1673 io
530 1602 636 1674 nobis
660 1603 818 1700 primum
844 1606 1041 1678 excitantur
1069 1621 1105 1680 ct
1130 1607 1333 1704 frequentes
1358 1620 1460 1698 sunt;
1488 1603 1620 1678 deinde
1643 1603 1690 1677 ad
1720 1606 1901 1702 imagina-

307 1720 458 1813 tionem,
486 1722 632 1795 tandem
655 1722 701 1794 ad
726 1722 946 1798 intellectum
971 1724 1154 1798 humanus
1178 1727 1289 1822 surgit
1313 1725 1465 1797 animus.
1496 1724 1605 1813 Quod
1630 1747 1717 1796 vero
1742 1726 1899 1824 primum

307 1838 498 1913 didicimus
513 1840 651 1914 firmius
664 1842 880 1935 retinemus;
900 1843 971 1916 hoc
987 1843 1100 1917 modo
1119 1860 1171 1917 est
1187 1843 1277 1917 illud
1294 1844 1527 1918 Horatiauum
1547 1871 1556 1914 :

660 2033 734 2116 Quo
750 2033 847 2100 semel
859 2050 908 2099 est
917 2033 1041 2099 imbuta
1057 2057 1168 2100 recens
1183 2035 1322 2100 servabit
1332 2034 1466 2101 odorem

658 2132 752 2196 Testa
768 2130 824 2197 diu
836 2129 863 2196 ².

360 2324 458 2398 Adeo
476 2338 610 2417 autem,
634 2340 675 2398 ut
694 2350 803 2425 supra
827 2328 1077 2419 meminimus,
1099 2352 1225 2399 sensus
1250 2325 1475 2400 consuetudo
1495 2325 1699 2399 adnectitur
1721 2323 1840 2418 nobis,
1861 2342 1902 2399 ut

314 2444 369 2516 vir
390 2458 451 2516 aut
472 2469 659 2544 nunquam
680 2445 816 2545 aliquid
840 2445 1035 2544 intelligere
1060 2447 1253 2536 valeamus,
1274 2447 1372 2545 quod
1395 2470 1470 2518 uon
1490 2460 1663 2544 tanquam
1686 2469 1902 2544 corporeum

308 2577 344 2634 et
356 2564 539 2664 corporeis
555 2564 832 2663 proprietatibus
840 2565 1042 2663 subjectum
1055 2566 1305 2662 imaginemur.
1318 2565 1405 2637 ldeo
1421 2580 1543 2637 autem
1558 2564 1695 2637 dictum
1710 2580 1764 2637 est
1776 2569 1870 2657 «vir,
1881 2593 1900 2632 u

308 2682 392 2778 quia
418 2683 594 2773 fortassis,
616 2684 718 2779 juxta
743 2685 962 2776 Boethium⁸,
990 2684 1225 2780 intelligentia
1249 2707 1358 2782 quam
1384 2708 1583 2783 paucorum
1611 2682 1809 2757 admodum
1834 2682 1903 2755 ho·

308 2803 448 2873 minum
471 2816 507 2874 et
528 2803 638 2875 solius
660 2804 727 2876 Dei
745 2828 821 2876 esse
843 2804 947 2898 dicit,
968 2828 1115 2877 omnem
1134 2817 1172 2876 et
1187 2828 1332 2877 sensum
1349 2818 1385 2876 et
1408 2804 1700 2903 imaginationem
1720 2804 1768 2875 ita
1793 2817 1904 2874 trans·

308 2917 451 3007 cendit,
485 2933 525 2989 ut
553 2918 630 2989 sine
654 2932 810 3015 utroque
835 2918 1023 3011 habeatur,
1053 2932 1093 2990 ut
1119 2917 1285 2991 videlicet
1311 2917 1400 2990 nihil
1427 2920 1550 2990 animo
1575 2931 1739 2990 occurrat
1770 2916 1837 2987 nisi
1866 2915 1903 2989 id

308 3035 427 3108 solum
454 3034 554 3133 quod
579 3036 799 3134 intelligitur,
824 3053 932 3136 atque
962 3037 1171 3110 attenditur.
1202 3042 1264 3108 list
1287 3038 1408 3134 itaque
1433 3037 1665 3134 intelligentia
1696 3033 1904 3131 hujusmodi

313 3155 516 3229 intellectus
541 3181 649 3253 quem
679 3157 776 3230 nulla
801 3158 949 3230 confusa
974 3157 1158 3257 perceptio
1193 3157 1319 3229 animae
1343 3158 1548 3249 comitatur,
1582 3157 1656 3228 sive
1686 3179 1752 3253 per
1778 3156 1905 3250 imagi·

311 3275 497 3348 nationem
518 3276 590 3347 sive
615 3300 681 3375 per
702 3301 859 3349 sensum.
892 3281 970 3348 Deo
994 3289 1115 3348 autem
1138 3275 1276 3348 clarum
1301 3289 1354 3348 est
1381 3299 1448 3348 nec
1469 3299 1615 3347 sensum
1640 3297 1707 3345 nec
1733 3273 1904 3368 imagina-

310 3396 447 3468 tionem
464 3396 579 3468 inesse
595 3419 718 3494 posse,
736 3421 818 3468 curn
836 3396 880 3469 sit
901 3410 1095 3493 utrumque
1111 3396 1262 3468 confusa
1278 3396 1405 3469 animae
1419 3394 1620 3495 perceptio,
1645 3391 1708 3465 sed
1726 3407 1903 3491 perpetuo

309 3540 395 3590 eum
418 3527 548 3587 cuncta
570 3514 752 3588 intellectu
775 3517 982 3608 continere,
1005 3539 1111 3606 cum,
1133 3517 1162 3588 si
1187 3514 1391 3613 diligentius
1414 3513 1701 3606 consideremus,
1729 3512 1826 3584 idern
1850 3527 1905 3585 est

310 3632 508 3730 intelligere
530 3633 631 3730 quod
646 3634 749 3708 scire.
768 3636 875 3723 Quod
900 3658 986 3708 vero
1008 3632 1179 3707 Boethius
1203 3633 1290 3707 dicit
1315 3633 1585 3732 intelligentiam
1606 3631 1903 3731 paucissimorum

307 3754 501 3827 hominum
519 3778 619 3845 esse,
638 3778 865 3857 nequaquam
883 3755 984 3853 juxta
1000 3753 1226 3827 Aristotelem
1243 3755 1278 3826 in
1295 3754 1364 3826 hac
1384 3755 1457 3826 vita
1472 3754 1679 3850 contingere
1704 3748 1902 3840 credimus;

307 3874 378 3947 nisi
404 3874 495 3946 forte
518 3898 593 3979 per⁸
606 3897 789 3947 excessum
813 3875 1124 3973 contemplationis
1145 3871 1315 3947 revelatio
1337 3871 1460 3946 divina
1485 3872 1590 3946 alicui
1614 3869 1694 3962 fiat3
1721 3869 1904 3966 magisque

307 3993 409 4067 hunc
424 4018 610 4067 excessum
628 3995 759 4067 mentis
777 3995 828 4088 ,ab
849 3994 1053 4067 Aristotele·
1068 3995 1254 4067 scientiam
1271 4017 1381 4091 quam
1397 3991 1618 4064 intellectum
1635 3989 1807 4090 appellari
1825 4014 1905 4061 cre·

307 4113 449 4207 dimus,
468 4138 536 4187 nec
551 4138 636 4186 eum
652 4111 803 4186 humaui
824 4115 936 4185 animi
960 4113 1156 4186 dicendum
1173 4112 1237 4185 sed
1254 4112 1379 4199 divini,
1399 4135 1483 4183 cum
1497 4110 1573 4209 jam
1589 4134 1610 4183 a
1628 4114 1705 4182 Deo
1723 4123 1904 4207 assumpta

308 4233 430 4305 anima
454 4234 573 4331 ipsum
597 4232 757 4331 quodam
783 4232 895 4306 modo
921 4232 1050 4326 induit,
1076 4247 1113 4305 et
1134 4232 1323 4306 deficiente
1347 4245 1384 4304 et
1407 4229 1568 4329 quodam
1593 4227 1706 4301 modo
1733 4229 1769 4299 in
1796 4226 1903 4299 nobis

308 4350 486 4422 moriente
510 4349 679 4445 homine,
704 4353 893 4426 suscitatur
916 4355 1024 4425 Deus.
1052 4355 1217 4452 Opponit
1242 4351 1401 4423 fortassis
1422 4349 1550 4446 aliquis
1574 4345 1744 4419 adversus
1767 4344 1903 4416 Aristo·

307 4469 429 4558 telem,
447 4469 547 4566 quod
564 4493 649 4541 cum
665 4494 789 4542 sensus
802 4484 838 4542 et
853 4471 1052 4544 intellectus
1065 4470 1171 4543 simul
1187 4483 1284 4562 sunt,
1299 4467 1453 4541 babetur
1465 4464 1665 4539 intellectus
1679 4465 1757 4536 sine
1774 4464 1903 4560 imagi·

307 4589 468 4662 natione.
495 4586 546 4660 sd
569 4587 671 4687 quod
695 4588 954 4688 respondemus
976 4612 1052 4660 non
1079 4590 1128 4661 ita
1153 4613 1242 4663 esse.
1268 4592 1360 4660 Cum
1385 4587 1483 4660 enim
1507 4586 1645 4684 liguum
1669 4584 1771 4681 quod
1798 4581 1903 4656 video

306 4707 482 4804 intelligo,
507 4706 676 4780 duritiam
700 4721 820 4781 tamen
845 4707 922 4805 ejus
942 4707 998 4780 vel
1025 4706 1122 4780 aliud
1146 4707 1247 4806 quod
1262 4708 1358 4779 visus
1379 4731 1454 4779 non
1478 4705 1630 4804 percipit
1653 4703 1843 4801 imaginor,
1867 4715 1904 4773 et

309 4830 359 4901 ita
374 4827 510 4926 absque
527 4826 842 4925 imaginationibus
866 4841 1009 4901 nostros
1029 4826 1229 4901 intellectus
1254 4851 1330 4900 non
1354 4851 1432 4901 esse
1454 4824 1547 4898 bane
1570 4821 1656 4896 dicit
1682 4821 1899 4904 Aristotcles.

346 5105 353 5135 ¹
366 5099 428 5153 Cart.
439 5112 596 5166 corpoream.
610 5124 640 5137 -
650 5102 659 5132 ²
671 5098 748 5164 spur.
761 5112 783 5164 1,
794 5111 826 5164 u,
838 5113 862 5152 r.
875 5100 916 5152 69.
929 5125 960 5137 ·-
974 5098 1081 5150 ⁸aosu.
1093 5100 1120 5151 tn
1132 5100 1190 5151 ttbr.
1204 5099 1235 5150 ds
1245 5099 1393 5162 tompus,
1406 5110 1433 5160 p.
1444 5098 1501 5149 296.
1512 5120 1542 5133 -
1554 5097 1563 5128 ⁴
1573 5092 1634 5147 cod.
1644 5093 1786 5146 amunte.

430 5211 453 5248 11
1743 5187 1781 5244 93
