4559 6100
500 544 549 616 lili
1106 538 1230 609 PETRI
1258 534 1484 607 tuAELlunt

498 707 610 782 terrae,
633 690 749 785 elegit,
769 711 878 784 quam
895 687 995 782 quasi
1010 701 1119 784 caput
1135 685 1319 757 constituit
1336 682 1445 778 Regni
1463 682 1531 773 sui,
1554 682 1591 751 in
1607 704 1678 777 qua
1692 681 1846 777 primum
1865 678 1911 749 ad
1925 680 2090 776 magnili-

497 810 654 882 candum
673 808 809 880 cultum
833 828 940 878 snum
964 803 1140 891 edificare
1158 804 1226 876 sibi
1242 801 1430 901 templum,
1452 800 1555 898 quasi
1570 798 1687 896 regale
1703 799 1890 897 palatium,
1910 797 2035 890 voluit,
2055 816 2090 871 et

495 930 546 1001 ibi
562 930 669 1000 etiam
687 926 905 998 uberrimam
919 925 1070 1022 Spiritus
1087 924 1200 995 sancti
1217 923 1365 1017 gratiam
1382 919 1559 1019 Apostolis
1570 919 1712 1011 inludit,
1731 942 1797 1017 per
1815 941 1924 1014 quam
1945 902 2010 1015 per
2027 943 2090 991 eos

495 1061 591 1119 totus
612 1045 841 1144 spiritualiter
860 1040 1019 1114 mundus
1043 1054 1278 1136 vegetaretur.
1303 1037 1408 1111 Unde
1423 1038 1594 1134 scriptum
1613 1040 1706 1108 est¹2
1726 1037 1853 1107 «Deus
1870 1049 1991 1111 autem
2015 1039 2089 1108 Res

495 1180 617 1237 noster
634 1178 801 1262 operatus
820 1177 874 1234 est
890 1163 1042 1233 salntem
1058 1161 1095 1230 in
1116 1159 1238 1230 medio
1257 1173 1402 1228 terne.»
1423 1160 1468 1227 Et
1483 1159 1654 1227 rnrsas²z
1683 1184 1701 1222 r
1718 1159 1772 1226 De
1787 1154 1873 1225 Sion
1892 1151 1999 1235 exibit
2013 1152 2083 1246 lex,

465 1376 471 1383 ι
494 1300 528 1355 et
547 1280 698 1357 verbum
714 1282 861 1355 Domini
883 1281 929 1352 de
949 1279 1216 1353 Hierusalem.»
1234 1276 1394 1349 Medium
1411 1289 1532 1353 autem
1548 1272 1687 1363 mnndi,
1705 1284 1741 1345 et
1756 1272 1856 1371 quasi
1874 1270 2085 1347 umbilicum

494 1417 610 1490 terrae,
634 1424 742 1500 super
758 1401 860 1473 illurn
878 1398 1073 1471 Ezechielis
1089 1396 1229 1488 locum,
1252 1420 1326 1494 quo
1343 1396 1516 1493 scriptum
1534 1395 1605 1465 est¹
1621 1420 1630 1463 ε
1649 1422 1667 1460 r<
1681 1396 1763 1463 Haec
1780 1390 1868 1463 dicit
1883 1391 2082 1465 Dominus:

493 1525 561 1593 lua
583 1537 637 1593 est
659 1520 880 1593 Hierusalem
903 1519 941 1589 in
958 1517 1080 1590 medio
1101 1517 1260 1612 gentium
1272 1515 1403 1613 posita,
1427 1488 1521 1586 esi!
1534 1513 1682 1585 circuitu
1700 1512 1907 1608 ejusaem,
1924 1537 1943 1577 u
1963 1511 2086 1584 Hiero-

491 1664 620 1736 nymus
638 1640 693 1710 his
712 1640 835 1711 asserit
851 1636 1009 1710 verbim:
1038 1633 1292 1705 «Hierusalem
1306 1633 1343 1704 in
1359 1631 1480 1704 medio
1495 1630 1622 1703 mundi
1637 1631 1741 1703 sitam
1749 1682 1761 1718 ,
1778 1659 1795 1696 s
1815 1628 1876 1701 hic
1887 1627 1985 1701 idem
1999 1633 2085 1700 Pro·

491 1757 599 1855 pheta
614 1773 774 1848 testatur,
791 1752 999 1829 umbilicum
1015 1767 1117 1826 terrae
1133 1774 1215 1825 eam
1230 1776 1307 1824 esse
1322 1752 1585 1823 demonstrans.
1603 1744 1847 1825 EtPsalmista
1859 1747 2006 1819 Domini
2023 1773 2082 1820 ex·

492 1878 649 1974 primsus
672 1876 923 1976 passionem-¹:
949 1904 967 1942 a
983 1876 1159 1972 operatus
1183 1887 1255 1960 est,
1278 1901 1295 1937 ³>
1316 1870 1386 1962 ait,
1416 1900 1434 1935 r
1451 1868 1601 1940 salutem
1624 1868 1662 1939 in
1681 1865 1803 1939 medio
1820 1881 1932 1938 terrae.
1958 1894 1974 1935 n
1994 1867 2085 1938 llic‘

490 1993 648 2092 plantata
659 2011 715 2067 est
730 1996 852 2084 vinea,
868 1994 968 2092 quae'
985 1990 1173 2063 «extendit
1192 1990 1355 2088 palmites
1373 2013 1459 2061 suos
1479 2010 1592 2084 nsque
1608 1984 1656 2058 ad
1671 2009 1783 2068 marc,
1799 2013 1817 2052 >r
1833 2009 1917 2057 cum
1931 1983 1991 2055 hic
2002 1985 2084 2057 vitis

489 2138 574 2186 vera
596 2113 777 2203 Christus,
800 2111 978 2211 apostolis
1002 2112 1076 2182 suis
1101 2110 1204 2208 quasi
1228 2107 1433 2208 palmitibus
1458 2130 1523 2205 per
1548 2105 1753 2204 uniuersum
1778 2102 1905 2175 orbem
1922 2102 2079 2194 directis,

489 2233 694 2304 universum
706 2232 884 2304 mundum
896 2230 1057 2303 ubertate
1072 2227 1245 2301 doctrinm
1261 2225 1453 2324 spiritualis
1469 2222 1670 2297 inebriavit.
1690 2226 1744 2293 De
1756 2222 1825 2295 bac
1840 2236 1962 2294 autem
1977 2247 2081 2319 vege·

487 2351 622 2421 tatione
639 2374 682 2422 ac
698 2349 937 2429 vivificatione
952 2350 1104 2447 Spiritus
1116 2347 1242 2438 sancti,
1256 2349 1407 2417 Sanctus
1422 2341 1606 2449 Salvianus
1619 2341 1828 2441 Episcopus,
1846 2340 1893 2414 ad
1910 2345 2079 2417 Sanctum

487 2467 670 2540 Salonium
686 2469 918 2567 Episcopum,
929 2464 992 2540 lib.
1010 2470 1038 2537 l.
1053 2467 1097 2538 de
1115 2465 1377 2541 (tabernarum
1392 2465 1472 2550 Dei,
1490 2460 1765 2559 Pythagoricum
1777 2460 2081 2535 testimoniumin·

486 2590 584 2662 ducit
601 2590 744 2662 dicens:
768 2576 1014 2687 «Pythagoras
1031 2589 1284 2688 Philosophus,
1303 2612 1413 2684 quem
1429 2587 1529 2684 quasi
1544 2585 1759 2683 magistrum
1771 2594 1878 2657 suum
1893 2584 1970 2682 ipsa
1988 2584 2079 2655 Plri-
2141 2552 2146 2577 ¹

489 2708 654 2806 losopbla
664 2709 830 2805 suscepit,
852 2708 899 2779 de
916 2702 1043 2779 natura
1059 2733 1100 2779 ac
1115 2707 1300 2781 beneficiis
1310 2708 1376 2778 Dei
1389 2707 1567 2778 disserens
1582 2706 1633 2777 sic
1649 2694 1790 2776 locutus
1805 2718 1879 2776 est:
1896 2734 1913 2770 α
1929 2703 2076 2777 Animus

488 2857 504 2890 a
527 2850 592 2924 per
609 2850 736 2897 omues
759 2824 888 2897 mnndi
907 2842 1025 2924 partes
1035 2848 1250 2899 commeans
1270 2839 1378 2923 atque
1396 2824 1566 2916 dillusus,
1595 2849 1638 2896 ex
1658 2850 1733 2921 quo
1757 2826 1879 2897 omnia
1895 2849 1973 2922 quae
1994 2850 2101 2897 nas··

487 2974 505 3013 r
523 2958 654 3015 cuntur
668 2943 835 3016 animalia
853 2944 962 3015 vitam
981 2942 1140 3041 capiunt.
1156 2942 1384 3031 »Quomodo
1400 2944 1506 3039 igitur
1522 2942 1700 3015 mundum
1715 2942 1891 3040 negligere
1907 2944 2004 3015 Dens
2017 2945 2077 3017 di·
2113 2945 2115 2947 ’

483 3065 590 3155 citur,
607 3087 717 3162 quem
730 3062 802 3134 hoc
819 3063 898 3161 ipso
911 3063 996 3135 satis
1009 3063 1138 3160 diligit,
1155 3063 1254 3160 quod
1271 3063 1388 3160 ipsum
1405 3087 1443 3134 se
1461 3088 1526 3161 per
1543 3077 1659 3134 totum
1675 3063 1802 3135 mundi
1815 3088 1948 3163 corpus
1963 3066 2076 3137 inten-

483 3178 559 3250 dit?
572 3208 589 3243 s
608 3182 663 3249 De
679 3176 984 3249 Salviano·autem
999 3178 1079 3275 ipso
1098 3176 1324 3263 Massiliensis
1340 3177 1496 3250 ecclesiae
1513 3179 1698 3276 episcopo,
1714 3192 1750 3250 et
1767 3179 1813 3249 de
1828 3178 1922 3250 libro
1939 3179 2015 3275 ejus
2029 3181 2077 3252 ad

481 3295 667 3369 Salonium
680 3295 914 3394 episcopum,
935 3309 972 3367 et
992 3294 1070 3366 aliis
1084 3295 1407 3393 operibus-ipsius,
1426 3296 1634 3369 Gennadius
1648 3296 1875 3368 Massiliensis
1890 3296 2077 3394 presbyter

480 3414 523 3486 de
538 3412 740 3485 Illusrrzbus
751 3416 835 3485 viris
847 3412 1019 3506 scribens,
1036 3415 1132 3485 inter
1144 3414 1402 3486 illuslresviros
1418 3430 1594 3486 eteorum
1614 3438 1726 3512 opera
1741 3415 1960 3487 mentionem
1974 3416 2070 3490 lacit.

480 3533 551 3621 Qui
569 3534 676 3604 etiam
693 3547 775 3630 post
793 3532 1001 3629 Pythagora
1016 3534 1263 3604 testimonium
1275 3587 1285 3625 ,
1297 3532 1460 3604 ·Tnllium
1475 3533 1672 3625 inducens,
1691 3537 1808 3605 Deum
1826 3534 2074 3631 ipsumquem

481 3649 699 3745 Pythagoras
722 3649 886 3719 animum
911 3664 1035 3739 vocnt,
1063 3663 1224 3722 mentem
1242 3675 1267 3720 a
1279 3649 1393 3721 Tullio
1411 3651 1583 3749 appellari
1606 3664 1886 3738 commemorat,
1914 3651 2039 3724 dicens
2058 3681 2068 3722 ε

482 3796 499 3834 e
518 3766 652 3837 Tullius
666 3788 812 3864 qnoque
825 3791 858 3833 :s
869 3765 1040 3837 Necvero
1056 3770 1154 3837 Deus
1167 3766 1256 3865 ipse,
1272 3768 1403 3865 inquit,
1418 3770 1480 3865 qui
1492 3770 1697 3867 intelligitur
1708 3794 1730 3843 a
1741 3768 1859 3862 nobis,
1871 3767 1943 3841 alio
1955 3768 2070 3842 modo

481 3916 498 3951 κ
521 3883 668 3979 intelligi
683 3895 801 3981 potest
810 3906 921 3978 quam
931 3907 1032 3955 mens
1040 3883 1158 3955 soluta
1166 3884 1331 3982 quaedam
1341 3901 1377 3958 et
1386 3886 1500 3961 libera
1512 3904 1547 3961 et
1555 3887 1793 3986 segregataab
1804 3887 1902 3960 omni
1915 3910 2071 3983 magre-

481 4035 498 4068 «
521 4002 663 4100 gatione
673 4001 836 4094 mortali,
855 4002 979 4073 omnia
991 4002 1148 4074 sentiens
1161 4017 1198 4074 et
1212 4029 1375 4077 movens.
1390 4005 1511 4078 »Alibi
1526 4032 1695 4105 quoque:
1717 4037 1736 4076 e
1747 4007 1841 4079 Nihil
1855 4020 1921 4097 est,
1932 4006 2068 4102 inquit,

479 4153 496 4189 a
516 4122 738 4220 prestantius
755 4126 846 4192 Deo.
863 4151 881 4188 n
900 4151 918 4187 (ε
931 4120 984 4193 lb
1000 4146 1046 4194 eo
1060 4123 1167 4219 igitur
1184 4123 1362 4196 mundum
1376 4127 1450 4221 regi
1462 4152 1606 4200 necesse
1622 4140 1688 4201 est.
1709 4127 1803 4199 Nulli
1814 4128 1920 4224 igitur
1933 4138 2070 4198 naturae

476 4240 649 4313 obediens
660 4240 994 4338 autsubjectusest:
1011 4265 1158 4313 omnem
1168 4243 1276 4339 igitur
1283 4243 1360 4342 ipse
1369 4247 1460 4342 regit
1471 4261 1650 4319 naturam.
1663 4275 1682 4314 s
1695 4246 1911 4342 Augustinus
1921 4268 2069 4341 quoqne

369 4451 374 4458 ι
475 4358 538 4431 llb.
557 4363 634 4450 llll,
653 4358 696 4430 de
712 4361 815 4431 Cirit.
829 4363 918 4451 Dei,
937 4384 1018 4460 cap.
1037 4363 1167 4449 xxx11⁸,
1183 4360 1230 4434 de
1238 4364 1400 4436 Varrone
1415 4364 1590 4462 loquens,
1607 4367 1677 4437 ait:
1700 4394 1718 4433 α
1734 4365 1830 4436 Dicit
1844 4365 1951 4436 etiam
1968 4362 2065 4434 idem

474 4489 601 4548 auctor
618 4477 841 4548 acutissimus
853 4493 961 4574 atque
976 4477 1222 4573 doclissimus,
1242 4481 1342 4577 quod
1365 4481 1404 4552 bi
1420 4480 1487 4553 soli
1505 4483 1556 4554 ei’
1572 4481 1764 4556 videantur
1776 4478 2068 4554 animadvertisse

473 4590 561 4691 quid
578 4597 800 4686 essetDeus,
819 4596 881 4691 qui
897 4595 1126 4668 crediderunt
1140 4622 1217 4670 esse
1230 4599 1401 4693 animam,
1421 4615 1523 4673 motu
1532 4625 1576 4673 ac
1590 4601 1729 4672 ratione
1741 4599 1919 4672 mundum
1934 4594 2067 4693 guber·

474 4715 631 4782 dantem.
655 4740 672 4779 n
693 4711 848 4788 lentem
863 4714 995 4809 itaque,
1010 4714 1048 4785 id
1064 4731 1118 4788 est
1132 4717 1383 4790 animum'siv'e
1399 4719 1576 4811 animam,
1596 4724 1713 4791 Deum
1727 4716 1915 4809 dixerunt,
1931 4738 2067 4788 secun-

503 4939 508 4965 ¹
523 4933 1238 5016 Psalm.aritini.12.-²Isni.,cap.'u,r.³.—³Ezerlr.,
1294 4940 1365 4991 Aub.
1377 4964 1407 4978 -
1418 4941 1518 4995 tesam.
1533 4956 1618 5004 cxxix,
1632 4957 1655 4996 v.
1672 4945 1709 4996 12
1723 4967 1752 4977 -
1765 4943 1775 4973 ¹
1786 4942 1839 4992 Db.
1856 4938 1898 5003 lv,
1916 4954 1970 5002 cap.
1992 4953 2064 4999 mr,

470 5026 524 5076 cap.
539 5028 564 5076 r,
578 5023 600 5064 r.
614 5018 638 5066 5.
663 5041 691 5052 -
714 5015 810 5079 topia,
832 5023 851 5064 t.
870 5013 914 5079 tu,
934 5018 980 5068 cot.
1000 5019 1056 5070 uo.
1076 5021 1127 5055 ·-⁸
1150 5019 1237 5069 Psatn.
1294 5021 1369 5084 opp„
1390 5030 1409 5071 t.
1428 5019 1480 5083 vll,
1499 5025 1545 5075 cot.
1566 5021 1735 5076 tlt—⁸&
1751 5022 1812 5073 ssed.
1839 5021 1900 5073 tter.
1921 5021 1954 5070 Bt
1973 5032 2020 5083 pro
2041 5022 2065 5071 u·

470 5100 556 5153 cruri,
568 5103 591 5142 s.
604 5097 644 5145 12.
653 5119 683 5131 -
694 5093 751 5145 ‘Sto
761 5094 822 5146 Ood.
834 5091 896 5145 t'trt.
915 5095 979 5147 aur
990 5110 1036 5159 pro
1050 5097 1169 5151 Eicmalo
1179 5099 1238 5160 legit
1263 5117 1270 5142 ι
1292 5101 1364 5151 Amb.
