4559 6100
492 567 563 652 296
1090 572 1219 644 PETRl
1246 567 1479 646 tnAELtttbt

492 717 528 786 in
544 716 718 787 sententia
729 717 775 787 sit
784 718 988 816 perfectius,
1001 733 1036 790 et
1051 721 1088 791 in
1103 721 1222 794 verbis
1235 721 1392 794 brevius.
1409 749 1427 786 r
1441 726 1482 791 Et
1492 720 1583 790 sicut
1595 714 1756 816 praedixit
1772 711 2000 800 idemlsaias,
2016 710 2079 783 nisi

492 835 668 906 Dominus
677 834 841 924 sabaoth,
857 867 874 904 a
888 837 922 909 id
935 855 986 911 est
997 840 1230 934 exercituum,
1245 843 1307 940 qui
1319 842 1509 914 adversum
1523 861 1673 934 regnum
1684 833 1913 907 diabolisuos
1923 831 2081 930 quotidie

493 953 611 1050 dirigit
622 953 825 1047 bellatores,
844 957 935 1029 sicut
953 960 1194 1058 scriptumest
1215 990 1222 1033 :
1241 961 1448 1033 «Terribilis
1469 975 1507 1030 ut
1524 971 1723 1029 castrorum
1744 955 1837 1027 acies
1856 952 2050 1024 ordinata¹.
2064 980 2078 1016 u

496 1105 514 1140 «
534 1074 744 1169 Reliquisset
761 1075 867 1147 nobis
883 1101 1020 1171 semen,
1037 1110 1053 1144 o
1075 1078 1112 1152 id
1129 1097 1182 1153 est
1202 1105 1285 1152 cum
1301 1105 1368 1178 pro
1384 1078 1489 1177 culpa
1507 1100 1571 1148 sua
1587 1089 1749 1147 nostrum
1767 1071 1961 1171 populum,
1978 1071 2015 1142 id
2032 1083 2081 1143 est

491 1193 679 1265 ludaicum
701 1212 892 1268 excaecaret
909 1212 944 1269 et
960 1222 981 1270 a
998 1199 1108 1296 gratia
1126 1224 1191 1271 sna
1206 1212 1418 1285 removeret,
1438 1212 1474 1270 et
1491 1197 1593 1294 quasi
1618 1194 1664 1267 ab
1687 1217 1771 1267 arca
1791 1216 1856 1265 sua
1876 1204 2082 1289 corruptam

492 1337 675 1385 annonam
691 1315 894 1412 projiceret,
913 1318 1184 1415 retinuissetque
1201 1317 1269 1390 sibi
1284 1319 1424 1416 aliquos
1441 1333 1612 1413 tanquam
1629 1338 1765 1403 semen,
1784 1313 1875 1384 sicut
1897 1309 2081 1410 Apostolos

492 1447 529 1505 et
553 1445 697 1505 caeteros
726 1433 886 1506 Ecclesia
914 1438 1101 1535 primitivae
1126 1437 1262 1510 fideles.
1294 1468 1311 1506 u
1334 1439 1433 1509 Sicut
1457 1437 1616 1509 Sodoma
1641 1434 1830 1506 fuissemus
1846 1445 1884 1503 et
1896 1430 1992 1512 „sicut
2007 1432 2082 1501 Go-

496 1577 626 1626 morra.
643 1582 661 1621 u
683 1555 752 1635 Ubi
768 1555 901 1653 pariter
915 1581 997 1629 cum
1015 1559 1116 1656 prole
1133 1583 1196 1630 sua
1214 1575 1380 1657 parentes
1395 1573 1479 1629 sunt
1499 1555 1734 1646 exterminati,
1755 1568 1794 1625 ut
1809 1575 1877 1624 nec
1889 1553 2010 1623 semen
2028 1576 2082 1622 re·

493 1674 708 1770 linquerent.
730 1676 769 1743 lu
785 1675 921 1752 semine
933 1692 1167 1749 conservatur
1183 1678 1314 1750 utilitas
1328 1678 1459 1776 prioris
1474 1700 1640 1766 annonae,
1658 1688 1694 1745 et
1711 1673 1858 1769 antiqua
1871 1671 2083 1742 reviviscunt

493 1806 529 1863 et
546 1805 779 1880 renovantur,
797 1808 832 1864 ct
849 1818 891 1865 ex
909 1797 1032 1895 paucis
1043 1799 1155 1870 multa
1168 1811 1418 1897 procreantur.
1438 1796 1495 1868 Sic
1513 1797 1549 1866 in
1574 1793 1750 1893 apostolis
1765 1805 1800 1864 et
1816 1790 1950 1863 caeteris
1964 1791 2082 1888 primi·

496 1914 573 1983 tivae
585 1911 748 1984 Ecclesiae
764 1913 934 1988 membris
956 1915 1233 2015 praecedentium
1250 1933 1389 2018 patrum
1409 1916 1537 1988 utilitas
1550 1929 1602 1987 est
1618 1926 1899 2013 recompensata,
1915 1927 1951 1984 et
1964 1912 2084 1984 revixit

495 2031 631 2129 religio,
652 2056 852 2131 magnaque
865 2034 954 2107 inibi
966 2035 1095 2109 divinae
1113 2040 1234 2111 messis
1251 2064 1313 2138 per
1327 2038 1535 2110 universum
1550 2034 1725 2107 mundum
1735 2032 1923 2132 pullulavit
1939 2031 2080 2104 utilitas.

497 2177 516 2218 n
530 2150 626 2239 Quid
642 2174 739 2249 ergo.
759 2181 776 2218 u
795 2154 1099 2253 Quandoquidem
1119 2183 1195 2230 non
1219 2158 1385 2231 dilectam
1406 2156 1487 2228 lecit
1503 2153 1684 2242 dilectam,
1707 2166 1742 2224 et
1760 2176 1857 2223 nunc
1874 2177 1894 2224 e
1910 2173 2082 2223 converso

497 2269 657 2343 videmus
671 2270 838 2343 dilectam
857 2274 985 2347 saetam
1006 2300 1080 2349 non
1098 2277 1279 2368 dilectam,
1305 2277 1342 2350 id
1366 2290 1419 2349 est
1439 2275 1554 2348 electo
1574 2271 1712 2372 populo
1738 2272 1860 2368 gentili
1878 2285 1995 2343 totum
2015 2269 2083 2342 lere

496 2389 599 2462 lsrael
618 2390 851 2489 reprobatum
866 2418 954 2485 esse,
974 2418 1045 2492 qua
1066 2420 1173 2469 causa
1190 2396 1225 2469 id
1249 2396 1418 2469 accidisse
1435 2394 1614 2481 dicemus,
1641 2390 1687 2463 de
1714 2389 1970 2488 reprobatione
1992 2388 2086 2461 vide·

495 2509 576 2583 licet
591 2510 716 2609 populi
733 2512 814 2582 sui?
841 2517 883 2585 Et
899 2512 970 2587 boc
993 2529 1066 2609 est,
1097 2516 1186 2612 quid
1209 2516 1369 2588 dicemus
1397 2539 1504 2613 super
1524 2513 1616 2602 hoc,
1639 2510 1772 2583 scilicet
1797 2509 1898 2609 quod
1925 2508 2082 2606 gentiles,

496 2632 559 2726 qui
576 2631 740 2728 primitus
765 2656 839 2704 non
863 2649 1040 2706 noverant
1062 2636 1248 2732 justitiam,
1272 2635 1308 2708 id
1334 2650 1386 2707 est
1409 2634 1517 2706 fidem
1542 2657 1620 2730 quae
1647 2631 1885 2729 adjustitiam
1911 2628 2084 2729 perducit,

498 2774 595 2820 nunc
623 2750 900 2847 apprehendunt
923 2754 1116 2849 justitiam,
1151 2756 1247 2827 illam
1274 2755 1405 2827 scilicet
1439 2778 1560 2827 veram
1594 2753 1704 2825 animi
1732 2752 1905 2849 justitiam
1937 2774 2015 2847 quae
2044 2773 2084 2819 ex

497 2865 570 2939 fide
586 2881 651 2960 est,
670 2893 746 2940 non
763 2873 892 2967 quaein
910 2873 1145 2945 exterioribus
1174 2875 1333 2946 consistit
1354 2874 1535 2972 operibus.
1568 2871 1708 2945 «lsrael
1723 2896 1820 2962 vero,
1840 2899 1856 2936 n
1884 2869 1921 2941 id
1950 2884 2002 2940 est
2022 2892 2087 2967 po·

498 2986 604 3085 pulus
621 2986 840 3081 ludaeorum,
863 2992 1064 3065 «sectando
1080 2994 1194 3092 legem
1210 2994 1364 3092 justitiae,
1380 3023 1396 3061 a
1417 2993 1455 3066 id
1470 3007 1523 3066 est
1536 2990 1736 3065 exercendo
1752 2973 1998 3064 auctoritatem
2012 3012 2088 3060 cor·

498 3106 631 3205 poralis
648 3106 826 3200 vindicta,
848 3138 866 3178 a
879 3134 953 3183 non
970 3115 1132 3210 pervenit
1146 3114 1185 3184 in
1202 3114 1330 3211 legem,
1343 3143 1360 3182 n
1377 3114 1413 3186 id
1431 3129 1495 3204 est,
1513 3139 1588 3185 non
1609 3112 1743 3209 recepit
1764 3110 1957 3210 perlectam
1976 3112 2089 3179 Evan-

497 3226 579 3321 gelii
590 3227 806 3322 doctrinam,
828 3255 906 3329 quae
929 3231 1004 3304 sola
1028 3232 1209 3328 justitient.
1237 3237 1356 3321 Quare
1379 3234 1463 3324 hoo,
1484 3234 1623 3330 inquit?
1640 3233 1813 3330 quianon
1837 3227 2087 3329 apprehendit,

497 3344 652 3419 subaudi
664 3346 849 3443 justitiam,
870 3375 949 3448 quae
961 3375 1003 3423 ex
1016 3350 1087 3424 lide
1102 3366 1168 3443 est,
1181 3352 1245 3425 sed
1261 3355 1362 3451 quasi
1373 3354 1546 3450 justitiam
1558 3378 1633 3424 noo
1651 3375 1736 3424 vere
1744 3351 1933 3449 justitiam,
1950 3373 2030 3447 quae
2046 3372 2088 3420 ex

497 3466 680 3565 operibus,
700 3466 738 3539 id
755 3483 821 3563 est,
836 3469 922 3568 legis
938 3470 1092 3545 litteram
1107 3473 1331 3545 occidentem
1348 3496 1500 3570 sequens
1515 3473 1553 3543 in
1579 3470 1814 3544 exterioribus
1833 3483 1868 3541 et
1887 3466 2089 3542 carnalibus

499 3584 748 3679 observantiis,
767 3589 940 3687 spirituali
962 3605 998 3662 et
1022 3593 1172 3689 mystica
1197 3592 1426 3688 intelligentia
1442 3616 1521 3690 quae
1538 3615 1581 3662 ex
1601 3590 1672 3663 fide
1688 3589 1818 3662 Christi
1835 3587 1997 3679 aedificat,
2014 3611 2089 3659 non

498 3718 551 3777 est
564 3705 788 3801 justificatus,
806 3723 842 3779 et
854 3708 1069 3805 justificatus
1083 3712 1176 3783 sicut
1190 3712 1361 3809 scriptum
1378 3726 1430 3782 est
1451 3739 1459 3781 ε
1486 3743 1503 3777 a
1518 3716 1637 3782 Justus
1653 3734 1695 3782 ex
1719 3708 1789 3781 fide
1805 3709 1937 3780 vivit.»
1957 3711 2000 3777 Et
2018 3706 2090 3777 hoc

499 3821 582 3894 ideo
599 3824 685 3920 quia
705 3852 723 3892 a
737 3824 968 3899 offenderunt
983 3829 1020 3899 in
1039 3828 1195 3927 lapidem
1204 3829 1427 3920 offensionis,
1442 3859 1459 3897 u
1471 3831 1508 3902 id
1518 3846 1583 3919 est,
1598 3854 1662 3929 per
1671 3829 1852 3901 Christum
1863 3824 2091 3899 scandalizati

500 3957 597 4032 sunt,
615 3968 723 4042 quem
745 3961 893 4046 propter
918 3948 1084 4021 humanae
1111 3962 1246 4020 nature
1273 3948 1517 4023 infirmitatem
1542 3954 1657 4022 Deum
1682 3950 1829 4021 minime
1846 3946 2089 4020 crediderunt.

499 4062 624 4134 Solent
639 4062 749 4161 pedes
772 4066 970 4165 impingere
991 4082 1100 4164 atque
1121 4066 1256 4140 ollendi
1274 4069 1310 4140 in
1329 4070 1447 4168 parvis
1463 4067 1656 4168 lapidibus,
1672 4070 1733 4166 qui
1751 4092 1822 4167 prae
1839 4066 2011 4165 parvitate
2027 4088 2093 4138 sua

503 4181 556 4253 vix
573 4181 709 4256 adverti
725 4199 888 4283 possunt.
908 4186 966 4257 Sic
982 4201 1018 4258 et
1037 4186 1197 4259 Christus
1214 4213 1282 4287 pro
1299 4191 1472 4288 parvitate
1495 4214 1569 4261 suae
1588 4187 1796 4262 humilitatis
1819 4209 1928 4285 quam
1952 4183 2094 4258 mundo

499 4299 671 4390 exhibuit,
691 4326 713 4376 a
731 4303 859 4377 ludaeis
870 4320 1112 4405 contemptus,
1131 4307 1222 4406 lapis
1240 4308 1316 4404 ejus
1333 4308 1542 4381 offensionis
1560 4310 1673 4382 lactus
1685 4323 1751 4401 est,
1771 4307 1861 4379 utin
1879 4329 1964 4377 eum
1980 4302 2094 4376 tadei

501 4444 575 4493 non
589 4420 787 4513 credentes,
806 4424 853 4497 ad
868 4449 909 4498 ea
926 4451 1004 4524 qnae
1024 4426 1157 4499 diceret
1174 4426 1457 4524 indignarentur.
1481 4457 1497 4497 n
1517 4429 1614 4500 Sicut
1637 4428 1809 4527 scriptum
1832 4438 1885 4498 est
1907 4453 1924 4493 u
1948 4425 1985 4497 in
2011 4426 2095 4522 ipso

499 4539 664 4614 videlicet
676 4542 776 4616 lsaia.
789 4575 806 4611 α
818 4548 909 4618 Ecce
922 4571 1035 4645 pono.
1049 4577 1066 4612 n
1077 4545 1196 4620 Verba
1207 4547 1318 4618 Patris
1327 4562 1410 4619 sunt
1419 4561 1453 4620 et
1466 4549 1656 4648 promissio
1669 4547 1715 4621 de
1727 4546 1814 4619 Filio
1823 4567 1890 4618 suo
1899 4542 2092 4617 mittendo.

503 4687 521 4727 a
537 4663 627 4733 Ecce
643 4686 757 4760 pono,
771 4692 788 4730 u
809 4663 846 4736 id
862 4666 998 4763 estjam
1015 4666 1114 4765 apud
1127 4691 1186 4738 me
1202 4665 1413 4765 ponendum
1432 4667 1606 4761 delibero,
1629 4668 1666 4740 in
1687 4666 1842 4738 Ecclesia
1863 4665 2000 4741 humile
2017 4664 2099 4736 fun·

501 4778 724 4874 (lamentum,
748 4781 811 4855 sed
834 4783 936 4877 lorte,
960 4784 1072 4865 idest
1096 4784 1258 4858 Verbum
1285 4787 1522 4861 incarnatum.
1547 4787 1640 4876 Quia
1661 4787 1757 4858 enim
1776 4785 1866 4883 lapis
1886 4798 1953 4878 est,
1972 4784 2095 4856 forte:

501 4900 586 4996 quia
605 4899 827 4996 offensionis,
842 4902 991 4998 humile,
1010 4920 1045 4978 et
1062 4905 1393 4981 abotlendentibus
1410 4909 1446 4979 in
1465 4932 1547 4981 eum
1563 4904 1862 4981 conculcandum.
1888 4932 1906 4973 a
1926 4905 2053 4977 Omnis
2077 4932 2097 4970 u

535 5174 541 5201 ¹
555 5169 628 5223 Cant.
640 5187 664 5228 c.
677 5187 711 5240 n,
724 5188 747 5227 r.
760 5179 783 5228 a.
