4559 6100
420 560 494 630 ³¹2
1026 553 1155 627 efflat
1179 553 1414 628 Anniam

473 700 720 778 «Oaltitndo.
739 731 758 770 n
777 701 995 775 Exclamstio
1010 701 1222 776 admbantis
1237 703 1529 801 estsuperistam
1544 699 1695 773 multam
1715 697 1885 795 abyssum
1901 693 2012 767 divini

418 821 557 920 judicii,
572 822 620 896 de
636 823 753 922 prima
766 819 900 894 scilicet
915 819 1090 893 electione
1104 818 1242 893 ludoici
1256 820 1382 919 populi
1390 873 1403 908 ,
1419 833 1457 893 et
1472 817 1727 919 reprobatione
1739 814 1959 896 Gentilium,
1978 829 2014 885 et

422 945 469 1019 de
485 968 581 1018 nova
596 968 695 1017 nunc
712 944 887 1016 electione
902 943 1099 1016 Gentilium
1121 942 1159 1012 in
1174 941 1451 1013 conversionem
1468 941 1689 1032 multorum,
1707 953 1744 1013 et
1760 936 2015 1037 reprobatione

422 1061 646 1157 Judaeornm,
674 1077 746 1135 tam
770 1062 894 1162 paucis
914 1059 1026 1133 modo
1048 1058 1183 1132 scilicet
1202 1033 1396 1148 muretus,
1417 1058 1482 1131 sed
1504 1057 1737 1158 postmodnm
1764 1056 1908 1156 plenius
1930 1080 2016 1128 oon-

423 1179 631 1254 vertendis:
651 1196 692 1254 nt
708 1182 772 1279 qui
787 1181 875 1253 olim
898 1180 937 1251 in
955 1178 1028 1251 lide
1047 1180 1183 1251 Gentes
1204 1190 1476 1276 precesserant,
1493 1176 1730 1277 postmodum
1750 1187 1959 1272 sequantur,
1978 1189 2014 1247 et

425 1298 512 1372 liant
527 1300 712 1372 novissimi
730 1299 850 1400 primi.
867 1328 885 1362 ι
900 1295 1072 1386 Altitudo,
1088 1327 1107 1364 ι
1125 1294 1165 1368 id
1180 1309 1234 1368 est
1247 1294 1473 1394 profunditas
1491 1295 1631 1369 occulta
1646 1293 1754 1368 nobis
1768 1293 1886 1366 divitis
1899 1305 1936 1364 et
1952 1317 2014 1364 on-

424 1418 533 1514 piosae
545 1447 563 1484 α
573 1419 781 1518 sapientiae»
798 1418 876 1508 Dei,
890 1428 1067 1514 quantum
1084 1413 1131 1486 ad
1145 1415 1403 1514 prescientiam
1419 1414 1542 1513 ipsius,
1555 1429 1592 1486 et
1610 1415 1793 1487 «scientie
1805 1445 1823 1479 ι
1839 1426 2011 1510 quantum

424 1535 469 1607 ad
488 1537 599 1635 ipsius
615 1538 735 1636 operis
749 1536 930 1622 effectum,
950 1558 994 1606 ex
1012 1557 1087 1630 quo
1103 1534 1252 1632 praevisa
1268 1533 1327 1606 illa
1338 1535 1413 1631 jam
1427 1534 1509 1605 sciri
1524 1547 1688 1632 possunt.
1710 1536 1862 1621 «Quam
1877 1532 2014 1602 inoom·

424 1654 720 1752 prehensibilia»
748 1655 861 1729 idest
883 1678 994 1753 quam
1014 1651 1253 1752 impossibiles
1274 1677 1399 1726 snmus
1424 1653 1471 1725 ad
1495 1675 1620 1726 causas
1641 1652 1719 1725 illas
1745 1649 2015 1747 cognoscendas

423 1771 729 1870 dispensationum
755 1773 811 1846 vel
838 1772 1113 1872 dispositionum
1131 1771 1222 1867 ejus,
1249 1794 1361 1869 quare
1387 1770 1556 1844 videlicet
1579 1771 1631 1842 sic
1652 1770 1811 1843 docuerit
1834 1766 2013 1864 agendum

424 1914 512 1980 esse,
532 1905 725 1989 antequam
746 1890 885 1982 fierent,
905 1907 941 1964 et
957 1905 1037 1990 post
1053 1889 1219 1963 ellectum
1233 1913 1401 1989 operum,
1418 1919 1436 1954 ι
1452 1886 1714 1986 investigabiles
1726 1887 1896 1985 viaeejus3
1915 1917 1933 1951 ι
1951 1885 2015 1958 vin

424 2010 559 2108 quippe
583 2010 662 2101 Dei,
693 2010 827 2108 quibus
854 2008 1019 2083 videlieet
1044 2007 1091 2081 ad
1116 2009 1359 2106 cognitionem
1376 2007 1453 2104 ejus
1479 2007 1642 2097 venitur,
1671 2008 1749 2104 ejus
1775 2021 1860 2080 sunt
1886 2029 2010 2106 opera,

425 2127 517 2200 sicut
534 2126 630 2202 idem
651 2128 841 2228 Apostolus
861 2151 969 2227 supra
987 2127 1163 2220 meminit,
1182 2125 1322 2198 dioens¹
1342 2155 1351 2197 :
1374 2153 1392 2193 t<
1406 2124 1600 2197 invisibilia
1621 2125 1720 2198 enim
1742 2126 1853 2223 ipsius
1871 2147 1894 2197 a
1915 2148 2014 2196 crea·

426 2259 520 2339 tura,
548 2260 617 2319 ete.
634 2277 652 2313 s
679 2250 800 2346 Opera
827 2248 948 2345 itaque
975 2246 1055 2338 Dei,
1085 2270 1167 2342 quae
1190 2267 1298 2316 seusu
1327 2242 1489 2341 quotidie
1512 2245 1734 2343 experimur,
1760 2241 2015 2341 investigabilia

426 2363 531 2437 nobis
543 2381 640 2458 sunt,
659 2367 743 2464 (pria
761 2365 919 2438 occultas
931 2390 1057 2439 eorum
1076 2380 1223 2437 naturas
1244 2361 1410 2435 nondum
1431 2362 1607 2435 discutere
1627 2364 1766 2436 ratione
1786 2364 2012 2463 suscipimus.
2050 2357 2054 2366 “

427 2487 497 2555 Nec
515 2484 660 2558 mirum.
681 2515 699 2553 e
714 2486 804 2573 Quis
824 2486 921 2557 enim
938 2484 1107 2582 cognovit
1130 2507 1273 2557 sensum
1290 2482 1370 2575 Dei,
1390 2513 1407 2547 ι
1430 2481 1468 2553 id
1487 2496 1540 2554 est
1561 2483 1739 2555 rationem
1758 2506 1869 2580 quam
1891 2481 2016 2555 habuit

426 2602 460 2672 io
477 2623 549 2675 ‘sua
573 2603 792 2700 prescientia
813 2601 860 2674 de
878 2602 935 2674 his
956 2627 1035 2701 quae
1058 2602 1216 2673 facturus
1234 2614 1323 2692 erat,
1340 2600 1647 2699 comprehendere
1664 2626 1729 2701 per
1748 2625 1786 2673 se
1808 2602 1939 2700 potuit,
1955 2616 2017 2675 aut

424 2743 534 2817 quem
559 2720 605 2792 de
623 2720 772 2817 hisquae
789 2718 948 2792 facturus
967 2733 1042 2791 erat
1056 2719 1255 2810 consuluit,
1275 2732 1314 2790 ut
1330 2720 1407 2815 ejus
1423 2720 1655 2792 instrueretur
1674 2719 1824 2792 consilio
1846 2719 1935 2817 qnid
1959 2722 2015 2791 vel

426 2837 577 2934 qualiter
601 2836 783 2935 agendum
807 2821 921 2909 esset?
940 2868 957 2903 ι
974 2842 1042 2909 Aut
1067 2836 1195 2934 quis.»
1216 2840 1299 2907 Post
1324 2861 1503 2911 summam
1525 2835 1924 2938 incomprehensibilem
1948 2841 2013 2910 Dei

426 2953 635 3054 sapientiam
658 2952 817 3027 ostendit
838 2978 1016 3025 summam
1040 2953 1117 3051 ejus
1139 2953 1353 3045 bonitatem,
1376 2955 1461 3055 quia
1483 2957 1607 3029 omnia
1623 2955 1727 3029 nobis
1746 2956 1844 3055 prius
1868 2954 2016 3052 largitur

427 3098 535 3171 quam
550 3098 573 3147 a
589 3073 696 3146 nobis
712 3073 911 3172 quidquam
934 3074 1097 3174 accipiat.
1121 3072 1261 3147 Deinde
1278 3075 1314 3146 in
1331 3076 1471 3147 actione
1490 3078 1681 3171 gratiarum
1699 3076 1888 3174 Apostolus
1903 3075 2019 3148 admi·
2151 3120 2159 3131 =

427 3195 603 3266 rationem
619 3216 721 3265 snam
738 3192 944 3283 terminans,
963 3192 1012 3265 ait
1031 3218 1041 3264 t
1060 3223 1075 3259 ι
1095 3193 1277 3281 Quoniam
1291 3214 1333 3266 ex
1350 3194 1431 3293 ipso
1446 3209 1529 3267 sunt
1543 3196 1678 3287 omnia,
1694 3224 1712 3261 ιι
1731 3193 1768 3265 id
1786 3208 1840 3266 est
1853 3193 2020 3293 quaelibet

427 3312 629 3385 substantie
651 3327 779 3387 natura
803 3325 975 3409 tanquam
998 3309 1045 3384 ab
1069 3311 1149 3411 ipso
1170 3327 1289 3385 creata
1311 3327 1350 3384 nt
1367 3328 1472 3404 esset,
1491 3300 1584 3412 «per
1605 3315 1755 3412 ipsum»
1774 3313 1905 3386 scilieet
1931 3338 2019 3387 con·

427 3444 565 3504 servata
584 3445 623 3504 ut
646 3444 820 3522 maneret,
847 3433 910 3511 ain
929 3432 1036 3529 ipso»
1051 3445 1226 3529 tanquam
1247 3429 1318 3503 line
1339 3433 1480 3531 optimo
1499 3445 1759 3525 consummata,
1784 3431 1873 3504 dum
1893 3457 2019 3507 eorum

429 3548 592 3625 videlicet
618 3550 738 3649 opifex
755 3552 913 3649 optimus
937 3564 1046 3648 atque
1074 3549 1269 3650 dispositor
1294 3552 1331 3623 in
1358 3552 1442 3650 ipsis
1468 3550 1686 3649 glorificatur
1710 3567 1817 3648 atque
1839 3550 2015 3642 laudatur,

429 3684 576 3771 propter
600 3669 700 3769 quod
721 3691 763 3742 ea
784 3669 950 3742 condidit
975 3682 1082 3767 atque
1104 3684 1306 3761 conservat,
1327 3670 1419 3743 sicut
1445 3671 1482 3743 in
1507 3671 1704 3744 Proverbiis
1727 3673 1899 3771 scriptum
1922 3676 2016 3745 est’:

431 3820 448 3855 u
467 3790 637 3863 Universa
652 3803 800 3888 propter
816 3790 1047 3888 semetipsum
1062 3789 1195 3862 crearit
1210 3790 1320 3883 Deus,
1335 3790 1486 3889 impium
1504 3816 1651 3891 quoque
1667 3791 1714 3865 ad
1730 3790 1826 3863 diem
1844 3791 2015 3865 malum.»

431 3910 476 3980 Ut
489 3908 615 4005 quinto
631 3933 739 4005 super
751 3910 915 3980 Genesim
927 3911 967 3980 B.
979 3907 1143 3980 meminit
1155 3909 1383 4005 Augustinus,
1398 3907 1832 4006 quinamentorum,
1845 3925 2019 4009 quantum

431 4026 465 4095 in
482 4050 521 4099 se
534 4049 681 4125 vespera
693 4039 761 4118 est,
773 4041 951 4123 quantum
967 4049 1053 4098 vero
1069 4025 1117 4099 ad
1133 4023 1277 4099 laudem
1297 4028 1467 4100 creatoris
1482 4027 1592 4102 relata
1606 4053 1712 4101 mane
1728 4028 1871 4120 dicitnr,
1884 4042 1922 4102 et
1933 4031 1970 4102 iu
1982 4055 2020 4103 se

429 4142 651 4217 considerata
674 4143 774 4242 quasi
797 4143 975 4217 delectum
1000 4142 1122 4235 habet,
1147 4145 1183 4217 in
1202 4143 1309 4217 laude
1334 4170 1421 4218 vero
1442 4148 1620 4220 creatoris
1646 4147 1860 4247 profectum.
1879 4151 2019 4237 Quaerat

431 4264 577 4336 sortasse
600 4262 728 4358 aliquis
752 4262 939 4360 quomodo
964 4277 1090 4336 natura
1112 4263 1280 4361 quaelibet
1307 4263 1512 4338 substantiae
1534 4278 1767 4339 conservetur
1796 4280 1833 4339 et
1863 4281 2015 4356 maneat,

431 4405 513 4453 rum
530 4381 673 4481 spiritus
691 4379 948 4454 irrationalium
972 4382 1181 4456 animalium
1197 4407 1304 4457 carne
1329 4385 1417 4480 regi,
1434 4398 1567 4457 etcum
1581 4408 1690 4458 carne
1711 4383 1865 4459 delinere
1879 4386 2020 4484 penitus

430 4502 633 4576 credantur.
655 4500 727 4574 Sed
744 4501 906 4601 prolecto
927 4504 956 4574 si
978 4502 1027 4575 illi
1046 4528 1193 4602 quoque
1210 4506 1366 4604 spiritus,
1385 4507 1475 4580 sicut
1492 4523 1528 4580 et
1548 4508 1675 4599 nostri,
1695 4506 1899 4581 substantie
1917 4523 2015 4596 sunt,

430 4622 594 4720 «quedam
608 4619 742 4694 scilicet
752 4622 878 4694 raritas
894 4623 1169 4715 elementorum,
1193 4638 1230 4695 ut
1246 4622 1464 4722 quibusdam
1481 4626 1635 4720 ridetur,
1651 4649 1735 4698 cum
1750 4625 2020 4700 deserunt⁸esse

431 4742 586 4841 spiritus,
607 4739 645 4813 id
662 4751 715 4810 est
732 4737 908 4812 vivificare
924 4752 1064 4813 cessant
1078 4765 1233 4840 corpora
1252 4740 1326 4832 illa,
1345 4766 1419 4814 non
1439 4761 1561 4817 tamen
1578 4744 1750 4818 deserunt
1764 4768 1841 4818 esse
1855 4745 2019 4819 substan·

433 4863 500 4955 tiu,
516 4861 609 4934 sicut
620 4873 658 4933 et
672 4879 772 4949 caro,
789 4882 872 4931 cum
888 4882 961 4957 qua
975 4858 1137 4959 deperire
1153 4859 1324 4932 dicuntur
1339 4887 1347 4930 ε
1362 4885 1447 4933 eum
1460 4886 1546 4935 caro
1561 4863 1691 4936 deserit
1702 4884 1792 4956 esse,
1807 4889 1883 4938 non
1901 4880 2018 4939 tamen

465 5150 568 5216 ¹tvn,
583 5165 636 5217 sap.
653 5164 671 5215 i,
684 5165 706 5201 ι.
718 5154 758 5204 to.
773 5176 799 5187 -
814 5147 921 5212 ’nom
931 5160 985 5210 cap.
1004 5158 1053 5208 ιιι,
1065 5157 1087 5198 ι.
1097 5149 1122 5200 s.
1133 5144 1233 5197 -Ῥιο
1244 5146 1395 5199 αιιινιιιιιιι
1405 5147 1510 5213 inuit,
1525 5148 1590 5203 torte
1601 5151 1730 5214 issoudun
1741 5150 1870 5205 tenuant
1881 5152 2017 5205 attestati.
