4559 6100
466 516 540 589 421»
1073 512 1202 584 t‘fflttt
1227 509 1462 585 tentattnt

469 666 648 762 Diogenes
673 663 783 763 pallio
802 662 937 761 duplici
964 685 1049 734 risus
1073 662 1117 738 sit
1145 677 1293 761 propter
1311 661 1439 759 frigus,
1466 682 1591 758 peram
1617 683 1685 758 pro
1709 657 1853 730 cellurio
1879 654 2060 744 babuerit,

467 808 662 883 secumque
679 784 818 857 claram
832 781 883 854 ob
898 783 1105 881 corpusculi
1119 782 1359 880 fragilitatem,
1375 803 1451 877 qua
1463 780 1539 876 jam
1554 803 1661 854 met
1675 776 1842 850 mersilrra
1861 788 2061 850 etntentare

465 905 592 977 solitus
615 920 690 978 erat
713 919 750 978 et
762 917 993 978 flamonio!
1016 903 1125 1000 vulgo
1148 903 1346 1002 appellatas
1367 904 1426 995 sit,
1445 903 1484 972 in
1506 901 1670 1000 presenti
1691 922 1881 998 poscam
1902 895 2063 995 quolibet

464 1040 503 1098 et
526 1026 705 1124 accipiens
728 1023 863 1096 eibum.
892 1022 1074 1100 natitavit
1099 1040 1221 1095 autern
1239 1003 1287 1094 'io
1317 1035 1504 1122 portarum
1531 1018 1712 1093 restibulis
1737 1032 1775 1091 et
1799 1018 1837 1091 in
1859 1017 2061 1116 porticibus

466 1137 674 1234 civitatum,
691 1167 852 1242 eumque
874 1167 912 1217 se
934 1157 1118 1240 tortpreret
1133 1141 1170 1214 in
1186 1142 1303 1236 dolio,
1326 1141 1525 1218 volubilem
1541 1139 1674 1214 habero
1690 1138 1842 1211 mun
1856 1136 2059 1236 jocabatur,

463 1276 502 1335 et
517 1288 555 1338 se
568 1290 654 1337 eum
672 1263 895 1363 temporibus
908 1247 1175 1336 inimatantem.
1196 1263 1339 1359 Frigore
1350 1263 1450 1334 anim
1465 1285 1507 1335 os
1519 1260 1611 1333 dolii
1629 1259 1786 1333 vertebat
1803 1260 1843 1332 in
1857 1256 2057 1348 meridiem,

465 1398 585 1458 aestate
600 1384 648 1457 ad
668 1385 981 1482 septemtrionem,
998 1397 1036 1454 et
1051 1397 1247 1480 utcumque
1265 1407 1304 1454 se
1326 1382 1379 1455 sol
1397 1382 1644 1472 inclinaverat,
1662 1379 1833 1476 Diogenis
1852 1377 1959 1451 simul
1974 1402 2061 1475 prae·

464 1503 599 1574 torium
611 1503 829 1575 vertebatur.
843 1502 1015 1590 Quodam
1025 1527 1114 1577 vero
1123 1516 1289 1600 ternpore
1301 1501 1440 1575 hahens
1450 1502 1498 1575 ad
1509 1500 1711 1601 potandum
1719 1521 1873 1574 caveum
1884 1497 2057 1595 lignenm,

465 1622 553 1694 vidit
576 1647 729 1722 puerum
755 1646 865 1695 manu
888 1646 1048 1695 ooncava
1075 1621 1214 1711 bibere,
1233 1635 1272 1694 et
1289 1621 1427 1694 elisisse
1442 1621 1531 1694 illud
1557 1621 1668 1693 lertur
1688 1617 1733 1692 ad
1752 1633 1884 1690 temam
1907 1615 2030 1690 dicens
2047 1644 2057 1688 z

284 1727 289 1736 ’
353 1790 360 1806 2
466 1773 483 1806 «
500 1742 706 1817 Nesciebam
719 1741 820 1839 quod
836 1756 874 1814 et
887 1757 1017 1815 natura
1031 1741 1142 1814 habet
1160 1741 1365 1840 poculum&
1383 1770 1401 1809 a
1421 1741 1518 1830 Quid
1532 1741 1579 1816 ad
1598 1741 1669 1813 hoe
1689 1739 1819 1812 dicturi
1840 1750 1924 1810 suut
1946 1738 2059 1810 nostri

463 1863 633 1960 temporis
660 1862 844 1950 monachi,
870 1862 991 1960 etqui
1016 1888 1054 1935 se
1077 1860 1256 1935 mundum
1283 1886 1367 1933 cum
1390 1861 1532 1933 Christo
1560 1874 1793 1933 contemnere
1818 1856 2058 1957 profitentur?

314 2027 320 2038 ·
461 1980 569 2076 quid,
590 1982 751 2077 inquam,
775 1981 906 2053 dicturi
928 1994 1024 2072 sunt,
1050 1981 1113 2078 qui
1133 1995 1174 2052 ut
1190 1981 1314 2056 vinmn
1339 1980 1377 2050 in
1398 1977 1591 2052 dulcedine
1617 1975 1756 2067 bibant,
1779 1980 1962 2076 pigmenta
1985 1991 2058 2048 stu·

461 2098 562 2172 diose
577 2098 788 2191 conficiunt,
811 2100 955 2198 seiphos
969 2102 1154 2201 preciosos
1174 2116 1210 2172 et
1226 2099 1360 2172 nitidos
1380 2114 1557 2196 quaerunt,
1578 2098 1849 2171 neccommuni
1866 2096 2057 2168 hominurn

462 2217 558 2292 victu
587 2219 643 2291 vel
671 2234 844 2319 apparatu
868 2223 1030 2292 contenti
1057 2219 1168 2292 sunt?
1196 2219 1294 2292 lldde
1317 2230 1353 2291 et
1380 2219 1470 2294 illud
1497 2220 1535 2294 in
1559 2217 1705 2294 laudent
1727 2215 1934 2316 philosophi
1956 2215 2057 2312 quod

462 2338 622 2433 Valerius
634 2341 810 2412 Maximus
823 2340 928 2412 relert
940 2339 987 2412 de
998 2341 1132 2414 invicta
1146 2340 1223 2438 ejus
1236 2341 1450 2432 constantia,
1466 2339 1522 2413 his
1535 2338 1654 2414 vetlris
1666 2337 1843 2416 κήδων
1862 2336 2058 2414 :relexan-

459 2455 525 2528 der
547 2460 808 2533 continentiam
833 2460 1003 2556 Diogenis
1031 2458 1173 2531 vincere
1200 2460 1374 2557 nequiuit,
1398 2458 1446 2532 ad
1468 2482 1579 2556 quern
1594 2482 1683 2534 enm
1709 2458 1745 2532 in
1773 2457 1849 2534 sole
1870 2455 2056 2532 sedentem

458 2579 675 2672 accessisset,
699 2579 991 2677 hortareturque,
1011 2593 1052 2650 ut
1067 2580 1184 2676 siqua
1198 2578 1265 2651 sibi
1278 2580 1440 2677 prestari
1456 2580 1562 2653 veliet
1577 2577 1763 2656 indicaret.
1794 2576 1899 2667 «tlte,
1923 2577 2055 2675 inquit,

459 2711 576 2769 cetere
591 2699 730 2789 omitte,
748 2724 877 2771 rerum
894 2699 983 2771 nolo
998 2723 1046 2770 ne
1060 2697 1280 2770 mihiolrstes
1291 2723 1317 2776 a
1333 2700 1421 2772 sole.
1434 2727 1451 2764 n
1466 2702 1693 2796 Quapropter
1712 2696 1843 2776 dieitur
1857 2695 2058 2772 iterando

459 2817 557 2913 priua
586 2818 740 2890 {novisse
760 2818 875 2915 grudu
896 2842 963 2890 eno
980 2817 1129 2889 Darium
1145 2817 1259 2888 armis
1277 2817 1367 2907 suis,
1384 2841 1499 2914 param
1525 2817 1726 2913 Diogenem
1748 2815 1894 2894 divitiis.

505 2936 656 3009 Plurimi
680 2939 787 3009 etiam
808 2936 1112 3037 philosophorum
1135 2935 1259 3016 multis
1284 2935 1571 3035 peecatoribus
1590 2936 1667 3014 suis
1693 2936 1846 3014 annino
1876 2935 2058 3016 thannan·

457 3057 621 3146 tientes,
636 3057 730 3131 adeo
758 3072 893 3131 arctam
918 3073 956 3131 et
983 3056 1203 3131 laboriosam
1230 3057 1458 3155 arripuerunt
1490 3056 1619 3149 vitun,
1655 3070 1696 3133 ut
1728 3055 1853 3135 labore
1880 3081 2055 3139 mannum

453 3178 580 3249 omnia
602 3175 670 3249 sibi
695 3179 895 3250 necessaria
913 3192 1168 3277 prepararent,
1194 3178 1296 3275 qnasi
1312 3175 1389 3273 jun
1410 3190 1496 3253 tnnc
1522 3175 1628 3253 nobis
1651 3176 1807 3255 fntttttun
1827 3178 2056 3275 perfectione

455 3295 759 3371 anachoretarum
789 3322 832 3369 ex
862 3296 1075 3371 abstinmtia
1103 3313 1138 3370 et
1165 3295 1289 3370 lahore
1313 3319 1490 3373 manuum
1521 3294 1806 3394 pmunderentr
1837 3320 1880 3377 nt
1908 3298 1937 3371 ei
1967 3298 2054 3375 illud

457 3415 616 3514 Apostoli
648 3415 820 3489 divinitus
844 3417 1057 3515 inspiratum
1086 3416 1163 3513 iam
1187 3415 1398 3504 audissent
1427 3444 1447 3484 o
1463 3416 1534 3502 Qui
1558 3440 1635 3495 nnn
1659 3414 1817 3505 laborat,
1848 3440 1924 3497 non
1950 3440 2056 3499 man·

456 3535 580 3627 ducet3
598 3565 615 3602 s
635 3549 744 3633 atque
766 3535 856 3609 illud
873 3535 1097 3622 Psalmistaet,
1116 3565 1138 3605 a
1153 3535 1311 3609 Labores
1330 3559 1510 3611 manuum
1533 3548 1677 3615 tnarntn
1700 3536 1787 3632 quit
1803 3535 2053 3627 manducabis,

454 3652 579 3727 beatus
595 3679 646 3744 es,
667 3668 702 3726 et
715 3653 809 3725 bene
824 3654 891 3726 tibi
906 3655 985 3727 erit.
998 3684 1017 3723 r>
1038 3654 1142 3727 Unde
1156 3657 1396 3752 Hieronymus
1413 3654 1461 3727 ad
1475 3652 1714 3733 Heliodorum
1728 3655 1908 3733 scribens:
1926 3656 2054 3756 nApnd

454 3773 609 3862 Graeoos,
634 3772 764 3870 inquit,
791 3771 1030 3869 philosophus
1051 3770 1112 3844 ille
1131 3772 1358 3863 laudabatur,
1382 3773 1445 3871 qtti
1466 3797 1576 3853 omne
1596 3797 1672 3870 qno
1695 3787 1856 3859 nurum
1877 3776 2054 3874 usquead

500 4006 510 4031 ·
527 3990 743 4080 Hieronymus
756 3990 818 4059 nd¹
837 3992 989 4081 Arigium
998 3991 1141 4082 Spanum
1158 4016 1166 4057 ε
1191 4025 1203 4055 α
1219 3991 1269 4067 llic
1284 3992 1407 4075 doleas,
1421 3994 1448 4060 si
1463 3994 1526 4059 hoo
1541 4017 1608 4059 non
1624 3994 1757 4077 habeas,
1775 3992 1865 4084 quod
1877 3991 2052 4061 formicnlae

454 4102 486 4159 et
502 4111 618 4161 muscae
641 4104 674 4153 et
683 4105 849 4179 serpentes
863 4088 997 4175 habent,
1015 4088 1049 4155 id
1073 4106 1121 4155 est
1135 4093 1238 4156 carnis
1253 4090 1385 4174 oculos5
1403 4089 1460 4156 sed
1476 4090 1566 4157 illum
1582 4107 1615 4157 te
1631 4091 1761 4159 oculum
1781 4090 1902 4159 habere
1924 4089 2050 4171 taerare,

455 4184 496 4250 de
509 4208 574 4274 quo
585 4184 701 4259 dicitur
716 4186 750 4249 in
763 4187 895 4251 Cantico
911 4187 1110 4253 canticorum
1119 4186 1146 4271 ¹,
1171 4188 1375 4254 «vulnerasti
1387 4212 1444 4253 cor
1460 4210 1568 4253 meum
1591 4212 1683 4254 soror
1698 4213 1770 4255 mea
1783 4212 1912 4281 sponsa,
1930 4211 1998 4253 uno
2010 4186 2051 4253 de

454 4283 554 4348 oculis
571 4283 644 4367 tuis,
658 4314 670 4341 υ
690 4282 731 4349 de
747 4307 813 4374 quo
829 4285 914 4349 Dens
928 4283 1072 4367 videtnr3
1092 4283 1132 4350 de
1147 4288 1266 4375 quoad
1281 4287 1415 4376 Moysen
1432 4282 1563 4352 dicitur*
1585 4310 1595 4352 t
1615 4318 1629 4344 ι
1641 4289 1811 4363 Transiens
1821 4284 1940 4355 ridebo
1956 4286 2052 4351 risio·

455 4404 531 4447 nem
546 4382 631 4447 hanc
649 4405 813 4474 magnam,
827 4412 842 4440 υ
854 4382 900 4447 de
917 4406 981 4473 qno
996 4381 1172 4473 quosdam’
1192 4386 1289 4450 etium
1303 4385 1418 4457 mnndi
1432 4383 1641 4477 philosophos
1656 4385 1804 4475 leg‘unus,
1822 4400 1973 4455 ettotam
1991 4406 2049 4455 cn·

453 4478 639 4571 gitationem
660 4479 859 4572 cogitarent⁸
876 4480 920 4547 ad
936 4483 1052 4551 mantis
1067 4482 1251 4572 puritatem,
1268 4486 1330 4550 sibi
1341 4483 1453 4550 oculos
1468 4484 1597 4555 eruisse.
1617 4485 1659 4551 Et
1674 4508 1693 4551 n
1711 4485 1873 4577 Propheta
1889 4478 2047 4551 dicitur':

458 4581 616 4655 «Intravit
630 4604 717 4649 mors
731 4604 790 4673 per
806 4581 958 4657 fenestras
972 4598 1109 4667 vestram
1120 4616 1133 4641 ν
1152 4598 1187 4657 et
1208 4581 1343 4675 apostoli
1361 4579 1530 4657 ,audiunt‘⁰
1549 4605 1557 4647 ε
1581 4614 1593 4639 a
1607 4582 1672 4665 Qui
1688 4580 1804 4648 viderit
1822 4580 1989 4647 mulierem
2006 4577 2049 4644 ad

453 4679 743 4771 concupiscendam
755 4704 837 4760 eam,
849 4683 915 4767 jam
931 4682 1108 4755 moechatus
1120 4698 1168 4747 est
1182 4704 1254 4746 eam
1269 4682 1302 4746 in
1319 4679 1418 4746 corde
1432 4703 1503 4746 suo.
1519 4711 1532 4737 ι

480 4962 485 4988 ¹
508 4958 590 5008 Voles.
599 4958 675 5014 Hes..
689 4957 730 5006 ΙΙΙ).
739 4953 841 5018 tuear.
854 4955 941 5005 ut.-²
951 4953 1061 5006 literani.
1073 4952 1169 5018 ll,eap.
1184 4967 1224 5013 nr,
1279 4968 1303 5006 r.
1320 4957 1344 5006 t.
1358 4980 1385 4993 -
1397 4956 1405 4987 ²
1416 4956 1462 5016 sp.
1476 4954 1576 5005 Hieron.
1590 4912 1702 5015 Denique
1720 4952 1853 5015 quordorn.
1865 4979 1896 4990 -
1909 4951 1992 5013 'liena
2011 4965 2051 5000 eo·

448 5053 471 5088 r.
491 5038 704 5091 t0.-³Prnlm.
723 5051 857 5099 minua.
895 5037 1022 5098 .·-⁴Ap.
1044 5035 1145 5085 llleron.
1165 5035 1225 5085 an·-
1277 5041 1363 5098 φησιν
1383 5041 1466 5096 utrp.
1485 5029 1842 5096 llteron.-⁸leretn.,eap.
1860 5047 1896 5094 n,
1917 5047 1940 5085 r.
1958 5037 2047 5084 tt.-

448 5132 537 5183 nnum.
554 5147 582 5160 -
594 5121 604 5151 ⁸
618 5119 703 5180 Cant..
719 5131 772 5183 cap.
794 5129 818 5168 rr
850 5129 873 5166 r.
892 5120 915 5166 a.
929 5117 980 5153 -⁸
992 5115 1087 5178 Eroti„
1105 5128 1161 5177 sap.
1181 5128 1222 5177 ur,
1278 5113 1463 5178 Μώμῳ.
1481 5128 1505 5181 r,
1521 5129 1544 5165 r.
1555 5117 1595 5168 28.
