4559 6100
719 571 974 646 tflssotoott
1004 571 1279 646 cntttsmut.
1721 567 1785 641 361

88 807 93 824 ⁸
216 718 330 793 divini
355 716 481 792 cultus
499 715 708 832 religionem
746 717 942 817 plurimum
969 716 1112 818 prolicit
1142 745 1152 791 z
1180 731 1221 791 ut
1244 716 1294 789 ob
1317 715 1390 789 hoc
1420 716 1597 815 precipue
1626 715 1702 815 ipsa
1727 716 1794 790 Dei

209 838 387 936 Sapientia
415 837 601 910 lucernata
623 836 660 910 in
687 834 938 935 praedicatione
960 862 1023 911 sua
1046 861 1127 912 mm
1148 836 1343 910 rectissime
1364 834 1578 909 decrevisset
1596 856 1788 908 assumere.

207 962 290 1030 Duo
308 957 443 1056 quippe
458 967 543 1028 sunt
565 979 645 1053 qnae
665 980 734 1030 nos
759 957 909 1031 omnino
931 959 1009 1031 Deo
1035 955 1215 1055 subjectos
1240 953 1415 1045 efficiunt,
1441 954 1550 1026 timor
1571 951 1736 1026 videlicet
1758 967 1794 1026 et

208 1100 323 1149 amor.
353 1073 517 1148 Potentia
541 1073 688 1172 quidem
707 1086 744 1147 et
763 1076 944 1174 Sapientia
967 1075 1120 1148 maxime
1145 1074 1312 1149 timorem
1331 1071 1523 1163 incutiunt,
1548 1094 1632 1144 cum
1653 1095 1738 1144 eum
1757 1086 1794 1144 et

208 1218 313 1293 posse
334 1193 464 1295 punire
484 1197 613 1286 errata,
633 1207 670 1267 et
684 1191 774 1266 nihil
795 1191 906 1270 latere
923 1193 1187 1293 cognoscimus.
1206 1193 1407 1291 Benignitas
1429 1204 1549 1264 autem
1570 1187 1617 1263 ad
1631 1213 1794 1264 amorem

209 1313 382 1411 pertinet,
414 1326 590 1410 atquem
615 1310 908 1411 benignissimum
933 1309 1128 1404 habemus,
1158 1311 1384 1410 potissimum
1413 1308 1614 1407 diligamus.
1646 1313 1696 1382 Ex
1722 1333 1794 1406 qua

208 1433 315 1506 etiam
329 1447 468 1506 certum
480 1446 535 1506 est
550 1432 769 1532 impietatem
781 1431 902 1505 ulcisci
920 1433 1023 1525 velle,
1041 1432 1126 1531 quia
1143 1456 1217 1531 quo
1233 1430 1315 1531 plus
1330 1432 1362 1503 ei
1376 1431 1493 1531 placet
1506 1430 1666 1528 aequitas,
1681 1429 1794 1527 tnagis

207 1548 370 1650 displicet
385 1550 566 1649 iniquitas,
581 1551 674 1624 sicut
683 1550 856 1649 scripturn
867 1564 921 1624 est
929 1553 951 1624 ¹.
970 1550 1157 1625 «Dilexisti
1168 1551 1341 1648 justitiam
1357 1564 1394 1623 et
1408 1548 1515 1623 odisti
1528 1549 1789 1647 iniquitatem.»

207 1671 360 1744 Nomine
378 1695 465 1744 vero
485 1670 611 1762 Patris,
638 1683 680 1744 ut
698 1669 867 1762 diximus,
892 1673 1051 1744 Potentia
1068 1668 1286 1769 designatur,
1313 1670 1462 1744 nomine
1483 1667 1562 1743 Filii
1586 1669 1788 1769 Sapientia,

208 1803 244 1861 et
268 1789 416 1864 nomine
439 1790 590 1890 Spiritus
615 1790 728 1865 sancti
750 1795 869 1864 Bontu
884 1788 1031 1864 effeetus
1049 1812 1134 1889 erga
1156 1802 1348 1864 creaturas.
1368 1792 1500 1863 Causas
1516 1801 1638 1862 autem
1660 1786 1791 1861 horum

208 1908 397 1981 nominum
426 1908 463 1981 in
490 1907 722 2007 sequentibus
744 1906 1018 2007 assignabimus,
1046 1932 1159 2007 quare
1183 1908 1349 1983 videlicet
1372 1905 1449 1982 baec
1473 1907 1623 1981 nomina
1646 1906 1693 1981 ad
1715 1905 1791 1980 haec

166 2077 169 2086 ν
208 2024 459 2125 distinguenda
475 2029 511 2101 in
534 2033 613 2103 Deo
629 2027 796 2102 translata
811 2043 933 2102 sunta
950 2029 1131 2103 consuetis
1149 2025 1479 2127 significationibus.
1498 2024 1570 2100 Sed
1585 2025 1683 2126 prius
1696 2024 1793 2101 banc

205 2146 336 2228 divtnae
360 2150 539 2224 Trinitatis
554 2150 834 2240 distinctionem,
855 2175 929 2223 non
948 2149 1128 2224 aChristo
1151 2153 1363 2250 incoeptam,
1383 2148 1445 2223 sed
1470 2147 1615 2250 abipso
1634 2150 1792 2249 apertius

201 2289 248 2339 ac
263 2266 468 2363 diligentius
488 2269 655 2344 uaditam
671 2292 749 2343 esse
763 2268 1009 2363 ostendamus,
1035 2293 1146 2368 quam
1162 2269 1310 2367 quidem
1331 2267 1453 2342 diviua
1470 2266 1655 2367 inspiratio
1673 2281 1710 2343 et
1725 2292 1792 2368 per
1940 2328 1946 2348 .

202 2385 402 2485 Prophetas
416 2386 559 2479 Judaets,
579 2401 616 2461 et
634 2412 698 2486 per
718 2386 954 2487 philosophos
978 2385 1144 2485 gentibus
1164 2386 1309 2483 dignata
1332 2401 1384 2459 est
1401 2386 1571 2481 revelare,
1591 2402 1631 2460 ut
1650 2401 1792 2461 utrum-

201 2525 278 2600 que
298 2510 472 2602 populum
495 2504 541 2579 ad
558 2513 694 2578 cultum
715 2506 822 2579 unius
844 2507 909 2581 Dei
926 2507 1004 2606 ipsa
1019 2507 1151 2578 summi
1172 2505 1261 2579 Boni
1285 2505 1457 2605 perfectio
1474 2504 1592 2603 agnita
1609 2506 1789 2600 invitaret,

201 2645 249 2695 ex
264 2646 338 2719 quo
353 2623 489 2716 omnia,
506 2647 571 2723 per
583 2648 692 2722 quern
704 2624 840 2720 omnia,
860 2625 944 2699 etin
960 2649 1035 2724 quo
1048 2626 1184 2716 omnia,
1200 2637 1237 2699 et
1259 2624 1395 2698 lucilius
1415 2624 1493 2697 haec
1511 2622 1601 2698 fides
1613 2625 1791 2698 Trinitatis
1824 2715 1827 2724 Ἰ

204 2753 369 2838 tempore
386 2742 504 2837 gratiae
524 2741 761 2842 susciperetur
777 2742 825 2817 ab
842 2755 996 2844 utroque
1011 2743 1163 2843 populo,
1182 2767 1266 2817 cum
1283 2766 1364 2818 eam
1378 2766 1402 2817 a
1416 2741 1629 2817 doctoribus
1646 2767 1791 2842 quoque

203 2857 362 2955 antiquis
376 2858 539 2935 riderent
556 2861 829 2940 esse'uaditam.

841 3213 1025 3309 CAPUT
1066 3220 1151 3310 111.

255 3457 413 3528 Primum
433 3457 510 3555 ipsa
528 3456 614 3554 legis
627 3456 773 3530 exordia
790 3472 994 3551 occurrant,
1018 3455 1082 3529 ubi
1098 3454 1278 3555 legislator
1291 3458 1431 3555 Moyses
1451 3455 1559 3529 iidem
1575 3455 1789 3530 catholicam

196 3574 410 3650 deUnitate
426 3578 557 3675 pariter
571 3590 608 3649 et
622 3576 791 3650 Trinitate
811 3588 996 3674 tamquam
1016 3575 1181 3649 omnium
1196 3575 1378 3649 bonorum
1395 3575 1667 3651 tundamentum
1684 3589 1790 3650 ante-

196 3692 320 3790 ponit.
341 3697 432 3767 Cum
451 3695 549 3789 enim
563 3694 742 3768 dicitur⁸=
764 3725 782 3762 a
794 3698 833 3768 ln
850 3694 1028 3795 principio
1052 3694 1187 3768 creavit
1201 3696 1298 3783 Deus
1319 3693 1451 3768 coelum
1474 3709 1511 3767 et
1527 3707 1671 3785 terram,
1688 3722 1707 3764 a
1723 3717 1790 3794 pm

196 3836 248 3886 eo
273 3808 376 3910 quod
398 3812 495 3912 apud
519 3837 588 3886 nos
610 3812 870 3907 dicitnrDeus,
893 3811 1062 3888 hebraica
1080 3812 1211 3886 veritas
1231 3811 1342 3886 babet
1360 3842 1378 3882 a
1392 3813 1563 3911 Heloym,
1577 3841 1596 3882 »
1613 3811 1715 3912 quod
1736 3825 1790 3887 est

194 3929 341 4028 plurale
364 3929 473 4029 hujus
492 3930 680 4030 singularis
698 3930 798 4030 quod
819 3944 874 4004 est
896 3931 1041 4006 eliel.»
1061 3933 1181 4021 Quare
1199 3955 1285 4029 ergo
1307 3954 1383 4003 non
1404 3931 1541 4005 dictum
1563 3944 1618 4005 est
1637 3930 1734 4004 eliel
1746 3959 1786 4022 ,ι

194 4048 305 4147 quod
328 4064 381 4125 est
404 4055 517 4144 Deus,
544 4050 608 4124 sed
627 4049 832 4150 «Heloym,
850 4077 868 4118 u
886 4049 986 4149 quod
1009 4049 1106 4151 apud
1134 4050 1305 4124 Hebraeos
1327 4050 1386 4123 Dii
1407 4050 1484 4124 sive
1505 4049 1649 4124 ludices
1672 4050 1790 4123 inter-

192 4182 378 4269 pretatur,
404 4170 473 4243 nisi
491 4168 564 4244 hoc
585 4168 632 4243 ad
652 4166 919 4243 multitudinem
941 4167 1143 4243 divinarum
1165 4191 1399 4269 personarum
1419 4167 1727 4255 accommodetur,
1749 4182 1791 4241 nt

141 4336 145 4343 ·
192 4285 369 4362 videlicet
389 4312 434 4362 eo
453 4287 566 4362 modo
588 4287 788 4362 insinuetur·
810 4284 996 4387 pluralitas
1014 4288 1051 4361 in
1076 4292 1169 4380 Deo,
1192 4286 1378 4385 quomodo
1398 4301 1435 4361 et
1457 4288 1611 4378 trinitas,
1638 4301 1675 4360 et
1695 4310 1788 4386 qno·
1915 4332 1919 4337 -

191 4404 402 4496 dammodo
418 4405 557 4480 dicatur
570 4404 754 4505 multiplex
770 4408 883 4499 Deus,
901 4404 1089 4504 quomodo
1110 4418 1147 4479 et
1171 4407 1298 4497 uinus,
1316 4431 1391 4503 non
1407 4405 1607 4480 secundnm
1626 4405 1789 4504 quidem⁸

189 4522 407 4598 substantiae
431 4523 683 4615 diversitatem,
706 4521 770 4597 sed
796 4522 996 4597 secundum
1019 4548 1256 4624 personarum
1281 4525 1541 4625 proprietates?
1556 4528 1646 4598 Nam
1668 4538 1705 4597 et
1720 4522 1788 4597 ibi·

188 4645 288 4717 dem
320 4642 368 4717 de
395 4644 529 4717 unitate
555 4641 760 4717 substantiae
783 4640 1065 4715 demonstranda
1094 4656 1197 4716 caute
1235 4645 1419 4742 provisum
1448 4658 1518 4737 est,
1548 4667 1632 4717 cnm
1660 4642 1789 4717 dicitur
1840 4702 1844 4713 .

190 4792 212 4830 e
225 4763 400 4853 Creavit,
417 4794 435 4829 s
455 4785 528 4834 non
553 4774 776 4836 creavermt.
801 4758 871 4833 Ubi
895 4774 932 4833 et
955 4761 1074 4834 statim
1100 4761 1138 4833 in
1162 4760 1395 4859 sequentibus
1416 4760 1682 4835 distinctionem
1709 4782 1789 4859 per·

185 4903 375 4961 sonarum
411 4878 587 4971 adnectit,
627 4880 728 4978 quasi
766 4878 813 4955 ad
843 4878 1158 4954 determinandum
1195 4879 1295 4979 quod
1334 4879 1381 4955 ad
1415 4879 1509 4954 hanc
1543 4876 1786 4954 denotandam

223 5159 230 5185 ¹
241 5152 349 5204 Pactu.
361 5164 425 5214 xus,
437 5163 461 5203 s.
475 5153 498 5206 8.
511 5177 540 5190 -
553 5151 671 5212 ’cenem
683 5162 737 5215 cap.
753 5163 775 5215 t,
787 5161 810 5200 r.
823 5155 846 5201 t.
859 5173 888 5186 -
899 5151 909 5183 ⁸
920 5149 980 5201 Attt.
992 5148 1144 5210 wadum.

1629 5245 1667 5302 ¹06
