4559 6100
1493 642 2003 718 THEOLOGIA
2053 642 2599 718 CHRISTIANA.
3443 585 3456 591 ·
3493 642 3638 714 439

447 818 615 866 cum
642 794 1026 893 praedictus
1052 808 1340 868 sanctus
1372 795 1527 892 ejus
1557 794 1899 888 animam,
1932 795 2055 890 qui
2084 809 2247 893 post
2280 794 2642 891 Evangelii
2676 817 2968 891 quoque
3004 749 3461 865 traditionem
3484 794 3636 865 sine

445 914 589 987 fide
626 929 697 987 et
723 915 943 1012 gratia
965 915 1409 1014 baptismatis
1438 913 1816 988 defunctus
1841 914 2095 1003 fuerat,
2122 938 2167 987 a
2194 914 2585 1013 paenalibus
2606 914 2783 986 locis
2803 928 2874 986 et
2890 913 3150 985 inferni
3172 912 3628 1003 cruciatibuS,

444 1058 741 1131 precum
772 1034 1106 1106 instantia
1131 1057 1445 1127 suarum,
1500 1050 1573 1106 et
1614 1034 2058 1108 abundantia
2100 1032 2608 1132 lacrymarum,
2667 1034 2934 1106 eruisse
2984 1032 3379 1124 scribatur;
3427 1056 3630 1103 com-

444 1170 756 1252 punctus
786 1154 1079 1251 quidem
1111 1155 1733 1229 vehementissime
1770 1181 1985 1255 super
2021 1155 2524 1228 recordatione
2576 1153 2765 1225 illius
2813 1153 3094 1249 justitiae
3127 1151 3447 1252 praedicti
3499 1153 3639 1224 im-

444 1276 817 1372 peratoris,
856 1300 1077 1372 quam
1109 1276 1182 1348 in
1219 1290 1419 1349 tanto
1453 1293 1652 1351 arcto
1684 1277 1961 1378 positus
1989 1274 2224 1348 viduae
2258 1275 2666 1348 occurrenti
2701 1274 2986 1347 fecerat.
3040 1278 3148 1346 De
3192 1297 3336 1370 qua
3370 1273 3641 1345 ibidem

445 1392 773 1467 videlicet
798 1395 1145 1494 scriptum
1178 1411 1310 1490 est,
1341 1397 1545 1495 quod
1579 1395 1756 1469 dum
1788 1396 2108 1495 quodam
2135 1382 2463 1493 tempore
2489 1395 2835 1492 Trajanus
2867 1394 2961 1466 ad
2993 1393 3435 1466 imminentis
3471 1392 3639 1465 belli

443 1514 897 1610 procinctum
925 1516 1547 1591 vehementissime
1580 1518 1968 1608 festinaret,
2007 1530 2079 1589 et
2112 1516 2347 1588 viduae
2364 1514 2653 1587 cuidam
2678 1513 3153 1613 proclamanti
3178 1538 3308 1613 pro
3326 1512 3638 1584 vindicta

442 1630 567 1704 filii
590 1635 701 1705 sui
723 1635 1101 1727 interfecti,
1139 1637 1199 1709 si
1224 1662 1439 1710 sanus
1470 1651 1942 1710 reverteretur
1959 1661 2003 1709 a
2026 1634 2296 1735 praelio,
2321 1634 2712 1706 vindictam
2742 1658 2872 1733 per
2899 1634 3147 1706 omnia
3173 1658 3250 1706 se
3283 1632 3638 1706 facturum

442 1754 934 1851 responderet,
972 1755 1192 1831 vidua
1236 1758 1410 1831 dixit
1450 1789 1468 1830 ε
1508 1759 1583 1829 Si
1622 1772 1700 1832 tu
1735 1758 1807 1829 in
1849 1739 2469 1856 praelio'mortuus
2501 1755 2740 1848 fueris,
2794 1754 2952 1851 quis
3004 1753 3183 1825 mihi
3225 1752 3637 1852 praestabit?

439 1863 781 1969 Trajanus
830 1876 1228 1974 respondit.
1269 1878 1392 1950 llle
1433 1879 1557 1974 qui
1605 1866 1786 1977 post'
1817 1902 1932 1949 me
1983 1873 2393 1974 imperabit.
2432 1873 2670 1947 Vidua
2701 1875 2881 1946 dixit
2920 1902 2935 1944 ι
2973 1877 3063 1944 Et
3099 1872 3283 1970 quid,
3315 1871 3441 1945 tibi
3471 1899 3635 1972 pro·

440 1992 649 2082 derit,
684 1995 744 2066 si
769 1996 946 2067 alter
973 1996 1151 2068 mihi
1179 1998 1525 2095 justitiam
1560 1997 1852 2070 fecerit?
1886 1984 2227 2093 Trajanus
2244 1994 2614 2094 respondit
2651 2023 2667 2066 ε
2712 1996 2971 2092 Utique
3005 1993 3211 2065 nihil.
3250 1998 3339 2063 Et
3385 1991 3628 2084 vidua,

440 2134 711 2203 nonne,
749 2114 1006 2212 inquit,
1039 2116 1167 2188 tibi
1204 2118 1458 2190 melius
1484 2131 1616 2206 est,
1656 2131 1734 2188 ut
1771 2130 1849 2187 tu
1875 2115 2054 2188 mihi
2071 2116 2419 2213 justitiam
2449 2114 2687 2206 faciaS,
2722 2128 2794 2186 et
2812 2129 2889 2186 tu
2908 2139 3043 2214 pro
3062 2113 3207 2185 hoc
3227 2113 3631 2186 mercedem

437 2245 637 2305 tuam
669 2236 995 2333 recipiaS,
1030 2262 1250 2334 quam
1282 2238 1484 2311 alteri
1514 2237 1704 2311 hanc
1738 2237 2213 2310 transmittas?
2262 2241 2462 2308 Tunc
2508 2236 2848 2333 Trajanus
2897 2236 3208 2307 ratione'
3228 2235 3631 2332 pietateque

437 2367 870 2442 commotus,
911 2380 1100 2453 equo
1126 2357 1523 2449 descendit,
1565 2371 1636 2429 et
1666 2357 1937 2456 peregit
1978 2356 2359 2453 judicium.
2401 2356 2627 2452 Hujus
2677 2356 2915 2452 itaque
2958 2343 3241 2450 justitiae
3290 2369 3440 2426 tam
3484 2354 3630 2426 cle-

438 2473 697 2544 mentis
732 2488 804 2545 et
828 2475 1001 2571 justi
1047 2476 1497 2575 imperatoris
1547 2477 2144 2549 clementissimus
2193 2499 2384 2575 papa
2427 2474 2867 2567 recordatuS,
2925 2489 2994 2545 et
3048 2473 3191 2545 hoc
3239 2471 3627 2571 plurimum

438 2593 811 2666 attendens
835 2652 855 2688 ,
921 2597 1123 2693 quod
1187 2624 1322 2698 pro
1386 2613 1648 2671 aeterna
1728 2598 2307 2671 remuneratione
2365 2596 2441 2668 id
2505 2597 2771 2668 factum
2838 2582 2943 2668 ab'
2993 2595 3422 2693 imperatore
3451 2650 3470 2682 ,
3534 2596 3628 2666 ad

435 2712 510 2782 S.
569 2715 758 2784 Petri
811 2715 1119 2813 apostoli
1175 2715 1545 2788 basilicam
1602 2719 1978 2816 pervenire
2027 2741 2244 2790 ausus
2295 2715 2582 2806 dicitur,
2639 2716 2881 2812 ibique
2933 2713 3208 2786 tamdiu
3252 2737 3468 2812 super
3522 2740 3630 2786 er-

434 2853 599 2902 rore
659 2847 807 2905 tam
869 2836 1400 2908 clementissimi
1462 2837 1809 2936 principis
1865 2837 2235 2909 deflevisse
2263 2893 2283 2930 ,
2342 2862 2491 2935 quo
2546 2861 2772 2932 usque
2824 2858 3249 2933 responsum
3304 2837 3629 2931 sequenti

435 2966 651 3023 nocte
691 2956 1105 3054 accepisset,
1154 2982 1230 3028 se
1277 2981 1412 3055 pro
1446 2958 1752 3055 Trajano
1799 2957 2014 3030 fuisse
2061 2956 2415 3051 auditum,
2469 2971 2673 3029 eruta
2729 2954 3020 3054 quidem
3061 2955 3303 3028 anima
3351 2954 3502 3052 ejus
3538 2954 3629 3026 de

433 3069 611 3143 locis
671 3076 1072 3172 poenalibus
1099 3133 1118 3166 ,
1197 3079 1565 3174 quamvis,
1626 3093 1706 3151 ut
1763 3077 2032 3152 ibidem
2103 3076 2389 3169 dicitur,
2460 3102 2611 3149 non
2672 3075 2838 3148 ideo
2907 3075 3199 3148 credere
3256 3099 3621 3171 cogamur,

433 3190 916 3269 introductam
964 3221 1123 3296 eam
1172 3196 1383 3297 fuisse
1439 3199 1513 3268 in
1568 3222 1870 3294 regnum
1916 3195 2295 3289 coelorum,
2360 3221 2452 3268 ne
2502 3196 2683 3268 forte
2740 3195 2976 3268 verbis
3004 3195 3333 3268 Veritatis
3377 3197 3627 3293 praeju·

431 3310 777 3406 dicemuS,
816 3316 1080 3412 quibus
1114 3315 1412 3388 dicitur¹
1456 3345 1472 3389 ε
1515 3348 1550 3383 α
1577 3315 1722 3389 Nisi
1771 3319 1931 3414 quis
1971 3330 2259 3388 renatus
2305 3316 2516 3387 fuerit
2562 3340 2649 3385 ex
2682 3339 2867 3411 aqua
2913 3329 2985 3385 et
3028 3314 3294 3412 Spiritu
3329 3331 3618 3407 sanct0,

428 3454 581 3502 non
635 3446 870 3530 potest
921 3435 1215 3506 introire
1275 3435 1349 3505 in
1405 3460 1705 3530 regnum
1755 3436 2129 3509 coelorum.
2164 3467 2196 3503 ι)
2234 3436 2371 3508 Sed
2435 3437 2730 3508 fortasse
2779 3433 2959 3506 illud
3009 3434 3265 3530 majori
3310 3434 3620 3508 admira·

431 3550 629 3622 tione
680 3554 1088 3652 suscipitur,
1146 3554 1346 3652 quod
1395 3557 1469 3626 in
1533 3555 2030 3627 Consolatione
2090 3582 2307 3655 super
2355 3572 2591 3629 morte
2646 3553 3123 3628 Valentiniani
3173 3555 3621 3654 imperatoris

428 3669 522 3741 ad
573 3694 856 3744 sorores
900 3673 1122 3771 ipsius
1176 3673 1428 3747 beatus
1468 3674 1827 3774 scripserit
1882 3675 2323 3748 Ambrosius,
2376 3677 2517 3748 Ubi
2570 3675 2865 3774 quidem
2910 3672 3288 3773 praedictus
3335 3690 3618 3770 sanctus

426 3792 732 3862 omnino
779 3807 1098 3866 astruere
1153 3794 1591 3891 intelligitur,
1641 3820 1808 3867 eum
1857 3820 1899 3867 a
1941 3820 2017 3868 se
2053 3797 2203 3893 jam
2249 3795 2793 3887 catechisatum,
2848 3794 2976 3866 sed
3021 3794 3353 3867 nondum
3389 3794 3620 3893 bapti-

429 3925 668 3983 zatum
695 3967 715 4003 ,
772 3937 859 3984 ex
917 3927 1084 3984 ante
1140 3928 1311 3997 actae
1364 3916 1525 3987 vitae
1580 3914 1794 3987 bonis
1846 3916 2185 4013 operibus
2235 3918 2520 3990 veniam
2577 3918 2990 4014 impetrasse
3044 3928 3210 4014 post
3259 3929 3568 3986 mortem
3593 3972 3611 4006 ,

428 4045 501 4101 et
566 4046 835 4104 sortem
898 4034 1293 4105 electorum
1352 4036 1505 4108 sine
1565 4035 1905 4134 baptismi
1962 4037 2187 4133 gratia
2246 4038 2684 4136 percepisse,
2748 4060 2914 4109 cum
2978 4035 3121 4107 hoc
3181 4059 3327 4108 non
3380 4036 3615 4107 solum

425 4150 799 4248 evangelio
821 4207 840 4244 ,
921 4177 1175 4224 verum
1245 4167 1317 4225 et
1387 4157 1647 4228 sanctis
1700 4154 2124 4228 doctoribus
2171 4156 2561 4231 ,adversari
2633 4157 2915 4255 penitus
2989 4154 3340 4227 videatur.
3410 4155 3617 4226 Unde

419 4272 853 4367 Augustinus
894 4271 982 4343 de
1022 4274 1437 4346 orthodoxa
1465 4274 1670 4368 fide’
1709 4302 1724 4345 :
1780 4306 1814 4342 α
1848 4277 2227 4375 Baptizatis
2278 4289 2557 4349 tantum
2602 4275 2737 4348 iter
2788 4299 2936 4347 esse
2988 4274 3268 4368 salutis,
3335 4273 3615 4347 nullum

418 4378 1050 4485 catechumenum,
1102 4396 1429 4490 quamvis
1471 4397 1542 4466 in
1579 4394 1791 4468 bonis
1833 4394 2172 4494 operibus
2204 4395 2655 4488 defunctum,
2705 4396 2927 4468 vitam
2972 4409 3312 4467 aeternam
3346 4393 3615 4468 habere

415 4509 826 4603 credamus»,
874 4528 1176 4613 excepto
1218 4515 1585 4612 martyriO,
1625 4514 1753 4587 ubi
1799 4530 1946 4588 tota
1991 4515 2329 4615 baptismi
2378 4531 2821 4590 sacramenta
2863 4513 3341 4611 complentur.
3377 4546 3409 4580 »
3449 4517 3613 4586 Haec

414 4643 663 4702 autem
714 4647 884 4705 sunt
936 4633 1054 4706 illa
1111 4633 1465 4706 Ambrosii
1503 4634 1725 4709 verba
1773 4637 1848 4706 in
1899 4636 2189 4735 praefata
2239 4636 2538 4734 epistola
2590 4635 2683 4707 de
2729 4651 2962 4707 morte
2990 4634 3473 4708 Valentiniani
3519 4636 3612 4707 ad

413 4773 708 4823 sorores
738 4752 960 4851 ipsius
1009 4780 1025 4823 ε
1076 4781 1114 4822 «
1139 4752 1374 4825 Audio
1412 4778 1541 4825 vos
1597 4753 1843 4827 dolere
1875 4755 2073 4852 quod
2124 4780 2275 4826 non
2331 4756 2609 4854 accepit
2648 4768 3091 4828 sacramenta
3134 4742 3602 4853 baptismatis.

411 4868 651 4941 Dicite
713 4871 923 4964 mihi,
990 4874 1114 4968 qui
1159 4872 1375 4944 etiam
1424 4872 1703 4945 dudum
1762 4874 1905 4946 hoc
1959 4875 2107 4946 voti
2167 4873 2459 4962 habuit,
2517 4889 2598 4947 ut
2644 4899 2810 4947 cum
2854 4877 2929 4947 in
2976 4872 3248 4947 ltaliam
3302 4873 3610 4945 venisset

411 4989 847 5085 initiaretur,
901 5006 973 5064 et
1023 4994 1349 5093 proxime
1398 4991 1747 5093 baptizari
1784 5017 1861 5066 se
1907 5018 1951 5067 a
2000 5019 2113 5067 me
2142 4993 2611 5090 significavit3
2655 5011 2726 5068 et
2769 4995 2932 5067 ideo
2967 4993 3333 5094 praeteritis
3377 4992 3608 5065 causis

486 5268 498 5294 ⁸
523 5262 687 5328 Joan...
709 5280 814 5331 cap.
834 5281 907 5332 111,
934 5282 980 5319 v.
1007 5271 1055 5320 5.
1079 5295 1139 5307 -—
1158 5271 1175 5299 ²
1195 5267 1498 5333 Gennadiiis,
1529 5269 1588 5320 de
1606 5270 1784 5333 Doqm.
1808 5269 1940 5320 Eccl.
1961 5307 1973 5334 ,
1996 5283 2102 5333 cap.
2131 5283 2228 5329 xm,
2252 5272 2380 5320 inter
2401 5270 2602 5332 August.
2630 5268 2755 5332 opp.
2765 5305 2780 5332 ,
2807 5276 2843 5320 t.
2870 5266 2995 5331 vm,
3020 5271 3070 5318 tn
3094 5268 3221 5331 App.
