4559 6100
648 608 931 686 tttrttonttctto
957 614 1018 686 nt)
1042 611 1334 684 tflnotontntt.
1395 646 1398 651 ⁴
1739 615 1786 684 rt

199 756 394 858 praedicant
423 755 583 848 mundo,
609 757 813 856 irreligiosis
843 761 971 835 mundi
998 761 1285 861 imperfectisque
1315 759 1489 832 doctrinis
1515 784 1581 859 per
1605 763 1789 836 scientiam

200 874 468 975 omnipotentiae
479 877 669 967 contraire,
681 877 784 973 juxta
798 878 886 952 illud
902 880 1076 980 Apostoli¹
1091 906 1100 951 ε
1121 911 1138 945 α
1155 883 1284 953 Nostra
1297 878 1395 950 enim
1409 901 1595 953 armenon
1613 894 1698 954 sunt
1711 906 1789 955 car-

203 1028 220 1063 «
235 994 341 1084 nulia,
360 994 424 1068 sed
438 996 600 1094 potentia
612 1000 690 1069 Deo
709 996 756 1070 ad
771 996 1052 1073 destructionem
1069 999 1311 1071 munitionum
1328 997 1490 1087 rationis,
1516 997 1733 1087 destruentia
1754 1015 1791 1074 et

203 1138 383 1188 «omnem
398 1113 624 1186 altitudinem
640 1115 814 1190 elevatam
832 1117 1002 1192 adversus
1018 1118 1275 1214 cogitationem
1290 1117 1400 1194 Deir
1420 1115 1543 1190 Fidem
1559 1141 1635 1190 non
1653 1118 1789 1191 nudam

202 1234 377 1335 Apostolis
390 1248 497 1333 atque
514 1234 660 1334 inopem
677 1236 825 1308 rationis
842 1238 999 1336 reliquit.
1017 1242 1105 1328 Quae
1124 1236 1287 1336 quemvis
1307 1236 1554 1335 potentissima
1569 1236 1617 1310 ad
1639 1239 1790 1311 salutem

200 1355 256 1442 sit,
275 1368 396 1427 tamen
415 1353 484 1424 nisi
501 1378 566 1451 per
590 1352 791 1426 doctrinam
816 1356 1025 1445 instruatur,
1042 1355 1192 1430 habebit
1215 1355 1363 1453 quidem
1384 1355 1478 1427 inter
1501 1354 1650 1429 adversa
1673 1371 1791 1430 tutum

206 1471 414 1570 diffugiendi
430 1495 628 1560 recessum,
648 1496 723 1544 non
740 1474 847 1547 etiam
866 1474 1032 1550 retinebit
1048 1488 1275 1548 constantem
1296 1472 1532 1547 obstudendi¹
1548 1476 1788 1561 securitatem,

200 1593 349 1690 eritque,
368 1605 407 1663 ut
421 1588 680 1664 infirmioribus
694 1605 776 1664 sunt
792 1608 874 1691 post
890 1593 1010 1691 fugam
1027 1610 1155 1687 castra,
1172 1617 1247 1665 non
1265 1594 1373 1667 etiam
1389 1608 1430 1665 ut
1444 1608 1559 1666 eastra
1574 1593 1791 1667 habentibus

203 1711 300 1785 adest
322 1710 482 1783 interrita
506 1709 695 1784 fortitudo.
724 1713 990 1787 Constituendae
1025 1740 1111 1812 ergo
1145 1729 1229 1785 sunt
1254 1713 1448 1786 insolentes
1476 1711 1647 1787 adversus
1673 1719 1790 1788 Deum

199 1830 468 1931 disputationes,
482 1843 517 1903 et
532 1828 748 1905 destruenda
766 1834 947 1906 rationum
961 1832 1138 1906 fallacium
1155 1833 1390 1924 munimenta,
1409 1845 1445 1904 et
1455 1832 1591 1907 elevata
1606 1832 1652 1907 ad
1667 1834 1792 1931 impie·

200 1964 305 2024 tatem
322 1950 465 2045 ingenia
481 1950 721 2043 conterenda3
747 1975 815 2024 nec
830 1952 1035 2026 carnalibus
1051 1953 1175 2042 armis,
1194 1951 1257 2024 sed
1283 1949 1527 2051 spiritualibus
1533 1980 1543 2042 ;
1563 1976 1630 2024 nec
1651 1965 1792 2025 terrena

200 2066 374 2156 doctrina,
394 2067 459 2140 sed
473 2068 606 2141 coelesti
623 2071 809 2169 sapientia,
829 2085 869 2142 ut
885 2085 1019 2168 quanta
1033 2095 1155 2144 rerum
1171 2071 1375 2143 divinarum
1391 2068 1704 2167 humanarumque
1721 2069 1811 2167 dis·⁸

201 2189 309 2263 cretio
325 2202 391 2275 est,
407 2200 507 2260 tanto
523 2186 615 2261 ultra
628 2202 770 2262 terrena
784 2189 903 2263 studia
921 2192 1010 2264 ratio
1028 2190 1180 2264 coelestis
1195 2189 1357 2263 excedat.
1372 2220 1390 2256 n
1413 2187 1609 2278 Quomodo
1627 2213 1712 2286 ergo
1728 2215 1793 2262 au·

200 2305 323 2382 dicudi
334 2321 418 2378 sunt
433 2308 495 2405 qui
508 2305 617 2379 fidem
630 2309 829 2383 rationibus
839 2309 894 2383 vel
908 2310 1138 2383 astruendam
1153 2308 1208 2382 rel
1219 2306 1484 2381 defendendam
1498 2331 1574 2380 csse
1588 2306 1791 2404 denegant?

201 2427 398 2525 praesertim
414 2452 495 2498 cum
509 2428 576 2526 ipsi
592 2430 711 2500 Sancti
728 2453 874 2526 quoque
892 2431 938 2501 de
953 2429 1010 2501 his
1030 2454 1109 2525 quae
1128 2428 1176 2500 ad
1193 2427 1302 2501 fidem
1320 2427 1501 2527 pertinent
1521 2426 1789 2516 ratiocinantes,
1885 2510 1890 2523 .

201 2546 325 2619 multis
342 2546 583 2644 exemplorum
598 2547 656 2619 vel
668 2547 943 2621 similitudinum
961 2546 1161 2620 rationibus
1177 2546 1326 2620 rebelles
1348 2569 1497 2643 arguere
1519 2546 1576 2618 vel
1597 2546 1792 2643 reprimere

200 2662 364 2737 soleant?
386 2665 421 2734 Si
440 2666 536 2736 enim
553 2691 636 2737 cum
654 2666 889 2763 persuadetur
904 2665 1042 2762 aliquid
1059 2681 1098 2738 ut
1116 2664 1295 2753 credatur,
1315 2663 1366 2736 nil
1381 2678 1434 2737 est
1450 2665 1587 2737 ratione
1603 2662 1791 2736 discutien-

202 2782 298 2873 dum,
316 2798 435 2855 utrum
451 2784 499 2855 ita
514 2784 648 2858 scilicet
659 2784 757 2858 credi
769 2800 935 2885 oporteat
946 2785 1000 2856 vel
1017 2811 1091 2857 non
1107 2813 1115 2855 ε
1130 2783 1221 2883 quid
1234 2799 1342 2857 restat
1359 2784 1428 2856 nisi
1445 2797 1484 2855 ut
1498 2807 1600 2881 aeque
1618 2797 1690 2855 tam
1706 2781 1792 2856 falsa

200 2927 307 3000 quam
323 2927 406 2975 vera
429 2903 703 3002 predicantibus
723 2906 1012 3003 acquiescamus,
1042 2919 1077 2977 et
1096 2905 1193 2977 illam
1221 2904 1338 2976 Fausti
1364 2903 1522 2977 haeretici
1545 2902 1791 2976 defensionem

202 3022 475 3122 pmtendamus,
494 3047 566 3122 qua
584 3050 621 3097 se
636 3025 683 3098 ab
699 3026 971 3127 impugnatione
989 3023 1151 3100 fidelium
1169 3040 1368 3126 protegere,
1390 3038 1425 3098 et
1438 3025 1536 3125 ipsos
1552 3048 1617 3123 per
1632 3023 1792 3123 Prophe·

203 3158 331 3218 tamam
351 3170 479 3217 eorum
504 3148 719 3219 sententiam
743 3147 868 3225 nititur
883 3148 1094 3220 confutare?
1112 3147 1171 3219 Sic
1196 3146 1331 3246 quippe
1356 3144 1486 3230 aiebat,
1506 3144 1597 3217 sicut
1612 3145 1649 3215 in
1673 3144 1792 3242 primo

202 3282 322 3336 contro
344 3270 517 3337 Faustum
537 3265 629 3338 libro
653 3266 777 3340 beatus
800 3268 962 3340 meminit
979 3267 1224 3362 Augustinus⁸,
1256 3295 1272 3332 a
1295 3280 1331 3338 et
1346 3263 1423 3336 haec
1440 3263 1581 3335 enervis
1597 3261 1681 3335 fidet
1706 3287 1792 3334 corr·

206 3383 304 3456 fessio
323 3386 359 3456 in
384 3385 526 3458 Christo
542 3387 618 3459 sine
642 3401 728 3459 teste
758 3401 794 3458 et
816 3400 1028 3483 argumento
1052 3409 1126 3456 nou
1150 3382 1309 3455 credere.
1331 3387 1465 3479 Nempe
1493 3406 1556 3452 vos
1583 3381 1650 3477 ipsi
1673 3379 1791 3452 dicere

204 3501 319 3575 soletis
345 3531 353 3573 :
379 3502 517 3578 ldcirco
533 3506 582 3578 nil
599 3530 677 3578 esse
693 3506 868 3577 curiosius
893 3502 1168 3602 exquirendum,
1192 3501 1277 3598 quia
1292 3497 1442 3596 simplex
1457 3498 1502 3569 sit
1516 3495 1680 3569 absoluta
1695 3497 1789 3570 chri·

205 3621 313 3695 stiana
342 3623 545 3696 credulitas.
572 3624 769 3712 Quomodo
803 3648 888 3720 ergo
910 3648 1008 3694 nunc
1032 3621 1117 3693 fidet
1144 3618 1406 3719 simplicitatem
1428 3617 1629 3706 destruitis,
1648 3616 1792 3714 judiciis

204 3764 242 3813 ac
259 3742 408 3816 testibus
431 3770 510 3818 eam
532 3743 738 3818 fulciendo?
756 3773 773 3811 u
804 3745 962 3815 Similem
991 3749 1030 3815 B.
1051 3742 1219 3813 Silvestre
1240 3738 1505 3838 oppositionem
1530 3735 1695 3809 aludaeis
1714 3736 1791 3810 fieri

206 3863 237 3934 in
255 3863 325 3935 rita
340 3865 418 3959 ejus
435 3864 597 3961 legimus,
618 3889 702 3935 cum
716 3862 879 3936 videlicet
895 3889 958 3936 eos
974 3862 1019 3936 de
1039 3859 1110 3934 fule
1127 3858 1258 3932 Christi
1278 3854 1479 3932 rationibus
1501 3869 1712 3930 coarctaret.
1740 3862 1792 3929 lta

206 3984 334 4081 qnippe
350 3985 522 4082 scriptum
540 3999 593 4056 est
611 4011 620 4055 ε
640 4012 657 4051 e
671 3984 767 4055 ioasi
782 3983 859 4056 rabi
881 3983 993 4055 dixit:
1014 3981 1156 4054 Rationi
1177 3980 1345 4051 humanae
1364 4002 1439 4050 non
1457 3991 1510 4049 est
1534 3977 1791 4050 committenda

207 4099 301 4191 fides,
323 4128 401 4199 quae
417 4107 533 4174 Deum
549 4103 645 4175 huuc
662 4101 811 4176 suadeat
823 4102 935 4195 credi,
953 4126 1062 4198 quem
1081 4116 1119 4171 tu
1136 4123 1251 4172 unum
1268 4103 1385 4170 Deum
1405 4101 1543 4170 Patrem
1561 4112 1596 4168 et
1612 4096 1739 4168 Filium
1756 4113 1792 4169 et

205 4221 370 4317 Spiritum
394 4237 557 4296 sanctum
582 4220 777 4294 confiteris.
807 4251 825 4288 u
851 4226 969 4294 Unum
990 4219 1145 4315 denique
1161 4218 1275 4290 simile
1293 4216 1428 4288 dictum
1445 4214 1540 4288 beati
1558 4216 1721 4312 Gregorii
1737 4215 1791 4286 di·

202 4341 304 4434 citur,
321 4341 419 4439 quod
431 4341 469 4413 hi
478 4344 541 4438 qui
556 4367 627 4414 suae
641 4341 807 4414 solatium
822 4341 1006 4440 imperitiae
1014 4352 1179 4437 quaerunt
1199 4363 1308 4427 ,cum
1326 4359 1368 4409 ea
1381 4334 1427 4407 de
1439 4333 1510 4407 fide
1528 4334 1792 4430 interrogantur

181 4451 247 4531 'ad
262 4486 343 4557 quae
360 4462 576 4560 respondere
593 4486 667 4533 nors
695 4459 895 4550 sufficiunt,
911 4461 1027 4531 statim
1043 4456 1216 4554 objiciunt
1234 4454 1342 4546 illud,
1361 4455 1526 4550 inquam,
1546 4452 1646 4550 quod
1664 4455 1700 4524 iu
1718 4458 1792 4523 Ho-

199 4579 300 4650 milia
308 4580 580 4678 Evangelrbrum
592 4606 649 4671 xx,
660 4604 744 4651 cum
759 4578 803 4651 de
820 4578 1080 4651 resurrectione
1097 4598 1292 4673 corporum
1302 4572 1523 4670 loqueretur,
1537 4575 1619 4644 ait⁸:
1640 4602 1657 4640 r
1669 4575 1791 4645 Scien-

195 4695 287 4770 dum
307 4699 413 4771 nobis
429 4713 482 4771 est
496 4698 596 4797 quod
613 4698 736 4771 divina
754 4698 929 4797 operatio,
959 4698 987 4769 si
1010 4697 1149 4768 ratione
1165 4690 1497 4792 comprehenditur,
1517 4715 1591 4763 uon
1609 4705 1662 4764 est
1679 4690 1793 4764 admi·

193 4817 339 4907 rabilis3
360 4844 425 4891 nec
453 4819 541 4891 fides
557 4818 665 4892 habet
685 4819 864 4909 meritum,
884 4817 942 4889 cui
957 4815 1115 4887 humana
1132 4815 1224 4886 ratio
1240 4810 1373 4911 praehet
1390 4812 1686 4909 experimentum.
1705 4840 1722 4874 u
1744 4814 1792 4878 Ex

24 4953 26 5014 t
191 4961 270 5035 qua
299 4938 461 5037 profecto
484 4939 671 5027 senmntia,
701 4960 749 5008 ue
766 4934 929 5010 videlicet
945 4934 1079 5008 inutilis
1098 4935 1143 5005 sit
1162 4930 1251 5006 fides
1264 4946 1299 5003 et
1322 4954 1447 5029 expers
1473 4930 1608 5019 meriti,
1631 4942 1794 5028 patenter

233 5216 239 5243 ¹
255 5211 591 5279 ttcouut.,up.1,v.4.
607 5241 635 5252 -
647 5219 656 5247 ²
667 5216 705 5265 Stc
720 5216 834 5266 Amboes.
849 5241 877 5252 -
889 5217 901 5247 ²
911 5213 964 5265 tn.
979 5212 1031 5276 llll,
1041 5214 1116 5276 opp,
1130 5219 1149 5263 t.
1160 5209 1227 5273 Vlfl,
1237 5211 1285 5262 eol.
1298 5211 1352 5260 225.
1367 5233 1394 5243 -
1409 5203 1522 5255 ‘Hamil
1538 5206 1564 5253 iu
1579 5177 1686 5265 Krene..
1702 5215 1767 5252 xxu.
