4559 6100
496 555 568 629 226
1099 555 1229 628 PETRI
1253 551 1488 629 ABAELARDl

495 706 568 779 hoc
582 719 636 780 est
655 732 664 778 r
684 736 701 773 a
724 710 769 778 Ut
780 706 826 779 sit
841 704 945 781 firma
961 707 1199 805 promissio,»
1219 704 1353 779 scilicet
1368 702 1598 795 baereditatis,
1613 701 1651 776 id
1668 716 1723 776 εει
1747 699 1795 773 ad
1820 698 1991 774 ellectum
2008 725 2088 799 per·

496 824 617 898 ducta.
637 824 776 897 «Omni
792 825 922 900 semini
936 824 1128 916 theme»
1148 824 1267 916 idest,
1285 822 1480 921 fidemejus
1506 822 1674 913 imitanti,
1698 835 1773 894 tam
1792 820 1927 893 Gentili
1940 818 2084 911 scilicet,

495 968 606 1043 quam
618 943 756 1018 Judaeo.
773 949 817 1018 Et
827 944 900 1019 hoc
917 945 1082 1044 estquod
1100 943 1243 1019 subdit:
1256 975 1274 1012 a
1286 949 1368 1018 Non
1383 943 1503 1018 solum
1515 943 1549 1016 ei
1563 942 1627 1040 qui
1643 954 1696 1015 est
1709 966 1751 1013 ex
1767 939 1858 1037 lege,
1874 968 1892 1009 n
1909 939 2011 1013 idest
2026 944 2085 1012 lu·

495 1062 573 1136 daeo
587 1065 650 1163 qui
665 1064 734 1163 legi
749 1064 921 1162 subjacet,
944 1065 1034 1139 need
1046 1066 1197 1139 eietiam
1210 1065 1272 1164 qui
1283 1089 1327 1138 ex
1342 1062 1414 1136 fide
1430 1077 1483 1137 εει
1495 1060 1659 1150 Abrahae,
1680 1089 1698 1127 s
1727 1057 1764 1132 id
1788 1073 1843 1132 εει
1858 1059 2003 1150 Gentili,
2023 1060 2085 1157 qui
2151 1107 2157 1122 ·

494 1183 570 1256 sola
585 1182 657 1258 side
673 1183 852 1258 Abrabam
866 1185 1039 1276 imitatur,
1055 1186 1256 1260 secundum
1271 1184 1422 1283 gratiam
1443 1182 1577 1256 scilicet
1593 1179 1673 1262 Dei,
1697 1178 1742 1252 sit
1771 1177 1873 1251 firma
1893 1177 2084 1278 promissio

492 1303 580 1400 ejus,
592 1328 666 1378 non
682 1301 882 1378 secuudum
900 1306 1026 1378 merita
1033 1304 1202 1404 legalium
1219 1328 1383 1404 operum.
1399 1331 1417 1372 n
1432 1302 1505 1391 Qui
1517 1315 1571 1375 εει
1583 1314 1699 1400 pater,
1715 1327 1733 1368 n
1744 1298 1877 1371 scilicet
1889 1296 2081 1370 Abraham.

495 1423 696 1496 «Omnium
714 1438 889 1516 nostrum,
905 1453 922 1490 n
942 1437 1016 1497 tam
1032 1423 1238 1498 ludaeorum
1245 1423 1377 1497 scilicet
1392 1445 1503 1520 quarn
1520 1419 1729 1508 Gentilium,
1745 1415 1783 1490 id
1801 1431 1854 1490 εει
1868 1416 1907 1488 in
1919 1414 2083 1514 exemplo

492 1540 539 1613 ad
554 1540 769 1615 imitandum
785 1541 993 1616 bominibus
1013 1545 1218 1644 propositus
1234 1559 1300 1617 εει.
1321 1572 1338 1613 n
1357 1543 1455 1615 Sicut
1471 1540 1643 1639 scriptum
1662 1552 1728 1628 est,
1753 1565 1771 1605 n
1789 1537 1827 1608 iu
1848 1538 1976 1608 Genesi
1990 1534 2083 1606 scili·

493 1675 560 1733 cet.
576 1665 622 1734 Ac
635 1662 666 1734 si
677 1660 814 1735 diceret
829 1689 838 1733 ε
856 1666 907 1735 Εο
923 1662 1089 1738 videlicet
1105 1663 1218 1737 modo
1231 1677 1334 1762 pater
1350 1674 1522 1758 astatque
1537 1671 1664 1732 auctor
1680 1654 1851 1731 omnibus
1866 1655 1904 1726 in
1919 1652 2082 1752 exemplo

492 1778 539 1851 ad
554 1780 771 1854 imitandum
789 1784 1007 1881 propositus,
1027 1808 1101 1882 quo
1118 1782 1340 1882 promittitur
1354 1804 1378 1854 a
1390 1779 1549 1852 Domino
1565 1792 1668 1876 pater
1684 1774 1974 1870 emcmultarum
1997 1797 2081 1870 gon·

491 1900 594 1988 tium,
611 1900 647 1973 id
672 1916 725 1974 est
743 1901 967 1976 diversarum
991 1904 1193 2001 regionum,
1220 1899 1404 1973 credendo
1430 1898 1564 1972 scilicet
1589 1897 1700 1995 magis
1726 1919 1839 1993 quam
1865 1916 1976 1991 opera
1997 1892 2082 1989 legis

490 2020 704 2093 exercendo.
722 2020 831 2108 Quod
847 2036 1010 2121 patenter
1023 2023 1195 2113 insinuat,
1219 2044 1305 2093 cum
1324 2016 1449 2092 subdit
1468 2045 1478 2088 ε
1500 2045 1519 2086 a
1536 2021 1626 2089 Ante
1641 2019 1759 2087 Deum
1772 2013 1831 2086 cui
1847 2009 2040 2085 credidisti.
2061 2040 2079 2077 n

490 2137 610 2211 Verba
625 2139 773 2211 Domini
788 2139 968 2237 loquentis
982 2139 1030 2212 ad
1041 2138 1222 2214 Abraham
1237 2151 1321 2211 sunt
1337 2138 1405 2211 ista
1421 2163 1429 2208 :
1452 2134 1572 2224 «Quia
1588 2139 1741 2220 Patrem,
1760 2146 1830 2205 etc.
1843 2162 1861 2199 n
1878 2131 1935 2202 Sic
1950 2129 2082 2227 quippe

488 2257 662 2354 scriptum
684 2263 758 2332 est¹
779 2285 787 2329 :
810 2289 828 2326 α
847 2263 927 2330 Non
945 2259 1133 2331 vocabitur
1148 2282 1282 2331 nomen
1301 2270 1404 2329 tuum
1421 2254 1574 2342 Abram,
1594 2251 1658 2326 sed
1673 2250 1858 2324 vocaberis
1878 2247 2077 2339 Abraham,

488 2375 573 2471 quia
588 2390 727 2472 patrem
744 2375 937 2449 multarum
952 2378 1110 2473 gentium
1125 2377 1298 2449 constitui
1316 2388 1362 2447 te.
1379 2403 1397 2442 n
1418 2373 1583 2445 lnnuitur
1598 2372 1718 2467 itaque
1741 2394 1784 2442 er
1809 2368 1866 2440 his
1889 2366 2006 2441 verbis
2026 2368 2082 2438 in-

487 2495 694 2593 terpretatio
715 2496 875 2568 nominis
901 2494 1060 2590 Abrahae,
1087 2495 1192 2594 quod
1218 2508 1325 2568 sonat
1351 2507 1451 2592 pater
1479 2491 1688 2564 multorum.
1714 2488 1785 2561 Sed
1809 2487 1909 2585 quod
1937 2486 2082 2560 additur

488 2639 506 2679 «
525 2613 698 2708 gentium,
717 2641 735 2680 n
754 2612 957 2709 explanatio
979 2629 1033 2687 εει
1058 2615 1178 2713 potius
1198 2613 1352 2711 quar'um
1367 2636 1488 2685 rerum
1506 2609 1701 2684 multarum
1721 2608 1766 2680 sit
1791 2605 2078 2701 intelligendum,

488 2750 599 2825 quam
617 2730 875 2828 interpretatio.
894 2732 965 2805 Sed
986 2747 1022 2804 et
1049 2731 1148 2829 quod
1170 2734 1221 2803 ait
1235 2731 1437 2830 Apostolus,
1460 2760 1478 2796 a
1495 2743 1579 2802 ante
1601 2732 1733 2817 Deum,
1757 2726 1815 2798 cui
1840 2723 2036 2816 credidisti,
2061 2756 2079 2791 »

488 2844 545 2918 vel
562 2860 693 2919 nostrae
711 2848 931 2921 translationi
948 2864 1000 2922 est
1017 2848 1254 2943 subtractum,
1274 2848 1332 2922 vel
1353 2862 1514 2949 exparte
1537 2846 1699 2946 Apostoli
1719 2844 1894 2936 additum,
1916 2857 1957 2914 ut
1982 2842 2081 2916 vide·

359 2969 362 2991 '
486 2962 570 3037 licet
585 2964 839 3039 determinaret
852 2966 1030 3042 Abraham
1054 2993 1098 3042 ex
1121 2968 1193 3041 fide
1216 2969 1254 3041 in
1277 2966 1446 3040 omuibus
1468 2982 1608 3068 patrem
1627 2989 1704 3039 esse
1724 2962 1952 3066 propositum
1969 2963 2081 3058 magis

486 3108 594 3182 quarn
609 3110 653 3158 ex
668 3086 950 3161 circumcisione.
971 3091 1075 3161 Pater
1095 3088 1256 3186 ponitur,
1281 3087 1319 3160 id
1341 3102 1395 3162 est
1417 3087 1644 3161 constituitur
1668 3099 1752 3159 ante
1770 3089 1902 3171 Deum,
1920 3081 2025 3154 idest
2041 3083 2077 3152 in

485 3203 711 3304 beneplacito
721 3207 809 3303 ejus,
830 3208 893 3305 qui
909 3206 1001 3281 filios
1017 3225 1093 3281 non
1107 3210 1233 3307 quaerit
1248 3207 1315 3281 sibl
1331 3231 1515 3307 generare,
1533 3206 1595 3282 sed
1606 3210 1682 3279 Deo
1696 3232 1704 3275 ε
1720 3229 1788 3277 uec
1801 3200 2079 3276 concumbendo

485 3349 557 3398 suae
580 3325 754 3425 voluptati
782 3328 994 3422 satisfacere,
1023 3329 1086 3402 sed
1115 3328 1279 3427 exemplo
1305 3327 1390 3402 fidei
1415 3327 1528 3425 magis
1548 3351 1658 3425 quam
1680 3328 1939 3426 propagatione
1961 3323 2079 3395 camis

485 3441 578 3517 lilios
592 3446 659 3517 Dei
672 3470 884 3544 praeparare.
903 3449 1014 3535 Quod
1032 3463 1196 3548 patenter
1212 3448 1368 3521 insinuat
1383 3471 1468 3520 cum
1481 3445 1602 3520 subdit
1624 3474 1632 3517 ε
1655 3478 1672 3510 α
1693 3446 1758 3517 Cui
1776 3440 1978 3531 credidisti,
1995 3470 2013 3509 n
2032 3440 2079 3514 de

486 3563 654 3636 omnibus
670 3563 804 3636 scilicet
818 3566 894 3661 ejus
908 3567 1103 3665 promissis.
1129 3572 1179 3638 Ac
1194 3568 1225 3639 si
1243 3567 1378 3640 diceret
1398 3593 1407 3637 ε
1430 3566 1537 3639 Posui
1557 3579 1592 3637 te
1614 3579 1755 3664 patrem
1776 3577 1860 3636 aute
1879 3565 1996 3634 Deum
2020 3560 2078 3631 cui

485 3681 678 3766 credidisti,
699 3680 812 3772 idest,
830 3697 870 3755 ut
886 3706 951 3780 per
965 3684 1037 3756 hoc
1049 3685 1151 3781 quod
1163 3687 1198 3759 ei
1213 3685 1396 3759 credidisti
1408 3687 1588 3758 ministros
1605 3684 1671 3757 tibi
1686 3682 1816 3757 similes
1832 3679 1995 3778 exemplo
2009 3694 2079 3751 tuae

486 3796 570 3871 lidei
586 3799 636 3871 illi
651 3823 852 3895 generares.
871 3801 980 3889 Quod
995 3806 1093 3875 Deus
1104 3803 1256 3899 loquens
1267 3804 1315 3877 ad
1329 3802 1508 3876 Abraham
1520 3805 1569 3876 ita
1575 3802 1686 3876 latur:
1703 3809 1873 3876 «Patrem
1883 3798 2079 3872 multarum

486 3919 645 4013 gentium
659 3920 764 4018 posui
777 3934 813 3991 te
829 3933 912 3992 ante
923 3921 1133 3994 Dominum.
1149 3951 1168 3988 n
1183 3925 1226 3994 Et
1238 3947 1313 3995 uon
1330 3921 1417 3996 dicit
1434 3928 1546 3995 :Ante
1561 3946 1641 3994 me:
1658 3921 1722 3995 sed
1733 3923 1783 3994 ita
1799 3920 1845 3993 de
1861 3945 1901 3992 sa
1915 3917 2016 4015 quasi
2031 3917 2079 3989 de

485 4037 556 4109 alio
572 4036 743 4136 loquitur.
764 4038 998 4113 Consuetudo
1012 4055 1065 4113 est
1080 4040 1245 4114 Hebraici
1260 4042 1448 4115 sermonis.
1466 4040 1569 4113 Unde
1590 4054 1625 4113 et
1641 4042 1716 4139 ipse
1730 4038 1910 4137 legislator
1924 4037 1987 4135 qui
2006 4035 2080 4108 hoc

485 4157 635 4254 scripsit,
655 4182 797 4257 semper
813 4157 858 4230 de
875 4182 913 4230 se
928 4159 1008 4258 ipso
1023 4159 1125 4256 quasi
1136 4158 1183 4233 de
1197 4160 1269 4233 alio
1286 4160 1473 4235 consuevit
1488 4160 1602 4255 loqui,
1619 4159 1729 4232 'veluti
1741 4182 1827 4230 cum
1837 4158 1928 4230 aiv:
1948 4156 2079 4226 «Dixit

485 4276 661 4348 Dominus
677 4276 723 4349 ad
738 4280 941 4374 Moysen.»
963 4281 1006 4350 Et
1021 4280 1106 4351 item
1118 4281 1155 4355 ’,ε
1175 4308 1193 4347 n
1208 4284 1251 4352 Et
1267 4294 1344 4354 erat
1358 4283 1498 4377 Moyses
1522 4279 1740 4368 mitissimus,
1757 4291 1841 4366 eto,
1863 4307 1880 4341 n
1905 4273 2005 4370 quod
2027 4287 2079 4346 ta·

483 4417 567 4465 men
586 4420 660 4467 non
682 4396 758 4469 siue
780 4420 889 4470 causa
911 4397 1043 4471 lactum
1059 4396 1214 4488 videtur,
1240 4412 1279 4470 ut
1302 4396 1467 4472 videlicet
1491 4396 1581 4470 alius
1606 4399 1708 4497 quasi
1729 4396 1774 4468 de
1800 4393 1870 4471 alio
1890 4392 2075 4490 loquatur.

484 4517 632 4586 Constat
642 4516 776 4615 quippe
789 4516 827 4588 iu
841 4519 971 4591 sanctis
982 4532 1017 4591 et
1034 4519 1188 4592 maxime
1206 4519 1244 4591 in
1262 4516 1463 4618 Prophetis,
1480 4518 1680 4592 Dominum
1702 4518 1821 4617 potius
1842 4538 1954 4613 quarn
1980 4514 2079 4611 ipsos

482 4633 595 4730 loqui.
616 4633 717 4706 Unde
736 4634 920 4735 Prophetae
938 4636 1074 4734 aliquid
1087 4637 1218 4710 dicturi
1234 4637 1441 4735 frequenter
1455 4638 1558 4711 aiunt
1580 4665 1588 4709 ε
1612 4666 1630 4707 n
1644 4641 1727 4710 Haec
1742 4635 1830 4709 dicit
1846 4634 2035 4707 Dominus.
2056 4661 2075 4698 n

484 4753 671 4825 EtVeritas
685 4754 720 4825 in
736 4755 930 4850 Evangelio
945 4755 991 4827 ad
1009 4755 1219 4855 discipulos*
1229 4784 1237 4827 :
1249 4785 1267 4826 n
1279 4762 1360 4830 Non
1373 4757 1470 4831 enim
1481 4782 1547 4830 vos
1563 4758 1660 4845 estis,
1673 4786 1690 4823 n
1703 4754 1834 4851 inquit,
1854 4783 1872 4824 n
1882 4754 1945 4853 qui
1957 4752 2076 4849 loqui·

517 5060 628 5121 'Gener.,
641 5074 698 5124 cap.
717 5073 774 5119 xvu,
793 5072 816 5109 r.
829 5064 853 5112 t.
866 5088 894 5098 -
904 5063 913 5092 ²
923 5062 1017 5127 Exod,
1030 5076 1084 5126 cap.
1097 5076 1134 5128 m,
1145 5077 1167 5113 v.
1184 5066 1225 5126 tt;
1237 5075 1293 5127 cap.
1303 5077 1341 5130 rt,
1355 5077 1378 5115 r.
1393 5066 1479 5127 neap.
1490 5077 1533 5124 tu,
1546 5079 1568 5115 r.
1583 5067 1592 5115 1
1606 5070 1675 5126 etan.
1693 5063 1829 5123 -³Num.,
1846 5074 1900 5124 cap.
1914 5074 1962 5121 xri,
1977 5074 2000 5108 r.
2015 5062 2075 5110 3.-

487 5137 599 5200 utana,
615 5153 669 5203 cap.
687 5154 717 5203 x,
737 5154 759 5191 r.
772 5141 812 5192 20.
