4559 6100
652 477 936 551 INTRODUCTIO
961 480 1022 552 AD
1046 479 1344 555 THEOLOGIAM·
1754 486 1804 560 ⁴9

206 625 465 719 animandum,
494 626 587 703 sicut
610 640 717 699 antea
742 642 864 719 erant,
894 628 1129 727 praesentibus
1158 629 1327 703 humanis
1352 628 1567 704 animabus?
1594 637 1731 708 Potest¹
1760 662 1805 711 ex

207 772 281 820 uno
306 770 462 845 corpore
486 746 698 819 innumeros
722 770 861 821 vermes
880 747 1074 842 vivificare,
1102 773 1188 822 cum
1208 751 1284 848 jam
1310 751 1427 849 ipsum
1452 775 1584 851 corpus
1610 755 1807 830 nonvalet

208 866 388 940 animare?
413 869 501 955 Quae
528 864 629 938 deest
658 865 822 965 aptitudo
846 866 1017 942 defuncto
1047 856 1194 969 corpori
1222 894 1270 943 ne
1292 894 1391 943 nunc
1420 895 1566 969 quoqne
1589 872 1769 948 animetur
1777 880 1801 970 ¹,

208 986 275 1058 nisi
299 999 444 1058 tantum
465 985 652 1084 praesentia
678 984 846 1060 humanae
871 987 1020 1083 animae,
1053 1013 1132 1087 quae
1160 1002 1197 1061 et
1222 1013 1377 1088 praeseus
1404 1014 1537 1089 corpus
1563 989 1741 1086 vivificat,
1768 1009 1806 1067 et

208 1103 376 1179 recedens
401 1105 519 1204 ipsum
543 1103 760 1179 mortificati
783 1105 893 1195 Quod
918 1107 947 1179 si
972 1107 1020 1180 ad
1043 1107 1274 1181 involucrum
1297 1109 1364 1185 ista
1389 1106 1633 1201 deflectamus,
1662 1136 1742 1209 quae
1758 1111 1805 1186 de

207 1224 326 1297 anima
348 1223 478 1297 mundi
503 1223 770 1324 aphilosophis
794 1225 889 1299 dicta
912 1241 1011 1320 sunt,
1036 1227 1138 1301 facile
1161 1241 1215 1300 est
1237 1226 1494 1300 rationabiliter
1517 1244 1649 1303 cuncta
1672 1232 1802 1330 accipi,

207 1369 272 1417 nec
302 1367 462 1417 esacrae
491 1342 575 1417 fidei
606 1358 733 1418 tenore
765 1346 979 1421 exorbitare.
994 1349 1207 1421 -Conferaut
1233 1350 1360 1421 auimae
1389 1350 1555 1425 humanae
1591 1352 1806 1449 corporibus

208 1451 336 1523 nostris
360 1450 555 1524 animalem
578 1452 703 1539 vitam,
730 1452 893 1526 conferat
915 1455 1037 1527 anima
1060 1455 1200 1548 mundi,
1226 1457 1367 1552 qnam⁸,
1392 1456 1461 1527 nisi
1485 1455 1603 1549 fallor,
1632 1458 1805 1557 Spiritum

208 1584 370 1642 sanctum
387 1570 638 1643 intellexerunt
655 1570 874 1671 philosophi,
896 1573 981 1673 ipsis
994 1573 1184 1646 animabus
1199 1575 1330 1646 nostris
1347 1574 1459 1646 vitam
1475 1575 1711 1674 spiritualem,
1731 1577 1805 1650 dis·

209 1688 401 1765 tributione
424 1689 559 1763 scilicet
582 1715 733 1764 snorum
752 1690 951 1784 donorum,
977 1708 1018 1765 ut
1040 1694 1133 1766 sicut
1159 1693 1305 1791 singulae
1330 1695 1459 1766 animae
1484 1697 1557 1767 vita
1581 1720 1802 1795 corporum,

209 1809 356 1908 Spiritus
374 1824 497 1883 autem
514 1825 658 1883 sanctus
673 1812 747 1883 vita
763 1812 980 1907 animarum,
1002 1836 1091 1910 quas
1107 1811 1309 1911 vegetando
1330 1813 1376 1886 ad
1396 1814 1599 1913 proiectum
1620 1813 1805 1891 bonorum

208 1952 357 2028 operum
373 1944 579 2028 promovet.
596 1930 784 2019 Quodam⁸
800 1932 922 2029 itaque
937 1931 1049 2004 modo
1064 1933 1193 2007 animae
1208 1947 1338 2006 nostrae
1355 1958 1511 2032 corpora
1524 1937 1638 2006 sancti
1654 1934 1806 2034 Spiritus

209 2046 367 2121 dicendae
377 2063 478 2144 sunt,
498 2072 588 2148 quas
604 2050 680 2148 ipse
696 2075 762 2149 per
773 2050 921 2150 aliquod
933 2053 1052 2149 gratiae
1068 2078 1139 2126 suae
1157 2052 1296 2126 donum
1311 2054 1413 2150 quasi
1426 2053 1603 2152 templum
1615 2051 1805 2148 inhabitat,

207 2180 242 2239 et
253 2168 444 2241 virtutibus
452 2167 621 2242 vivificat.
634 2168 739 2242 Unde
755 2186 792 2243 et
807 2170 896 2244 illud
909 2185 962 2245 est
970 2172 1158 2269 Augustini
1172 2176 1344 2243 Sermone
1366 2197 1403 2244 vr
1427 2171 1473 2243 de
1487 2171 1606 2244 verbis
1622 2173 1803 2245 Domine:

208 2316 226 2356 e
242 2288 343 2361 Sicut
359 2290 453 2361 enim
471 2291 544 2363 vita
558 2293 723 2389 corporis
736 2291 858 2365 anima
874 2306 938 2382 est,
960 2291 1011 2362 sic
1027 2291 1100 2363 vita
1116 2292 1243 2364 animae
1259 2296 1369 2363 Deus.
1389 2292 1487 2362 Sicut
1505 2293 1660 2390 exspirat
1675 2315 1808 2390 corpus

206 2429 295 2493 cum
313 2409 468 2480 animam
483 2409 630 2505 emittit,
649 2410 699 2482 ita
714 2411 835 2485 anima
850 2434 934 2482 cum
958 2414 1076 2482 Deum
1091 2411 1233 2483 amittit.
1255 2415 1353 2482 Deus
1373 2410 1524 2482 amissus
1542 2435 1640 2482 mors
1656 2411 1804 2502 animae,

206 2525 327 2598 anima
342 2526 470 2600 amissa
487 2534 586 2601 mois
601 2530 777 2629 corporis.
794 2533 891 2603 Mors
903 2531 1067 2629 corporis
1080 2529 1291 2621 necessaria,
1310 2553 1409 2600 mors
1422 2529 1551 2601 animae
1565 2530 1804 2605 voluntaria.»

208 2644 330 2719 Sedet
347 2646 439 2721 illud
463 2648 563 2747 quod
581 2649 699 2742 aiunt,
717 2650 877 2723 animam
893 2664 1008 2722 totam
1032 2648 1181 2745 singulis
1198 2648 1414 2747 corporibus
1435 2646 1589 2720 infusam
1613 2649 1738 2722 omnia
1754 2649 1808 2721 vi·

206 2764 349 2838 nificare
373 2782 483 2865 atque
508 2769 669 2842 animare
689 2792 769 2865 quae
792 2767 840 2841 ad
857 2766 1115 2843 vivificandum
1139 2766 1272 2839 idonea
1287 2767 1437 2866 reperit,
1457 2765 1556 2839 nulla
1577 2765 1722 2839 illorum
1738 2767 1807 2841 du-

207 2886 285 2960 ritia
299 2886 356 2960 rel
374 2886 577 2987 densitatis⁸
595 2903 723 2963 natura
744 2887 984 2988 impediente,
1011 2886 1207 2989 pulchrum
1230 2887 1459 2961 involucrum
1481 2900 1548 2979 est,
1572 2888 1657 2985 quia
1680 2890 1809 2963 caritas

208 3008 272 3082 Dei
296 3032 410 3107 quam
435 3010 607 3108 Spiritum
629 3022 793 3084 sanctum
816 3009 982 3114 dicimus,
1003 3008 1175 3082 cordibus
1194 3008 1362 3082 humanis
1380 3032 1445 3110 per
1461 3005 1547 3081 fidei
1566 3007 1642 3082 sive
1658 3011 1809 3084 rationis

207 3127 344 3202 donum
369 3130 538 3228 primitus
560 3130 695 3221 infusa,
720 3129 887 3228 quaedam
910 3128 1067 3202 vivificat
1090 3129 1136 3202 ad
1155 3130 1342 3203 bonorum
1363 3154 1516 3228 operum
1541 3128 1697 3201 fructum
1722 3132 1811 3203 nos'

205 3247 471 3346 promovendo,
498 3262 540 3320 ut
558 3253 670 3322 vitam
685 3273 916 3348 assequamur
932 3263 1114 3340 aeternam,
1135 3263 1171 3321 et
1190 3251 1228 3321 in
1246 3248 1466 3347 quibusdam
1486 3248 1563 3346 ipse
1578 3247 1730 3345 Spiritus
1748 3274 1809 3322 va·

203 3391 287 3440 care
308 3366 452 3461 dicitur,
473 3369 655 3468 pravitatis
671 3394 799 3442 eorum
816 3369 949 3441 duritia
964 3380 1200 3467 repugnante.
1223 3371 1326 3439 Hanc
1348 3380 1470 3437 autem
1492 3366 1621 3436 animae
1641 3366 1809 3439 videlicet

202 3484 400 3559 mundanae
427 3486 629 3561 doctrinam
653 3488 831 3588 praecipue
857 3486 1148 3584 diligentissimus
1179 3484 1483 3585 pbilosophorum
1514 3483 1553 3554 in
1585 3485 1809 3582 expositione

200 3606 410 3680 Macrobius
425 3607 581 3708 reliquit.
603 3609 712 3705 Cujus
727 3607 876 3706 quidem
893 3606 1003 3679 verba
1024 3607 1053 3678 si
1081 3603 1270 3704 diligenter
1287 3604 1539 3704 inspiciamus,
1566 3616 1681 3676 totam
1698 3604 1810 3679 iidem

200 3724 277 3799 sere
297 3741 461 3800 nostram
478 3727 524 3801 de
539 3729 674 3828 Spiritu
692 3742 818 3802 sancto
839 3729 877 3800 in
894 3727 978 3827 ipsis
996 3751 1202 3827 expressam
1224 3724 1461 3816 inveniemus,
1480 3746 1564 3795 cum
1581 3721 1678 3796 hanc
1693 3724 1810 3823 ipsam

197 3847 366 3919 animam
378 3860 416 3919 et
427 3851 633 3922 Creatorem
647 3848 825 3938 nominet,
847 3862 955 3946 atque
970 3871 1014 3919 ex
1030 3851 1109 3918 Deo
1126 3848 1230 3918 Patre
1246 3860 1282 3917 et
1298 3844 1452 3939 Noym⁸,
1467 3841 1541 3915 hoc
1556 3856 1609 3914 est
1625 3846 1703 3916 Deo
1720 3843 1809 3916 Filio

194 3980 342 4039 astrum
361 3991 450 4039 esse.
470 3971 589 4055 Quam
605 3968 694 4041 dum
719 3967 941 4067 quandoque
962 3981 1121 4040 mentem
1139 3965 1322 4056 nominat,
1349 3976 1507 4036 mentem
1525 3986 1593 4062 pro
1616 3962 1737 4036 anima
1752 3961 1810 4036 vel

189 4085 383 4186 spirituali
408 4100 536 4160 natura
560 4087 770 4184 generaliter
789 4087 905 4186 ponit.
934 4086 1044 4161 Aliter
1064 4086 1186 4184 itaque
1203 4083 1333 4157 Filium
1351 4083 1500 4180 Noym',
1519 4081 1628 4153 idest
1649 4095 1809 4156 mentem

187 4204 304 4299 dicit,
328 4204 432 4280 aliter
454 4207 612 4279 animam
628 4207 742 4305 ipsam
759 4203 1105 4305 mentemappellat.
1124 4206 1226 4277 Mens
1245 4204 1381 4302 quippe
1399 4202 1512 4275 Patris
1535 4191 1643 4273 Filius
1660 4200 1807 4295 dicitur,

186 4324 414 4398 secuudum
432 4325 534 4424 quod
549 4327 723 4427 sapientia
735 4326 844 4426 ipsius
858 4324 915 4398 vel
933 4326 1025 4399 ratio
1042 4323 1187 4431 dicitur.
1208 4322 1373 4396 Animam
1387 4344 1534 4419 qnoque
1546 4309 1630 4393 cum
1649 4334 1809 4395 mentem

183 4446 392 4539 nominat,
410 4445 604 4544 spiritualis
618 4470 698 4519 eam
715 4470 791 4520 esse
815 4459 964 4533 naturae,
989 4469 1066 4517 non
1084 4466 1266 4542 corporeae
1284 4441 1453 4514 insinuat.
1474 4439 1584 4529 Quod
1605 4440 1753 4539 quidem
1772 4455 1810 4515 et

181 4588 267 4662 per
282 4565 521 4664 semetipsum
538 4566 714 4666 aperiens,
728 4553 822 4637 dum
833 4563 1001 4664 quaedam
1012 4563 1146 4663 Virgilii
1159 4561 1270 4635 verba
1281 4574 1491 4661 exponeret,
1506 4561 1602 4633 ait¹⁰:
1620 4588 1639 4630 ο
1652 4560 1810 4660 Utpuri-

216 4809 298 4862 'Str
322 4807 383 4860 ῦοο.
404 4808 469 4861 Vtut.
489 4809 599 4861 Posauut
620 4809 693 4862 turb.
711 4808 812 4861 -¹Ste
834 4809 895 4862 Cod.
915 4808 979 4862 Vtut.
1034 4809 1178 4862 mamitus
1192 4806 1375 4861 Δηὼ-’διο
1391 4805 1529 4859 Gothct.
1547 4806 1604 4859 Non
1621 4801 1810 4857 suu-⁸81⁶

169 4891 238 4945 lec
257 4891 334 4940 item
347 4902 399 4953 qao
408 4888 540 4941 animent·
551 4890 622 4941 amb.
635 4918 667 4929 -
677 4888 735 4942 ’Sic
746 4890 809 4943 cod.
820 4888 885 4942 Vtct.
898 4891 982 4952 οοοοι
1035 4889 1096 4942 cod.
1105 4888 1168 4941 Vlct.
1180 4888 1239 4953 noe
1250 4889 1323 4939 Amb.
1335 4912 1367 4926 -
1377 4884 1443 4940 ‘Sta
1456 4886 1517 4939 (lod.
1530 4885 1594 4939 Vtct.
1615 4887 1684 4939 Νοῦν
1696 4883 1808 4937 amb.-

170 4979 265 5028 oeus
284 4969 498 5024 mum-⁴810.
507 4971 569 5023 cod.
578 4971 642 5024 Vtut.
653 4972 980 5037 Qmutuqmmoaotnb.
1035 4967 1392 5034 ”resonusnponnutn
1409 4966 1495 5032 tm.

167 5051 341 5105 -ῦὸεηο
353 5063 416 5114 un,
425 5052 504 5117 opp..
516 5059 535 5104 r.
545 5052 575 5114 V,
588 5065 614 5117 ο.
624 5054 679 5108 358.
687 5052 778 5106 -0810
787 5053 872 5108 ebert.
884 5054 980 5107 Christ.

330 5159 354 5201 n
1375 5204 1382 5220 Ι
1630 5135 1647 5189 7
1671 5117 1675 5130 ’
