4559 6100
805 520 809 529 ’
906 526 1132 600 DthOGUS.
1744 526 1816 601 669

223 677 452 751 excellentius
469 702 544 750 non
561 678 694 752 babeas
714 678 975 753 documentum
995 677 1195 768 virtutum,
1208 699 1298 774 quas
1313 675 1360 748 ad
1376 675 1635 752 beatitudinem
1652 676 1816 753 sufficere

222 798 427 871 nullatenus
449 798 604 890 dubitas,
625 799 672 871 de
695 802 773 898 qua'
784 797 932 895 quidem
955 795 1197 895 perfectione,
1215 820 1295 894 quae
1310 795 1476 888 deerant,
1495 796 1534 868 id
1553 812 1607 870 est
1620 799 1731 871 veteri
1748 824 1814 872 suo

221 919 447 1017 complente,
476 919 659 1017 cumipse
680 919 859 991 Dominus
885 941 1024 990 novum
1044 914 1202 988 traderet
1224 929 1497 1006 testamentum,
1525 916 1644 988 statim
1669 942 1815 993 exorsus

221 1035 405 1136 discipulis
430 1038 496 1109 ait¹
521 1065 529 1108 ε
553 1038 656 1109 «Nisi
680 1037 918 1111 abundaverit
936 1035 1072 1133 justitia
1095 1047 1230 1126 restra,
1259 1048 1327 1106 etc.
1345 1062 1363 1101 u
1383 1037 1427 1105 Et
1446 1035 1564 1106 statim
1587 1060 1653 1134 per
1677 1036 1814 1134 singula

220 1179 323 1228 novae
345 1156 430 1253 legis
451 1155 711 1229 abundantiam
729 1170 958 1257 prosecutus,
983 1179 1064 1253 quae
1079 1152 1209 1226 morali
1224 1153 1375 1227 deerant
1398 1152 1605 1253 perfectioni
1628 1155 1816 1254 diligenter

218 1277 390 1372 expressit
411 1290 448 1347 et
471 1299 591 1349 veram
613 1276 767 1348 ethicam
787 1275 1034 1363 consumavit,
1054 1272 1183 1366 idest,
1204 1274 1305 1370 cujus
1326 1275 1615 1373 comparatione,
1641 1277 1815 1374 quicquid

219 1407 291 1467 tam
317 1394 365 1468 ab
392 1395 549 1494 antiquis
572 1395 734 1494 patribus
758 1420 867 1494 quam
890 1394 1077 1495 prophetis
1098 1394 1144 1465 de
1160 1392 1348 1491 disciplina
1362 1417 1513 1483 ,morum
1535 1416 1578 1466 ac
1598 1393 1814 1469 discretione

217 1514 391 1588 virtutum
408 1514 578 1588 traditum
599 1515 725 1606 luerat,
746 1515 836 1588 nihil
857 1539 934 1588 esse
957 1514 1060 1587 facilc
1075 1512 1323 1606 convincetur,
1342 1514 1371 1585 si
1389 1512 1579 1611 diligenter
1601 1512 1678 1586 haec
1693 1517 1814 1590 conle-

218 1657 339 1706 ramus
354 1660 437 1707 cum
454 1633 648 1732 prioribus.

267 1757 408 1825 Pinnos.
434 1759 569 1828 Harum
591 1777 667 1844 me,
693 1767 733 1826 ut
749 1754 858 1846 nosti,
877 1752 1132 1825 collationum¹
1153 1751 1405 1827 tantummodo
1420 1752 1495 1824 buc
1512 1750 1674 1843 adduxit,
1691 1768 1728 1826 et
1743 1755 1812 1829 hac

217 1895 284 1943 nos
302 1873 503 1946 intentione
519 1874 724 1970 cougregati
740 1896 876 1944 sumus.

263 1978 466 2067 Chersmsrr.
500 1998 603 2065 Nunc
635 1992 822 2091 prolecto,
855 2006 1031 2089 quantum
1058 1992 1240 2091 percipio,
1272 1990 1319 2064 ad
1347 1991 1511 2064 omnium
1540 1991 1810 2091 disciplinarum

215 2110 325 2183 linem
347 2127 383 2184 et
405 2114 716 2184 consumationem
732 2109 1006 2209 proficiscimur.
1026 2114 1144 2198 Quam
1165 2110 1313 2208 quidem
1327 2134 1393 2183 vos
1409 2111 1580 2203 ethicam,
1599 2112 1637 2184 id
1659 2127 1712 2185 est
1730 2139 1811 2186 mo·

215 2229 346 2319 ralem,
374 2255 442 2303 nos
467 2231 688 2303 divinitatem
715 2230 903 2302 nominare
927 2230 1194 2302 consuevimus.
1223 2235 1296 2302 Nos
1317 2229 1416 2302 illam
1431 2228 1597 2302 videlicet
1619 2255 1662 2303 ex
1684 2256 1743 2322 eo,
1763 2235 1809 2308 ad

214 2348 314 2445 quod
336 2348 720 2448 comprehendendum
739 2347 912 2434 tenditur,
937 2346 976 2419 id
994 2362 1048 2420 est
1062 2352 1198 2438 Deum,
1219 2360 1482 2447 nuncupantes,
1501 2371 1567 2420 vos
1585 2373 1629 2423 ex
1645 2350 1726 2445 illis,
1744 2378 1810 2451 per

214 2491 293 2564 quae
311 2467 394 2541 illuc
410 2469 628 2567 pervenitur,
647 2468 719 2541 hoe
736 2482 788 2541 est
807 2468 969 2540 moribus
990 2467 1098 2540 bonis
1114 2490 1205 2565 quas
1224 2467 1370 2539 virtutes
1386 2467 1532 2539 vocatis.

263 2591 406 2661 Pmnos.
430 2589 595 2661 Assentio
611 2588 713 2687 quod
734 2589 873 2660 clarum
895 2602 968 2679 est,
991 2602 1028 2660 et
1046 2611 1182 2661 novam
1202 2587 1512 2685 nuncupationem
1527 2588 1685 2661 nominis
1700 2594 1806 2663 vestri

202 2720 287 2778 ‘non
306 2707 533 2805 mediocriter
549 2706 728 2808 approbo.
747 2708 842 2795 Quia
858 2707 955 2779 enirn
977 2706 1024 2779 ad
1038 2698 1140 2805 quod
1156 2707 1364 2805 pervenitur
1381 2706 1450 2797 his,
1469 2730 1534 2805 per
1551 2730 1631 2803 quae
1647 2711 1804 2801 venitur,

213 2825 356 2922 dignius
371 2827 564 2918 restituatis,
591 2843 626 2900 et
647 2826 848 2926 pervenisse
872 2826 1007 2899 felicius
1026 2849 1138 2924 quam
1160 2826 1300 2919 venire,
1325 2826 1397 2899 boc
1414 2826 1521 2900 vestri
1537 2828 1696 2900 nominis
1718 2830 1806 2903 insi·

212 2947 378 3041 gniorum
401 2958 454 3019 est
482 2947 726 3046 nuncupatio,
752 2970 793 3018 ex
819 2945 955 3040 origiue
983 2945 1139 3044 propriae
1161 2945 1391 3019 divinationis
1415 2946 1585 3020 lectorem
1610 2946 1808 3046 plurimum

210 3065 381 3137 alliciens.
401 3070 501 3158 Quae,
526 3068 556 3137 si
579 3067 628 3139 ita
654 3091 696 3138 ex
719 3067 941 3137 documento
966 3065 1058 3136 sicut
1083 3089 1125 3136 ex
1149 3065 1329 3139 vocabulo
1354 3066 1581 3165 praemineat,
1609 3067 1745 3141 nullam
1773 3074 1807 3142 ei

208 3182 437 3280 disciplinam
456 3184 738 3282 comparandam
755 3207 899 3256 censeo.

259 3305 462 3375 Cnnrsrran.
483 3307 585 3374 Nunc
610 3303 730 3399 igitur,
754 3303 784 3373 si
804 3301 940 3400 placet,
961 3299 1139 3400 praelinire
1157 3315 1191 3374 te
1211 3303 1392 3395 volumus,
1418 3305 1456 3375 in
1475 3328 1549 3400 quo
1568 3328 1660 3377 vene
1682 3308 1806 3382 ethica»

209 3445 352 3495 summa
373 3422 543 3494 consistat
566 3436 601 3494 et
624 3419 712 3517 quid
737 3446 781 3493 ex
802 3420 872 3493 hac
896 3418 1133 3518 spectandum
1150 3422 1193 3492 sit
1216 3421 1322 3493 nobis
1342 3421 1543 3521 disciplina,
1564 3439 1600 3498 et
1625 3451 1805 3523 quocum

208 3555 423 3640 perventum
441 3541 547 3613 suerit
563 3541 639 3638 ejus
656 3541 700 3613 sit
719 3539 872 3613 intentio
890 3552 1152 3613 consummata.
1173 3540 1301 3637 Hujus,
1319 3555 1359 3613 ut
1374 3540 1541 3632 arbitror,
1556 3542 1751 3645 disciplinae
1767 3550 1804 3621 in

208 3661 280 3734 lroc
296 3675 372 3734 tota
394 3660 574 3758 colligitur
596 3685 756 3752 summa,
775 3674 834 3750 ut,
860 3684 936 3760 quo
952 3685 1134 3734 summum
1155 3660 1296 3735 bonum
1316 3663 1361 3734 sit
1376 3677 1498 3762 etqua
1519 3663 1604 3737 illuc
1618 3666 1678 3740 via
1700 3668 1807 3741 nobis

208 3782 252 3853 sit
268 3781 566 3880 perveniendum,
586 3781 739 3879 aperiat.
1824 3862 1827 3868 ,

257 3905 394 3974 Panos.
424 3902 542 3974 Placet
565 3902 689 3998 utique
709 3897 943 3973 vehementer
965 3915 1039 3973 tam
1064 3901 1187 3999 paucis
1206 3900 1325 3974 verbis
1345 3916 1450 3974 tantae
1473 3905 1525 3976 rei
1547 3929 1724 3980 summam
1742 3933 1805 3981 ex·

206 4021 326 4118 primi,
351 4036 387 4095 et
409 4024 520 4094 totius
541 4021 667 4094 ethicae
684 4035 757 4092 tarn
780 4019 969 4117 diligenter
991 4020 1230 4092 intentionem
1253 4021 1527 4120 comprehendi.
1546 4028 1635 4113 Quae
1657 4027 1804 4124 quidem

206 4140 414 4216 intentionis
430 4141 540 4214 verba
566 4142 633 4215 ista
657 4141 693 4213 in
713 4165 751 4212 se
771 4140 891 4213 statim
909 4140 1054 4238 rapiunt
1075 4137 1299 4230 auditorem,
1326 4156 1362 4214 et
1386 4142 1492 4240 hujus
1512 4144 1705 4244 disciplinae
1723 4163 1804 4221 stu-

207 4260 306 4331 dium
323 4260 593 4354 commendant,
612 4275 652 4333 ut
667 4262 705 4332 iu
727 4262 804 4358 ejus
820 4259 1092 4359 comparatione
1105 4260 1269 4332 omnium
1287 4261 1417 4335 artium
1432 4262 1605 4337 vilescant
1618 4265 1800 4340 doctrinm.

205 4379 289 4464 Quo
312 4380 409 4450 euim
431 4403 611 4452 summum
628 4379 767 4452 bonum
791 4380 918 4453 ceteris
937 4377 1109 4451 omnihus
1125 4393 1178 4450 est
1195 4379 1443 4473 excellentius,
1462 4383 1498 4454 in
1516 4383 1617 4480 cujus
1634 4384 1803 4460 fruitione

205 4498 464 4569 veraconsistit
481 4496 681 4586 beatitudo,
700 4513 841 4571 constat
856 4496 1114 4597 proculdubio
1131 4498 1208 4594 ejus
1224 4496 1388 4570 doctrina
1403 4514 1539 4574 ceteras
1560 4517 1634 4576 tam
1651 4504 1802 4580 utilitate

204 4640 314 4713 quam
342 4616 513 4713 dignitate
536 4617 643 4712 longe
666 4616 881 4715 precedere.
906 4621 1029 4714 Longe
1045 4618 1180 4716 quippe
1195 4615 1347 4690 aliorum
1372 4618 1489 4693 studia
1513 4620 1604 4693 inira
1621 4645 1802 4696 summurn

205 4735 342 4808 bunum
369 4750 556 4808 remanent
587 4760 654 4808 nec
679 4734 912 4807 beatitudinis
937 4737 1154 4834 contingunt
1184 4736 1434 4827 eminentiam,
1463 4765 1532 4814 nec
1558 4742 1651 4815 ullus
1685 4746 1722 4814 in
1751 4746 1805 4816 eis

206 4856 341 4927 lructus
366 4869 533 4954 apparet,
560 4854 627 4926 nisi
646 4867 821 4951 quantum
846 4853 933 4926 huic
958 4879 1108 4928 summae
1132 4855 1337 4930 deserviunt
1361 4857 1611 4959 philosophie,
1629 4875 1803 4960 tanquam

236 5134 241 5159 ¹
252 5129 345 5192 ttsuu,
359 5142 414 5193 cap.
427 5145 453 5190 r,
471 5143 493 5178 r.
505 5129 544 5180 20.
558 5153 588 5165 -
599 5129 608 5159 ⁸
619 5127 664 5179 llic
677 5128 769 5190 sucuro
781 5128 867 5178 decas
878 5126 982 5178 ridetur·
