4559 6100
447 542 520 611 272
1054 529 1182 602 PETRI
1209 531 1444 605 tttAEttttut

446 684 665 784 subjacebat,
688 684 765 783 ipse
781 683 889 755 etiam
906 705 1050 754 carnem
1065 681 1216 779 peccati,
1238 680 1274 753 id
1293 695 1347 753 est
1373 682 1409 753 in
1434 697 1584 781 peccato
1610 697 1824 783 conceptam
1841 684 1978 762 habere
1995 692 2052 763 vi-

447 809 604 881 deretur.
628 834 645 873 ιι
661 809 702 876 Et
720 802 764 876 de
780 817 943 901 peccato,
959 830 976 870 a
998 800 1036 873 id
1053 815 1108 873 est
1128 801 1175 875 de
1187 825 1294 902 poena
1315 803 1464 901 peceati,
1483 827 1593 901 quam
1614 829 1681 903 pro
1707 804 1812 876 nobis
1827 808 1994 881 sustinuit
2011 811 2048 882 in

447 952 569 1021 earne,
592 925 630 997 id
649 939 714 1014 est,
733 924 771 995 in
790 922 1014 995 humanitate
1032 936 1226 1021 assumpta,
1248 946 1324 994 non
1347 922 1548 996 secundum
1567 923 1807 1019 divinitatem,
1829 956 1847 995 ιι
1864 926 2048 1004 damnavit

445 1062 652 1149 peecatum,
670 1074 688 1113 ι)
707 1043 744 1116 id
764 1058 817 1116 est
835 1068 979 1142 poenam
996 1043 1134 1142 peceati
1149 1031 1291 1118 anobis
1309 1044 1476 1136 removit,
1501 1068 1573 1141 qua
1589 1046 1697 1119 etiam
1721 1048 1809 1143 justi
1835 1048 2050 1123 tenebantur

446 1184 564 1261 antea,
585 1183 620 1239 et
637 1165 747 1240 coelos
766 1164 918 1263 aperuit.
939 1194 956 1233 ιι
975 1168 1021 1236 Ut
1034 1161 1241 1260 justificatio
1255 1163 1355 1260 legis.
1372 1191 1389 1232 a
1411 1165 1491 1235 Non
1509 1163 1597 1237 dicit
1620 1190 1731 1264 opera
1754 1166 1854 1264 legis,
1883 1194 1963 1266 quae
1987 1196 2053 1243 ne·

446 1312 627 1387 quaquam
637 1285 847 1385 justificant,
862 1284 925 1357 sed
939 1282 1040 1383 quod
1057 1284 1113 1358 lex
1127 1284 1288 1383 praeeipit
1300 1284 1346 1356 de
1358 1282 1415 1356 his
1428 1283 1863 1382 quaeadjustilicationem
1881 1290 2047 1382 attinent,

446 1410 522 1483 sine
538 1409 670 1507 quibus
682 1406 870 1505 justificari
890 1430 964 1480 non
981 1429 1189 1504 possumus,
1213 1405 1307 1477 sicut
1327 1419 1380 1477 est
1397 1405 1464 1477 Dei
1484 1419 1521 1478 et
1536 1406 1692 1504 proximi
1714 1408 1842 1480 caritas
1864 1433 1975 1507 quam
1995 1413 2051 1485 lex

446 1530 690 1629 imperfectam
708 1527 804 1616 facit,
833 1526 926 1598 sicut
953 1549 1063 1624 supra
1087 1526 1243 1617 monuit,
1273 1523 1337 1597 sed
1362 1550 1427 1624 per
1444 1525 1626 1598 Christum
1653 1525 1691 1597 in
1716 1525 1821 1599 nobis
1849 1528 2047 1627 perficitur.

447 1648 585 1722 Et-hoe
610 1663 664 1721 est
687 1646 787 1746 quod
809 1647 871 1740 ait,
903 1660 941 1717 ut
963 1646 1091 1718 caritas
1115 1646 1182 1717 Dei
1207 1659 1243 1717 et
1267 1645 1435 1744 proximi,
1461 1670 1571 1743 quam
1598 1645 1654 1718 lex
1681 1647 1852 1747 praecipit,
1881 1650 1919 1721 in
1944 1649 2050 1725 nobis

446 1769 604 1870 perfecta
622 1794 690 1841 nos
702 1765 926 1865 justificaret.
942 1771 1064 1866 lpsum
1083 1767 1218 1865 quippe
1242 1766 1424 1838 Christum
1450 1780 1622 1862 tanquam
1648 1769 1764 1839 Deum
1788 1768 1906 1867 ipsum
1929 1771 2050 1870 proxi·

447 1916 548 1962 mum
566 1916 647 1962 rere
670 1889 829 1985 diligere,
850 1911 1034 1960 summum
1056 1886 1147 1959 illud
1165 1885 1382 1959 beneficium
1405 1886 1506 1985 quod
1531 1886 1638 1959 nobis
1655 1885 1817 1960 exhibuit
1840 1890 2047 1990 compellit;

446 2012 546 2110 quod
564 2012 671 2084 estin
691 2009 799 2082 nobis
823 2023 1013 2108 peceatum
1037 2007 1229 2101 damnare,
1261 2007 1299 2079 id
1321 2023 1374 2080 est
1402 2021 1544 2080 reatum
1574 2032 1722 2080 onmem
1749 2022 1784 2080 et
1814 2008 1959 2110 culpam
1986 2011 2050 2085 de-

444 2148 580 2206 struere
597 2156 663 2231 per
684 2132 871 2204 caritatem
898 2154 942 2200 ex
957 2127 1038 2208 ¹hoc
1065 2153 1208 2202 summo
1235 2127 1426 2202 beneficio.
1451 2128 1561 2217 Quod
1585 2128 1715 2223 verius,
1745 2130 1876 2228 inquit,
1896 2129 2050 2206 habetur

445 2253 542 2353 apud
555 2258 719 2326 Graecos:
737 2280 755 2319 ιι
771 2256 840 2322 Pro
851 2263 1000 2349 peccato
1014 2248 1199 2322 damnavit
1209 2264 1413 2349 peceatum,
1427 2249 1502 2349 ipse
1515 2247 1632 2321 hostia
1646 2273 1713 2348 pro
1727 2264 1879 2348 peccato
1893 2250 2047 2327 factus.»

445 2378 513 2446 Per
535 2373 631 2446 hanc
652 2372 809 2445 hostiam
833 2371 951 2444 earnis
977 2396 1057 2470 qnae
1082 2370 1213 2443 dieitur
1240 2396 1309 2470 pro
1334 2383 1499 2470 peccam,
1539 2369 1740 2461 damnavit,
1769 2371 1807 2442 id
1837 2387 1891 2445 est
1920 2372 2050 2449 delevit

445 2505 645 2590 peccatum,
665 2491 750 2589 quia
766 2488 1016 2562 remissionem
1035 2512 1182 2586 quoque
1196 2502 1430 2587 peccatorum
1448 2485 1556 2558 nobis
1578 2487 1616 2558 in
1639 2487 1811 2585 sanguiue
1836 2513 1917 2581 sue,
1936 2504 1971 2563 et
1994 2515 2050 2564 re·

444 2611 732 2684 conciliationem
753 2623 924 2708 operatus
945 2621 1012 2679 est.
1037 2606 1103 2679 Vel
1123 2606 1170 2679 de
1186 2621 1335 2706 peccato
1357 2631 1378 2679 a
1401 2605 1549 2678 diabolo
1575 2607 1633 2680 vel
1652 2631 1674 2679 a
1696 2605 1827 2680 Judaeis
1843 2609 1880 2680 in
1897 2634 1935 2682 se
1948 2635 2050 2685 com-

446 2732 570 2823 missu,
591 2729 776 2801 damnavit
799 2741 988 2826 peccatum
1014 2726 1052 2797 in
1076 2724 1198 2818 uobis,
1225 2741 1266 2798 nt
1292 2726 1430 2799 dictum
1453 2742 1520 2819 est,
1550 2726 1653 2799 malis
1679 2727 1785 2800 etiam
1805 2727 1889 2827 ipsis
1912 2733 2049 2829 optime

446 2869 563 2944 utens,
579 2868 616 2925 et
630 2854 665 2925 in
680 2852 822 2925 bonnm
838 2864 1067 2924 convertens.
1087 2854 1171 2922 Duo
1194 2849 1256 2922 illa
1280 2875 1359 2950 quae
1376 2850 1560 2949 praemissa
1581 2866 1666 2925 sunt
1688 2852 1735 2925 ad
1762 2853 1836 2925 dno
1862 2855 2051 2953 supposita

445 2989 530 3048 sunt
546 2971 735 3046 referenda
750 2987 785 3044 et
799 2970 1017 3072 copulanda.
1041 2970 1094 3043 td
1113 2970 1184 3041 hoe
1205 2969 1353 3067 quidem
1370 2969 1471 3068 quod
1488 2970 1551 3065 ait,
1580 3000 1599 3041 ιι
1623 2971 1669 3044 de
1695 2951 1843 3073 peccato
1864 2972 2049 3050 damnavit

444 3111 647 3198 peccatum,
670 3123 689 3163 u
715 3094 803 3167 illud
821 3092 1005 3188 subjungit
1030 3090 1131 3189 quod
1149 3090 1372 3189 impossibile
1391 3106 1467 3163 erat
1483 3090 1552 3189 legi
1567 3092 1702 3165 seilicet
1725 3094 1897 3167 damnare
1912 3095 1969 3168 vel
1985 3121 2048 3170 au·

444 3218 537 3291 ferre
555 3230 756 3317 peccatum.
774 3213 827 3286 ad
842 3211 932 3286 illud
949 3236 1035 3285 vero
1052 3210 1154 3310 quod
1167 3209 1346 3305 subditur,
1374 3239 1391 3280 ι
1407 3225 1447 3283 ut
1456 3210 1663 3308 justificatio
1680 3214 1767 3312 legis
1786 3214 2008 3315 impleretur,
2027 3246 2046 3286 »

442 3338 533 3412 illud
547 3352 601 3410 est
612 3335 896 3429 annectendum,
911 3335 949 3406 in
967 3358 1041 3432 quo
1058 3332 1263 3407 infirmatur
1279 3333 1356 3430 ipsa
1369 3332 1427 3404 lex
1448 3332 1582 3406 seiheet
1596 3359 1662 3433 per
1684 3360 1844 3429 caruem,
1867 3336 1905 3409 id
1923 3352 1978 3410 est
2001 3339 2048 3412 ad

382 3508 386 3523 ι
441 3457 648 3532 habendam
665 3457 812 3558 plenam
823 3470 860 3527 et
876 3455 1071 3556 perfectam
1085 3452 1381 3552 justificationem
1399 3453 1454 3527 lex
1471 3453 1614 3528 infirma
1624 3455 1689 3529 fuit
1702 3469 1852 3557 propter
1868 3457 2048 3532 carnalem

441 3577 631 3680 populum,
653 3578 711 3650 eui
728 3577 809 3650 data
836 3575 914 3668 fuit,
944 3591 1113 3675 utsupra
1143 3574 1382 3667 ostendimus,
1412 3573 1459 3646 de
1488 3575 1761 3675 imperfectione
1793 3577 2047 3652 mandatorum

441 3700 517 3796 ejus
529 3697 685 3794 agendo.
707 3694 931 3795 impossibile
951 3696 1072 3794 itaque
1090 3708 1167 3768 erat
1182 3694 1252 3790 legi
1264 3719 1331 3794 per
1343 3692 1590 3769 obedientiam
1610 3697 1665 3769 sui
1678 3713 1868 3797 peceatum
1882 3699 2043 3793 anferre,

440 3844 524 3893 cum
540 3818 711 3918 perfecta,
730 3832 771 3889 ut
788 3817 927 3890 dictum
943 3831 1010 3909 est,
1031 3841 1107 3888 non
1125 3814 1275 3888 haberet
1292 3830 1482 3915 precepta.
1502 3815 1559 3890 Ad
1575 3842 1684 3916 quam
1708 3819 1887 3919 praecipue
1909 3820 2046 3920 perfec·
2069 3908 2071 3913 ¹

441 3941 577 4012 tionem
594 3935 846 4010 infirmabatur
857 3950 899 4010 et'
911 3935 1176 4035 impediebatur
1191 3952 1341 4036 propter
1358 3935 1547 4011 insolentis
1563 3937 1690 4038 populi
1707 3940 1965 4014 carnalitatem.

492 4090 510 4130 ιι
525 4060 597 4148 Qui
613 4059 710 4132 enirn
724 4058 938 4132 secundum.
957 4088 975 4124 »
997 4061 1035 4128 ln
1053 4056 1160 4130 nobis
1178 4056 1261 4129 dico
1278 4058 1486 4157 impleretur
1499 4084 1564 4158 per
1576 4059 1773 4153 Christum,
1796 4062 1859 4159 qui
1884 4046 1961 4159 ejus
1976 4058 2047 4135 do-

439 4181 554 4254 ctrina
570 4195 606 4253 et
622 4180 800 4278 exemplo,
820 4192 856 4250 et
872 4201 1014 4250 summa
1030 4176 1090 4250 illa
1103 4177 1258 4251 caritatis
1273 4176 1495 4252 exhibitione
1510 4179 1724 4278 spirituales,
1743 4205 1809 4280 per
1825 4178 2047 4256 desiderium

440 4299 601 4374 carnales
619 4298 735 4373 effecti
750 4323 889 4371 sumus.
907 4301 952 4369 Et
969 4296 1040 4369 hoc
1057 4310 1124 4388 est,
1152 4326 1170 4368 ιι
1185 4297 1248 4395 qni
1265 4322 1342 4370 non
1359 4297 1588 4373 ambulamus
1611 4299 1812 4373 seeundum
1840 4326 2001 4396 carnem,
2023 4333 2043 4372 u

438 4419 476 4493 id
490 4436 543 4494 est
559 4419 761 4493 carnalibus
776 4418 963 4491 desideriis
983 4418 1058 4514 jam
1084 4442 1159 4490 non
1178 4417 1398 4512 inducimur,
1427 4417 1490 4492 sed
1516 4421 1629 4516 gratia
1650 4421 1736 4514 Dei,
1762 4420 1800 4493 id
1826 4436 1878 4494 est
1909 4422 2044 4521 Spiritu

438 4556 563 4614 sancto
578 4541 747 4637 regimur,
768 4538 866 4611 etde
882 4539 1013 4612 virtute
1031 4539 1067 4609 in
1086 4538 1256 4611 virtutem
1276 4564 1548 4637 promovemur.
1571 4569 1590 4610 ιι
1602 4541 1672 4628 Qui
1688 4540 1798 4613 enim.
1816 4569 1835 4610 a
1861 4542 1944 4614 Dixi
1965 4550 2044 4642 jus·

438 4661 563 4734 tifreari
582 4686 644 4733 eos
655 4661 719 4758 qui
730 4685 806 4731 non
824 4657 1025 4732 secuudum
1041 4682 1202 4752 earnem,
1222 4657 1284 4731 sed
1302 4658 1502 4732 secundum
1513 4661 1679 4759 spiritum
1696 4661 1895 4735 ambulant.
1912 4666 1956 4736 Et
1968 4689 2045 4737 me·

438 4782 521 4871 rite,
542 4783 626 4881 quia
643 4781 704 4880 qui
720 4780 920 4853 seeundum
938 4804 1084 4852 carnem
1103 4793 1200 4872 sunt,
1226 4778 1264 4851 id
1285 4792 1351 4871 est,
1377 4778 1582 4852 carnalibus
1604 4780 1789 4853 desideriis
1815 4782 1955 4875 irretiti,
1982 4784 2047 4859 itta

441 4904 629 5003 «sapiunt,
644 4931 663 4971 a
684 4901 722 4974 id
746 4915 800 4973 est
824 4898 969 4973 illorum
993 4899 1247 4998 experimentis
1270 4908 1433 4994 utuntur,
1464 4927 1482 4969 ιι
1506 4924 1586 4998 quae
1611 4902 1727 4975 carnis
1753 4912 1850 4996 sunt,
1874 4932 1893 4970 a
1919 4900 1958 4975 id
1989 4919 2046 4977 est

437 5048 518 5121 quae
532 5022 691 5097 carnales
706 5023 860 5096 attinent
876 5018 1091 5118 voluptates.
1107 5019 1180 5107 Qui
1202 5041 1289 5090 vero
1306 5019 1508 5092 secundum
1524 5019 1692 5120 spiritum
1717 5035 1812 5116 sunt,
1837 5022 1874 5094 id
1903 5036 1958 5096 est
1977 5023 2044 5122 qni

438 5143 680 5244 spiritualibus
708 5141 957 5218 accenduntur
982 5137 1181 5237 desideriis,
1209 5139 1369 5213 sentiunt
1401 5140 1621 5241 experiendo
1655 5139 1754 5215 dona
1782 5141 1861 5243 ipsa
1887 5143 2044 5244 Spiritus
