4559 6100
346 453 361 480 ⁰
456 481 528 594 ua
1057 521 1449 598 rmutanasauur

455 686 583 766 statua,
601 695 681 768 quae
712 673 750 744 in
776 697 845 746 aere
866 673 949 771 ipso
973 672 1031 745 vel
1055 698 1100 745 ex
1123 697 1192 745 aere
1215 634 1307 746 factis
1333 687 1399 767 est,
1424 672 1551 747 eadem
1567 698 1624 747 res
1637 675 1708 747 sint
1732 668 1965 745 essentialiter
1979 667 2053 740 sive

455 815 622 887 numero,
642 793 705 866 sed
721 806 840 866 tamen
855 792 1133 893 proprietatibus
1151 794 1224 865 suis
1241 792 1380 866 diversa
1395 793 1486 882 sint,
1505 817 1589 866 cum
1604 792 1771 867 videlicet
1786 787 1885 865 aliud
1900 788 1946 861 sit
1962 811 2054 887 pro·

452 915 576 1013 prium
603 914 693 1000 aeris,
722 913 821 986 uliud
846 937 945 986 aereae
970 928 1106 987 statuae.
1136 918 1181 985 Et
1205 913 1370 1011 quamvis
1395 912 1493 986 idern
1518 916 1589 986 sint
1604 912 1835 987 essentialiter
1850 935 1898 983 aes
1913 923 1949 981 ει
1963 931 2055 980 aerea

455 1048 584 1127 statua,
604 1057 695 1105 aerea
718 1046 839 1105 tamen
862 1045 977 1105 statua
997 1057 1040 1105 ex
1061 1057 1130 1104 aare
1146 1047 1212 1126 est,
1242 1057 1319 1105 non
1347 1057 1394 1105 aes
1420 1056 1465 1105 ex
1484 1058 1576 1106 aerea
1602 1048 1730 1132 statua.
1759 1032 1817 1104 Sic
1830 1044 1867 1102 et
1881 1031 1919 1101 iu
1933 1027 2055 1102 diviua

455 1152 623 1225 'lrinitate
639 1177 724 1224 cum
741 1153 786 1224 sit
800 1151 929 1224 eadem
945 1150 1143 1223 substantia
1167 1151 1275 1223 trium
1298 1174 1549 1251 personarum,
1575 1151 1612 1223 id
1637 1166 1691 1224 est
1710 1151 1839 1239 Patris,
1859 1162 1895 1222 et
1909 1147 2000 1235 Filii,
2020 1159 2055 1219 et
2091 1137 2093 1143 ’

456 1274 607 1372 Spiritus
622 1273 748 1358 sancti,
767 1271 916 1345 diversae
928 1286 1048 1372 tamen
1065 1271 1197 1344 suntin
1214 1272 1287 1343 suis
1301 1271 1584 1369 proprietatibus
1598 1293 1758 1370 persona
1771 1297 1780 1360 3
1795 1269 1937 1342 sumsit
1954 1264 2053 1339 aliud

456 1393 645 1492 proprium
671 1393 795 1478 Patris,
821 1391 918 1464 aliud
944 1389 1036 1480 Filii,
1060 1381 1160 1464 aliud
1181 1391 1334 1490 Spiritus
1355 1391 1482 1464 sancti.
1510 1395 1552 1463 Et
1577 1391 1740 1488 quamvis
1761 1389 1806 1463 sit
1831 1409 2054 1484 unaquaque
2147 1465 2156 1483 ,

455 1511 712 1611 persouaidem
722 1511 953 1585 essentialiter
963 1536 1048 1584 cum
1057 1512 1207 1603 crateris,
1217 1512 1324 1585 Filius
1336 1525 1456 1585 tamen
1467 1536 1509 1583 er
1523 1516 1639 1604 Patre,
1652 1525 1824 1608 tanquam
1833 1531 1924 1581 aerea
1935 1507 2053 1603 imago

457 1658 500 1704 ex
516 1657 599 1723 aere,
617 1656 692 1704 non
708 1635 812 1703 Pater
827 1655 870 1703 ex
886 1631 988 1723 Filio,
1008 1632 1100 1703 sicut
1117 1655 1185 1703 nec
1201 1631 1321 1730 ipsum
1336 1656 1383 1703 aes
1402 1646 1456 1703 est
1473 1655 1516 1702 ex
1533 1655 1623 1702 aerea
1647 1629 1803 1726 imagine
1820 1655 1830 1718 3
1849 1641 1887 1701 ει
1903 1626 2055 1724 Spiritus

457 1765 602 1825 sanetus
617 1774 639 1823 a
655 1750 795 1823 duabus
812 1750 889 1822 aliis
909 1750 1019 1823 habet
1036 1775 1112 1823 esse
1125 1750 1301 1847 personis,
1316 1773 1392 1822 non
1407 1749 1474 1822 illae
1485 1749 1533 1823 ab
1547 1774 1605 1821 eo.
1623 1748 1694 1821 Sed
1711 1763 1747 1821 et
1760 1748 1806 1820 de
1820 1748 1878 1819 his
1888 1744 2052 1843 quidem,

457 1886 634 1969 quantum
657 1870 835 1969 oportuit,
862 1870 900 1942 in
922 1875 952 1942 11
980 1868 1174 1968 Theologr'oe
1197 1884 1326 1941 nostrae
1350 1893 1417 1941 nos
1437 1883 1604 1942 tractasse
1627 1867 1858 1941 arbitramur.
1885 1870 1988 1938 Nunc
2010 1863 2056 1937 ad

459 1991 612 2065 litteram
628 2004 862 2063 revertamur.

508 2140 526 2179 a
541 2114 570 2183 Α
585 2124 744 2183 creatura
764 2109 891 2181 mundi
907 2134 973 2209 per
987 2134 1030 2182 ea
1044 2133 1123 2206 quae
1139 2109 1232 2181 sacta
1247 2122 1331 2179 sunt
1346 2108 1382 2179 in
1401 2131 1488 2198 ea,»
1509 2106 1547 2179 id
1563 2123 1628 2197 est,
1642 2132 1708 2207 per
1730 2108 1889 2205 aliquam
1911 2119 2054 2177 creaus-

458 2255 537 2304 ram
554 2229 695 2322 mundi,
710 2229 814 2301 sicuti
830 2254 896 2328 per
912 2229 1029 2326 ipsum
1039 2253 1100 2318 aas,
1118 2242 1156 2300 et
1171 2252 1236 2327 per
1248 2226 1309 2299 illa
1328 2251 1407 2324 quae
1424 2227 1461 2298 in
1480 2227 1560 2325 ipso
1576 2253 1645 2301 aere
1663 2227 1867 2318 factasunt,
1889 2225 1981 2296 sicut
2005 2236 2060 2295 est

456 2343 576 2447 imago
591 2372 683 2421 aerea
697 2350 752 2421 vel
769 2347 907 2445 aliquid
921 2347 1049 2420 simile.
1068 2352 1204 2421 Caetera
1218 2348 1256 2419 iu
1270 2347 1494 2446 expositione
1508 2370 1584 2419 nou
1599 2361 1797 2419 mutantur.
1831 2376 1848 2411 u
1866 2350 1917 2417 lta
1935 2358 1975 2416 ut
1987 2343 2059 2416 sint

456 2472 727 2567 inexcusabiles,
743 2500 760 2541 u
777 2471 815 2543 id
831 2485 898 2564 est,
915 2470 990 2569 jam
1006 2495 1080 2544 uon
1100 2473 1239 2571 possint
1255 2496 1293 2544 se
1308 2472 1468 2544 Gentiles
1484 2495 1549 2571 per
1562 2471 1802 2568 ignorantiam
1810 2492 1993 2561 excusare,
2012 2466 2058 2538 de

457 2594 583 2667 notitia
598 2592 851 2666 scilicetunius
867 2591 947 2684 Dei,
965 2591 1131 2690 quamvis
1157 2591 1272 2689 legem
1297 2592 1467 2690 scriptam
1494 2615 1570 2662 non
1587 2590 1794 2664 habuerint.
1816 2593 1860 2661 Et
1876 2587 1975 2661 uude
1988 2588 2058 2660 sint

459 2711 717 2786 inexcusabiles
739 2711 918 2808 exponit:
942 2710 1066 2797 «Quia
1090 2733 1175 2781 cum
1204 2710 1456 2806 cognovissent
1480 2711 1693 2797 Dominum,
1720 2738 1739 2777 u
1766 2734 1832 2809 per
1860 2708 2057 2780 humanam

459 2833 592 2906 scilicet
607 2830 804 2922 rationem,
820 2854 899 2926 quaa
912 2828 968 2900 lex
985 2829 1157 2900 naturalis
1172 2828 1316 2921 dicitur,
1334 2858 1354 2898 e
1366 2853 1441 2901 non
1460 2830 1554 2901 siem
1571 2834 1689 2902 Deum
1712 2829 2015 2929 glorificaverunt,
2039 2855 2054 2895 r

459 2952 498 3026 id
516 2966 581 3040 est,
595 2949 760 3023 debitum
783 2949 991 3023 reverentiae
1017 2949 1155 3021 cultum
1173 2949 1206 3020 ei
1234 2973 1299 3047 per
1318 2947 1557 3023 humilitatem
1582 2975 1657 3023 non
1684 2949 1937 3041 exhibuerunt,
1958 2976 1977 3017 n
1992 2971 2060 3019 nec

459 3073 588 3170 gratias
604 3085 767 3168 egerunt,
779 3098 798 3139 u
820 3084 1119 3166 recognoscentes
1140 3069 1274 3142 scilicet
1293 3093 1337 3142 ex
1353 3055 1592 3169 dono'gratioe
1609 3072 1685 3169 ejus
1697 3096 1773 3144 esse
1788 3070 1883 3143 hanc
1894 3069 2058 3141 notitiam

458 3193 505 3266 de
519 3194 598 3291 ipso
612 3190 775 3264 habitam
792 3214 902 3288 quam
925 3214 998 3288 prae
1022 3190 1157 3263 cacteris
1181 3188 1378 3281 habehant,
1401 3205 1438 3263 et
1460 3190 1511 3262 ob
1542 3191 1616 3263 hoc
1634 3216 1719 3265 eum
1735 3190 1936 3263 laudantes.
1954 3186 2057 3260 «Sed

459 3309 1015 3408 evanueruntincogitationibus
1026 3311 1110 3382 suis.
1129 3312 1260 3383 »More
1276 3309 1441 3383 videlicet
1451 3311 1625 3407 sumi,qui
1636 3309 1824 3410 quoaltius
1834 3308 2057 3399 conscendit,

459 3436 572 3532 magis
585 3432 707 3506 delicit
723 3447 831 3530 atque
849 3430 1061 3503 annulatur.¹
1071 3431 1131 3502 Sic
1148 3445 1185 3502 et
1194 3431 1256 3502 isti
1273 3454 1348 3528 quo
1365 3431 1479 3527 magis
1497 3455 1540 3503 ex
1557 3432 1762 3529 arrogantia
1775 3428 2060 3503 intumescebant

460 3570 607 3655 propter
621 3554 808 3626 scientiam
824 3575 935 3649 quam
951 3550 1073 3651 adepti
1091 3565 1208 3640 erant,
1226 3575 1292 3621 suo
1308 3548 1429 3622 studio
1447 3551 1501 3622 vel
1518 3552 1677 3650 ingenio,
1702 3576 1776 3625 non
1794 3550 1925 3623 divinae
1939 3551 2058 3648 gratiae

459 3700 539 3749 eam
556 3672 791 3771 ascribentes,
811 3671 922 3768 magis
940 3671 1107 3743 excaecari
1129 3682 1352 3761 meruerunt,
1374 3683 1412 3741 et
1433 3669 1470 3741 in
1495 3694 1654 3744 errorem
1672 3672 1827 3770 amplius
1839 3669 1995 3743 devolvi.
2016 3672 2060 3740 Et

461 3796 532 3868 hoc
551 3791 720 3890 estquod
737 3815 922 3890 exponens
936 3789 1082 3861 subdit:
1106 3819 1123 3854 a
1137 3792 1182 3860 Et
1198 3787 1431 3861 obscuratum
1446 3804 1499 3862 est
1513 3791 1686 3891 iusipiens
1708 3816 1772 3864 cor
1791 3816 1932 3864 eorum.
1957 3821 1975 3856 u
2002 3794 2059 3861 in·

460 3915 593 4013 sipiens
606 3911 684 4002 fuit,
698 3911 798 4009 quod
812 3908 894 3998 sihi,
907 3913 1068 3980 nonDeo
1083 3907 1275 4006 proprium
1288 3907 1398 4003 ipsius
1410 3908 1550 3981 donum
1566 3910 1792 3983 tribuerunt:
1813 3925 1850 3984 et
1861 3935 1903 3982 er
1916 3935 1969 4001 se,
1985 3933 2058 3981 uon

461 4028 605 4132 abipso
624 4031 696 4103 hoc
713 4056 750 4103 se
764 4028 898 4102 hahere
914 4025 1159 4100 crediderunt.
1179 4025 1282 4101 Unde
1296 4029 1424 4100 merito
1442 4045 1494 4103 est
1510 4054 1576 4102 cor
1589 4029 1839 4121 obscuratum,
1866 4047 1900 4102 et
1925 4030 2001 4130 ipsa
2023 4029 2060 4100 in

460 4156 511 4226 eis
521 4151 692 4225 naturalis
707 4150 802 4224 ratio
819 4148 1067 4221 obtenebrata.
1085 4151 1178 4218 Vere
1191 4146 1439 4239 obscuratum,
1456 4179 1474 4215 α
1484 4151 1580 4237 Quia
1596 4150 1694 4222 stulti
1706 4150 1788 4222 lacti
1802 4164 1901 4240 suut,
1918 4180 1936 4218 a
1953 4148 2062 4222 stilla

462 4272 574 4346 nobili
590 4272 797 4370 cognitione
814 4268 956 4370 privati.
983 4265 1181 4338 «Dicentes
1197 4290 1235 4338 se
1248 4289 1326 4339 esse
1342 4268 1533 4367 sapientes,
1558 4300 1575 4336 a
1593 4269 1713 4362 idest,
1729 4270 1905 4369 jactantes
1928 4293 1969 4341 se
1985 4292 2062 4340 esse

462 4393 581 4493 potius
596 4394 774 4491 sapientes
787 4413 827 4463 aa
844 4387 980 4487 seipsis,
999 4409 1108 4484 quam
1123 4385 1301 4483 sapientes
1312 4410 1389 4458 esse
1406 4387 1517 4460 iactos
1532 4412 1554 4460 a
1570 4390 1745 4462 Domino.
1774 4394 1818 4462 Et
1833 4389 1871 4461 in
1887 4401 2062 4486 quantam

460 4512 657 4600 stultitiam,
684 4510 759 4583 imo
781 4508 957 4581 insaniam
977 4505 1228 4605 proruperint,
1252 4518 1326 4577 tam
1349 4530 1415 4605 per
1436 4506 1657 4581 infidelitatis
1681 4532 1842 4581 errorem
1865 4528 1974 4606 quam
1998 4528 2066 4605 per

460 4631 697 4732 ignorantiam
713 4630 810 4721 vitas,
837 4626 1022 4724 subjungit
1036 4624 1182 4696 dicens:
1204 4651 1223 4692 u
1235 4627 1277 4696 Et
1292 4640 1522 4698 mutaverunt
1539 4627 1703 4723 gloriam,
1717 4655 1737 4696 u
1753 4626 1790 4700 id
1814 4641 1868 4699 est
1884 4627 2064 4700 honomm

460 4765 496 4825 et
519 4749 692 4824 sacrificia
718 4772 797 4844 quae
826 4745 1033 4819 debuissent
1059 4767 1147 4816 vero
1174 4747 1254 4814 Deo
1280 4743 1471 4836 exhibere,
1505 4746 1567 4843 qui
1596 4747 1761 4819 uidelicet
1790 4745 1977 4846 corrumpi
2001 4763 2066 4818 aut

462 4872 590 4944 mutari
607 4872 644 4942 in
662 4870 786 4966 aliquo
803 4889 878 4938 nou
891 4875 1024 4965 potest,
1042 4863 1284 4936 exhibuerunt
1304 4862 1391 4937 falso
1409 4864 1564 4956 homiui,
1584 4865 1620 4938 id
1640 4882 1695 4939 est
1722 4866 1940 4965 imaginariae
1960 4865 2065 4938 sinsi-

461 4991 603 5065 litudini
615 4988 774 5063 hominis
790 4984 1034 5084 corruptibilis
1052 4996 1088 5056 ει
1104 4982 1280 5076 mortalis,
1299 4982 1497 5057 idololatra
1513 4984 1646 5058 scilicet
1670 4985 1751 5058 lacti
1769 5014 1779 5076 ;
1796 4999 1832 5059 et
1847 5011 1923 5059 uon
1942 4985 2065 5058 solum

386 5102 389 5107 ’
462 5114 498 5185 iu
515 5109 786 5218 similitudinem
805 5104 978 5197 hominis,
1002 5127 1127 5176 verum
1152 5102 1261 5176 etiam
1284 5103 1527 5202 quorumlibet
1549 5104 1810 5180 irrationalium
1837 5104 2063 5193 animalium,
