4559 6100
695 564 738 634 ιιι
763 539 1004 634 arimatha
1028 565 1087 635 sn
1113 563 1341 637 nonanus.
1741 565 1816 636 aas

224 711 381 783 Donriuo
399 709 596 809 appellatus
615 724 688 799 est,
712 710 748 782 id
768 724 821 783 est
837 712 890 782 vir
908 711 1033 783 videns
1050 711 1260 781 Dominum.
1280 710 1385 783 Unde
1407 725 1443 782 et
1465 711 1642 809 precipue
1665 715 1814 785 nomine

224 832 299 927 ejus
323 843 399 902 tota
425 830 612 929 posteritas
630 831 797 926 insignita
817 828 1047 927 gloriabatur,
1068 829 1170 926 quasi
1189 830 1276 901 solis
1300 830 1385 927 ipsis
1401 834 1516 902 Deum
1537 828 1677 923 videre,
1706 831 1743 902 id
1763 848 1814 905 est

224 973 441 1045 cognoscere
473 935 684 1021 concessum
717 964 829 1043 esset,
865 950 966 1047 quasi
997 949 1072 1046 jam
1099 948 1247 1020 ulterius
1278 972 1348 1020 racc
1380 946 1534 1040 Christi,
1569 973 1636 1020 nec
1667 949 1815 1047 alicujus

226 1071 388 1143 doctrina
409 1067 621 1164 indigerent,
648 1083 687 1140 ut
704 1068 790 1141 hinc
810 1093 955 1167 quoque
980 1069 1056 1168 ipse
1078 1069 1209 1141 Paulus
1233 1049 1364 1160 Christi
1386 1068 1613 1167 disciplinam
1638 1070 1814 1144 nonnulla

227 1190 272 1261 de
292 1212 400 1260 causa
422 1212 460 1259 se
475 1188 684 1287 praemisisse
702 1189 869 1277 insinuet,
895 1214 1038 1261 necnon
1060 1214 1102 1260 ex
1128 1190 1171 1260 iis
1186 1212 1265 1284 quae
1281 1203 1494 1286 sequuntur,
1519 1187 1565 1261 de
1590 1189 1813 1264 condemna·

226 1311 322 1379 tione
343 1307 478 1379 scilicet
503 1306 596 1379 illius
623 1308 710 1379 olim
735 1306 924 1406 peculiaris
944 1308 1070 1407 populi
1092 1308 1171 1399 Dei,
1198 1332 1281 1378 cum
1296 1308 1365 1379 aits
1387 1311 1584 1394 «Quorum
1599 1307 1746 1406 adoptio
1764 1326 1816 1382 est

225 1423 395 1517 filiorum,
413 1456 431 1493 u
455 1426 526 1498 hoc
543 1442 595 1499 est
621 1427 667 1499 de
693 1428 810 1525 primo
836 1452 900 1526 per
926 1427 1073 1522 gratiam
1101 1426 1262 1524 adoptati
1290 1441 1422 1502 sunta
1448 1431 1526 1499 Deo
1548 1428 1584 1498 in
1612 1426 1723 1521 filios,
1753 1433 1815 1527 qui

224 1546 423 1644 specialiter
442 1545 487 1617 ab
505 1569 549 1618 eo
566 1546 686 1619 dilecti
703 1545 1020 1646 innumerabilium
1035 1545 1294 1619 beneficiorum
1310 1545 1530 1619 exhibitione
1553 1555 1811 1619 monstrantur.

228 1692 247 1732 ιι
263 1668 307 1736 Et
324 1666 449 1761 gloria,
464 1694 482 1733 a
500 1665 538 1737 id
560 1679 613 1738 est
629 1665 839 1761 glorificatio
857 1666 893 1737 in
915 1667 1080 1763 praesenti
1102 1692 1144 1738 ex
1162 1666 1358 1764 adoptione
1374 1666 1439 1738 ista
1456 1665 1666 1764 procedens,
1686 1691 1758 1764 qua
1776 1693 1816 1740 se

225 1798 260 1855 et
278 1809 376 1856 nuuc
389 1784 426 1855 in
442 1783 597 1857 Ecclesia
611 1784 774 1881 gentibus
790 1786 972 1858 conversis
984 1809 1194 1883 preponere
1206 1785 1388 1859 volebant.
1410 1785 1514 1858 Unde
1532 1798 1652 1857 autem
1666 1785 1814 1885 adoptio

224 1902 279 1976 vel
297 1902 509 2000 glorificatio
523 1928 649 1976 eorum
671 1905 824 1976 maxime
839 1905 1063 2002 processerit,
1086 1904 1275 2001 diligenter
1293 1908 1532 2002 prosequitur,
1549 1905 1672 1976 diceus
1689 1928 1815 1977 eorum

229 2046 332 2094 «esse
349 2036 616 2114 testamentum,
628 2053 646 2091 r
660 2038 695 2094 et
709 2020 754 2095 ad
773 2047 835 2094 eos
853 2023 1029 2120 primitus,
1047 2048 1121 2095 uon
1136 2023 1182 2095 ad
1197 2038 1320 2120 gentes
1331 2025 1445 2096 latum
1463 2023 1582 2115 luisse,
1598 2025 1689 2096 sicut
1707 2027 1815 2123 scrip·

227 2157 300 2214 trun
316 2131 410 2215 ‘est¹:
434 2172 453 2210 ιι
466 2146 545 2213 Non
571 2142 653 2214 lecit
669 2142 787 2214 taliter
803 2143 905 2214 omni
919 2144 1071 2234 nationi,
1089 2158 1124 2214 et
1135 2142 1272 2239 judicia
1288 2168 1351 2214 sua
1367 2161 1441 2214 non
1458 2143 1700 2215 manifestavit
1712 2145 1774 2216 eis.
1794 2175 1811 2212 u

227 2261 280 2333 Ad
298 2262 368 2334 hoc
385 2261 533 2358 quidem
551 2261 652 2334 illiud
670 2263 825 2360 pertinet
842 2261 942 2359 quod
959 2263 1121 2361 superius
1138 2264 1315 2334 dixerat’:
1333 2262 1462 2350 «Quid
1480 2287 1565 2359 ergo
1580 2261 1734 2360 amplius
1751 2268 1814 2335 lu-

228 2380 319 2469 daeo,
339 2396 406 2454 etc.
432 2382 584 2454 Multum
608 2407 674 2482 per
696 2383 831 2454 omnia.
852 2383 1011 2454 Primum
1039 2381 1185 2478 quidem
1212 2383 1296 2479 quia
1322 2381 1457 2454 credita
1478 2394 1562 2452 sunt
1577 2380 1645 2452 illis
1670 2383 1812 2482 eloquia

227 2501 304 2571 Dei.
320 2532 338 2567 ι
360 2531 377 2569 ιι
392 2505 434 2572 Et
450 2501 709 2600 obsequium»
734 2502 770 2574 id
791 2515 845 2573 est
860 2501 1045 2600 publicum
1062 2501 1174 2573 divini
1190 2501 1305 2573 cultus
1323 2499 1495 2592 officium,
1521 2501 1558 2571 in
1583 2500 1813 2574 tabernaculo

226 2620 281 2691 vel
306 2623 342 2691 in
367 2620 516 2720 templo,
543 2637 578 2693 et
597 2652 616 2689 u
632 2622 808 2719 promissa
828 2651 846 2689 u
866 2645 1016 2692 munera
1037 2635 1109 2692 tam
1137 2619 1184 2693 de
1211 2636 1303 2693 terra
1328 2619 1511 2697 Chanaam
1534 2620 1753 2719 possidenda
1780 2640 1814 2694 et

226 2741 373 2813 terrenis
389 2739 604 2830 commodis,
621 2765 731 2838 quam
745 2738 791 2812 de
805 2739 1050 2837 spiritualibus
1062 2741 1170 2812 etiam
1184 2739 1289 2812 bonis
1301 2763 1368 2837 per
1383 2737 1564 2811 Christum
1578 2765 1621 2810 ex
1635 2741 1685 2811 eis
1701 2744 1816 2813 nasci,

227 2866 358 2945 turum,
379 2852 470 2923 sicut
495 2876 579 2923 mox
597 2852 756 2923 annectit
781 2852 932 2923 dicens:
956 2856 1151 2938 «Quorum
1174 2865 1259 2923 sunt
1276 2864 1395 2949 patres
1419 2850 1620 2923 secundum
1640 2874 1813 2923 camemu

226 2972 475 3070 potiusquam
502 2971 699 3043 secuudum
727 2970 811 3043 fidei
836 2971 1095 3064 imitationem,
1122 2970 1171 3042 illi
1202 2970 1399 3069 exquibus
1423 2984 1459 3043 et
1481 2973 1556 3070 ipse
1579 2970 1740 3044 Christus
1764 2989 1818 3045 est

226 3092 424 3165 secuudum
443 3117 602 3183 carnem,
627 3109 667 3165 ut
681 3108 765 3193 pote
782 3094 849 3191 ipsi
864 3092 1074 3191 patriarchae
1090 3092 1283 3184 Abraham,
1300 3095 1410 3183 lsaac,
1429 3107 1464 3163 et
1477 3091 1601 3180 Jacob,
1622 3092 1754 3189 quibus
1771 3095 1818 3165 de

227 3211 366 3285 Christo
386 3213 643 3309 pmmissiones
664 3210 762 3283 sactae
778 3226 879 3304 sunt,
897 3210 997 3308 quod
1015 3212 1051 3282 in
1074 3212 1209 3282 semine
1227 3232 1354 3282 eorum
1371 3211 1504 3282 scilicet
1517 3210 1816 3283 benedicerentur
1908 3201 1909 3204 ¹

227 3356 351 3404 omnes
370 3346 503 3428 gentes.
517 3330 625 3420 Quod
640 3356 725 3403 vero
740 3330 876 3404 dixerat
890 3362 908 3398 ι
922 3336 1039 3402 Patres
1048 3330 1192 3418 Christi,
1209 3358 1225 3397 u
1241 3355 1286 3401 ne
1298 3353 1363 3427 per
1375 3329 1447 3401 hoc
1461 3330 1816 3402 videreturChristus

227 3475 248 3522 a
265 3449 423 3550 patribus
438 3450 507 3522 illis
523 3451 724 3548 incoepisse,
744 3448 866 3522 addit:
890 3458 908 3519 ιι
919 3452 990 3538 Qui
1008 3465 1186 3548 estsuper
1203 3450 1324 3521 omnia
1342 3447 1566 3541 benedictus,
1582 3476 1600 3515 u
1615 3463 1652 3520 et
1667 3447 1817 3521 laudan-

227 3570 297 3641 dus
313 3586 347 3642 et
371 3569 622 3667 glorificandus
641 3600 658 3638 ιι
672 3570 708 3641 in
727 3568 858 3660 secula,
876 3598 894 3637 u
912 3569 950 3641 id
975 3583 1028 3640 est
1048 3593 1117 3671 per
1129 3592 1256 3641 omues
1274 3582 1480 3666 temporum
1504 3569 1747 3639 successiones
1767 3567 1814 3639 ab

226 3691 305 3785 ipso
325 3703 493 3786 tanquam
518 3688 676 3762 adivina
693 3689 865 3788 sapientia
888 3689 1023 3787 optime
1043 3687 1238 3760 ordinatas.
1263 3718 1282 3753 ιι
1292 3692 1417 3778 Amen,
1433 3715 1451 3754 u
1469 3682 1507 3759 id
1530 3702 1583 3759 est
1599 3711 1723 3759 verum
1747 3703 1811 3760 est.

224 3809 429 3879 Geminatio
446 3809 650 3880 assertionis
673 3822 745 3879 tam
763 3810 835 3879 oris
857 3832 966 3905 quam
983 3807 1103 3879 cordis
1122 3805 1382 3905 professionem
1398 3805 1553 3893 indicat,
1571 3807 1667 3879 sicut
1687 3822 1723 3877 et
1743 3806 1810 3893 ibi,

225 3955 244 3992 ιι
259 3931 371 3998 Amen
389 3952 494 4000 amen
512 3927 595 3999 dico
613 3926 729 3999 vobis.
745 3957 763 3995 r>
787 3932 840 4019 Et,
860 3957 875 3996 ιι
888 3929 934 4000 sit
949 3952 1067 3999 sermo
1084 3940 1223 3999 vester:
1242 3930 1315 4020 Est,
1334 3941 1410 3997 est:
1431 3928 1525 4018 Non,
1546 3927 1701 4019 ιιοιιίτιἱ

258 4214 263 4237 ¹
275 4208 373 4261 Prctm.
388 4223 478 4269 mirri.
491 4225 514 4259 ι.
526 4214 565 4263 20.
578 4237 605 4249 -
617 4212 717 4273 ²Rom.,
730 4225 784 4274 cap.
800 4225 836 4271 ιιι,
849 4226 871 4267 ι,
887 4218 908 4262 t.
922 4237 951 4250 -
964 4212 1078 4273 matth,
1092 4225 1147 4275 cap.
1160 4224 1184 4272 r,
1197 4224 1220 4260 ι.
1233 4214 1271 4265 37.
