4559 6100
452 502 526 576 aas
1051 488 1440 570 semiramiam
1519 453 1526 465 ’

451 647 579 726 lsmael
594 650 670 724 sive
681 652 789 740 Euam
807 670 932 722 semen
949 641 1100 718 Abrahae
1112 655 1211 736 sunt,
1227 640 1399 741 quianon
1415 637 1462 711 de
1475 634 1681 711 infidelibus
1697 637 1820 735 geniti,
1832 636 1934 734 juxta
1949 634 2051 734 quod

452 772 632 846 Dominus
646 766 797 843 lbrahae
809 764 1009 867 supradixit
1021 762 1068 838 de
1083 762 1225 854 lsmael,
1247 760 1369 860 aquia
1382 781 1505 832 semen
1524 771 1628 829 tuum
1642 769 1708 830 est.
1724 787 1742 824 s
1764 762 1807 830 Et
1827 770 1949 830 tamen
1971 756 2053 829 nul-

453 891 531 964 lum
547 913 670 965 semen
689 887 839 964 Abrahae
853 885 1062 962 vocandum
1074 897 1152 959 erat
1164 882 1257 955 sicut
1268 881 1306 954 in
1322 883 1434 953 lsaac.
1449 876 1553 951 atiud
1570 890 1624 949 est
1643 877 1763 976 itaque
1781 881 1881 951 Isaac
1903 877 1977 949 sive
2002 879 2052 947 ls-

454 1010 548 1086 mael
562 1010 686 1085 vocari
697 1033 820 1084 semen
836 1006 999 1082 ahrahae.
1014 1004 1097 1079 Tale
1114 1003 1250 1104 quippe
1264 1015 1318 1076 est
1337 1026 1346 1071 ε
1368 1026 1385 1069 ‹
1407 1002 1449 1070 ln
1463 1002 1561 1070 Isaac
1578 995 1767 1072 vocabitur
1787 996 1853 1071 tibi
1877 1021 2014 1089 semen,
2033 1023 2050 1059 a

454 1155 497 1205 ac
512 1131 543 1203 si
559 1129 708 1224 diceret,
722 1129 761 1202 in
778 1127 930 1229 posteris
944 1130 1056 1219 lsaac,
1073 1139 1149 1198 tam
1161 1122 1328 1196 videlicet
1340 1140 1450 1192 carne
1467 1140 1577 1217 quum
1591 1114 1665 1190 fide
1686 1119 1720 1191 ei
1742 1117 1958 1215 conjunctis,
1975 1139 2051 1189 non

454 1249 635 1349 aliquibus
659 1244 979 1324 intervenientibus
994 1241 1157 1345 patribus
1178 1243 1216 1314 in
1239 1239 1392 1341 posteris
1407 1241 1506 1311 Isaac
1524 1252 1599 1310 tam
1615 1235 1783 1312 videlieet
1805 1262 1913 1312 carne
1940 1259 2052 1337 quam

455 1369 527 1445 lide
561 1395 583 1444 a
607 1368 706 1444 cultu
736 1367 804 1442 Dei
836 1364 1098 1441 recedentibus.
1125 1367 1205 1436 Hoc
1235 1362 1334 1435 enim
1363 1358 1475 1432 credo
1511 1356 1725 1456 significari,
1759 1382 1844 1431 cum
1873 1360 2052 1434 Dominus

454 1489 735 1563 circumcisionis
760 1501 905 1589 pactum
931 1510 1016 1559 cum
1045 1482 1226 1558 Abraham
1252 1496 1290 1557 et
1317 1478 1454 1553 semine
1479 1476 1557 1576 ejus
1582 1478 1699 1553 iniens
1724 1479 1915 1578 praemissis
1939 1480 2048 1553 istis:

457 1612 651 1685 «Statuam
667 1623 813 1709 pactum
833 1631 958 1682 meum
974 1606 1143 1680 interme
1160 1617 1196 1677 et
1211 1616 1260 1697 te,
1278 1615 1315 1675 et
1329 1601 1423 1674 inter
1437 1621 1561 1673 semen
1576 1613 1679 1672 tuum
1696 1612 1780 1700 post
1796 1614 1831 1673 te
1846 1600 1884 1672 in
1905 1622 2052 1697 genera·

454 1730 612 1804 tionibus
637 1729 757 1824 suis,»
783 1751 868 1801 mox
892 1724 1068 1824 adjunxit,
1092 1722 1258 1798 «laedere
1278 1721 1511 1822 sempiterno,
1534 1732 1576 1791 ut
1596 1720 1665 1793 sim
1686 1724 1783 1793 Deus
1803 1736 1887 1794 tuus
1904 1736 1940 1795 et
1956 1725 2054 1795 Deus

454 1851 600 1924 seminis
610 1850 664 1924 tui
681 1862 763 1949 post
778 1861 827 1921 te.
843 1877 861 1914 s
879 1844 963 1919 Tale
978 1846 1113 1946 quippe
1129 1858 1183 1918 est
1198 1873 1217 1914 a
1230 1845 1269 1917 in
1286 1839 1577 1943 generationibus
1592 1841 1665 1913 suis
1683 1839 1818 1915 soedere
1832 1842 2052 1941 sempiterno

454 1984 496 2042 ut
517 1971 585 2044 sim
600 1974 698 2045 Deus
719 1983 815 2064 tuus,
833 1981 921 2060 etc,
939 1997 956 2034 a
973 1966 1061 2039 acsi
1077 1966 1212 2039 diceret
1231 1991 1240 2035 ε
1260 1967 1302 2038 ln
1319 1962 1471 2064 posteris
1487 1961 1558 2035 tuis
1579 1960 1669 2034 mihi
1686 1963 1858 2036 continue
1874 1988 1941 2062 per
1961 1961 2053 2036 obe-

454 2088 626 2165 dientiam
649 2087 841 2180 foederatis,
868 2111 938 2160 nec
964 2109 987 2160 a
1012 2084 1113 2160 cultu
1142 2108 1224 2157 meo
1253 2109 1319 2184 per
1341 2082 1654 2183 interpositionem
1680 2080 1882 2157 infidelium
1909 2096 2053 2182 patrum

454 2208 653 2307 disjunctis.
682 2213 761 2282 Hoc
788 2222 910 2281 autem
936 2205 1049 2280 modo
1072 2229 1191 2303 neque
1217 2202 1287 2276 Job
1313 2226 1433 2302 neque
1451 2205 1568 2276 eoeteri
1592 2202 1750 2275 Gentiles
1774 2203 1821 2277 ab
1842 2202 1969 2276 Ismael
1996 2203 2053 2276 vel

454 2333 549 2403 Esau
571 2326 845 2420 descendentes,
872 2326 911 2398 in
929 2326 1066 2399 semine
1083 2323 1235 2397 nbrahae
1262 2339 1347 2396 sunt
1368 2321 1582 2412 aestimandi,
1601 2345 1671 2396 nec
1695 2321 1742 2396 ad
1767 2347 1831 2396 eos
1853 2321 2053 2423 quidquam

453 2448 510 2522 vel
533 2449 759 2523 circumcisio
777 2447 835 2519 vel
853 2461 980 2521 caetera
1000 2445 1088 2543 legis
1105 2443 1268 2543 figuralia
1287 2458 1466 2544 praecepta
1482 2443 1683 2543 pertinent,
1707 2469 1791 2516 cum
1809 2445 1886 2517 haec
1911 2444 2055 2520 solum·

455 2569 568 2644 modo
585 2567 732 2642 Abrahae
748 2581 784 2641 et
800 2567 928 2640 semini
946 2567 1035 2665 ejus,
1054 2581 1219 2666 utsupra
1236 2564 1568 2658 determinavimus,
1593 2563 1754 2661 injuncta
1769 2565 1853 2638 sint.
1873 2567 2053 2665 Scriptum

455 2689 591 2789 quippe
606 2702 661 2761 est
673 2686 720 2760 de
733 2686 1020 2777 circumcisione,
1030 2685 1189 2758 Domino
1204 2685 1255 2757 sic
1270 2707 1351 2759 eam
1368 2682 1517 2759 Abrabae
1532 2684 1651 2785 primo
1666 2685 1930 2783 precipiente¹=
1945 2714 1962 2754 α
1975 2687 2056 2759 Sta·

456 2821 556 2881 tuam
578 2820 725 2907 pactum
743 2829 867 2878 meum
886 2805 980 2878 inter
996 2829 1056 2878 me
1078 2818 1115 2880 et
1135 2819 1188 2899 te,
1208 2817 1244 2877 et
1269 2828 1393 2878 semen
1415 2818 1520 2877 tuum
1539 2819 1622 2904 post
1645 2818 1680 2878 te
1704 2805 1741 2877 in
1765 2804 2055 2902 generationibus

456 2927 529 3000 suis
547 2924 681 3000 soedere
701 2925 937 3023 sempiterno,
954 2938 996 2997 nt
1018 2925 1088 2999 sim
1110 2925 1207 2998 Deus
1222 2939 1306 2998 tuus
1328 2939 1364 2999 et
1385 2925 1531 2999 seminis
1554 2926 1607 2999 tui
1623 2940 1706 3026 post
1727 2940 1775 2999 te.
1796 2923 1973 3025 Dnboque
1990 2925 2054 2999 tibi

457 3064 494 3123 et
511 3048 640 3122 semini
663 3062 727 3121 tuo
749 3060 883 3122 terram
903 3046 1202 3148 peregrinationis
1223 3061 1316 3141 tuae,
1336 3073 1485 3123 omnem
1509 3062 1643 3122 terram
1659 3048 1830 3123 Chanaan
1854 3050 1892 3122 iu
1912 3073 2054 3148 posses·

457 3170 599 3245 sionem
623 3181 815 3263 aeternam,
834 3193 971 3268 eroque
988 3172 1087 3243 Deus
1111 3191 1254 3243 eorum.
1281 3172 1327 3245 Et
1346 3183 1387 3243 tu
1402 3193 1488 3267 ergo
1514 3169 1696 3243 custodies
1717 3183 1865 3269 pactum
1882 3193 2004 3244 meum
2020 3183 2057 3242 et

457 3313 581 3364 semen
599 3304 704 3363 tuum
723 3303 807 3388 post
823 3302 858 3361 te
876 3289 914 3361 in
934 3287 1227 3386 generationibus
1243 3290 1329 3363 suis.
1347 3292 1427 3363 Hoc
1443 3304 1497 3363 est
1511 3304 1659 3389 pactum
1675 3314 1798 3364 meum
1814 3291 1915 3390 quod
1928 3286 2055 3365 'obser-

453 3410 585 3510 ¹vabitis
606 3409 700 3483 inter
723 3432 782 3482 me
801 3423 837 3482 et
853 3433 919 3482 vos
934 3423 970 3482 et
991 3434 1115 3483 semen
1134 3422 1238 3482 tuum
1254 3423 1338 3510 post
1362 3423 1398 3484 te
1417 3435 1426 3485 z
1445 3411 1731 3486 Circumcidetur
1755 3437 1799 3486 ex
1819 3410 1925 3486 vobis
1948 3434 2057 3483 omne

459 3528 713 3618 masculinum,
731 3541 768 3600 et
781 3528 1045 3603 circumcidetis
1065 3553 1212 3604 carnem
1234 3531 1400 3631 praeputii
1415 3532 1537 3626 vestri,
1560 3547 1601 3604 ut
1623 3533 1669 3606 sit
1687 3533 1724 3604 in
1747 3532 1892 3633 signum
1914 3529 2056 3605 foederis

459 3649 551 3723 iuter
568 3673 627 3721 me
644 3661 681 3719 et
696 3670 774 3718 vos.
794 3646 915 3719 Infans
935 3663 1020 3721 octo
1037 3645 1180 3721 dierum
1195 3648 1473 3724 circumcidetur
1491 3652 1529 3724 in
1547 3650 1666 3748 vobis,
1686 3677 1796 3727 omne
1817 3651 2057 3725 masculinum

458 3767 496 3838 in
516 3762 806 3863 generationibus
817 3766 966 3838 vestris:
984 3780 1059 3839 tam
1074 3767 1287 3841 vernaculus
1305 3793 1416 3867 quarn
1427 3772 1608 3872 emptitius
1621 3770 1910 3863 circumcidetur,
1926 3784 1963 3843 et
1975 3772 2059 3870 qui·

459 3908 603 3982 cunque
620 3908 695 3957 non
718 3883 825 3957 fuerit
844 3880 891 3956 de
913 3884 1023 3984 stirpe
1044 3899 1187 3959 vestra:
1207 3887 1346 3986 eritque
1367 3903 1515 3989 pactum
1539 3916 1663 3965 meum
1684 3893 1724 3965 in
1745 3915 1855 3967 carne
1878 3904 1996 3964 vestra
2021 3891 2058 3962 in

459 4003 576 4079 foedus
603 4018 791 4077 aeternum.
817 4003 1007 4099 Masculus,
1029 4006 1132 4104 cujus
1155 4008 1320 4108 praeputii
1342 4034 1429 4085 caro
1455 4012 1667 4086 circumcisa
1687 4037 1764 4085 non
1789 4012 1908 4101 fuerit,
1928 4009 2060 4113 peribit

460 4125 580 4199 anima
599 4123 661 4198 illa
680 4122 726 4196 de
750 4122 888 4223 populo
909 4148 990 4218 suo,
1014 4127 1100 4224 quia
1122 4140 1269 4227 pactum
1291 4154 1415 4204 meum
1433 4131 1573 4205 irritum
1591 4132 1686 4205 lecit.
1705 4163 1722 4199 a
1743 4137 1787 4205 Et
1804 4146 1889 4232 post
1908 4132 2057 4229 aliqua:

464 4276 481 4312 e
499 4246 616 4344 Super
631 4240 761 4317 lsmael
786 4266 934 4340 quoque
956 4245 1124 4320 exaudiri
1150 4261 1198 4342 te,
1219 4265 1255 4324 et
1280 4249 1528 4351 multiplicabo
1553 4275 1639 4324 eum
1660 4251 1779 4326 valde.
1805 4256 1953 4326 Pactum
1970 4274 2060 4323 vero

462 4388 585 4439 meum
611 4376 765 4437 statuam
788 4361 835 4436 ad
865 4367 963 4439 lsaac
988 4389 1100 4466 quem
1123 4369 1238 4467 pariet
1262 4368 1329 4443 tibi
1352 4371 1491 4445 Sara.»
1523 4373 1759 4469 Augustinus,
1786 4371 1830 4444 dc
1853 4372 1998 4471 Nuptiis
2023 4389 2062 4442 et

460 4484 759 4582 concupiscentia,
779 4481 874 4555 libro
890 4487 926 4555 1¹
945 4511 954 4556 z
972 4513 990 4555 ι(
1007 4488 1061 4559 De
1074 4488 1377 4564 circumcidendis
1392 4494 1490 4565 Deus
1505 4492 1557 4566 sic
1575 4492 1816 4566 manifestarit
1834 4489 2030 4565 infantibus
2048 4516 2057 4561 ε

465 4600 674 4675 «Masculus
690 4601 755 4700 qui
771 4627 846 4676 non
860 4603 1138 4681 circumcidetur
1149 4610 1315 4710 praeputii
1330 4611 1386 4684 sui
1397 4635 1506 4687 carne
1520 4627 1649 4687 octavo
1666 4612 1738 4707 die,
1753 4612 1923 4713 disperiet
1941 4610 2063 4684 anima

465 4751 483 4788 a
498 4720 574 4819 ejus
592 4718 640 4794 de
654 4744 785 4818 genere
802 4747 884 4817 suo,
904 4726 989 4821 quia
1005 4740 1261 4804 testamentum
1281 4755 1405 4804 meum
1426 4731 1624 4832 dissipavit.
1646 4763 1664 4800 a
1681 4734 1786 4806 Dicat
1806 4732 1873 4806 iste
1897 4732 1928 4804 si
1944 4743 2065 4830 potest

462 4840 649 4940 quomodo
681 4866 772 4941 puer
798 4841 858 4916 ille
887 4859 972 4919 octo
996 4846 1139 4922 dierum
1163 4864 1420 4926 testamentum
1442 4852 1638 4953 dissipavit,
1667 4866 1845 4951 quantum
1868 4851 1916 4925 ad
1943 4852 2064 4952 ipsum

492 5118 605 5180 'Geram
615 5130 669 5181 cap,
682 5132 743 5183 aru,
755 5133 779 5169 v.
792 5123 804 5171 t
819 5128 845 5172 et
855 5133 910 5186 sqq.
924 5148 953 5160 -
964 5124 973 5154 ¹
984 5121 1043 5189 leg.
1057 5126 1100 5179 uu.
1119 5124 1152 5191 ll,
1163 5138 1217 5191 cap.
1231 5140 1271 5191 ¹13
1288 5129 1366 5195 opp,
1381 5138 1398 5183 t
1413 5128 1443 5192 Χ,
1462 5131 1510 5183 col.
1521 5134 1577 5183 ata.
