4559 6100
936 509 1168 583 mutunus.
1781 510 1846 584 out

310 657 352 724 Et
375 653 577 726 notandum
608 652 709 752 quod
741 679 825 729 cum
845 656 981 752 justitia
1006 660 1051 733 sit
1078 673 1248 733 constans
1273 659 1384 731 animi
1417 657 1582 730 voluutas
1610 681 1690 755 quae
1715 658 1853 730 unicui·

256 797 346 870 que,
375 774 475 871 quod
501 798 607 846 suum
632 787 686 847 est
709 790 845 869 servat,
874 777 1047 852 tortitudo
1071 793 1108 853 et
1133 780 1368 879 temperantia
1394 778 1562 876 potentiae
1581 775 1745 874 quaedam
1770 793 1855 855 sunt

258 907 366 990 atque
391 895 502 966 animi
525 894 639 965 robur
662 920 753 991 quo,
777 911 947 995 utsupra
969 898 1221 991 meminimus,
1246 897 1344 973 bona
1366 897 1508 994 justitiae
1535 896 1701 969 voluntas
1722 895 1854 969 confir·

259 1027 388 1085 matur.
418 1016 580 1100 Quorum
605 1014 739 1085 etenim
761 1017 940 1088 contraria
971 1018 1191 1115 impotentiae
1215 1031 1319 1108 suut,
1348 1040 1390 1090 ea
1417 1015 1580 1114 prolecto
1611 1030 1751 1087 constat
1776 1039 1853 1089 esse

257 1134 449 1230 potentias.
470 1132 643 1206 Debilitas
663 1157 750 1206 vero
771 1136 895 1228 animi,
918 1159 998 1233 quae
1018 1136 1217 1208 fortitudini
1233 1136 1412 1210 contraria
1428 1150 1497 1227 est,
1522 1134 1685 1231 quadam
1704 1136 1779 1231 ejus
1797 1136 1851 1206 in-

258 1250 409 1323 firmitas
433 1267 468 1324 et
500 1253 711 1351 impotentia
736 1266 811 1345 est,
839 1280 948 1352 quam
974 1256 1150 1351 ignaviam
1182 1279 1245 1329 seu
1271 1253 1597 1355 pusillanimitatem
1628 1251 1747 1325 dicere
1772 1278 1853 1352 pos·

258 1395 394 1442 sumus.
415 1373 693 1470 Intemperantia
711 1397 870 1472 quoque,
890 1375 1129 1474 temperantiae
1143 1373 1305 1461 adversa,
1321 1372 1486 1471 quaedam
1502 1370 1725 1447 imbecillitas
1739 1374 1851 1447 animi

258 1501 295 1558 et
310 1489 521 1587 impotentia
539 1505 611 1580 est,
637 1491 933 1565 irrationabilium
952 1510 1117 1566 motuum
1135 1493 1210 1590 ejus
1227 1491 1439 1593 impulsibus
1456 1491 1619 1564 resistere
1634 1516 1711 1563 non
1728 1492 1850 1565 valen·

258 1609 321 1699 tis,
348 1632 369 1682 a
394 1607 527 1707 quibus
551 1612 651 1706 quasi
679 1610 897 1707 quibusdam
922 1612 1130 1685 satellitibus
1158 1612 1194 1684 in
1222 1613 1387 1685 miseram
1412 1611 1583 1684 vitiorum
1609 1612 1849 1709 captivitatem

257 1751 360 1800 mens
374 1728 516 1802 infirma
533 1728 685 1802 trahitur
697 1745 900 1828 etquorum
917 1731 1095 1805 dominari
1110 1730 1237 1805 debuit
1251 1730 1379 1805 ancilla
1395 1730 1447 1803 fit.
1468 1731 1566 1804 Siout
1582 1744 1702 1803 autem
1714 1731 1849 1827 justitia

257 1847 423 1921 voluntas
455 1848 515 1921 illa
537 1872 647 1946 quam
671 1849 845 1943 diximus,
864 1849 963 1923 bona
984 1867 1056 1944 est,
1077 1853 1124 1924 ita
1148 1851 1318 1949 injustitia
1340 1850 1504 1923 voluntas
1523 1849 1714 1922 contraria.
1735 1854 1780 1921 m
1790 1852 1849 1946 ju·

254 1968 351 2039 stitia
366 1969 514 2064 quidem
531 1967 670 2041 bonum
685 1970 886 2059 bominem,
905 1969 1079 2043 fortitudo
1092 1995 1179 2042 vero
1196 1994 1239 2043 ac
1255 1969 1489 2067 temperantia
1504 1966 1660 2067 probum
1674 1966 1847 2058 efficiunt,

254 2088 361 2183 quia,
395 2088 496 2184 quod
524 2113 567 2160 ex
590 2088 649 2160 illa
667 2110 691 2153 ἰ
707 2089 894 2182 volutum,
913 2120 930 2155 >r
962 2115 1005 2163 ex
1031 2088 1089 2163 his
1115 2090 1163 2163 ad
1189 2089 1421 2165 efficiendum
1445 2087 1552 2161 validi
1579 2111 1714 2160 sumus.
1743 2093 1849 2162 Putas

257 2219 376 2277 autem
391 2231 450 2278 me
465 2208 503 2278 in
521 2207 706 2305 praesentia
721 2209 859 2306 species
874 2233 938 2281 scu
951 2224 1069 2307 partes
1087 2209 1225 2281 virtutis
1240 2209 1288 2281 ita
1305 2207 1519 2296 distinxisse,
1538 2220 1578 2279 ut
1594 2207 1630 2277 in
1647 2206 1704 2279 his
1718 2206 1849 2305 gradus

256 2349 383 2397 omnes
405 2325 683 2415 concludantur,
703 2325 834 2425 quibus
850 2327 897 2400 ad
916 2326 1176 2400 beatitudinem
1194 2327 1406 2426 pertingitur
1422 2341 1458 2399 et
1477 2350 1659 2399 summum
1681 2351 1748 2424 pro
1772 2351 1858 2399 me·-

255 2444 330 2516 ritis
352 2444 491 2517 bonum
515 2445 810 2544 apprehenditur.
830 2451 933 2519 Nunc
949 2447 979 2521 si
997 2447 1112 2519 visum
1134 2446 1181 2519 sit
1199 2445 1397 2543 prudentiae
1413 2459 1499 2534 tuae,
1519 2442 1609 2542 quid
1630 2444 1666 2515 in
1689 2444 1746 2518 bis
1761 2469 1847 2543 pro·

254 2562 344 2636 bare
368 2566 425 2636 vel
454 2566 658 2663 improbare
679 2566 898 2661 decreveris,
925 2565 980 2639 vel
1003 2568 1032 2638 si
1061 2565 1149 2663 quid
1177 2565 1324 2641 fortasse
1356 2566 1402 2639 ad
1436 2564 1692 2664 perlectionem
1716 2564 1848 2638 adden·

254 2681 344 2754 dum
363 2704 439 2755 esse
456 2687 649 2776 censueris,
668 2686 783 2784 parati
799 2710 924 2758 sumus
939 2687 1114 2784 excipere.

304 2805 505 2875 Cnmsrmn.
529 2804 587 2876 Sic
608 2804 770 2900 profecto
795 2806 977 2877 convenit.
1002 2804 1073 2876 Sed
1094 2804 1303 2902 priusquam
1318 2802 1365 2875 ad
1385 2801 1454 2875 hos
1476 2801 1604 2873 summi
1630 2799 1732 2890 boni,
1756 2824 1848 2897 qttos

255 2925 424 3020 posuisti,
452 2922 583 3020 gradus
609 2924 814 3014 veniamus,
841 2923 887 2997 ad
915 2923 1158 2997 intermissum
1186 2946 1261 2995 non
1286 2921 1474 2995 dimissum
1500 2919 1547 2993 de
1572 2918 1847 2997 summobono

256 3042 312 3114 vel
334 3067 478 3115 summo
499 3042 595 3117 malo
610 3043 822 3117 conflictum
838 3042 1040 3135 redeamus,
1058 3041 1197 3140 etquid
1214 3042 1421 3140 simpliciter
1437 3065 1617 3116 summum
1634 3036 1774 3111 bonum
1792 3039 1847 3112 vel

255 3184 436 3234 summum
470 3163 605 3234 malum
630 3161 780 3255 dicatur,
812 3177 919 3235 etan
949 3162 1046 3235 aliud
1071 3186 1254 3233 summum
1280 3161 1419 3234 bonum
1444 3162 1488 3232 sit
1520 3181 1631 3257 quam
1664 3181 1846 3232 summum

254 3278 414 3351 hominis
437 3280 595 3369 bonum,
615 3280 672 3352 vel
691 3305 873 3353 summurn
898 3279 1032 3354 malum
1052 3302 1162 3376 qaum
1179 3303 1362 3354 summum
1386 3277 1543 3352 hominis
1560 3274 1709 3367 malum,
1729 3274 1846 3348 deter-

254 3399 422 3473 mittetur.

543 3500 706 3588 Regressio
722 3497 764 3565 ad
780 3496 990 3566 intermissam
1003 3495 1243 3586 inquisitionem
1256 3495 1298 3562 de
1313 3492 1554 3561 summobono.

305 3645 446 3714 Pnuos.
468 3644 658 3716 Summum
678 3642 800 3742 utique
822 3641 960 3714 bonum
975 3639 1073 3740 apud
1090 3664 1218 3713 omnes
1231 3650 1326 3712 recte
1342 3633 1636 3736 philosophantes
1654 3656 1729 3705 non
1746 3631 1844 3704 aliud

251 3785 364 3857 ,quam
392 3767 508 3833 Deum
536 3761 609 3834 dici
635 3774 776 3834 constat
800 3775 836 3834 et
860 3760 979 3850 credi,
1006 3763 1108 3858 cujus
1136 3758 1268 3831 scilicet
1293 3752 1567 3854 incorporabilis
1592 3764 1629 3825 et
1657 3748 1844 3826 ineffabilis

255 3879 439 3953 beatitudo
464 3895 536 3953 tam
555 3881 721 3981 principii
736 3905 846 3978 quam
863 3879 944 3953 finis
959 3883 1102 3978 ignara,
1124 3903 1200 3952 non
1220 3876 1341 3973 augeri
1363 3887 1480 3973 potest
1501 3895 1568 3945 nec
1588 3869 1713 3942 minui.
1731 3872 1846 3942 Sum-

256 4024 356 4072 mum
373 4025 461 4073 vero
482 4002 618 4074 malum
634 4025 812 4075 summam
827 4002 1071 4098 cujuscunque
1086 3999 1132 4071 sit
1154 3998 1229 4070 sire
1250 3995 1408 4068 bominis
1424 3993 1497 4065 sive
1518 3990 1660 4064 alterius
1675 4002 1845 4062 creature

257 4120 434 4193 miseriam
454 4120 513 4193 ael
539 4145 653 4219 poenae
674 4122 872 4194 cruciatum
896 4135 1065 4212 autumo,
1088 4117 1247 4189 hominis
1271 4128 1391 4188 autem
1416 4133 1598 4184 summum
1625 4108 1766 4184 bonum
1788 4109 1847 4183 vel

254 4262 437 4312 summum
463 4238 598 4312 malum
621 4240 715 4338 ejus,
742 4241 833 4312 sicut
860 4262 969 4338 supra
987 4240 1061 4336 jam
1091 4234 1310 4308 memmiae
1336 4229 1587 4320 determinavi,
1616 4226 1741 4298 tururae
1766 4227 1843 4300 viue

258 4357 419 4451 requiem
442 4358 498 4429 vel
523 4383 669 4456 poenam
690 4373 901 4458 perpetuam
923 4357 1095 4454 intelligo.
1123 4359 1202 4428 Hoc
1229 4353 1349 4449 itaque
1374 4351 1466 4422 inter
1497 4366 1680 4419 summum
1704 4342 1843 4416 bonum

255 4488 292 4545 et
314 4499 495 4546 summum
516 4476 677 4549 bominis
694 4477 832 4551 bonum
853 4479 984 4550 reterre
1000 4476 1168 4565 arbitror,
1187 4470 1304 4568 quod,
1330 4470 1419 4542 sicut
1442 4491 1485 4540 ex
1504 4463 1693 4563 premissis
1708 4461 1838 4559 liquet,

257 4616 438 4692 summum
460 4594 599 4667 bonum
616 4600 713 4668 Deus
732 4597 809 4695 ipso
824 4611 877 4668 est
892 4595 948 4668 rel
963 4597 1041 4691 ejus
1055 4590 1286 4666 beatitudinis
1306 4608 1446 4662 summa
1465 4582 1712 4683 tranquillitas,
1733 4606 1842 4679 quam

257 4725 375 4783 tamen
398 4737 474 4784 non
498 4712 595 4785 aliud
609 4736 722 4810 qnam
736 4714 867 4812 ipsum,
890 4714 1117 4801 aestimamus,
1137 4710 1201 4807 qui
1216 4731 1260 4779 ex
1282 4731 1321 4778 se
1340 4706 1431 4804 ipso,
1450 4728 1525 4776 non
1540 4702 1698 4791 aliunde,
1717 4700 1842 4773 beatm

256 4843 329 4919 est;
349 4855 530 4904 summum
547 4846 667 4905 mrtem
682 4832 840 4904 bominis
854 4831 992 4904 bonum
1010 4829 1070 4903 illa
1093 4842 1148 4903 est
1162 4825 1464 4927 perpetuaquies,
1482 4824 1557 4898 sire
1577 4820 1713 4911 lautia,
1730 4840 1842 4914 quam

237 4949 407 5046 ¹quisque
423 4973 491 5049 pro
510 4950 645 5023 meritis
663 4950 855 5050 posthanc
870 4951 980 5022 vitam
1000 4948 1143 5047 recipit,
1162 4946 1236 5019 sive
1258 4943 1297 5016 in
1318 4943 1396 5040 ipsa
1411 4941 1546 5016 visione
1561 4939 1616 5012 vel
1634 4937 1841 5035 cognitione

257 5068 341 5161 Dei,
374 5083 414 5141 ut
438 5069 573 5163 dicitis,
601 5072 675 5146 sive
700 5091 849 5167 quoquo
875 5068 986 5142 modo
1013 5066 1115 5141 aliter
1141 5062 1337 5157 contingat.
1371 5063 1561 5135 Summum
1590 5081 1678 5131 vero
1706 5057 1841 5131 malum
