4559 6100
1010 559 1150 627 27ss
2207 560 2466 632 PETRt
2515 559 2985 632 Amisum

1002 711 1279 799 genitu·
1323 708 1604 783 dicatm·
1650 708 2021 781 Christus?
2068 708 2505 807 Respondet,
2556 709 2779 783 habet
2824 707 3120 807 quidem
3175 707 3444 808 plnres,
3496 704 3626 778 sed
3668 728 3801 804 per
3849 699 4179 799 adoptio·

1002 851 1195 915 nem,
1245 851 1395 902 non
1438 852 1568 924 per
1599 843 1959 901 naturam.
2003 829 2192 915 Quia
2225 842 2297 900 et
2330 853 2460 901 vos
2498 830 2635 928 ipsi
2668 829 3002 927 spiritum
3032 826 3447 926 adoptionis
3479 822 3878 921 accepistis,
3910 821 3986 892 in
4032 845 4179 918 quc

998 943 1406 1017 efficiuntur
1438 945 1563 1018 filii
1616 948 1768 1019 Dei.
1813 945 2022 1017 Unde
2064 960 2140 1017 et
2171 945 2323 1043 ipse
2353 946 2528 1020 alibi
2568 947 2783 1019 dicit¹
2817 974 2834 1015 :
2880 977 2917 1014 ιι
2943 946 3164 1035 Quod
3196 947 3455 1019 caritas
3486 945 3617 1015 Dei
3662 942 3926 1014 diffusa
3958 953 4065 1011 est
4105 940 4178 1009 in

998 1062 1339 1138 cordibus
1392 1068 1657 1140 nostris
1700 1091 1833 1167 per
1875 1066 2223 1165 Spiritum
2270 1082 2602 1140 sanctum
2647 1068 2775 1165 qui
2828 1066 3042 1139 datus
3089 1082 3195 1139 est
3244 1065 3485 1139 nobis.
3516 1095 3552 1130 n
3591 1062 3896 1161 Spiritus
3942 1061 4180 1157 itaque

998 1183 1409 1283 adoptionis
1462 1186 1743 1260 donum
1779 1185 2045 1259 dicitur
2091 1187 2430 1273 caritatis,
2482 1212 2613 1286 per
2656 1187 2860 1286 quod
2907 1186 3343 1284 adoptamur
3374 1208 3416 1257 a
3450 1189 3605 1255 Dec
3654 1184 3730 1253 in
3776 1180 3988 1252 filios.
4033 1181 4176 1249 «ln

998 1327 1174 1399 qun,
1209 1334 1243 1371 a
1269 1305 1549 1379 scilicet
1581 1306 1864 1405 spiritu,
1901 1306 1978 1377 id
2017 1320 2127 1378 est
2158 1306 2230 1377 in
2278 1305 2725 1404 professione
2756 1321 2829 1379 et
2866 1306 3360 1402 recognitione
3399 1305 3606 1400 cujus
3654 1301 3867 1391 doni,
3904 1321 4039 1369 nos
4083 1295 4177 1369 ad

1002 1425 1443 1498 Dominum«
1464 1426 1859 1500 clamamus
1891 1457 1928 1493 a·
1964 1427 2266 1516 intente,
2304 1440 2522 1522 atque
2552 1426 2959 1499 exultanter
2999 1425 3333 1517 dicimus,
3358 1453 3393 1493 α
3423 1422 3623 1494 Abba
3643 1427 3873 1504 Pater,
3893 1448 3930 1486 n
3963 1416 4041 1489 id
4072 1432 4179 1488 est

998 1567 1162 1615 eum
1213 1545 1454 1643 potius
1491 1544 1920 1644 profitemur
1966 1569 2120 1617 esse
2164 1561 2441 1643 patrem
2486 1569 2707 1644 quam
2759 1546 3182 1630 Dominum,
3237 1566 3323 1615 ac
3367 1566 3500 1641 per
3547 1542 3692 1612 hoc
3748 1563 3885 1610 nos
3936 1536 4177 1634 potius

998 1659 1182 1731 filios
1224 1687 1444 1760 quam
1492 1688 1741 1740 servos
1787 1663 2399 1760 recognoscimus.
2439 1664 2554 1736 Sic
2585 1664 2780 1735 enim
2825 1678 2899 1737 et
2935 1664 3207 1735 Veritas
3240 1663 3313 1733 in
3354 1659 3736 1755 Evangelio
3768 1656 4176 1752 stequenter

994 1779 1241 1854 docuit
1292 1806 1429 1855 nos
1479 1782 1748 1857 scilicet
1793 1787 2031 1855 Deum
2064 1782 2307 1880 potius
2364 1807 2623 1856 vocare
2674 1788 2957 1856 Patrem
3002 1806 3222 1880 quam
3272 1779 3697 1866 Dominum,
3755 1790 3838 1848 ut
3889 1800 3974 1847 ex
4030 1774 4172 1845 hoc

994 1925 1285 1995 qunque
1316 1900 1413 1975 ad
1447 1900 1738 1977 filialem
1774 1921 1910 1975 nos
1952 1901 2364 1974 hortaretur
2407 1900 2953 2000 subjectionem.
3000 1901 3205 1973 Unde
3250 1914 3323 1972 et
3352 1924 3520 1972 cum
3568 1898 3766 1969 illam
3812 1894 4175 1993 discipulis

994 2019 1426 2115 spiritualem
1462 2021 1775 2095 traderet
1808 2022 2301 2094 orationem¹=
2346 2052 2381 2088 α
2408 2024 2737 2113 Orantes,
2767 2051 2804 2090 ι»
2843 2022 3102 2117 inquit,
3146 2050 3181 2087 e«
3220 2019 3436 2092 dicite
3474 2045 3493 2091 ε
3536 2021 3743 2088 Pater
3774 2028 4017 2087 noster
4050 2016 4172 2111 qui

990 2163 1066 2207 es
1098 2139 1170 2209 in
1198 2139 1419 2230 coelis,
1452 2155 1592 2214 etc.
1628 2170 1663 2208 η
1705 2141 1915 2214 Unde
1944 2140 2136 2213 bene
2175 2139 2483 2215 Abbates
2515 2142 3112 2213 monasteriorum
3152 2144 3393 2212 Patres
3424 2138 3758 2222 dicimus,
3789 2149 3867 2205 ut
3899 2158 3986 2205 ex
4019 2133 4171 2231 ipsc

994 2259 1287 2333 nomine
1314 2260 1538 2356 magis
1562 2260 1784 2333 amari
1809 2275 2153 2357 tanquam
2182 2275 2446 2358 patres,
2468 2284 2690 2356 quam
2716 2261 2948 2332 timeri
2975 2274 3320 2355 tanquam
3346 2255 3638 2327 Domini
3663 2270 3906 2352 aperte
3933 2251 4174 2323 admo·

994 2392 1321 2451 tueantur.
1347 2409 1380 2446 ιι
1406 2379 1840 2470 Clamamus,
1874 2408 1910 2447 u
1947 2380 2217 2476 inquit,
2246 2403 2384 2451 nos
2409 2378 2690 2453 Hebraei
2721 2410 2756 2446 α
2788 2379 3016 2472 Abba,
3060 2408 3095 2445 n
3133 2402 3269 2449 nos
3299 2400 3387 2447 ex
3420 2373 3776 2446 Gentibus
3804 2402 3840 2440 α
3867 2376 4100 2463 Pater,
4135 2401 4168 2436 a

986 2523 1150 2567 cum
1190 2496 1338 2574 hoc
1374 2498 1642 2573 scilicet
1674 2524 1944 2572 nomen
1980 2500 2071 2571 sit
2102 2497 2484 2572 Hebraeum
2528 2500 2676 2571 sive
2708 2503 3011 2597 Syrum3
3049 2496 3229 2570 illud
3269 2498 3601 2567 Graecum
3632 2493 3782 2565 sive
3815 2492 4168 2563 Latinum.

994 2616 1419 2711 Augustinus
1454 2619 1528 2689 in
1563 2619 1881 2717 Epistola
1912 2617 2015 2688 ad
2034 2617 2337 2689 Galatas
2358 2645 2382 2688 .-
2414 2648 2449 2686 «
2479 2617 2674 2691 Abba
2714 2622 2949 2709 Pater,
2974 2647 3009 2684 n
3047 2617 3197 2688 duo
3229 2627 3400 2686 sunt
3433 2611 3676 2703 verba,
3709 2634 3869 2708 quae
3902 2611 4168 2708 posuit,

994 2747 1066 2803 ut
1106 2736 1501 2827 posteriore
1534 2736 2043 2834 interpretetur
2073 2737 2412 2835 primum.
2466 2741 2644 2808 Nam
2697 2735 2842 2809 hoc
2878 2736 3077 2810 Abba
3124 2734 3326 2835 quod
3374 2747 3601 2833 pater,
3662 2743 3955 2831 propter
4000 2732 4175 2801 uni-

994 2875 1273 2923 versum
1303 2852 1655 2951 populum
1679 2855 1922 2952 quide
1948 2858 1986 2925 J
1993 2854 2209 2926 udaeis
2242 2869 2323 2926 et
2346 2856 2702 2928 Gentibus
2729 2871 3025 2929 vocatus
3049 2870 3191 2944 est;
3222 2871 3305 2927 ut
3336 2853 3710 2925 Hebraeum
3747 2848 4048 2921 verbum
4077 2847 4170 2924 ad

990 2967 1295 3064 sudam,
1315 2974 1642 3045 Graecum
1657 2973 1750 3046 ad
1764 2977 2032 3046 Gentes
2052 2974 2476 3073 pertineat.»
2501 2974 2729 3067 Idem,
2751 2959 2876 3047 lib.
2899 2980 2990 3047 111
3014 2973 3099 3046 de
3123 2978 3486 3046 Consensu
3506 2968 4120 3070 Evangelistarum
4147 2996 4170 3038 .-

994 3119 1026 3155 ts
1070 3095 1223 3163 Huc
1252 3106 1358 3166 est
1395 3091 1596 3166 Abba
1629 3093 1976 3167 Hebraice
2005 3093 2209 3192 quod
2259 3109 2366 3167 est
2419 3095 2664 3167 Latine
2699 3100 2930 3168 Pater.
2972 3125 3006 3160 n
3047 3099 3323 3192 Haymo
3376 3117 3594 3191 super
3637 3091 3836 3162 hunc
3878 3087 4168 3160 locum:

994 3243 1026 3271 u
1066 3207 1267 3284 Abba
1312 3211 1696 3286 Hebraeum
1752 3228 1861 3285 est
1896 3210 1982 3285 'et
2046 3216 2346 3312 Syrum,
2389 3219 2596 3289 Pater
2652 3218 2983 3288 Graecum
3038 3229 3108 3286 et
3160 3214 3515 3285 Latinum.
3563 3207 3964 3281 Praevidens
3997 3229 4172 3302 ergo

986 3331 1364 3428 Apostolus
1397 3347 1747 3432 utrosque
1777 3333 2091 3434 populos
2135 3332 2230 3407 ad
2265 3332 2486 3406 fidem
2533 3333 3003 3430 colligendos,
3044 3333 3285 3432 posuit
3316 3332 3469 3404 duo
3503 3330 3801 3401 nomina
3847 3325 3983 3399 sub
4026 3349 4174 3397 una

982 3450 1527 3548 significatione,
1558 3468 1638 3526 ut
1665 3455 1794 3552 qui
1826 3454 2134 3527 credunt
2166 3479 2254 3527 ex
2286 3453 2603 3527 Hebroeis
2635 3468 2708 3525 et
2738 3454 2932 3551 Syris
2962 3452 3203 3525 dicant
3235 3479 3251 3522 ε
3288 3481 3324 3520 «
3355 3449 3554 3522 Abba
3585 3449 3944 3534 miserere,
3974 3478 4010 3513 ιο
4046 3446 4173 3543 qui

982 3595 1066 3644 ex
1126 3573 1389 3644 Graecis
1440 3573 1738 3670 aliisque
1792 3572 2037 3646 dicant
2075 3601 2091 3643 z
2139 3603 2174 3642 u
2208 3578 2504 3647 Pater.»
2560 3572 2726 3645 Tale
2770 3572 2948 3670 quid
2995 3573 3069 3643 in
3125 3569 3514 3667 Evangelio
3563 3567 3787 3639 Marci
3834 3564 4169 3653 habetur,

986 3688 1265 3763 dicente
1300 3691 1622 3764 Domino
1642 3694 1665 3731 ⁸
1697 3719 1714 3763 τ
1758 3722 1794 3761 α
1814 3692 2019 3765 Abba
2045 3698 2277 3784 Pater,
2308 3693 2369 3764 si
2403 3690 2743 3790 possibile
2774 3705 2908 3782 est,
2952 3705 3263 3763 transeat
3288 3689 3469 3762 calix
3498 3691 3629 3761 iste
3661 3711 3705 3759 a
3740 3709 3879 3758 me.
3918 3714 3955 3751 n

1090 3838 1122 3876 ιι
1154 3808 1495 3905 Spiritum
1526 3810 1883 3882 servitutis
1930 3811 2002 3882 in
2035 3812 2319 3883 timore.
2359 3839 2396 3878 n
2439 3809 2630 3883 Dicit
2662 3810 2942 3881 donum
2975 3809 3154 3882 illud
3184 3807 3457 3882 servilis
3497 3805 3799 3894 timoris,
3836 3827 3985 3901 quo
4021 3825 4174 3874 non

986 3952 1030 3996 a
1066 3927 1249 4000 mala
1274 3927 1667 4012 voluntate,
1698 3930 1822 4002 sed
1854 3952 1898 4000 a
1934 3929 2117 4003 mala
2148 3930 2680 4029 compescimur
2710 3930 3021 4021 actione,
3059 3928 3444 4001 formidine
3472 3910 3725 4027 poenae,
3750 3925 3934 3996 sicut
3964 3935 4176 3994 antea

986 4052 1022 4116 J
1026 4047 1203 4118 udaei
1239 4072 1369 4146 per
1399 4072 1651 4147 poenas
1683 4049 1859 4147 legis
1891 4051 2331 4149 corporales.
2377 4081 2413 4121 «
2457 4055 2619 4123 Non
2654 4051 3026 4149 accepistis
3057 4050 3417 4148 spiritum.
3442 4078 3479 4117 n
3519 4053 3649 4119 Per
3680 4042 4172 4139 Evangelium,

986 4168 1162 4240 sieut
1192 4168 1364 4244 olim
1406 4168 1633 4241 Judoei
1676 4192 1807 4268 per
1840 4168 2095 4266 legem.
2140 4200 2175 4236 α
2207 4173 2364 4270 lpse
2399 4171 2595 4244 enim
2628 4169 2944 4270 spiritus.
2973 4197 3012 4238 s
3048 4169 3472 4269 Adoptionis
3512 4190 3728 4265 quem
3761 4164 4073 4237 diximus
4103 4177 4177 4234 et

986 4284 1336 4360 hahemus
1369 4285 1600 4362 facere
1628 4292 2180 4388 recognoscere‘
2202 4290 2537 4390 spiritum
2567 4305 2925 4373 nostrum,
2956 4289 3030 4378 id
3067 4303 3173 4362 est
3200 4289 3580 4360 rationem.
3609 4317 3642 4353 α
3671 4283 3890 4373 Quod
3923 4287 4180 4353 sumus

986 4404 1110 4476 filii
1146 4407 1302 4492 Dei,
1338 4439 1374 4474 ιο
1413 4407 1487 4480 id
1524 4423 1630 4481 est
1658 4409 1727 4481 ei
1760 4433 1890 4510 per
1918 4434 2242 4483 amorem
2285 4407 2613 4506 subjecti.
2651 4407 2842 4482 Nihil
2873 4410 3069 4481 'enim
3112 4406 3367 4480 melius
3398 4408 3704 4504 quisque
3746 4426 3962 4502 quam
3995 4424 4181 4499 pro·

986 4528 1223 4624 prium.
1261 4528 1713 4625 recognoscit
1756 4529 2300 4623 conscientiam,
2339 4542 2411 4601 et
2456 4543 2701 4602 utrum
2747 4551 2998 4601 servus
3023 4526 3348 4604 an'filius
3393 4526 3634 4624 potius
3675 4521 4025 4596 dicendus
4054 4521 4174 4592 sit.

986 4643 1397 4717 Notandum
1444 4670 1617 4718 vero
1650 4649 2065 4747 Apostolum
2104 4649 2178 4721 in
2222 4647 2368 4737 his,
2411 4646 2674 4746 quibus
2715 4648 3038 4744 loquitur
3073 4646 3456 4736 Romanis,
3496 4667 3810 4743 quorum
3843 4637 4184 4712 nonnulli

986 4760 1447 4837 vehementer
1470 4779 1681 4838 erant
1714 4767 2320 4866 reprehendendi,
2359 4767 2765 4866 generalem
2799 4767 3119 4839 fidelium
3161 4769 3442 4840 Patrem
3480 4765 3623 4836 hoc
3654 4763 3820 4835 loco
3852 4784 3930 4832 se
3963 4758 4185 4831 intel-

986 4880 1240 4976 ligere,
1264 4897 1338 4956 et
1377 4907 1528 4960 non
1543 4898 1721 4960 „tam
1750 4886 2012 4984 :quales
2053 4887 2154 4959 illi
2194 4901 2686 4986 essent-quam
2721 4887 2973 4986 quales
3019 4910 3173 4959 esse
3206 4883 3558 4959 deberent
3598 4904 3989 4982 exponere.
4035 4909 4070 4945 α
4100 4877 4185 4948 Si
4259 4888 4263 4892 '

1046 5168 1054 5188 ¹
1082 5160 1255 5227 Rom„
1281 5176 1391 5226 cap.
1420 5176 1471 5225 v,
1510 5175 1558 5214 v·
1584 5165 1631 5216 5.
1659 5189 1718 5203 -
1742 5166 1761 5196 ²
1782 5149 1982 5229 flattu,
2022 5178 2129 5228 cap.
2165 5176 2241 5229 vt,
2277 5176 2324 5214 v.
2361 5166 2409 5217 9.
2437 5189 2492 5201 -
2511 5163 2694 5215 ’κω-τ.
2715 5201 2728 5229 ,
2753 5178 2864 5228 cup.
2899 5177 3012 5227 xiv,
3039 5177 3085 5216 v.
3113 5166 3193 5216 86.
3213 5189 3267 5201 -
3289 5160 3400 5213 ‘stc
3423 5161 3732 5212 Ambocstus.
