4559 6100
663 628 958 712 lN'lROllllG'l'lO
982 636 1045 714 tn
1067 630 1371 713 t'flssotoutttt.
1744 639 1815 713 li5

229 775 309 851 dicit
329 803 338 851 ι
359 805 377 848 s
391 779 501 868 Quod
515 786 612 856 Deus
627 785 788 882 prouidit
808 810 954 863 necesse
974 803 1028 864 est
1051 789 1220 880 evenire,
1240 786 1418 887 cumipse
1434 784 1652 885 providerit,
1675 815 1693 859 u
1722 789 1820 864 dicat

229 895 429 996 simpliciter
454 898 592 1000 absque
617 905 873 1002 conjunctione
897 909 955 984 vel
979 907 1310 982 determinatione:
1338 933 1357 973 u
1377 905 1487 993 Quod
1510 910 1608 981 Deus
1638 908 1816 1007 providit,

228 1038 365 1090 necesse
380 1031 434 1093 est
451 1021 596 1094 evenire
600 1049 612 1112 ;
628 1051 647 1092 u
662 1023 862 1099 ueletiam:
876 1023 1385 1126 «QuidquidDeusprovidit,
1401 1047 1546 1100 necesse
1556 1040 1611 1101 est
1621 1027 1762 1101 evenire
1775 1055 1785 1117 3
1797 1055 1816 1095 u

229 1149 328 1233 atque
346 1133 434 1210 hinc
455 1152 529 1211 tam
553 1139 625 1214 hoc
647 1166 758 1242 quam
778 1143 869 1230 illud
887 1145 988 1243 quod
1013 1146 1133 1220 evenit
1156 1143 1288 1244 probet
1309 1144 1396 1243 quia
1420 1169 1566 1219 necesse
1581 1159 1635 1218 est
1652 1146 1818 1236 evenire,

229 1254 334 1328 reluti
355 1257 386 1330 si
410 1257 457 1331 de
484 1259 557 1333 hoc
579 1263 644 1361 qui
665 1261 805 1354 scribit,
819 1264 878 1339 vel
891 1264 939 1340 de
952 1265 1015 1340 illo
1041 1266 1104 1364 qui
1128 1262 1370 1357 adulteratur,
1398 1263 1562 1339 dicamus
1592 1265 1816 1365 simpliciter,

229 1373 307 1470 quia
335 1398 482 1451 necesse
512 1393 565 1451 est
591 1378 691 1455 huuc
723 1380 900 1474 scribere,
933 1383 991 1457 vel
1023 1382 1124 1457 illum
1152 1381 1366 1476 adulterari,
1401 1382 1605 1458 nullatenus
1641 1381 1817 1484 procedit.

228 1496 303 1568 Non
327 1497 426 1569 enim
450 1498 482 1570 si
508 1499 724 1600 recipiamus
744 1503 831 1602 quia
852 1502 1144 1603 praedestinatum
1159 1525 1308 1577 omnem
1324 1525 1469 1577 necesse
1486 1514 1540 1576 est
1565 1503 1716 1598 salvari,
1738 1502 1821 1576 ideo

228 1612 270 1686 de
282 1614 430 1713 singulis
446 1616 702 1715 praedestinatis
716 1622 916 1698 concedere
928 1624 1112 1723 cogimur,
1132 1635 1172 1697 ut
1188 1635 1262 1696 tam
1276 1619 1375 1695 hunc
1390 1620 1578 1696 hominem
1592 1646 1702 1722 quam
1720 1620 1823 1695 illum

228 1732 385 1808 dicamus
407 1738 493 1836 quia
512 1761 657 1814 necesse
682 1755 736 1814 est
761 1740 905 1818 salvari.
923 1743 1072 1819 Sublato
1091 1743 1229 1844 quippe
1245 1743 1395 1817 nomine
1409 1739 1766 1842 predestinatorum,
1784 1742 1821 1817 in

228 1876 298 1951 quo
323 1868 378 1928 est
398 1857 453 1929 vis
478 1859 718 1965 necessitatis,
737 1860 831 1935 sicut
858 1863 897 1936 in
923 1865 1089 1965 apposita
1109 1860 1429 1957 determinatione,
1447 1886 1523 1935 non
1539 1862 1591 1936 ita
1605 1862 1816 1962 recipimus,

227 1975 308 2072 quia
322 1974 424 2049 huuc
438 1976 497 2050 vel
512 1978 614 2051 illum
635 2003 781 2055 necesse
803 1995 857 2056 est
872 1982 1013 2057 salvari.
1032 1982 1126 2056 Hinc
1150 1981 1188 2056 in
1204 1979 1367 2078 quodam
1388 2005 1495 2056 seusu
1512 1982 1706 2083 recipimus
1723 1980 1822 2080 quod

227 2093 514 2192 predestinatum
529 2121 674 2174 necesse
690 2113 745 2174 est
760 2101 907 2194 salvari3
926 2100 999 2177 hoc
1015 2115 1088 2193 est,
1108 2124 1194 2176 eum
1210 2099 1275 2200 qui
1290 2099 1370 2174 talis
1385 2114 1458 2189 est,
1475 2126 1561 2176 cum
1582 2102 1628 2175 sit
1644 2099 1825 2202 predesti-

228 2227 350 2309 natus,
368 2214 496 2290 salvari
511 2241 656 2292 necesse
673 2230 740 2294 est.
760 2223 831 2312 lta,
846 2220 913 2295 etsi
929 2221 1144 2322 recipiamus
1154 2220 1241 2321 quia
1258 2218 1359 2319 quod
1372 2219 1531 2321 providit
1545 2222 1660 2309 Deus,
1679 2243 1825 2293 necesse

228 2345 279 2405 est
303 2335 467 2428 evenire,
485 2334 558 2411 hoc
578 2336 715 2413 scilicet
733 2338 1057 2441 subintelligentes,
1078 2364 1164 2415 cum
1188 2338 1227 2413 id
1249 2338 1326 2439 ipse
1353 2338 1572 2440 providerit3
1594 2362 1825 2438 nequaquam

227 2450 308 2525 ideo
325 2453 536 2554 simpliciter
551 2457 711 2558 recipere
727 2458 923 2551 debemus,
941 2461 1027 2560 quio
1048 2458 1149 2535 hunc
1165 2458 1344 2551 scribere,
1362 2457 1420 2532 vel
1436 2456 1536 2531 illum
1552 2457 1745 2533 adulterari
1761 2480 1824 2530 ue-

227 2594 323 2646 cesse
342 2574 409 2666 sit,
429 2572 502 2648 hoc
518 2588 589 2669 est,
607 2576 830 2675 inevitabile,
850 2603 936 2654 cum
957 2577 1125 2655 videlicet
1150 2589 1344 2678 utrumque
1364 2602 1504 2654 cessare
1516 2577 1573 2653 vel
1589 2600 1663 2652 non
1681 2576 1826 2650 evenire

227 2691 356 2790 possit,
374 2708 412 2768 et
423 2719 534 2770 omne
546 2712 735 2797 peccatum
749 2700 863 2798 magis
875 2697 1118 2775 voluntarium
1129 2724 1242 2800 quam
1257 2698 1499 2773 necessarium
1514 2699 1579 2791 sit,
1598 2712 1635 2772 et
1650 2720 1693 2771 er
1709 2695 1825 2769 libero
1874 2752 1877 2761 .

226 2811 426 2911 procedens
448 2815 618 2912 arbitrio,
643 2841 721 2892 nou
746 2842 789 2892 ex
815 2819 936 2919 aliqua
962 2821 1152 2905 coactione
1182 2832 1338 2912 naturae,
1356 2819 1412 2893 rel
1437 2817 1569 2892 divinae
1590 2815 1826 2890 Providentiae

226 2934 487 3033 compulsione.
500 2940 582 3011 Non
596 2937 694 3012 enirn
711 2938 953 3036 Providentia,
965 2937 1039 3013 hoc
1053 2952 1109 3014 est
1123 2938 1345 3037 prescientia
1356 2938 1437 3030 Dei,
1455 2937 1702 3011 necessitatem
1718 2933 1827 3007 rebus

225 3048 353 3149 infert,
372 3056 484 3154 magis
498 3080 609 3156 quam
631 3072 759 3135 nostra
778 3060 1000 3160 prescientia
1014 3059 1262 3135 sivescientia.
1278 3059 1377 3133 Sicut
1397 3058 1496 3132 enim
1519 3080 1664 3130 necesse
1685 3069 1739 3128 est
1755 3054 1827 3128 hoc

226 3173 371 3248 evenire
385 3199 469 3249 cum
483 3179 580 3251 Deus
596 3177 811 3276 providerit,
829 3180 880 3253 ita
899 3179 1007 3253 etiam
1027 3203 1173 3254 necesse
1190 3193 1245 3254 est
1266 3176 1363 3254 istud
1391 3177 1600 3273 contingere
1617 3229 1627 3265 ,
1648 3198 1732 3246 cum
1759 3197 1826 3271 ego

226 3293 463 3390 prescierim,
483 3293 541 3370 rel
557 3297 676 3398 ipsum
691 3321 790 3388 esse,
804 3322 890 3372 cum
908 3322 977 3397 ego
993 3299 1105 3374 sciam
1121 3298 1179 3373 vel
1194 3296 1338 3373 videam
1354 3295 1445 3371 illud
1459 3320 1550 3370 esse.
1566 3292 1676 3367 Verbi
1692 3294 1824 3392 gratia,

226 3410 332 3487 rideo
349 3415 459 3488 istum
470 3415 644 3509 scribere,
662 3431 700 3492 et
710 3441 854 3494 necesse
865 3430 921 3493 est
935 3441 1020 3493 eum
1037 3416 1206 3512 scribere,
1219 3442 1305 3493 cum
1318 3415 1461 3490 videam
1473 3439 1556 3487 eum
1574 3411 1742 3502 scribere,
1758 3435 1825 3486 nec
1902 3401 1905 3408 ’

225 3546 347 3608 umen
363 3535 460 3609 visus
474 3559 578 3611 meus
592 3537 666 3611 ulla
678 3537 887 3611 necessitate
902 3561 988 3610 eum
1003 3536 1052 3610 ad
1064 3535 1299 3611 scribendum
1316 3533 1522 3635 compellit,
1542 3532 1599 3604 vel
1618 3554 1702 3603 eum
1714 3552 1825 3630 quem

224 3652 412 3729 ambulare
426 3654 534 3731 rideo
548 3656 594 3730 ad
607 3656 880 3731 ambulandum.
900 3656 1009 3748 Quod
1023 3656 1213 3753 diligenter
1226 3655 1396 3730 Boethius
1413 3651 1615 3744 attendens,
1631 3664 1739 3748 atque
1754 3649 1826 3723 hoc

225 3795 269 3844 ex
284 3796 443 3873 persona
455 3773 692 3876 philosophiae
706 3775 927 3867 dissolvens,
942 3774 1033 3850 Vde
1049 3775 1303 3851 Consolatione
1327 3772 1442 3865 libro,
1460 3772 1517 3845 his
1532 3770 1673 3869 scripsit
1691 3768 1823 3874 verbis,

224 3893 397 3967 Boethius
409 3920 418 3967 ι
431 3924 449 3961 r
461 3895 498 3967 Si
511 3910 642 3969 cuncta
652 3896 827 3995 prospicit
835 3899 947 3987 Deus,
957 3918 1076 3994 neque
1089 3892 1162 3968 falli
1176 3894 1250 3968 ullo
1262 3892 1374 3967 modo
1384 3903 1514 3991 potest,
1528 3889 1673 3961 evenire
1682 3911 1826 3960 necesse

222 4024 278 4082 est
293 4011 397 4111 quod
411 4013 626 4112 previderit.
647 4019 738 4089 'lum
753 4012 838 4090 illa:
857 4020 982 4108 Vetus,
1000 4015 1136 4114 iuquit,
1154 4014 1231 4087 hec
1247 4027 1301 4089 est
1316 4010 1364 4086 de
1382 4008 1611 4083 Providentia
1625 4006 1784 4104 querela.
1805 4035 1822 4075 u

222 4137 317 4206 item
335 4160 345 4204 s
364 4132 637 4234 «Respondebo
653 4133 750 4209 idem
771 4133 932 4208 futurum
946 4158 1032 4209 cum
1047 4132 1095 4210 ad
1108 4134 1270 4209 divinam
1287 4133 1466 4207 rationem
1478 4128 1644 4220 refertur,
1663 4149 1826 4199 necessa·

220 4254 344 4344 riums
369 4277 454 4328 cum
477 4277 566 4327 vero
586 4253 624 4328 in
642 4278 708 4330 sua
732 4268 863 4329 natura
878 4253 1134 4355 perpenditur,
1161 4252 1317 4326 liberum
1336 4273 1483 4351 prorsus
1498 4262 1606 4346 atque
1621 4244 1825 4320 absolutum

220 4371 353 4446 videri.
379 4377 467 4445 Duae
487 4386 574 4446 sunt
599 4375 734 4449 etenim
760 4374 1010 4467 necessitates,
1030 4371 1182 4472 simplex
1210 4395 1305 4465 una;
1323 4369 1434 4444 veluti
1466 4366 1567 4465 quod
1597 4389 1743 4438 necesse
1773 4379 1827 4437 est

220 4514 355 4565 omnes
369 4490 538 4566 homines
552 4515 630 4566 esse
645 4491 833 4589 mortales3
851 4493 964 4568 altera
979 4491 1220 4587 conditionis,
1238 4504 1279 4563 ut
1291 4490 1321 4563 si
1334 4488 1492 4586 aliquem
1509 4477 1695 4558 ambulare
1711 4481 1823 4572 scias,
1885 4567 1888 4574 λ

220 4633 313 4684 eum
327 4610 514 4683 ambulare
539 4635 685 4687 necesse
700 4626 775 4704 est3
794 4611 897 4711 quod
912 4613 1010 4686 enim
1024 4612 1181 4711 quisque
1199 4609 1322 4702 novit,
1340 4607 1378 4682 id
1404 4630 1481 4679 esse
1507 4604 1609 4677 aliter
1632 4626 1675 4675 ac
1698 4614 1826 4672 notum

219 4743 278 4803 est
293 4728 437 4827 nequit.
456 4724 528 4801 Sed
551 4726 628 4801 haec
651 4730 813 4802 conditio
836 4731 986 4805 minime
1008 4753 1132 4804 secum
1153 4726 1251 4799 illam
1263 4725 1464 4824 simplicem
1480 4719 1608 4812 trahit;
1624 4719 1827 4793 hancenim

220 4849 477 4923 necessitatem
510 4871 586 4921 non
613 4848 761 4948 propria
785 4847 871 4922 lacit
896 4862 1043 4938 natura,
1068 4842 1133 4919 sed
1160 4843 1380 4918 conditionis
1401 4841 1569 4939 adjectio.
1599 4838 1703 4911 Nulla
1730 4838 1827 4910 enim

221 4967 422 5041 necessitas
436 4966 532 5063 cogit
548 4965 715 5041 incedere
731 4966 973 5066 gradientem,
989 4964 1156 5065 quamvis
1173 4986 1258 5036 eum
1282 4977 1361 5036 tum
1376 4985 1461 5035 cum
1481 4958 1642 5055 graditur
1660 4953 1827 5046 incedere

222 5086 471 5160 mcessarium
486 5086 544 5159 sit.
564 5085 701 5159 Eodem
718 5086 847 5177 modo,
861 5081 991 5184 siquid
1004 5081 1232 5183 providentia
1248 5102 1403 5180 praesens
1416 5077 1526 5170 videt,
1541 5074 1579 5149 id
1594 5098 1670 5148 esse
1684 5097 1827 5147 necesse

223 5219 302 5299 est,
321 5205 463 5279 tametsi
485 5204 622 5279 nullam
643 5220 779 5280 nature
804 5205 938 5280 hebeat
961 5203 1222 5278 necessitatem.
1242 5202 1347 5299 Atqui
1367 5203 1464 5271 Deus
1488 5218 1532 5269 ea
1558 5193 1675 5272 futura
1691 5217 1769 5293 quae
1786 5216 1828 5265 ex

350 5349 375 5389 11
1670 5321 1709 5379 tt
