4559 6100
469 595 541 670 330
1072 591 1201 666 PE‘l'lll
1230 589 1465 667 ABAELlell

467 742 668 815 doctrinam
695 740 741 814 nd
773 743 923 817 salntem
956 743 1119 817 sufficere
1140 745 1219 816 sine
1241 744 1446 818 carnalibus
1472 743 1559 839 legis
1590 739 1844 830 observantiis,
1874 763 1952 812 non
1979 739 2062 814 ideo

466 885 550 934 enm
577 860 759 958 abjiciant,
790 863 854 935 sed
883 878 1065 938 assumant
1089 885 1174 937 eum
1204 864 1407 937 venientem
1431 862 1567 935 scilicet
1589 860 1639 934 ed
1663 860 1957 950 comessionem,
1985 884 2060 940 non

465 980 703 1080 disceptantes
723 979 769 1053 de
788 983 1064 1080 cogitationibus
1085 984 1177 1081 ejus,
1198 983 1238 1056 id
1264 998 1319 1056 est
1339 984 1386 1056 de
1405 981 1478 1054 boc
1499 980 1602 1080 qnod
1618 982 1657 1053 in
1675 978 1807 1053 talibus
1831 979 1957 1071 credit,
1984 1005 2058 1053 non

464 1098 721 1173 contendentes
741 1126 749 1172 ε
769 1101 872 1175 facilc
888 1105 986 1175 enim
1001 1104 1211 1201 contingere
1225 1117 1345 1203 potest
1368 1103 1486 1201 tuqui
1503 1102 1541 1174 in
1560 1100 1710 1174 exordio
1726 1126 1800 1173 sure
1816 1100 2059 1174 conversionis

461 1217 678 1318 imperfectae
695 1235 748 1293 est
765 1220 864 1316 fidei,
884 1221 1055 1323 paulatim
1069 1223 1305 1323 postmodum
1318 1224 1510 1295 instructus
1522 1219 1570 1293 nd
1582 1220 1842 1320 periectionern
1856 1219 2056 1318 perveniat.

464 1338 754 1412 attinentur.»
772 1342 876 1414 Unde
893 1342 1171 1444 disceptationes
1191 1341 1301 1439 hujus
1316 1344 1387 1416 sint
1404 1341 1554 1442 exponit
1571 1341 1707 1433 dicens,
1732 1339 1818 1437 quia
1839 1336 1928 1411 alius
1944 1357 2055 1435 quarn

458 1456 517 1530 ille
539 1458 671 1531 scilicet
688 1462 901 1558 praemiss'us,
924 1464 987 1562 qui
1003 1463 1222 1562 imper-lecte
1237 1476 1292 1534 cst
1308 1455 1414 1554 llde'i,
1438 1493 1456 1530 ι
1470 1458 1585 1533 credit
1601 1484 1640 1533 se
1656 1456 1874 1533 manducare
1891 1456 2051 1550 omnin»

459 1573 496 1646 id
514 1590 567 1648 est
581 1575 688 1650 licere
704 1578 772 1651 sibi
789 1580 1007 1678 quibuslibet
1023 1582 1113 1654 cibis
1130 1583 1239 1674 vesci,
1258 1595 1298 1652 nt
1311 1580 1454 1653 nullum
1469 1579 1634 1654 videlicet
1650 1578 1735 1651 indo
1751 1591 1889 1651 rentum
1906 1589 2053 1675 propter

456 1693 571 1791 legem
588 1697 758 1770 incurrat.
781 1729 798 1768 ιι
815 1703 888 1790 Qui
905 1715 1039 1776 autem.
1062 1733 1081 1770 ιι
1099 1706 1146 1775 Ac
1161 1703 1191 1775 si
1207 1701 1364 1775 diceret:
1381 1700 1451 1773 Sed
1463 1701 1526 1799 qni
1543 1701 1616 1773 boc
1628 1721 1704 1772 non
1723 1696 1859 1786 credit,
1876 1695 2051 1770 abstineat

456 1812 503 1885 ab
520 1814 576 1887 his
593 1818 725 1890 scilicet
741 1841 835 1917 quos
847 1825 947 1895 v¹....
968 1822 1070 1916 cibis,
1089 1848 1137 1895 ne
1152 1822 1320 1895 videlicet
1335 1836 1465 1894 contra
1479 1820 1735 1893 conscientiam
1748 1817 1933 1917 propriam
1945 1837 2052 1913 agens

454 1950 590 2031 peccet.
610 1939 655 2008 Et
675 1937 747 2010 hoc
773 1955 826 2011 est
855 1943 955 2031 :Qui
982 1942 1147 2015 infirmus
1173 1955 1238 2033 est,
1267 1943 1304 2013 in
1334 1941 1404 2015 bac
1429 1941 1562 2014 scilicet
1586 1939 1659 2013 fide
1682 1937 1891 2027 verborum,
1923 1936 2050 2010 timens

451 2052 584 2126 scilicet
604 2079 643 2126 se
658 2059 896 2133 contaminari
920 2061 1135 2160 quibusdam
1164 2062 1270 2156 cibis,
1301 2091 1320 2131 ιι
1335 2062 1415 2134 olus
1440 2060 1646 2152 manducet,
1662 2085 1680 2128 ι
1698 2059 1738 2132 id
1756 2072 1810 2131 est
1836 2056 1874 2129 id
1896 2057 1931 2129 ei
1953 2080 2049 2128 con·-

448 2171 541 2260 sulo,
566 2188 605 2246 ut
632 2177 683 2247 eis
710 2191 830 2251 utatur
855 2179 958 2272 cibis,
984 2205 1076 2280 qnos
1097 2195 1134 2254 ει
1161 2181 1264 2254 lacils
1288 2183 1399 2281 possit
1422 2180 1569 2272 babere,
1590 2194 1626 2252 et
1643 2180 1763 2252 mimis
1789 2175 1946 2250 scandali
1969 2176 2047 2250 aliis

447 2289 533 2363 inde
555 2293 738 2392 praebere,
764 2312 801 2370 et
824 2299 1038 2374 nonnullam
1060 2303 1170 2374 etium
1195 2317 1266 2373 sure
1289 2299 1471 2397 religionis
1493 2299 1847 2374 commendationem
1868 2297 2042 2395 accipere.

446 2408 482 2478 Si
499 2411 595 2484 enim
613 2413 698 2487 alias
714 2439 840 2489 carnes
856 2418 990 2513 ederet,
1009 2420 1096 2493 alias
1118 2444 1217 2511 non3
1234 2420 1339 2494 facile
1349 2420 1532 2519 jndaizare
1548 2419 1836 2493 convinceretur.
1866 2415 1939 2488 Sed
1963 2440 2045 2489 cunr

444 2526 490 2599 nb
518 2534 688 2607 omnibus
717 2539 961 2612 communiter
987 2538 1153 2633 abstinet,
1183 2555 1219 2613 et
1248 2540 1434 2613 vilioribus
1456 2553 1649 2613 contentus
1672 2552 1729 2611 est
1751 2536 1857 2629 cibis,
1883 2536 2043 2633 religioni

446 2650 695 2748 potiusquam
712 2656 825 2726 errori
842 2653 927 2729 lidei
943 2648 1147 2757 deputatur.

495 2770 651 2866 «isqui.
667 2801 683 2838 ιι
705 2775 899 2871 Postquam
922 2777 1012 2849 dixit
1033 2777 1070 2850 ln
1089 2777 1219 2850 talibus
1234 2799 1310 2852 non
1330 2801 1406 2853 esse
1422 2777 1730 2868 contendendum,
1743 2776 1829 2849 dicit
1843 2775 1951 2847 etiam
1964 2797 2039 2846 non

441 2882 488 2956 nb
505 2886 618 2959 altero
636 2890 674 2961 in
690 2890 802 2965 corde
817 2918 898 2988 suo,
914 2911 952 2968 ut
966 2898 1068 2995 quasi
1081 2896 1331 2973 damnandum
1343 2913 1504 2994 censeat,
1520 2900 1582 2998 qni
1598 2922 1674 2970 non
1688 2894 1886 2969 munducat
1900 2892 2036 2984 omnin,

438 3000 476 3076 id
505 3020 558 3078 est
580 3027 601 3080 a
626 3009 845 3108 quibusdam
869 3014 1036 3089 abstinet.
1061 3021 1135 3090 «Ει
1158 3020 1319 3117 quinon
1346 3018 1726 3094 manducatuscilicct
1751 3014 1874 3088 omnin
1902 3013 2037 3112 simpli·

437 3124 536 3213 citer,
564 3152 640 3202 non
663 3131 747 3204 ideo
759 3133 910 3230 judicet,
931 3136 969 3208 id
985 3149 1038 3209 est
1065 3138 1316 3213 damnandum
1340 3154 1483 3214 censeat
1504 3139 1802 3229 manducantem,
1826 3135 1928 3233 qnasi
1952 3134 2039 3230 legis

436 3257 745 3345 transgressorem.
768 3282 787 3323 ιι
801 3258 898 3327 Deus
922 3257 1021 3330 enim
1045 3257 1166 3351 illurn,
1183 3288 1201 3328 ιι
1218 3275 1292 3334 tam
1320 3261 1454 3333 scilicet
1470 3260 1533 3359 qui
1561 3258 1756 3331 manducet
1771 3280 1881 3359 quarn
1898 3255 1962 3353 qui
1975 3254 2038 3328 ab·

435 3362 557 3454 stinet,
586 3372 751 3463 assumit,
781 3399 855 3447 non
885 3375 1007 3476 abjicit
1028 3405 1036 3449 ι
1058 3370 1163 3452 multi
1187 3381 1321 3453 etenim
1348 3380 1394 3453 ad
1419 3379 1530 3454 srdem
1553 3379 1721 3453 conversi
1744 3391 1830 3450 strnt
1853 3377 1891 3448 in
1916 3374 2037 3449 multis

435 3478 554 3553 adhuc
577 3501 753 3580 errantes,
772 3508 808 3559 et
828 3510 954 3587 postea
971 3500 1145 3596 paulatim
1169 3494 1254 3572 inde
1271 3501 1428 3600 correpti
1443 3515 1480 3574 et
1499 3501 1622 3573 edocti
1646 3511 1742 3571 sunt.
1763 3501 1855 3569 Nota
1871 3493 1970 3594 quod
1987 3496 2035 3565 sit

436 3626 454 3663 r
468 3603 671 3700 assumpsit,
685 3632 704 3673 ιι
716 3607 837 3704 potius
846 3631 867 3680 a
876 3613 955 3682 Deo
967 3632 1077 3707 quarn
1089 3632 1156 3709 per
1170 3638 1209 3684 se
1221 3620 1439 3707 venientem,
1449 3618 1654 3712 juxtsillud
1663 3614 1871 3686 Veritatis²r
1891 3641 1909 3680 ιι
1920 3616 2033 3685 Nemo

430 3723 529 3793 venit
540 3720 587 3793 ad
598 3746 668 3813 me,
683 3725 749 3796 nisi
766 3730 869 3799 Pater
884 3753 986 3800 meus
997 3731 1247 3805 trnxeritenm.
1262 3760 1281 3801 ιι
1295 3739 1376 3806 «Τιι
1387 3735 1468 3833 quis
1486 3760 1537 3808 es.
1553 3762 1572 3804 ιι
1592 3735 1679 3807 desi
1695 3733 1831 3806 diceret
1844 3759 1854 3804 ε
1868 3735 1982 3821 Quem
1998 3748 2033 3806 te

429 3858 506 3909 esse
523 3840 713 3932 existimas,
733 3846 794 3941 qui
813 3848 998 3943 praesumis
1015 3870 1159 3923 servum
1175 3851 1321 3925 alterius
1336 3853 1513 3950 judicare,
1533 3854 1642 3927 idest
1658 3853 1704 3927 de
1720 3852 1776 3925 bis
1793 3866 1872 3951 qun
1892 3851 2031 3948 agenda

428 3970 511 4029 sunt
534 3959 654 4058 cipro
678 3976 742 4034 tno
767 3963 918 4038 arbitrio
937 3967 1154 4068 disponere?
1171 3971 1279 4060 Quod
1302 3988 1354 4046 est
1374 3971 1493 4046 dicere
1511 4001 1521 4045 ι
1539 3975 1687 4047 Dimitte
1711 3973 1807 4046 hanc
1832 3970 2030 4046 ordinatio·

426 4096 511 4148 nem
531 4078 609 4153 vitae
626 4081 720 4154 servi
740 4081 891 4156 domino
911 4110 997 4176 suo,
1018 4088 1082 4187 qui
1105 4091 1162 4163 rel
1177 4108 1244 4191 por
1264 4093 1422 4191 seipsum
1445 4093 1503 4166 rel
1526 4112 1591 4194 per
1606 4092 1760 4166 vinctos
1777 4115 1861 4164 suos
1882 4089 1930 4163 de
1950 4090 2025 4184 bis,

427 4217 512 4266 cnm
528 4198 692 4290 voluerit,
710 4224 793 4274 eum
812 4203 980 4297 instrunt,
1000 4230 1077 4281 non
1098 4224 1137 4281 tu
1160 4208 1221 4308 qni
1240 4232 1436 4285 conservos
1452 4238 1504 4304 es,
1522 4237 1591 4285 nec
1611 4212 1742 4286 venisti
1755 4212 1946 4310 imperare,
1962 4211 2026 4285 sed

427 4308 587 4407 obedire,
606 4317 747 4392 sicutet
763 4321 833 4393 ille.
854 4354 873 4389 ιι
883 4324 962 4396 'Suo
976 4328 1149 4400 Domino.
1163 4352 1182 4396 ιι
1196 4328 1237 4400 ld
1255 4343 1309 4401 est
1325 4328 1473 4404 arbitrio
1483 4331 1631 4403 Domini
1646 4331 1701 4405 sui
1713 4331 1802 4403 stnt⁸
1812 4328 1932 4403 bonus
1947 4327 2025 4422 ejus

425 4442 537 4502 stutus
557 4433 594 4503 in
618 4432 703 4526 fide,
726 4440 824 4512 unde
842 4441 963 4542 lapsus
987 4447 1024 4517 in
1044 4447 1485 4547 errorem-relinquendus
1509 4464 1579 4542 est,
1607 4464 1641 4523 et
1656 4449 1704 4523 nd
1721 4450 1845 4549 ipsum
1868 4461 2025 4521 tantum·

424 4550 537 4623 modo
562 4568 699 4651 spectat
723 4572 935 4659 utrumqne,
959 4586 981 4636 a
1004 4588 1078 4661 quo
1100 4567 1185 4664 »ipse
1211 4568 1314 4664 quod
1341 4571 1515 4643 meruerit
1541 4584 1751 4670 recepturus
1775 4585 1845 4644 est.
1878 4598 1898 4635 rr
1911 4565 2025 4641 Sttbit

421 4684 555 4747 autern.
569 4702 589 4739 ιι
603 4677 652 4746 Αε
668 4675 697 4747 si
714 4676 847 4753 diceret
861 4707 869 4751 ε
883 4682 964 4754 Dixi
977 4710 987 4752 r
1004 4686 1108 4755 «Stat
1125 4699 1189 4757 aut
1202 4686 1314 4760 cadit.
1331 4712 1350 4755 ιι
1370 4688 1441 4761 Sed
1455 4690 1540 4788 qrria
1556 4689 1835 4787 quedictasunt
1845 4688 1882 4759 in
1896 4686 2022 4761 mebo-

420 4812 496 4863 rsm
514 4806 655 4892 partem
666 4797 890 4899 interpretari
908 4801 962 4873 vel
979 4824 1161 4901 exponere
1179 4805 1369 4905 debenus,
1387 4809 1473 4882 dico
1487 4806 1811 4909 pertonuerant»
1826 4806 1863 4881 id
1877 4822 2020 4883 estnon

416 5092 620 5235 tdd'drofflrffid
635 5097 661 5147 ln
678 5099 763 5150 codlce
780 5101 865 5154 deesse
882 5102 1026 5157 Διιιιιοειιιιι
1041 5108 1094 5171 lpse
1112 5112 1211 5173 punctis
1229 5114 1381 5179 interposltls
1397 5121 1490 5167 monet.
1504 5140 1533 5153 -
1545 5116 1555 5146 ²
1566 5112 1637 5166 toan.
1656 5127 1711 5177 cap.
1732 5128 1771 5178 rt,
1788 5129 1811 5166 r.
1825 5116 1866 5167 tt.
1879 5139 1910 5151 -
1922 5115 1932 5147 ³
1943 5114 2015 5164 Amb-
