4559 6100
452 552 527 624 392
1051 543 1178 617 PETRI
1205 541 1440 618 ABAELARDl

455 705 532 772 Deo
554 712 590 771 et
611 709 733 768 mente
750 695 870 766 anirna
891 694 1111 783 nominatur,
1135 694 1219 792 quia
1243 708 1315 766 tam
1335 696 1446 765 Patris
1462 717 1572 788 quam
1595 692 1671 764 Filii
1688 692 1786 764 idem
1803 706 1856 764 est
1881 692 2043 789 Spiritus,

453 844 537 891 cum
562 817 608 890 ab
633 829 787 910 utroque
809 813 981 912 procedat
1001 842 1008 884 :
1029 814 1127 885 unde
1152 815 1272 905 etiam,
1299 829 1338 886 nt
1358 815 1407 885 ait
1425 814 1640 910 Augustinus
1656 813 1692 883 in
1715 815 1778 883 XV
1794 810 1837 882 de
1859 815 2046 900 Trinitate,

454 965 534 1038 cap.
557 964 612 1009 nx
622 939 646 1027 ¹,
669 934 781 1031 «quia
797 934 873 1032 ipse
890 935 1041 1032 Spiritus
1056 935 1260 1007 communis
1283 948 1335 1006 est
1357 932 1548 1020 ambobus,
1578 932 1615 1003 id
1634 946 1781 1006 vocatur
1805 932 1881 1030 ipse
1902 931 2047 1030 proprie

455 1057 556 1157 quod
582 1053 691 1127 ambo
719 1054 973 1143 communiter,
1002 1077 1085 1125 curn
1110 1052 1274 1125 videlicet
1299 1067 1372 1125 tam
1399 1057 1500 1125 Pater
1524 1052 1632 1124 etiam
1659 1051 1748 1149 ipse,
1778 1075 1886 1148 qttam
1914 1050 2046 1137 Filius,

455 1178 606 1276 Spiritus
622 1175 668 1247 sit
691 1188 726 1244 et
744 1185 900 1244 sanctus.
918 1200 934 1239 u
956 1175 1047 1243 Cum
1065 1186 1185 1245 autem
1205 1172 1251 1245 de
1266 1177 1342 1244 Deo
1361 1187 1397 1244 et
1419 1176 1496 1268 Noy
1513 1171 1610 1242 nasci
1626 1170 1680 1241 vel
1695 1172 1807 1244 creari
1825 1171 1949 1262 voluit,
1972 1173 2047 1243 sive

459 1296 536 1368 heri
562 1295 681 1365 anima
701 1291 921 1388 quandoque
939 1316 959 1363 a
978 1290 1202 1390 philosophis
1220 1291 1365 1380 dicitur,
1382 1290 1507 1364 abusio
1525 1304 1578 1361 est
1595 1288 1788 1362 verborum
1811 1291 1923 1386 magis
1938 1312 2047 1387 quam

455 1439 557 1488 error
586 1413 780 1485 sententiae.
810 1396 931 1483 Creari
957 1435 1113 1510 namque
1137 1411 1194 1482 vel
1219 1410 1297 1482 ficri
1323 1425 1419 1483 recte
1439 1426 1517 1483 'non
1545 1409 1696 1499 dicitur,
1729 1411 1795 1481 nisi
1825 1410 1862 1481 in
1887 1409 1944 1481 his
1969 1435 2046 1507 quae

456 1536 694 1631 incoeperunt,
721 1531 791 1603 hoc
815 1545 868 1601 est
890 1545 1021 1602 aeterna
1045 1555 1119 1602 non
1141 1545 1238 1602 sunt.
1264 1530 1365 1602 Nasci
1387 1554 1485 1615 vero,
1512 1531 1581 1602 hoc
1605 1545 1658 1602 est
1683 1530 1729 1601 de
1754 1528 1950 1601 substantia
1973 1530 2047 1627 ipsa

459 1653 568 1724 Patris
598 1651 761 1741 existere,
790 1650 978 1747 proprium
1005 1663 1058 1721 est
1078 1649 1175 1740 Filii,
1198 1647 1243 1720 de
1266 1673 1339 1745 quc
1362 1635 1428 1720 suo
1453 1649 1534 1721 loco
1557 1648 1789 1747 postmodum
1817 1635 2043 1721 disseremus.

457 1771 577 1843 Creari
597 1783 732 1858 tamen,
752 1769 826 1841 sive
844 1769 954 1858 nasci,
974 1769 1048 1840 sive
1067 1766 1158 1859 heri,
1183 1792 1250 1867 pro
1269 1792 1345 1840 esse
1361 1793 1403 1841 ex
1424 1767 1545 1867 aliquo
1561 1768 1767 1867 philosophi
1785 1792 2049 1864 nonnunquam

457 1904 612 1987 ponunt.
644 1886 750 1959 Unde
776 1902 811 1959 et
835 1885 1054 1978 Macrobius,
1085 1901 1160 1958 tam
1184 1891 1286 1985 Noyn
1311 1889 1424 1987 ipsam
1452 1913 1472 1960 a
1497 1887 1591 1972 Deo,
1611 1912 1720 1986 quam
1743 1887 1900 1959 animam
1926 1911 1948 1959 a
1971 1892 2048 1984 Noy

457 2021 614 2081 creatam
638 2005 736 2096 dicit,
761 2005 833 2076 hoc
854 2019 907 2077 est
926 2029 968 2077 er
990 2007 1069 2103 ipso
1087 2031 1175 2079 esse.
1201 2011 1241 2077 ln
1265 2007 1392 2079 eadem
1416 2032 1563 2104 quoque
1585 2006 1843 2106 significatione
1861 2008 1958 2080 nasci
1978 2006 2049 2078 hoc

457 2126 539 2199 loco
566 2125 752 2198 abutitur.'
768 2129 917 2196 Hermes
942 2149 1028 2196 vero
1052 2126 1216 2223 superius
1242 2151 1324 2198 cum
1352 2126 1479 2198 dixerit
1503 2126 1602 2224 quod
1625 2131 1722 2198 Deus
1745 2125 1944 2199 secundum
1968 2126 2050 2198 fecit

456 2246 667 2334 Dominum,
694 2244 823 2315 Filium
847 2244 965 2342 ipsum
988 2269 1031 2315 ex
1053 2248 1131 2316 Deo
1155 2248 1258 2316 Patre
1278 2246 1354 2341 ejus
1371 2245 1541 2319 ostendit.
1561 2251 1712 2319 Fontem
1735 2246 1922 2345 Sapientiae
1938 2247 2050 2344 puris·

455 2367 586 2437 simum
610 2366 725 2464 ipsam
742 2368 845 2461 Noyn
866 2364 1037 2462 appellat,
1055 2364 1126 2436 hoc
1150 2380 1204 2437 est
1227 2367 1436 2465 sapientiam
1462 2367 1586 2458 Patris,
1611 2389 1720 2462 quam
1742 2365 1832 2437 nihil
1857 2380 2049 2463 quantum-

456 2509 612 2580 cumque
641 2483 835 2555 obscurum
869 2484 912 2554 sit
938 2483 1044 2555 latere
1074 2498 1203 2582 potest.
1232 2489 1285 2557 De
1309 2486 1414 2584 copia
1440 2484 1548 2582 hujus
1577 2484 1685 2557 fontis
1709 2485 1786 2583 ipsa
1815 2486 1880 2556 Dei
1907 2484 2050 2557 bonitas

456 2605 630 2676 animavit
652 2603 810 2701 primum
831 2627 986 2701 corpora
1003 2603 1083 2675 coeli
1101 2628 1142 2675 ac
1163 2603 1345 2701 syderum,
1364 2605 1436 2677 hoc
1457 2620 1511 2676 est
1530 2605 1627 2703 ipsos
1649 2606 1795 2702 angelos
1818 2604 1874 2677 vel
1892 2606 2050 2679 coelestes

456 2723 613 2820 spiritns,
642 2723 705 2817 qui
730 2736 813 2792 ante
834 2721 1021 2792 hominem
1045 2711 1181 2794 conditi
1203 2738 1298 2815 suot,
1326 2722 1524 2796 secundum
1542 2723 1642 2821 quod
1667 2725 1841 2824 scriptum
1865 2730 1949 2814 est¹,
1971 2730 2049 2795 «Dc

456 2839 682 2938 plenitudiue
701 2863 829 2910 omnes
851 2841 1094 2938 accipimus.»
1119 2843 1207 2915 Coeli
1224 2867 1266 2915 ac
1282 2842 1452 2940 syderum
1476 2841 1695 2934 dictumest,
1718 2844 1914 2916 secundum
1932 2843 2049 2938 digni-

459 2972 571 3030 tatum
600 2956 853 3055 differentiam,
881 2983 965 3030 cum
992 2959 1079 3033 alios
1102 2962 1246 3060 spiritus
1272 2962 1349 3034 aliis
1374 2962 1537 3062 praelatos
1564 2976 1600 3035 et
1622 2965 1822 3062 superiores
1846 2962 2045 3034 credamus.

461 3076 564 3149 Unde
590 3079 736 3175 angelos
766 3092 873 3175 atque
903 3080 1137 3178 archangelos
1165 3081 1317 3154 dicimus
1341 3107 1406 3155 seu
1432 3083 1708 3156 dominationes.
1734 3088 1895 3183 Corpora
1920 3085 2050 3155 summi

460 3197 604 3296 spiritns
622 3197 692 3270 dici
709 3214 862 3296 possunt
884 3201 991 3273 etiam
1014 3203 1131 3298 angeli
1149 3200 1305 3301 abipso,
1326 3216 1363 3274 ut
1379 3202 1515 3275 dictum
1539 3218 1604 3296 est,
1625 3202 1854 3300 spiritualiter
1868 3202 2046 3275 vivificati.

356 3341 359 3346 ·
459 3317 523 3388 Vel
553 3317 660 3390 etiam
685 3342 840 3417 corpora
865 3318 953 3392 dicit
979 3322 1180 3393 secundum
1215 3322 1286 3394 hoc
1313 3323 1412 3420 quod
1443 3347 1590 3395 ornnem
1616 3338 1815 3395 creaturam
1841 3324 2052 3419 Augustinus

459 3461 672 3536 corpoream
691 3437 792 3525 dicit,
813 3438 885 3510 hoc
903 3453 954 3511 est
978 3441 1296 3538 circumscriptam.
1319 3443 1377 3513 Sic
1392 3444 1489 3514 enirn
1514 3442 1600 3514 dicit
1616 3443 1651 3514 in
1673 3442 1766 3514 libro
1783 3441 1826 3513 de
1844 3442 2050 3514 orthodoxa

460 3555 565 3652 fide¹,
588 3580 669 3654 cap.
690 3582 739 3626 x:
766 3557 893 3629 «Nihil
912 3560 1170 3658 incorporeum
1192 3575 1226 3632 et
1253 3559 1429 3634 invisibile
1447 3562 1483 3632 in
1501 3575 1631 3635 natura
1654 3561 1874 3634 credendum
1894 3574 1957 3649 est,
1985 3562 2050 3632 nisi

461 3677 580 3747 solum
600 3679 731 3764 Deum,
747 3676 809 3770 qni
827 3699 869 3746 ex
888 3700 932 3748 eo
948 3679 1183 3775 incorporeus
1198 3676 1368 3767 creditur,
1387 3680 1471 3776 quia
1489 3679 1623 3779 ubique
1640 3695 1707 3769 est,
1726 3695 1761 3752 et
1775 3681 1897 3752 omnia
1912 3678 2048 3777 implet,

400 3877 402 3881 ι
460 3807 495 3861 et
518 3791 599 3863 idec
616 3791 802 3865 invisibilis
820 3793 990 3866 omnibus
1004 3797 1188 3880 creaturis,
1208 3797 1293 3895 quia
1314 3800 1549 3896 incorporeus
1563 3815 1627 3872 est.
1646 3803 1817 3872 Creatura
1835 3800 1955 3871 omnis
1971 3824 2050 3870 cor·

461 3934 584 4007 porea,
609 3909 724 4007 angeli
748 3924 784 3981 et
806 3935 932 3984 omnes
949 3913 1106 3985 coelestes
1128 3915 1275 3988 virtutes
1299 3941 1494 4017 corporeae,
1517 3918 1598 3990 licet
1619 3943 1693 3991 non
1717 3942 1823 3990 carne
1845 3917 2047 3990 subsistant.

462 4031 511 4098 Ex
538 4052 583 4099 eo
610 4042 732 4101 autem
761 4053 954 4127 corporeas
978 4057 1054 4105 esse
1081 4033 1261 4105 credimus
1286 4035 1543 4111 intellectuales
1570 4053 1735 4129 naturas,
1767 4034 1868 4134 quod
1893 4035 2054 4108 localiter
2171 4092 2173 4096 .

461 4145 816 4238 circumscribuntur,
846 4149 937 4221 sicut
962 4164 998 4222 et
1017 4151 1137 4224 anima
1161 4152 1333 4249 humana,
1361 4181 1440 4253 quae
1465 4181 1572 4230 carne
1596 4155 1788 4251 clauditur,
1815 4171 1851 4227 et
1872 4154 2052 4228 daemones

461 4266 523 4361 qui
549 4290 614 4365 per
631 4264 868 4339 substantiam
892 4268 1060 4364 angelicae
1087 4285 1222 4343 naturae
1243 4288 1326 4345 sunt
1347 4277 1560 4374 corporei.»
1579 4281 1674 4347 Bene
1694 4288 1814 4369 antem
1839 4275 1975 4347 dictum
2001 4290 2050 4346 est

461 4408 505 4455 ex
529 4385 605 4482 ipsa
630 4386 808 4482 sapientia
829 4411 892 4459 eos
915 4413 991 4461 esse
1011 4391 1206 4475 animatos,
1226 4395 1310 4490 quia
1333 4394 1409 4466 haec
1429 4410 1482 4467 est
1498 4396 1571 4466 vita
1589 4408 1718 4467 aeterna
1737 4407 1778 4465 ut
1795 4417 2052 4492 cognoscamus

461 4504 554 4574 sicut
576 4517 612 4575 et
633 4505 765 4600 cogniti
785 4530 921 4597 snmus,
951 4508 1039 4582 lacis
1055 4509 1100 4583 ad
1120 4510 1247 4583 faciem
1273 4517 1388 4585 Deum
1410 4514 1585 4586 videntes.
1602 4514 1728 4586 Haurit
1750 4514 1900 4614 Spiritus
1920 4513 1966 4586 de
1991 4513 2053 4584 illo
2144 4576 2146 4580 .
2185 4552 2189 4560 ·

462 4622 574 4715 sonte,
595 4648 678 4695 curn
696 4648 764 4697 nos
781 4624 827 4697 de
843 4625 973 4700 divinae
990 4631 1157 4728 sapientae
1174 4631 1404 4730 intelligentia
1421 4633 1563 4726 imbuit,
1582 4632 1779 4706 secundum
1801 4635 1900 4733 quod
1918 4633 2053 4705 dictum

462 4746 543 4833 est‘,
568 4747 652 4814 «De
670 4768 753 4815 meo
773 4746 922 4845 accipiet
945 4764 982 4821 et
997 4750 1225 4823 annuntiabit
1248 4750 1363 4841 vobis,
1384 4784 1401 4818 r
1421 4754 1571 4827 undeet
1597 4754 1745 4853 Spiritus
1766 4755 1960 4854 sapientia,
1982 4754 2055 4823 sive

463 4861 676 4952 intellectus,
693 4888 757 4936 seu
770 4866 924 4955 scientiae
933 4867 1049 4940 dictus
1062 4883 1125 4942 est.
1146 4869 1253 4958 Quod
1271 4896 1356 4944 vero
1372 4871 1507 4944 dictum
1521 4887 1574 4945 est
1587 4901 1601 4942 :¹
1619 4876 1740 4945 «Mens
1755 4874 1861 4971 agitat
1875 4871 2020 4961 molem,
2034 4899 2053 4937 o
2146 4912 2155 4925 ·

515 5131 568 5183 uo.
582 5131 677 5197 V‚cap.
691 5148 716 5187 rr.
732 5135 813 5202 opp,
824 5144 842 5186 t.
857 5136 919 5189 vill.
941 5166 968 5177 -
987 5143 995 5169 ²
1011 5140 1091 5206 loon„
1103 5156 1158 5205 cap.
1174 5157 1191 5202 ι,
1205 5157 1229 5193 r.
1245 5148 1282 5197 ts.
1298 5172 1325 5182 -
1337 5149 1345 5178 ³
1358 5146 1413 5208 teg.
1427 5160 1480 5209 cap.
1496 5160 1519 5198 st
1534 5155 1560 5197 et
1572 5161 1616 5198 sn.
1630 5114 1677 5184 -'⁸
1688 5148 1769 5211 loru,
1783 5161 1837 5210 cap.
1852 5160 1902 5208 xit,
1915 5163 1938 5197 s.
1953 5149 1991 5200 ts.
