4559 6100
483 545 555 616 352
1082 545 1209 616 ΡΕΤΙΙΙ
1239 544 1471 617 sumnum

480 691 542 764 lib.
562 696 625 783 ΙΙΙ,
645 715 725 790 cap.
746 717 783 763 1:
808 720 826 760 u
841 696 885 764 Et
899 691 1038 766 libellus
1056 698 1193 766 Hermae
1211 694 1274 791 qui
1294 693 1492 793 appellatur
1507 690 1726 783 Pustoralis,
1752 690 1854 786 cujus
1874 689 2007 762 Paulus
2030 691 2067 762 in

482 811 646 910 Epistolis
657 812 734 883 suis
752 812 927 903 meminit,
947 812 1147 911 aplurimis
1171 836 1247 885 non
1264 827 1316 885 est
1340 827 1517 913 receptus,
1546 811 1593 884 ab
1611 810 1689 884 aliis
1707 823 1829 884 autem
1851 809 2068 886 necessarius

477 931 656 1025 judicatus
673 946 739 1021 est,
757 946 905 1030 propter
919 956 1028 1028 quem
1041 931 1207 1031 primi-ad
1225 931 1332 1004 fidem
1352 932 1584 1004 institutionis
1598 931 1823 1003 imbuuntur.
1850 927 1952 999 Unde
1970 942 2016 1000 et·
2031 929 2067 1000 in

483 1050 666 1123 nonnullis
676 1051 836 1124 ecclesiis
844 1053 984 1148 legitur,
998 1067 1033 1124 et
1047 1052 1150 1125 multi
1159 1066 1320 1124 veterum
1328 1053 1547 1151 ‘scriptorum
1562 1054 1615 1124 usi
1631 1064 1716 1123 sunt
1731 1047 1934 1122 testimonio
1948 1048 2036 1144 ejus.
2050 1080 2065 1114 a

483 1170 722 1267 Hieronymus
737 1171 781 1243 de
797 1171 999 1245 Illustribur
1018 1176 1114 1264 viris,
1134 1198 1214 1271 cap.
1234 1176 1290 1242 X:
1314 1202 1331 1239 u
1352 1177 1534 1264 Hermam,
1560 1171 1661 1268 cujus
1675 1167 1862 1268 Apostolus
1880 1168 2010 1239 Paulus
2024 1169 2069 1240 ad

485 1293 665 1362 Romanos
681 1290 841 1364 scribens
856 1293 1032 1383 meminit,
1053 1291 1234 1364 «salutate
1248 1291 1495 1387 Phlegontem,
1520 1296 1703 1379 Hermam,
1723 1319 1742 1356 n
1763 1301 1924 1361 asserunt
1945 1300 2068 1358 aucto-

483 1433 560 1479 rem
576 1435 651 1482 esse
668 1410 779 1483 libelli
794 1414 856 1508 qui
873 1411 1071 1510 appellatur
1084 1416 1228 1502 Pauor,
1243 1426 1279 1482 et
1294 1411 1389 1509 apud
1402 1409 1576 1509 quasdam
1592 1409 1757 1482 ecclesias
1771 1408 1910 1479 Grecis
1926 1405 2069 1504 publice

483 1528 622 1623 legitur.
639 1534 772 1603 Revera
788 1532 883 1603 utilis
898 1531 1001 1623 liber,
1020 1531 1193 1626 multique
1210 1529 1256 1604 de
1274 1545 1324 1603 eo'
1335 1545 1497 1604 veterum
1511 1531 1724 1628 scriptorum
1741 1539 1956 1625 usurparunt
1971 1527 2069 1597 testi·
2095 1522 2098 1527 ⁴

484 1651 617 1719 monia.
628 1648 698 1719 Sed
705 1650 801 1748 apud
812 1652 956 1724 Latinos
963 1674 1055 1749 pene
1064 1650 1267 1747 incognitus
1276 1665 1340 1723 est.
1353 1681 1370 1717 »
1386 1680 1404 1719 e
1414 1647 1835 1747 Philologumetluliam.
1848 1674 1866 1715 n
1878 1646 2066 1739 Origenes:

487 1797 503 1830 «
526 1770 645 1840 Potest
659 1768 736 1841 fieri
754 1784 793 1840 ut
810 1771 979 1866 conjuges
996 1769 1139 1862 fuerint,
1161 1770 1276 1842 caeteri
1290 1769 1476 1843 domestici
1492 1794 1632 1843 eorum.
1652 1800 1670 1837 a
1686 1743 1946 1863 Hieronymus:
1967 1793 1985 1832 u
1997 1766 2069 1836 Suo

485 1886 649 1984 exemplo
667 1913 735 1959 nos
746 1887 852 1962 docet
868 1889 992 1987 quales
1008 1889 1184 1962 debemus
1202 1891 1333 1964 nostris
1348 1890 1472 1963 litteris
1484 1890 1638 1964 salutare
1660 1912 1735 1960 non
1753 1885 1879 1958 divites
1895 1882 2038 1956 seculis
2055 1924 2069 1940 ·

485 2005 675 2077 cultatibus
692 2005 902 2101 honoratos,
921 2007 983 2080 sed
999 2009 1110 2105 gratia
1121 2009 1188 2080 Dei
1205 2025 1241 2082 et
1250 2007 1321 2081 fide
1336 2009 1545 2108 locupletes.
1559 2008 1645 2081 ldeo
1658 2007 1765 2106 paulo
1776 2019 1860 2077 ante
1876 2003 2072 2102 primitivos

487 2123 649 2196 Ecclesioe
663 2127 798 2200 Asiane
816 2128 901 2199 istos
916 2150 1041 2200 omnes
1060 2151 1153 2225 quos
1168 2127 1296 2199 salutat
1308 2128 1549 2225 intelligimus,
1568 2126 1624 2199 vel
1641 2151 1682 2198 ex
1698 2123 1868 2197 omnihus
1887 2123 1990 2194 fuisse
2011 2148 2071 2221 pe

488 2244 662 2339 regrinos,
689 2269 844 2341 quorum
871 2245 1036 2344 exemplo
1052 2260 1160 2342 atque
1186 2246 1349 2320 doctrina
1365 2273 1438 2319 non
1463 2245 1659 2320 absurdum
1686 2244 1860 2316 existimat
1882 2240 2073 2314 credidisse

489 2364 682 2433 Romanos.
703 2393 720 2429 u
736 2365 893 2435 Invicem
912 2365 949 2435 in
968 2365 1106 2457 osculo,
1122 2397 1139 2432 >2
1159 2366 1292 2439 scilicet
1310 2367 1503 2465 nosipsos.
1523 2365 1617 2453 Quia
1636 2363 1814 2459 sigillatim
1833 2385 1958 2433 omues
1983 2361 2072 2433 salu·

487 2495 564 2552 tare
581 2506 656 2552 non
676 2495 829 2581 poterat,
849 2483 1008 2582 praecipit
1022 2499 1061 2556 ut
1073 2510 1114 2557 cx
1133 2501 1233 2583 parte
1247 2485 1324 2583 ejus
1339 2501 1374 2558 et
1388 2487 1470 2558 loco
1486 2485 1575 2581 ejus,
1592 2498 1720 2556 mutuo
1739 2505 1779 2554 se
1797 2480 1965 2570 salutent,
1986 2482 2073 2553 sicut

488 2600 564 2696 ipse
584 2599 715 2672 faceret
735 2603 763 2672 si
781 2601 932 2692 adesset,
952 2605 1053 2675 etsic
1070 2604 1225 2675 invicem
1242 2604 1310 2676 sibi
1335 2603 1459 2678 osculo
1484 2602 1714 2693 reconciliati,
1736 2598 1928 2699 superbam
1949 2597 2074 2670 liniant

487 2720 771 2791 contentionem.
792 2721 926 2793 Osculo
943 2721 1097 2795 salutant
1113 2747 1177 2794 vos
1192 2748 1266 2794 non
1282 2722 1466 2796 luxurioso
1483 2735 1545 2793 aut
1566 2719 1737 2809 subdolo,
1763 2718 1868 2817 quale
1889 2717 1954 2790 fuit
1975 2717 2074 2788 ludae

487 2837 695 2934 proditoris,
714 2839 778 2911 sed
794 2839 894 2937 quod
910 2864 978 2912 nos
990 2841 1026 2911 in
1037 2864 1159 2911 amore
1176 2841 1334 2914 fraterno
1350 2843 1528 2915 conciliet.
1547 2869 1565 2909 u
1580 2844 1717 2912 Omnes
1728 2837 1889 2910 Ecclesiae
1900 2834 2042 2925 Christi,
2053 2865 2071 2900 n

487 2955 524 3027 id
542 2972 606 3048 est,
625 2960 918 3057 congregationes
932 2959 1230 3055 Christianorum,
1248 2961 1296 3034 ad
1311 2960 1550 3034 differentiam
1563 2959 1695 3033 scilicet
1704 2956 1862 3031 Ecclesiae
1880 2953 2074 3051 malignan-

488 3079 592 3167 tium,
610 3102 720 3175 quam
745 3079 928 3155 Psalmista
956 3078 1116 3172 denotat,
1142 3080 1273 3155 eodem
1298 3080 1428 3155 affectu
1449 3079 1649 3156 dilectionis
1673 3103 1749 3177 quo
1772 3100 1852 3174 ego,
1871 3089 1997 3174 optant
2018 3075 2074 3145 vel

488 3213 592 3269 orant
617 3198 721 3271 vobis
747 3199 908 3275 salutem.
940 3200 1012 3287 Qui
1033 3203 1131 3274 enim
1147 3202 1299 3275 alterum
1322 3201 1509 3276 salutando
1530 3199 1617 3272 dicit
1641 3201 1700 3272 ei:
1725 3197 1842 3286 Salve,
1860 3195 2019 3294 prolecto
2036 3210 2074 3265 ut

486 3315 604 3389 salvus
620 3319 666 3390 sit
681 3333 859 3418 precatur.

538 3466 555 3505 n
573 3440 671 3535 Rogo
688 3455 809 3513 autem
825 3465 889 3514 vos
906 3442 1028 3516 fratres
1044 3458 1085 3516 ut
1102 3441 1296 3516 observetis
1312 3466 1374 3514 eos
1388 3442 1463 3541 qui.
1481 3471 1499 3508 u
1520 3439 1660 3515 Pseudo
1675 3436 1858 3537 apostolos
1882 3435 2007 3529 tangit,
2028 3446 2074 3502 ,ut

486 3557 533 3629 ab
551 3558 636 3655 ipsis
650 3571 811 3650 caveant,
831 3584 878 3631 ne
893 3560 980 3633 fides
997 3586 1124 3634 eorum
1143 3586 1206 3660 per
1223 3562 1302 3634 illos
1325 3574 1589 3659 corrumpatur.
1621 3591 1640 3627 α
1661 3556 1876 3641 Obserretis‚
1901 3583 1918 3619 n
1946 3552 1983 3625 id
2007 3565 2070 3639 est,

487 3676 709 3753 discernatis.
731 3708 749 3744 α
763 3678 1056 3770 Dissensiones»
1075 3681 1113 3752 id
1128 3694 1180 3753 est
1199 3680 1355 3777 pericula
1369 3705 1532 3753 errorum
1549 3681 1587 3752 in
1605 3678 1690 3752 fide.
1708 3676 1763 3749 Illi
1775 3675 1858 3749 dico
1873 3674 2071 3757 existentes,

490 3829 505 3860 α
520 3811 646 3893 praeter
662 3796 863 3868 doctrinam
874 3822 992 3894 rquam
1010 3823 1074 3876 vos
1086 3796 1260 3871 didicistis
1276 3800 1422 3883 faciunt,
1443 3815 1480 3873 et
1493 3797 1672 3872 declinate
1695 3795 1742 3868 ab
1765 3795 1848 3868 illis.
1865 3789 2074 3889 Hujusmodi

487 3913 583 3987 enim
600 3913 741 3987 Christo
760 3915 917 3989 Domino
936 3931 1060 3989 nostro
1079 3941 1154 3989 non
1171 3918 1342 4011 serviunt,
1357 3918 1421 3992 sed
1433 3942 1500 3990 suo
1518 3917 1646 4011 ventri,
1661 3930 1697 3989 et
1712 3940 1789 4013 per.
1805 3942 1824 3983 u
1839 3910 1881 3983 ld
1894 3926 1948 3984 est
1962 3907 2075 3981 molli·

487 4032 761 4104 tiis-carnalibus
778 4035 918 4106 intenti.
950 4065 968 4100 «
981 4034 1111 4108 Dulces
1128 4060 1323 4128 sermones,
1339 4065 1358 4105 n
1383 4035 1421 4108 id
1445 4049 1499 4109 est
1519 4034 1755 4108 adulationes.
1783 4032 2022 4127 Hieronymus
2039 4032 2076 4096 in

487 4158 609 4239 Amos,
629 4152 691 4226 lib.
712 4157 764 4223 11¹:
785 4184 803 4223 κ
827 4153 978 4226 Pulchre
993 4153 1158 4227 adulator
1172 4156 1271 4254 apud
1292 4154 1529 4256 philosophos
1544 4153 1713 4228 definitur
1728 4150 1882 4225 blandus
1896 4148 2074 4237 inimicus,

487 4284 627 4343 vertens
650 4296 784 4345 amara.
815 4271 918 4345 Unde
943 4272 1156 4373 Apostolus¹
1178 4301 1186 4345 ι
1209 4276 1418 4347 «Inimicus
1440 4273 1671 4346 vobissactus
1695 4297 1788 4358 sum,
1818 4269 2005 4342 veritatem
2028 4265 2078 4335 di·

487 4414 583 4460 cens.
605 4418 623 4458 n
649 4389 874 4489 Obsequium
897 4394 1052 4483 amicos,
1077 4393 1207 4465 veritas
1232 4393 1356 4467 odium
1381 4394 1488 4492 parit.
1517 4397 1744 4492 Quapropter
1773 4404 1811 4462 et
1832 4386 1964 4460 Pascha
1994 4409 2077 4454 cunr

486 4509 786 4583 amaritudinibus
817 4511 1061 4585 comedamus.
1090 4517 1162 4584 Vas
1187 4512 1369 4584 electionis
1400 4511 1507 4584 docet
1536 4510 1670 4585 Pascha
1705 4506 1961 4581 celebrandum
1994 4528 2076 4576 cum

488 4628 693 4703 veritateet
719 4632 915 4735 sanctitate.
946 4661 964 4700 u
989 4631 1257 4704 benedictiones
1280 4630 1459 4704 seducunt
1483 4631 1607 4721 corda,
1634 4659 1653 4699 n
1677 4627 1781 4727 quasi
1804 4626 1905 4699 dona
1927 4625 2076 4723 Spiritus

486 4751 599 4822 sancti
617 4774 682 4848 per
699 4775 872 4825 manuum
896 4752 1162 4849 impositionem
1186 4749 1242 4822 vel
1263 4753 1569 4847 consignationem
1592 4748 1837 4837 conserentes,
1864 4746 2077 4816 «innocen-

488 4871 591 4957 tium,
606 4898 624 4936 u
645 4869 680 4940 id
695 4885 760 4960 est,
775 4871 989 4969 simplicium
1008 4869 1064 4944 vel
1091 4870 1352 4969 imperitorum,
1378 4871 1529 4968 quiens
1555 4865 1825 4966 deprehendere
1843 4890 1920 4937 non
1943 4861 2075 4933 valent.

521 5150 527 5176 ¹
545 5146 643 5207 Galat,
658 5160 712 5208 cap.
725 5160 757 5205 tr,
770 5160 792 5196 r.
808 5148 846 5198 16.
