4559 6100
456 407 528 477 592
982 404 1113 474 Pu'rttl
1139 402 1393 489 ABAEtlttm,
1424 404 1517 473 ETC.

452 570 554 645 perat.
575 550 671 616 Unde
694 566 726 617 et
746 551 823 616 alibi
842 550 940 633 :Qua
961 574 1110 617 mensura
1133 553 1236 616 mensi
1252 552 1391 631 fueritis,
1414 550 1528 617 eadem
1549 553 1734 616 remetietur
1749 550 1852 615 vobis.
1869 553 1947 619 Haec
1970 558 2061 621 enim

455 650 608 739 parabola
633 649 674 714 de
691 649 909 714 misericordia
926 664 985 715 est.
1005 649 1083 714 Tale
1103 665 1151 715 est
1168 650 1276 740 igitur,
1295 650 1374 713 acsi
1392 647 1517 713 dicatur
1535 671 1543 712 ι
1562 649 1593 713 Si
1617 648 1685 713 aliis
1704 672 1771 712 uon
1785 647 1880 715 vultis
1896 653 2058 733 misereri,

452 749 532 812 sicut
548 750 635 812 Deus
652 748 798 812 misertus
818 764 878 827 est,
895 764 1028 835 peccata
1044 747 1277 828 condonando,
1295 763 1328 811 et
1344 763 1434 837 pater
1449 762 1553 812 vester
1571 745 1706 811 coelestis
1718 748 1782 811 hoo
1798 746 1942 812 debitum
1952 752 2060 839 exiget

452 870 471 907 a
494 844 598 909 vobis.
623 844 764 927 Quidam
782 845 893 909 dicunt
907 844 1127 934 expositores:
1147 843 1245 924 Quod
1264 843 1428 909 dimissum
1446 861 1514 910 erat
1529 866 1588 933 per
1603 844 1823 934 poenitentiam
1838 869 1855 908 a
1871 846 1966 910 nobis
1985 850 2059 911 exi-

456 943 553 1031 gitur,
578 941 619 1005 ad
635 958 791 1007 terrorem
813 941 935 1006 dictum
958 964 1025 1007 esse
1047 940 1246 1030 intelligitur.
1266 941 1364 1023 Quod
1382 957 1488 1005 autem
1507 943 1690 1007 universum
1710 940 1855 1007 debitum
1878 944 1923 1008 sic
1939 944 2059 1009 debeat

454 1039 599 1130 intelligi,
619 1055 655 1102 ut
671 1039 826 1113 diximus,
845 1039 920 1104 inde
936 1061 1065 1128 quoque
1082 1037 1206 1126 liquido
1222 1041 1463 1129 comprobatur,
1482 1038 1570 1127 quod
1581 1063 1649 1103 non
1667 1040 1711 1104 ait
1726 1062 1824 1128 usque
1842 1040 1882 1106 ad
1900 1043 2056 1129 primum,

454 1136 511 1201 sed
526 1160 625 1226 usque
643 1136 685 1201 ad
701 1137 908 1202 novissimum
921 1135 1146 1225 quadrantem,
1165 1136 1294 1226 quiade
1309 1139 1385 1215 hoc,
1403 1135 1492 1225 quod
1506 1152 1580 1226 post
1595 1135 1760 1202 dimissum
1771 1153 1939 1226 peceatum
1957 1137 2058 1205 durus

452 1249 485 1297 et
501 1234 680 1300 obstinatus
695 1258 770 1324 erga
783 1235 967 1323 proximum
985 1235 1120 1323 quisque
1136 1235 1254 1317 extitit,
1273 1234 1351 1300 inde
1366 1233 1504 1324 graviter
1518 1250 1567 1301 est
1581 1233 1775 1323 puniendus.
