4559 6100
604 483 889 556 lNTRODUCTlO
914 481 975 554 AD
1000 484 1292 558 THEOLOGIAM.
1644 576 1646 579 ¹
1701 490 1749 564 55

156 636 323 742 predictis
336 635 569 733 Septuaginta
578 634 690 708 multa
702 634 912 731 hujusmodi
923 634 1078 725 reticeri,
1093 648 1134 705 ut
1145 647 1199 705 est
1209 632 1316 705 illud¹
1335 662 1344 706 ε
1360 662 1378 702 u
1392 634 1443 706 Ex
1456 636 1609 734 AEgypto
1622 640 1748 711 vocavi

157 762 259 834 filium
271 780 411 848 meum,
430 769 501 827 etc.
513 781 530 822 n
546 756 597 825 Ex
611 778 686 852 quo
699 753 878 852 liquidum
888 769 941 826 est
954 754 1175 827 Platonicam
1185 768 1318 826 sectam
1331 752 1415 826 fidei
1430 768 1559 827 sanctae
1570 757 1749 830 Trinitatis

157 879 341 982 plurimum
366 898 510 973 semper
533 875 710 967 assentiri,
732 889 767 946 et
789 898 868 946 eam
895 874 1099 973 diligentius
1124 874 1259 947 caeteris
1285 874 1457 946 omnihus
1478 875 1745 974 philosophisa

158 1001 308 1086 Platone,
326 1009 362 1065 et
377 992 594 1092 sequacibus
613 994 690 1089 ejus
705 994 877 1092 distingui
894 1018 936 1066 ac
961 993 1128 1066 describi.
1155 993 1257 1066 Unde
1276 1007 1312 1065 et
1329 1019 1404 1078 non
1422 996 1601 1067 immerito
1617 997 1654 1066 in
1672 998 1747 1092 ejus

157 1118 287 1192 laudem
307 1113 469 1187 Valerius
491 1114 667 1185 Maximus
689 1114 746 1186 his
767 1115 973 1212 prorumpit
996 1113 1134 1187 verbis*
1159 1141 1167 1186 ε
1190 1116 1290 1186 «Sed
1315 1115 1464 1186 Platone
1486 1115 1638 1214 parvulo
1662 1115 1750 1186 dor-

160 1239 277 1311 miente
293 1236 333 1306 in
350 1232 468 1325 cunis,
489 1232 558 1304 mel
573 1258 658 1332 apes
680 1234 909 1307 inseruerunt
931 1234 1007 1329 ejus
1028 1233 1144 1307 labiis.
1168 1239 1308 1322 Quare
1331 1234 1477 1323 audita,
1500 1235 1749 1333 prodigiorum

160 1361 357 1454 interpretes
384 1352 601 1447 singularem
633 1353 767 1451 eloquii
796 1353 1008 1426 suavitatem
1041 1379 1104 1425 ore
1135 1355 1211 1449 ejus
1245 1369 1492 1426 emanaturam
1525 1354 1705 1426 dixerunt.
1729 1386 1746 1421 n

159 1472 388 1551 Excellentius
410 1485 531 1544 autem
551 1488 587 1545 et
602 1473 876 1545 conuenientius
897 1471 944 1544 ad
966 1473 1278 1574 interpretandum
1299 1499 1468 1546 essenon
1489 1473 1630 1564 dubito,
1649 1475 1679 1546 si
1701 1476 1747 1549 ad

160 1595 277 1668 divinae
293 1592 441 1664 Deitatis
457 1591 608 1689 gloriam
624 1592 696 1664 hoc
714 1591 926 1665 miraculum
943 1592 1129 1684 reseratur,
1149 1609 1190 1665 ut
1205 1592 1278 1665 hoc
1295 1594 1328 1665 ei
1345 1598 1442 1665 Deus
1459 1595 1597 1690 insigne
1614 1586 1746 1694 praesa⁴

158 1716 198 1813 gii
218 1712 408 1803 conferret,
438 1712 501 1808 qui
519 1710 711 1783 divinitatis
732 1736 803 1783 suae
829 1736 895 1810 per
916 1737 998 1784 eum
1020 1712 1225 1810 diligentius
1246 1736 1377 1785 arcana
1400 1712 1621 1785 revelaturus
1640 1731 1744 1788 esset.

156 1822 347 1932 Oportebat
363 1832 512 1929 qnippe,
534 1845 574 1902 ut
591 1857 738 1904 summae
750 1831 907 1931 Sophiae,
920 1858 999 1929 quae
1009 1832 1171 1904 Christus
1187 1847 1253 1925 est,
1270 1831 1433 1905 Verbum
1451 1833 1617 1905 videlicet
1632 1849 1669 1905 et
1685 1837 1748 1908 Sa·

155 1953 280 2053 pientia
291 1953 357 2024 Dei
367 1952 494 2043 Patris,
508 1977 669 2024 summus
679 1952 918 2052 philosophus
932 1954 1079 2051 ejusque
1087 1977 1260 2051 sequaces
1269 1953 1466 2052 plurimum
1478 1968 1743 2027 attestarentur.

155 2072 253 2145 Unde
270 2086 304 2144 et
318 2072 419 2168 justa
435 2073 685 2167 augustinum,
704 2072 892 2171 Apostolus
909 2072 1184 2145 Atheniensibus
1206 2073 1379 2171 loquens,
1395 2089 1438 2171 ¹ut
1454 2099 1562 2173 supra
1579 2076 1745 2146 memini·

151 2216 242 2284 mus,
262 2216 344 2263 cum
362 2214 439 2261 rem
455 2213 624 2286 magnam
641 2191 797 2285 dixisset,
815 2207 849 2263 et
867 2217 945 2288 quae
963 2217 984 2264 a
1001 2183 1124 2293 paucis
1137 2206 1260 2293 posset
1273 2193 1435 2289 intelligi,
1452 2194 1551 2292 quod
1573 2196 1635 2265 «in
1652 2194 1714 2268 illo
1725 2224 1744 2263 n

148 2311 299 2399 scilicet,
322 2310 510 2401 univimus,
530 2336 733 2403 movemur,
756 2326 792 2383 et
810 2338 946 2403 sumus,
962 2342 979 2381 n
1001 2313 1144 2408 adjecit,
1167 2315 1287 2386 «sicut
1303 2330 1338 2385 et
1356 2316 1465 2386 vestri
1482 2315 1631 2410 quidam
1646 2314 1746 2387 dixe·

145 2433 260 2503 runt'
274 2460 293 2496 r
313 2428 490 2502 Platonem
507 2434 641 2530 quippe
653 2432 907 2504 Atheniensem
919 2431 1025 2505 fuisse
1037 2447 1187 2504 constat.
1203 2431 1297 2503 lllud
1310 2448 1430 2505 autem
1445 2433 1482 2504 in
1495 2458 1570 2531 quo
1582 2457 1658 2505 non
1672 2458 1747 2506 me·

148 2551 318 2624 diocriter
336 2574 467 2621 errasse
485 2550 586 2645 Plato
604 2565 640 2624 et
656 2552 798 2624 videtur
811 2565 848 2624 et
862 2552 1006 2645 dicitnr,
1022 2551 1125 2645 illud,
1140 2552 1303 2648 inquam,
1324 2551 1425 2649 quod
1442 2554 1601 2625 animam
1618 2554 1746 2625 muudi

145 2670 275 2743 tactam
291 2693 368 2741 esse
385 2668 485 2763 dicit,
507 2670 580 2743 hoc
598 2686 651 2745 est
672 2673 815 2743 initium
837 2670 1018 2764 habuisse,
1043 2686 1079 2743 et
1100 2670 1201 2769 quod
1219 2695 1327 2769 supra
1345 2672 1567 2762 Macrobius,
1591 2696 1677 2744 oum
1700 2672 1747 2745 de

142 2791 262 2863 anima
285 2789 413 2861 mundi
428 2788 652 2889 loqueretur,
673 2792 821 2866 asseruit
837 2797 955 2864 Deum
975 2805 1012 2864 et
1026 2794 1162 2887 Nom*
1177 2792 1265 2863 citra
1282 2792 1441 2863 animam
1459 2816 1549 2883 esse,
1567 2793 1668 2890 quasi
1687 2817 1746 2864 su·

143 2912 300 3007 periores
323 2909 510 3005 dignitate,
534 2936 617 2982 cum
640 2926 782 2985 constat
799 2913 891 2984 inter
910 2912 1115 2984 Catholicos
1135 2926 1207 2982 tres
1224 2935 1395 3009 personas
1418 2911 1660 2985 indivinitate
1682 2935 1747 3010 per

141 3033 260 3104 omnia
287 3028 358 3103 sibi
382 3031 537 3127 aequales
558 3046 592 3104 et
615 3046 809 3105 coaetemas
832 3031 899 3105 sihi
924 3058 1019 3125 esse,
1044 3032 1073 3104 si
1097 3030 1303 3128 diligentius
1326 3031 1531 3122 attendant,
1552 3058 1575 3105 a
1597 3033 1747 3105 veritate

136 3173 209 3222 uon
237 3151 444 3243 exorbitat,
474 3153 566 3224 sicut
601 3154 834 3252 postmodum
868 3152 1099 3226 ostendemus
1125 3153 1171 3224 de
1195 3153 1424 3250 processione
1456 3154 1607 3251 Spiritus
1632 3153 1746 3224 sancti

37 3271 39 3380 l
138 3268 387 3344 disserentes.
408 3277 489 3343 Non
508 3272 605 3344 enim
622 3275 698 3346 sine
715 3299 822 3346 causa
839 3273 900 3345 hic
914 3272 1154 3372 philosophus
1171 3297 1245 3368 prae
1259 3274 1392 3343 caeteris
1409 3272 1684 3344 commendatur
1697 3271 1745 3346 ab

133 3392 312 3463 omnihus
331 3407 406 3463 tam
428 3391 613 3483 fidelibus,
636 3409 802 3493 utsupra
822 3393 1068 3484 meminimus,
1087 3414 1198 3488 quam
1221 3390 1437 3462 infidelibus.
1460 3394 1550 3462 Cum
1567 3391 1688 3487 itaque
1704 3391 1742 3462 in

37 3527 39 3554 i
135 3507 229 3576 omni
245 3506 423 3578 doctrina
440 3508 679 3606 philosophia
692 3509 878 3581 Platonica
894 3522 990 3580 secta
1008 3506 1187 3595 enituerit,
1204 3506 1305 3602 juvat
1323 3506 1430 3577 etiam
1447 3505 1652 3603 aliquorum
1667 3506 1744 3577 Pla·

37 3717 39 3746 ,
130 3628 349 3699 topicorum
377 3629 581 3702 testimonia
599 3630 743 3719 inferre,
764 3653 843 3727 quae
858 3628 954 3700 idem
969 3642 1071 3726 pater
1089 3627 1304 3722 Augustinus
1321 3626 1358 3697 in
1375 3631 1437 3697 Vll
1458 3624 1744 3721 Confessionum‘

125 3763 404 3821 commemorat
427 3749 464 3820 in
488 3750 629 3847 scriptis
656 3774 693 3821 se
717 3774 846 3821 eorum
867 3748 1052 3847 reperisse.
1077 3749 1117 3817 ln
1143 3746 1275 3845 quihus
1295 3746 1443 3844 quidem
1468 3747 1541 3818 lere
1562 3760 1638 3818 tota
1659 3744 1744 3818 fidei

37 3879 38 3920 t
126 3882 252 3939 nosuae
270 3891 433 3940 summa
456 3868 550 3941 circa
577 3867 799 3941 diuinitatem
814 3868 921 3940 Verbi
940 3867 1162 3966 apertissima
1183 3867 1403 3955 continetur,
1429 3867 1520 3937 sicut
1541 3867 1617 3964 ipsa
1643 3879 1743 3964 post·

120 3987 273 4059 modurn
306 3985 453 4060 tradita
470 4001 523 4059 est
548 4012 570 4059 a
593 3990 743 4060 summis
770 3987 1005 4086 scriptoribus
1030 3987 1115 4058 nori
1131 3987 1360 4079 Testamenti,
1387 3990 1526 4058 toanne
1552 3986 1685 4058 scilicet
1708 4001 1746 4058 et

118 4105 221 4180 Paulo
233 4106 452 4207 apostolis.
468 4107 525 4177 Ait
537 4109 673 4206 quippe
686 4110 902 4203 Augustinus
917 4107 1054 4180 ibidem
1068 4106 1114 4179 ad
1130 4105 1299 4179 eumdem
1312 4131 1517 4177 sermonem
1531 4105 1740 4178 intendens:

119 4255 133 4286 ι
146 4228 385 4301 Procurasti
393 4227 482 4298 mihi
492 4227 955 4326 perquemdamhominem
965 4228 1225 4298 immanissimo
1236 4226 1348 4325 typho
1357 4224 1554 4322 turgidum,
1565 4225 1742 4321 quosdam

114 4344 417 4421 Platonicorum
432 4345 544 4419 libros
561 4373 604 4420 ex
624 4350 748 4420 Graeca
764 4348 885 4444 lingua
901 4350 938 4419 in
957 4348 1121 4419 latinam
1137 4371 1274 4434 versos,
1294 4360 1329 4416 et
1348 4344 1397 4416 ibi
1412 4344 1480 4442 legi
1499 4369 1573 4415 non
1595 4345 1742 4442 quidem

112 4461 174 4539 'sin
186 4469 352 4562 verbis,
373 4465 441 4539 sed
454 4465 526 4538 hoc
540 4465 637 4540 idem
649 4467 801 4538 omnino
813 4468 934 4540 multis
945 4482 980 4539 et
994 4464 1250 4566 multiplicibus
1262 4464 1405 4538 suaderi
1415 4464 1629 4556 rationibus,
1643 4465 1743 4563 quod

108 4573 372 4689 inprincipio
393 4602 469 4660 erat
485 4585 664 4675 Verbum,
684 4602 721 4659 et
741 4586 897 4660 Verbum
915 4601 990 4659 erat
1016 4585 1115 4686 apud
1130 4590 1268 4679 Deum,
1288 4599 1324 4658 et
1341 4590 1437 4657 Deus
1460 4600 1537 4656 erat
1551 4585 1711 4657 Verbum
1730 4610 1740 4653 t

37 4819 39 4916 l
127 4862 268 4928 ‘thecam
282 4878 337 4925 xr,
357 4876 390 4912 v.
406 4863 429 4912 1.
444 4861 554 4911 -2le.
569 4863 590 4922 l,
601 4876 655 4924 cap.
667 4863 814 4913 v1.-⁸Act
823 4863 921 4937 Apost,
974 4861 1100 4922 subticuit,
1115 4868 1143 4910 nt
1160 4862 1251 4910 dtctum
1272 4860 1381 4922 Apostoll
1401 4870 1485 4922 posset
1499 4864 1632 4913 attribuere
1649 4858 1741 4909 Platoni

100 4955 143 5001 Q
153 4959 260 5004 arun.
272 4951 329 4998 28.
340 4944 381 4993 ln
391 4940 689 5006 ActiburApostolorum,
698 4951 725 4993 ut
733 4951 798 4993 recte
811 4944 921 4993 autmad·
973 4956 1046 5005 quem
1052 4942 1224 4991 Atheniensem
1232 4941 1347 5002 tactt,sed
1355 4941 1594 5004 puttosophum,non
1604 4949 1743 5003 poetam.-

99 5026 160 5076 1851
171 5027 255 5080 Em.
272 5021 714 5085 mansuetu-erameniorum.
729 5025 816 5086 tiss),
831 5025 920 5084 legitur
979 5021 1223 5074 ‘domim-‘Sic
1235 5019 1740 5073 Tlnol.0ltrist.God.Vtct.etEdtt.Amb.

96 5115 235 5160 turmam
256 5111 451 5174 poetarum
469 5103 514 5152 sed
528 5103 668 5153 Abatardus
684 5085 918 5168 poetarumroeesir
972 5099 1740 5166 ommate-‘trovt1‚eap.rx,opp.,t.1,cottas.
