<?xml version="1.0" encoding="UTF-8"?>
<!DOCTYPE html PUBLIC "-//W3C//DTD XHTML 1.0 Transitional//EN"
    "http://www.w3.org/TR/xhtml1/DTD/xhtml1-transitional.dtd">
<html xmlns="http://www.w3.org/1999/xhtml" xml:lang="en" lang="en">
 <head>
  <title>
</title>
<meta http-equiv="Content-Type" content="text/html;charset=utf-8" />
  <meta name='ocr-system' content='tesseract 3.04.00' />
  <meta name='ocr-capabilities' content='ocr_page ocr_carea ocr_par ocr_line ocrx_word'/>
</head>
<body>
  <div class='ocr_page' id='page_1' title='image "./petriablardiope00despgoog_0823.png"; bbox 0 0 4559 6100; ppageno 0'>
   <div class='ocr_carea' id='block_1_1' title="bbox 694 531 1827 674">
    <p class='ocr_par' dir='ltr' id='par_1_1' title="bbox 694 531 1827 674">
     <span class='ocr_line' id='line_1_1' title="bbox 694 531 1827 674; baseline -0.006 -12"><span class='ocrx_word' id='word_1_1' title='bbox 694 587 739 663; x_wconf 82' lang='lat' dir='ltr'>lu</span> <span class='ocrx_word' id='word_1_2' title='bbox 763 583 1011 661; x_wconf 78' lang='lat' dir='ltr'>urrsronnu</span> <span class='ocrx_word' id='word_1_3' title='bbox 1035 581 1095 655; x_wconf 77' lang='lat' dir='ltr'>an</span> <span class='ocrx_word' id='word_1_4' title='bbox 1123 555 1382 657; x_wconf 59' lang='lat' dir='ltr'>aonium(</span> <span class='ocrx_word' id='word_1_5' title='bbox 1456 531 1461 542; x_wconf 65' lang='grc'><strong>’</strong></span> <span class='ocrx_word' id='word_1_6' title='bbox 1650 585 1654 592; x_wconf 91' lang='grc'><em>·</em></span> <span class='ocrx_word' id='word_1_7' title='bbox 1739 585 1827 674; x_wconf 64' lang='lat' dir='ltr'>aas</span> 
     </span>
    </p>
   </div>
   <div class='ocr_carea' id='block_1_2' title="bbox 206 731 1831 1917">
    <p class='ocr_par' dir='ltr' id='par_1_2' title="bbox 206 731 1831 1917">
     <span class='ocr_line' id='line_1_2' title="bbox 206 731 1830 835; baseline -0.004 -19"><span class='ocrx_word' id='word_1_8' title='bbox 206 739 460 816; x_wconf 85' lang='lat' dir='ltr'>mortificatio</span> <span class='ocrx_word' id='word_1_9' title='bbox 489 735 708 835; x_wconf 77' lang='lat' dir='ltr'>intelligitur.</span> <span class='ocrx_word' id='word_1_10' title='bbox 741 739 778 810; x_wconf 88' lang='lat' dir='ltr'>Si</span> <span class='ocrx_word' id='word_1_11' title='bbox 809 738 905 811; x_wconf 90' lang='lat' dir='ltr'>enim</span> <span class='ocrx_word' id='word_1_12' title='bbox 939 750 1104 809; x_wconf 88' lang='lat' dir='ltr'>nostrum</span> <span class='ocrx_word' id='word_1_13' title='bbox 1130 735 1278 808; x_wconf 79' lang='lat' dir='ltr'>inferius</span> <span class='ocrx_word' id='word_1_14' title='bbox 1313 731 1670 827; x_wconf 85' lang='lat' dir='ltr'>mortificaverimus,</span> <span class='ocrx_word' id='word_1_15' title='bbox 1704 750 1830 810; x_wconf 90' lang='lat' dir='ltr'>nostra</span> 
     </span>
     <span class='ocr_line' id='line_1_3' title="bbox 206 852 1830 957; baseline -0.003 -23"><span class='ocrx_word' id='word_1_16' title='bbox 206 860 339 934; x_wconf 89' lang='lat' dir='ltr'>nobis</span> <span class='ocrx_word' id='word_1_17' title='bbox 362 857 609 933; x_wconf 90' lang='lat' dir='ltr'>subtrahendo</span> <span class='ocrx_word' id='word_1_18' title='bbox 633 872 671 930; x_wconf 93' lang='lat' dir='ltr'>et</span> <span class='ocrx_word' id='word_1_19' title='bbox 691 856 910 957; x_wconf 87' lang='lat' dir='ltr'>pauperibus</span> <span class='ocrx_word' id='word_1_20' title='bbox 932 855 1075 949; x_wconf 85' lang='lat' dir='ltr'>dando,</span> <span class='ocrx_word' id='word_1_21' title='bbox 1102 854 1323 953; x_wconf 86' lang='lat' dir='ltr'>jejunando,</span> <span class='ocrx_word' id='word_1_22' title='bbox 1351 852 1548 950; x_wconf 87' lang='lat' dir='ltr'>vigilando,</span> <span class='ocrx_word' id='word_1_23' title='bbox 1579 853 1737 945; x_wconf 82' lang='lat' dir='ltr'>orarrdo,</span> <span class='ocrx_word' id='word_1_24' title='bbox 1765 879 1830 955; x_wconf 89' lang='lat' dir='ltr'>per</span> 
     </span>
     <span class='ocr_line' id='line_1_4' title="bbox 208 973 1825 1076; baseline -0.003 -24"><span class='ocrx_word' id='word_1_25' title='bbox 208 981 327 1054; x_wconf 89' lang='lat' dir='ltr'>hanc</span> <span class='ocrx_word' id='word_1_26' title='bbox 349 978 608 1052; x_wconf 82' lang='lat' dir='ltr'>concavitatem</span> <span class='ocrx_word' id='word_1_27' title='bbox 625 976 827 1076; x_wconf 87' lang='lat' dir='ltr'>jucundum</span> <span class='ocrx_word' id='word_1_28' title='bbox 846 1002 978 1050; x_wconf 91' lang='lat' dir='ltr'>sonum</span> <span class='ocrx_word' id='word_1_29' title='bbox 998 990 1035 1049; x_wconf 92' lang='lat' dir='ltr'>et</span> <span class='ocrx_word' id='word_1_30' title='bbox 1052 973 1263 1048; x_wconf 86' lang='lat' dir='ltr'>delectabile</span> <span class='ocrx_word' id='word_1_31' title='bbox 1286 977 1364 1046; x_wconf 91' lang='lat' dir='ltr'>Deo</span> <span class='ocrx_word' id='word_1_32' title='bbox 1381 974 1597 1070; x_wconf 85' lang='lat' dir='ltr'>obsequium</span> <span class='ocrx_word' id='word_1_33' title='bbox 1619 973 1825 1047; x_wconf 86' lang='lat' dir='ltr'>reddemus.</span> 
     </span>
     <span class='ocr_line' id='line_1_5' title="bbox 212 1092 1829 1199; baseline -0.003 -27"><span class='ocrx_word' id='word_1_34' title='bbox 212 1104 298 1172; x_wconf 87' lang='lat' dir='ltr'>Per</span> <span class='ocrx_word' id='word_1_35' title='bbox 325 1098 536 1172; x_wconf 89' lang='lat' dir='ltr'>Psalterium</span> <span class='ocrx_word' id='word_1_36' title='bbox 563 1098 707 1199; x_wconf 90' lang='lat' dir='ltr'>spiritus</span> <span class='ocrx_word' id='word_1_37' title='bbox 727 1097 919 1171; x_wconf 85' lang='lat' dir='ltr'>vivificatio</span> <span class='ocrx_word' id='word_1_38' title='bbox 944 1095 1166 1193; x_wconf 85' lang='lat' dir='ltr'>intelligitur.</span> <span class='ocrx_word' id='word_1_39' title='bbox 1191 1093 1411 1166; x_wconf 78' lang='lat' dir='ltr'>sicutenim</span> <span class='ocrx_word' id='word_1_40' title='bbox 1437 1092 1644 1192; x_wconf 80' lang='lat' dir='ltr'>psalterium</span> <span class='ocrx_word' id='word_1_41' title='bbox 1667 1118 1734 1192; x_wconf 91' lang='lat' dir='ltr'>per</span> <span class='ocrx_word' id='word_1_42' title='bbox 1757 1094 1829 1168; x_wconf 90' lang='lat' dir='ltr'>hoc</span> 
     </span>
     <span class='ocr_line' id='line_1_6' title="bbox 211 1212 1829 1317; baseline -0.002 -28"><span class='ocrx_word' id='word_1_43' title='bbox 211 1218 333 1315; x_wconf 91' lang='lat' dir='ltr'>quod</span> <span class='ocrx_word' id='word_1_44' title='bbox 349 1220 512 1317; x_wconf 88' lang='lat' dir='ltr'>superius</span> <span class='ocrx_word' id='word_1_45' title='bbox 534 1232 586 1293; x_wconf 91' lang='lat' dir='ltr'>cst</span> <span class='ocrx_word' id='word_1_46' title='bbox 607 1241 821 1312; x_wconf 86' lang='lat' dir='ltr'>concavum,</span> <span class='ocrx_word' id='word_1_47' title='bbox 845 1231 880 1290; x_wconf 91' lang='lat' dir='ltr'>et</span> <span class='ocrx_word' id='word_1_48' title='bbox 895 1241 961 1316; x_wconf 89' lang='lat' dir='ltr'>per</span> <span class='ocrx_word' id='word_1_49' title='bbox 976 1216 1072 1289; x_wconf 91' lang='lat' dir='ltr'>hanc</span> <span class='ocrx_word' id='word_1_50' title='bbox 1086 1214 1213 1289; x_wconf 90' lang='lat' dir='ltr'>decem</span> <span class='ocrx_word' id='word_1_51' title='bbox 1236 1212 1433 1288; x_wconf 89' lang='lat' dir='ltr'>cordarum</span> <span class='ocrx_word' id='word_1_52' title='bbox 1453 1238 1562 1314; x_wconf 90' lang='lat' dir='ltr'>super</span> <span class='ocrx_word' id='word_1_53' title='bbox 1584 1216 1829 1287; x_wconf 84' lang='lat' dir='ltr'>extensionem</span> 
     </span>
     <span class='ocr_line' id='line_1_7' title="bbox 208 1332 1831 1435; baseline -0.001 -27"><span class='ocrx_word' id='word_1_54' title='bbox 208 1336 434 1432; x_wconf 90' lang='lat' dir='ltr'>jucundum</span> <span class='ocrx_word' id='word_1_55' title='bbox 450 1362 581 1412; x_wconf 90' lang='lat' dir='ltr'>sonum</span> <span class='ocrx_word' id='word_1_56' title='bbox 597 1336 729 1432; x_wconf 83' lang='lat' dir='ltr'>reddit,</span> <span class='ocrx_word' id='word_1_57' title='bbox 748 1337 798 1410; x_wconf 88' lang='lat' dir='ltr'>ita</span> <span class='ocrx_word' id='word_1_58' title='bbox 814 1350 850 1410; x_wconf 89' lang='lat' dir='ltr'>et</span> <span class='ocrx_word' id='word_1_59' title='bbox 868 1350 991 1410; x_wconf 89' lang='lat' dir='ltr'>noster</span> <span class='ocrx_word' id='word_1_60' title='bbox 1005 1336 1163 1435; x_wconf 86' lang='lat' dir='ltr'>spiritus,</span> <span class='ocrx_word' id='word_1_61' title='bbox 1183 1359 1249 1433; x_wconf 89' lang='lat' dir='ltr'>per</span> <span class='ocrx_word' id='word_1_62' title='bbox 1264 1333 1338 1407; x_wconf 92' lang='lat' dir='ltr'>hoc</span> <span class='ocrx_word' id='word_1_63' title='bbox 1361 1332 1462 1431; x_wconf 89' lang='lat' dir='ltr'>qnod</span> <span class='ocrx_word' id='word_1_64' title='bbox 1477 1334 1547 1407; x_wconf 92' lang='lat' dir='ltr'>sibi</span> <span class='ocrx_word' id='word_1_65' title='bbox 1569 1334 1675 1407; x_wconf 91' lang='lat' dir='ltr'>datur</span> <span class='ocrx_word' id='word_1_66' title='bbox 1690 1359 1712 1407; x_wconf 90' lang='lat' dir='ltr'>a</span> <span class='ocrx_word' id='word_1_67' title='bbox 1727 1359 1831 1434; x_wconf 89' lang='lat' dir='ltr'>supe·</span> 
     </span>
     <span class='ocr_line' id='line_1_8' title="bbox 214 1452 1830 1556; baseline 0.002 -32"><span class='ocrx_word' id='word_1_68' title='bbox 214 1455 403 1549; x_wconf 88' lang='lat' dir='ltr'>rioribus,</span> <span class='ocrx_word' id='word_1_69' title='bbox 422 1456 460 1529; x_wconf 93' lang='lat' dir='ltr'>id</span> <span class='ocrx_word' id='word_1_70' title='bbox 474 1472 529 1530; x_wconf 92' lang='lat' dir='ltr'>est</span> <span class='ocrx_word' id='word_1_71' title='bbox 543 1481 609 1556; x_wconf 92' lang='lat' dir='ltr'>per</span> <span class='ocrx_word' id='word_1_72' title='bbox 620 1457 718 1530; x_wconf 89' lang='lat' dir='ltr'>dona</span> <span class='ocrx_word' id='word_1_73' title='bbox 732 1458 876 1556; x_wconf 90' lang='lat' dir='ltr'>spiritus</span> <span class='ocrx_word' id='word_1_74' title='bbox 889 1457 1016 1549; x_wconf 85' lang='lat' dir='ltr'>sancti,</span> <span class='ocrx_word' id='word_1_75' title='bbox 1036 1470 1072 1528; x_wconf 90' lang='lat' dir='ltr'>et</span> <span class='ocrx_word' id='word_1_76' title='bbox 1083 1479 1150 1555; x_wconf 90' lang='lat' dir='ltr'>per</span> <span class='ocrx_word' id='word_1_77' title='bbox 1162 1454 1409 1527; x_wconf 87' lang='lat' dir='ltr'>executionem</span> <span class='ocrx_word' id='word_1_78' title='bbox 1426 1452 1551 1527; x_wconf 92' lang='lat' dir='ltr'>decem</span> <span class='ocrx_word' id='word_1_79' title='bbox 1569 1470 1830 1553; x_wconf 72' lang='lat' dir='ltr'>praceptorum</span> 
     </span>
     <span class='ocr_line' id='line_1_9' title="bbox 214 1573 1830 1676; baseline 0.002 -31"><span class='ocrx_word' id='word_1_80' title='bbox 214 1573 333 1672; x_wconf 88' lang='lat' dir='ltr'>legis,</span> <span class='ocrx_word' id='word_1_81' title='bbox 352 1574 557 1673; x_wconf 81' lang='lat' dir='ltr'>jucundtnn</span> <span class='ocrx_word' id='word_1_82' title='bbox 573 1601 718 1668; x_wconf 92' lang='lat' dir='ltr'>sonum,</span> <span class='ocrx_word' id='word_1_83' title='bbox 737 1576 775 1649; x_wconf 90' lang='lat' dir='ltr'>id</span> <span class='ocrx_word' id='word_1_84' title='bbox 793 1591 865 1670; x_wconf 88' lang='lat' dir='ltr'>est,</span> <span class='ocrx_word' id='word_1_85' title='bbox 884 1575 1132 1650; x_wconf 80' lang='lat' dir='ltr'>delectabilem</span> <span class='ocrx_word' id='word_1_86' title='bbox 1149 1576 1396 1675; x_wconf 88' lang='lat' dir='ltr'>operationem</span> <span class='ocrx_word' id='word_1_87' title='bbox 1414 1574 1544 1648; x_wconf 85' lang='lat' dir='ltr'>reddit.</span> <span class='ocrx_word' id='word_1_88' title='bbox 1568 1580 1612 1647; x_wconf 84' lang='lat' dir='ltr'>Et</span> <span class='ocrx_word' id='word_1_89' title='bbox 1628 1576 1718 1648; x_wconf 90' lang='lat' dir='ltr'>sicut</span> <span class='ocrx_word' id='word_1_90' title='bbox 1735 1576 1830 1676; x_wconf 87' lang='lat' dir='ltr'>psal·</span> 
     </span>
     <span class='ocr_line' id='line_1_10' title="bbox 217 1680 1830 1796; baseline 0.001 -31"><span class='ocrx_word' id='word_1_91' title='bbox 217 1696 364 1768; x_wconf 87' lang='lat' dir='ltr'>terium</span> <span class='ocrx_word' id='word_1_92' title='bbox 380 1720 402 1769; x_wconf 93' lang='lat' dir='ltr'>a</span> <span class='ocrx_word' id='word_1_93' title='bbox 417 1697 593 1796; x_wconf 85' lang='lat' dir='ltr'>superiori</span> <span class='ocrx_word' id='word_1_94' title='bbox 610 1698 834 1771; x_wconf 80' lang='lat' dir='ltr'>concavitate</span> <span class='ocrx_word' id='word_1_95' title='bbox 856 1680 1020 1790; x_wconf 85' lang='lat' dir='ltr'>resonat,</span> <span class='ocrx_word' id='word_1_96' title='bbox 1040 1697 1088 1769; x_wconf 91' lang='lat' dir='ltr'>ita</span> <span class='ocrx_word' id='word_1_97' title='bbox 1109 1694 1292 1795; x_wconf 88' lang='lat' dir='ltr'>hocopus</span> <span class='ocrx_word' id='word_1_98' title='bbox 1314 1720 1336 1768; x_wconf 89' lang='lat' dir='ltr'>a</span> <span class='ocrx_word' id='word_1_99' title='bbox 1354 1694 1599 1795; x_wconf 88' lang='lat' dir='ltr'>superioribus</span> <span class='ocrx_word' id='word_1_100' title='bbox 1622 1711 1694 1789; x_wconf 85' lang='lat' dir='ltr'>est,</span> <span class='ocrx_word' id='word_1_101' title='bbox 1717 1694 1754 1766; x_wconf 90' lang='lat' dir='ltr'>id</span> <span class='ocrx_word' id='word_1_102' title='bbox 1777 1708 1830 1768; x_wconf 93' lang='lat' dir='ltr'>est</span> 
     </span>
     <span class='ocr_line' id='line_1_11' title="bbox 219 1813 1301 1917; baseline 0.003 -33"><span class='ocrx_word' id='word_1_103' title='bbox 219 1813 276 1887; x_wconf 92' lang='lat' dir='ltr'>de</span> <span class='ocrx_word' id='word_1_104' title='bbox 295 1815 487 1890; x_wconf 84' lang='lat' dir='ltr'>celestibus</span> <span class='ocrx_word' id='word_1_105' title='bbox 502 1831 648 1908; x_wconf 83' lang='lat' dir='ltr'>tractat3</span> <span class='ocrx_word' id='word_1_106' title='bbox 667 1833 892 1917; x_wconf 88' lang='lat' dir='ltr'>quapropter</span> <span class='ocrx_word' id='word_1_107' title='bbox 909 1817 1120 1890; x_wconf 88' lang='lat' dir='ltr'>Psalterium</span> <span class='ocrx_word' id='word_1_108' title='bbox 1137 1829 1301 1890; x_wconf 86' lang='lat' dir='ltr'>vocatur.</span> 
     </span>
    </p>
   </div>
   <div class='ocr_carea' id='block_1_3' title="bbox 216 2054 1836 3116">
    <p class='ocr_par' dir='ltr' id='par_1_3' title="bbox 216 2054 1836 3116">
     <span class='ocr_line' id='line_1_12' title="bbox 280 2054 1832 2145; baseline 0.002 -19"><span class='ocrx_word' id='word_1_109' title='bbox 280 2058 447 2127; x_wconf 75' lang='lat' dir='ltr'>Pssnnus</span> <span class='ocrx_word' id='word_1_110' title='bbox 469 2081 510 2127; x_wconf 94' lang='lat'>11.</span> <span class='ocrx_word' id='word_1_111' title='bbox 537 2056 697 2129; x_wconf 90' lang='lat' dir='ltr'>Psalmus</span> <span class='ocrx_word' id='word_1_112' title='bbox 712 2057 777 2129; x_wconf 89' lang='lat' dir='ltr'>iste</span> <span class='ocrx_word' id='word_1_113' title='bbox 798 2054 933 2131; x_wconf 73' lang='lat' dir='ltr'>David.</span> <span class='ocrx_word' id='word_1_114' title='bbox 949 2056 1110 2131; x_wconf 86' lang='lat' dir='ltr'>Psalmus</span> <span class='ocrx_word' id='word_1_115' title='bbox 1125 2055 1242 2129; x_wconf 84' lang='lat' dir='ltr'>David</span> <span class='ocrx_word' id='word_1_116' title='bbox 1258 2056 1482 2130; x_wconf 88' lang='lat' dir='ltr'>intitulatur:</span> <span class='ocrx_word' id='word_1_117' title='bbox 1505 2085 1523 2124; x_wconf 78' lang='lat' dir='ltr'>u</span> <span class='ocrx_word' id='word_1_118' title='bbox 1542 2060 1663 2145; x_wconf 89' lang='lat' dir='ltr'>Quare</span> <span class='ocrx_word' id='word_1_119' title='bbox 1679 2055 1832 2129; x_wconf 85' lang='lat' dir='ltr'>fremue-</span> 
     </span>
     <span class='ocr_line' id='line_1_13' title="bbox 216 2176 1833 2276; baseline 0.002 -33"><span class='ocrx_word' id='word_1_120' title='bbox 216 2188 320 2246; x_wconf 90' lang='lat' dir='ltr'>runt</span> <span class='ocrx_word' id='word_1_121' title='bbox 336 2188 457 2272; x_wconf 84' lang='lat' dir='ltr'>gentes</span> <span class='ocrx_word' id='word_1_122' title='bbox 476 2205 494 2242; x_wconf 76' lang='lat' dir='ltr'>s</span> <span class='ocrx_word' id='word_1_123' title='bbox 513 2176 574 2273; x_wconf 91' lang='lat' dir='ltr'>qui</span> <span class='ocrx_word' id='word_1_124' title='bbox 591 2201 675 2248; x_wconf 92' lang='lat' dir='ltr'>cnm</span> <span class='ocrx_word' id='word_1_125' title='bbox 690 2177 793 2249; x_wconf 91' lang='lat' dir='ltr'>titulo</span> <span class='ocrx_word' id='word_1_126' title='bbox 813 2191 850 2249; x_wconf 92' lang='lat' dir='ltr'>et</span> <span class='ocrx_word' id='word_1_127' title='bbox 872 2178 1110 2250; x_wconf 78' lang='lat' dir='ltr'>intentiones</span> <span class='ocrx_word' id='word_1_128' title='bbox 1135 2177 1311 2276; x_wconf 87' lang='lat' dir='ltr'>superiori</span> <span class='ocrx_word' id='word_1_129' title='bbox 1331 2176 1471 2276; x_wconf 89' lang='lat' dir='ltr'>psalmo</span> <span class='ocrx_word' id='word_1_130' title='bbox 1489 2176 1624 2250; x_wconf 87' lang='lat' dir='ltr'>divisus</span> <span class='ocrx_word' id='word_1_131' title='bbox 1640 2200 1717 2248; x_wconf 92' lang='lat' dir='ltr'>esse</span> <span class='ocrx_word' id='word_1_132' title='bbox 1732 2200 1833 2248; x_wconf 91' lang='lat' dir='ltr'>com·</span> 
     </span>
     <span class='ocr_line' id='line_1_14' title="bbox 220 2293 1833 2396; baseline 0.001 -30"><span class='ocrx_word' id='word_1_133' title='bbox 220 2293 424 2390; x_wconf 88' lang='lat' dir='ltr'>probatur,</span> <span class='ocrx_word' id='word_1_134' title='bbox 440 2296 605 2393; x_wconf 86' lang='lat' dir='ltr'>quamvis</span> <span class='ocrx_word' id='word_1_135' title='bbox 619 2296 658 2367; x_wconf 90' lang='lat' dir='ltr'>in</span> <span class='ocrx_word' id='word_1_136' title='bbox 670 2295 819 2368; x_wconf 84' lang='lat' dir='ltr'>Actibus</span> <span class='ocrx_word' id='word_1_137' title='bbox 834 2296 1089 2395; x_wconf 82' lang='lat' dir='ltr'>Apostolorum</span> <span class='ocrx_word' id='word_1_138' title='bbox 1102 2297 1253 2396; x_wconf 91' lang='lat' dir='ltr'>quidam</span> <span class='ocrx_word' id='word_1_139' title='bbox 1266 2320 1389 2369; x_wconf 86' lang='lat' dir='ltr'>versus</span> <span class='ocrx_word' id='word_1_140' title='bbox 1402 2298 1502 2369; x_wconf 88' lang='lat' dir='ltr'>istius</span> <span class='ocrx_word' id='word_1_141' title='bbox 1514 2295 1642 2396; x_wconf 85' lang='lat' dir='ltr'>psalmi</span> <span class='ocrx_word' id='word_1_142' title='bbox 1657 2296 1833 2396; x_wconf 88' lang='lat' dir='ltr'>deprimo</span> 
     </span>
     <span class='ocr_line' id='line_1_15' title="bbox 223 2412 1834 2516; baseline 0.003 -32"><span class='ocrx_word' id='word_1_143' title='bbox 223 2436 313 2485; x_wconf 87' lang='lat' dir='ltr'>esse</span> <span class='ocrx_word' id='word_1_144' title='bbox 328 2412 466 2513; x_wconf 89' lang='lat' dir='ltr'>psalmo</span> <span class='ocrx_word' id='word_1_145' title='bbox 479 2414 657 2488; x_wconf 88' lang='lat' dir='ltr'>dicantur.</span> <span class='ocrx_word' id='word_1_146' title='bbox 676 2415 746 2489; x_wconf 89' lang='lat' dir='ltr'>Sed</span> <span class='ocrx_word' id='word_1_147' title='bbox 762 2441 847 2489; x_wconf 87' lang='lat' dir='ltr'>cum</span> <span class='ocrx_word' id='word_1_148' title='bbox 868 2417 934 2490; x_wconf 91' lang='lat' dir='ltr'>iste</span> <span class='ocrx_word' id='word_1_149' title='bbox 954 2417 1093 2516; x_wconf 91' lang='lat' dir='ltr'>primns</span> <span class='ocrx_word' id='word_1_150' title='bbox 1113 2418 1159 2490; x_wconf 86' lang='lat' dir='ltr'>sit</span> <span class='ocrx_word' id='word_1_151' title='bbox 1174 2432 1349 2516; x_wconf 90' lang='lat' dir='ltr'>quantum</span> <span class='ocrx_word' id='word_1_152' title='bbox 1372 2415 1419 2492; x_wconf 87' lang='lat' dir='ltr'>ad</span> <span class='ocrx_word' id='word_1_153' title='bbox 1439 2419 1597 2501; x_wconf 87' lang='lat' dir='ltr'>titulum,</span> <span class='ocrx_word' id='word_1_154' title='bbox 1615 2415 1705 2489; x_wconf 91' lang='lat' dir='ltr'>nihil</span> <span class='ocrx_word' id='word_1_155' title='bbox 1721 2417 1834 2515; x_wconf 90' lang='lat' dir='ltr'>impe·</span> 
     </span>
     <span class='ocr_line' id='line_1_16' title="bbox 225 2529 1834 2635; baseline 0.003 -32"><span class='ocrx_word' id='word_1_156' title='bbox 225 2531 387 2605; x_wconf 91' lang='lat' dir='ltr'>dimenti</span> <span class='ocrx_word' id='word_1_157' title='bbox 403 2533 528 2606; x_wconf 90' lang='lat' dir='ltr'>oritur.</span> <span class='ocrx_word' id='word_1_158' title='bbox 545 2535 686 2609; x_wconf 88' lang='lat' dir='ltr'>Divisus</span> <span class='ocrx_word' id='word_1_159' title='bbox 699 2536 847 2635; x_wconf 91' lang='lat' dir='ltr'>quidem</span> <span class='ocrx_word' id='word_1_160' title='bbox 861 2551 916 2610; x_wconf 90' lang='lat' dir='ltr'>est</span> <span class='ocrx_word' id='word_1_161' title='bbox 929 2537 977 2612; x_wconf 89' lang='lat' dir='ltr'>ab</span> <span class='ocrx_word' id='word_1_162' title='bbox 995 2537 1057 2610; x_wconf 94' lang='lat' dir='ltr'>illo</span> <span class='ocrx_word' id='word_1_163' title='bbox 1073 2529 1286 2631; x_wconf 84' lang='lat' dir='ltr'>intentione,</span> <span class='ocrx_word' id='word_1_164' title='bbox 1306 2539 1391 2635; x_wconf 88' lang='lat' dir='ltr'>quia</span> <span class='ocrx_word' id='word_1_165' title='bbox 1407 2563 1492 2610; x_wconf 89' lang='lat' dir='ltr'>cum</span> <span class='ocrx_word' id='word_1_166' title='bbox 1507 2536 1558 2609; x_wconf 92' lang='lat' dir='ltr'>ibi</span> <span class='ocrx_word' id='word_1_167' title='bbox 1572 2553 1665 2609; x_wconf 90' lang='lat' dir='ltr'>esset</span> <span class='ocrx_word' id='word_1_168' title='bbox 1681 2537 1834 2609; x_wconf 91' lang='lat' dir='ltr'>intentio</span> 
     </span>
     <span class='ocr_line' id='line_1_17' title="bbox 227 2652 1835 2756; baseline 0.004 -34"><span class='ocrx_word' id='word_1_169' title='bbox 227 2673 304 2724; x_wconf 91' lang='lat' dir='ltr'>nos</span> <span class='ocrx_word' id='word_1_170' title='bbox 327 2676 349 2724; x_wconf 90' lang='lat' dir='ltr'>a</span> <span class='ocrx_word' id='word_1_171' title='bbox 373 2652 501 2751; x_wconf 89' lang='lat' dir='ltr'>triplici</span> <span class='ocrx_word' id='word_1_172' title='bbox 525 2669 643 2727; x_wconf 91' lang='lat' dir='ltr'>morte</span> <span class='ocrx_word' id='word_1_173' title='bbox 665 2656 794 2730; x_wconf 79' lang='lat' dir='ltr'>animm</span> <span class='ocrx_word' id='word_1_174' title='bbox 818 2681 1007 2750; x_wconf 85' lang='lat' dir='ltr'>revocare,</span> <span class='ocrx_word' id='word_1_175' title='bbox 1043 2671 1080 2730; x_wconf 90' lang='lat' dir='ltr'>et</span> <span class='ocrx_word' id='word_1_176' title='bbox 1102 2681 1171 2731; x_wconf 91' lang='lat' dir='ltr'>nos</span> <span class='ocrx_word' id='word_1_177' title='bbox 1197 2658 1375 2730; x_wconf 88' lang='lat' dir='ltr'>iustruere</span> <span class='ocrx_word' id='word_1_178' title='bbox 1400 2672 1460 2747; x_wconf 87' lang='lat' dir='ltr'>ut,</span> <span class='ocrx_word' id='word_1_179' title='bbox 1494 2658 1587 2729; x_wconf 90' lang='lat' dir='ltr'>siout</span> <span class='ocrx_word' id='word_1_180' title='bbox 1613 2657 1835 2756; x_wconf 87' lang='lat' dir='ltr'>portavimus</span> 
     </span>
     <span class='ocr_line' id='line_1_18' title="bbox 228 2772 1836 2878; baseline 0.005 -36"><span class='ocrx_word' id='word_1_181' title='bbox 228 2772 429 2870; x_wconf 88' lang='lat' dir='ltr'>imaginem</span> <span class='ocrx_word' id='word_1_182' title='bbox 447 2775 554 2873; x_wconf 90' lang='lat' dir='ltr'>primi</span> <span class='ocrx_word' id='word_1_183' title='bbox 571 2775 747 2868; x_wconf 90' lang='lat' dir='ltr'>hominis,</span> <span class='ocrx_word' id='word_1_184' title='bbox 765 2778 815 2850; x_wconf 88' lang='lat' dir='ltr'>ita</span> <span class='ocrx_word' id='word_1_185' title='bbox 832 2792 1018 2878; x_wconf 90' lang='lat' dir='ltr'>portemus</span> <span class='ocrx_word' id='word_1_186' title='bbox 1034 2776 1227 2874; x_wconf 90' lang='lat' dir='ltr'>imaginem</span> <span class='ocrx_word' id='word_1_187' title='bbox 1246 2778 1416 2869; x_wconf 85' lang='lat' dir='ltr'>secundi,</span> <span class='ocrx_word' id='word_1_188' title='bbox 1434 2778 1495 2850; x_wconf 91' lang='lat' dir='ltr'>hic</span> <span class='ocrx_word' id='word_1_189' title='bbox 1518 2792 1573 2849; x_wconf 90' lang='lat' dir='ltr'>est</span> <span class='ocrx_word' id='word_1_190' title='bbox 1590 2778 1745 2850; x_wconf 87' lang='lat' dir='ltr'>intentio</span> <span class='ocrx_word' id='word_1_191' title='bbox 1767 2801 1836 2850; x_wconf 92' lang='lat' dir='ltr'>nos</span> 
     </span>
     <span class='ocr_line' id='line_1_19' title="bbox 231 2894 1835 2998; baseline 0.004 -35"><span class='ocrx_word' id='word_1_192' title='bbox 231 2915 399 2983; x_wconf 89' lang='lat' dir='ltr'>monere,</span> <span class='ocrx_word' id='word_1_193' title='bbox 423 2907 481 2987; x_wconf 92' lang='lat' dir='ltr'>nt,</span> <span class='ocrx_word' id='word_1_194' title='bbox 505 2894 670 2995; x_wconf 83' lang='lat' dir='ltr'>exemplo</span> <span class='ocrx_word' id='word_1_195' title='bbox 695 2898 820 2997; x_wconf 88' lang='lat' dir='ltr'>capitis</span> <span class='ocrx_word' id='word_1_196' title='bbox 836 2898 964 2992; x_wconf 86' lang='lat' dir='ltr'>nostri,</span> <span class='ocrx_word' id='word_1_197' title='bbox 995 2898 1032 2970; x_wconf 92' lang='lat' dir='ltr'>id</span> <span class='ocrx_word' id='word_1_198' title='bbox 1051 2913 1104 2970; x_wconf 89' lang='lat' dir='ltr'>est</span> <span class='ocrx_word' id='word_1_199' title='bbox 1121 2898 1273 2989; x_wconf 85' lang='lat' dir='ltr'>Christi,</span> <span class='ocrx_word' id='word_1_200' title='bbox 1299 2900 1408 2972; x_wconf 88' lang='lat' dir='ltr'>simus</span> <span class='ocrx_word' id='word_1_201' title='bbox 1432 2898 1709 2998; x_wconf 88' lang='lat' dir='ltr'>compatientes,</span> <span class='ocrx_word' id='word_1_202' title='bbox 1736 2898 1835 2970; x_wconf 88' lang='lat' dir='ltr'>etsie</span> 
     </span>
     <span class='ocr_line' id='line_1_20' title="bbox 233 3018 1527 3116; baseline 0.007 -30"><span class='ocrx_word' id='word_1_203' title='bbox 233 3029 513 3114; x_wconf 87' lang='lat' dir='ltr'>conregnantes.</span> <span class='ocrx_word' id='word_1_204' title='bbox 530 3018 698 3092; x_wconf 85' lang='lat' dir='ltr'>Diversus</span> <span class='ocrx_word' id='word_1_205' title='bbox 710 3031 764 3093; x_wconf 86' lang='lat' dir='ltr'>est</span> <span class='ocrx_word' id='word_1_206' title='bbox 781 3019 909 3115; x_wconf 88' lang='lat' dir='ltr'>titulo;</span> <span class='ocrx_word' id='word_1_207' title='bbox 927 3019 989 3092; x_wconf 92' lang='lat' dir='ltr'>hic</span> <span class='ocrx_word' id='word_1_208' title='bbox 1004 3020 1104 3094; x_wconf 90' lang='lat' dir='ltr'>enim</span> <span class='ocrx_word' id='word_1_209' title='bbox 1120 3020 1257 3116; x_wconf 87' lang='lat' dir='ltr'>titulus,</span> <span class='ocrx_word' id='word_1_210' title='bbox 1278 3020 1329 3095; x_wconf 91' lang='lat' dir='ltr'>ibi</span> <span class='ocrx_word' id='word_1_211' title='bbox 1345 3018 1527 3095; x_wconf 78' lang='lat' dir='ltr'>nullus...</span> 
     </span>
    </p>
   </div>
   <div class='ocr_carea' id='block_1_4' title="bbox 504 3803 1572 3897">
    <p class='ocr_par' dir='ltr' id='par_1_4' title="bbox 504 3803 1572 3897">
     <span class='ocr_line' id='line_1_21' title="bbox 504 3803 1572 3897; baseline 0.001 -1"><span class='ocrx_word' id='word_1_212' title='bbox 504 3803 801 3896; x_wconf 84' lang='lat' dir='ltr'>EXPOSITIO</span> <span class='ocrx_word' id='word_1_213' title='bbox 834 3804 1013 3896; x_wconf 85' lang='lat' dir='ltr'>SUPER</span> <span class='ocrx_word' id='word_1_214' title='bbox 1046 3805 1351 3897; x_wconf 79' lang='lat' dir='ltr'>EPlS&#39;l&#39;OLAS</span> <span class='ocrx_word' id='word_1_215' title='bbox 1385 3805 1572 3897; x_wconf 79' lang='lat' dir='ltr'>PAULI.</span> 
     </span>
    </p>
   </div>
   <div class='ocr_carea' id='block_1_5' title="bbox 739 4080 1335 4154">
    <p class='ocr_par' dir='ltr' id='par_1_5' title="bbox 739 4080 1335 4154">
     <span class='ocr_line' id='line_1_22' title="bbox 739 4080 1335 4154; baseline 0 -2"><span class='ocrx_word' id='word_1_216' title='bbox 739 4082 785 4152; x_wconf 82' lang='lat' dir='ltr'>nt</span> <span class='ocrx_word' id='word_1_217' title='bbox 800 4081 1029 4153; x_wconf 76' lang='lat' dir='ltr'>Erlstotttt</span> <span class='ocrx_word' id='word_1_218' title='bbox 1050 4083 1107 4152; x_wconf 79' lang='lat' dir='ltr'>tn</span> <span class='ocrx_word' id='word_1_219' title='bbox 1129 4080 1335 4154; x_wconf 72' lang='lat' dir='ltr'>nomos.</span> 
     </span>
    </p>
   </div>
   <div class='ocr_carea' id='block_1_6' title="bbox 241 4334 1840 5272">
    <p class='ocr_par' dir='ltr' id='par_1_6' title="bbox 241 4334 1840 5272">
     <span class='ocr_line' id='line_1_23' title="bbox 290 4334 1838 4439; baseline 0.003 -35"><span class='ocrx_word' id='word_1_220' title='bbox 290 4335 378 4405; x_wconf 72' lang='lat' dir='ltr'>Can.</span> <span class='ocrx_word' id='word_1_221' title='bbox 397 4359 423 4405; x_wconf 89' lang='lat'>1.</span> <span class='ocrx_word' id='word_1_222' title='bbox 443 4337 592 4408; x_wconf 79' lang='lat' dir='ltr'>Initium</span> <span class='ocrx_word' id='word_1_223' title='bbox 604 4335 711 4411; x_wconf 81' lang='lat' dir='ltr'>deest.</span> <span class='ocrx_word' id='word_1_224' title='bbox 732 4341 858 4411; x_wconf 81' lang='lat' dir='ltr'>Factus</span> <span class='ocrx_word' id='word_1_225' title='bbox 878 4352 915 4411; x_wconf 86' lang='lat' dir='ltr'>et</span> <span class='ocrx_word' id='word_1_226' title='bbox 929 4338 1199 4439; x_wconf 70' lang='lat' dir='ltr'>predestinatus</span> <span class='ocrx_word' id='word_1_227' title='bbox 1216 4338 1348 4411; x_wconf 88' lang='lat' dir='ltr'>dicitur</span> <span class='ocrx_word' id='word_1_228' title='bbox 1372 4337 1573 4411; x_wconf 88' lang='lat' dir='ltr'>secundum</span> <span class='ocrx_word' id='word_1_229' title='bbox 1593 4335 1694 4433; x_wconf 90' lang='lat' dir='ltr'>quod</span> <span class='ocrx_word' id='word_1_230' title='bbox 1724 4334 1838 4435; x_wconf 86' lang='lat' dir='ltr'>homo</span> 
     </span>
     <span class='ocr_line' id='line_1_24' title="bbox 243 4449 1839 4557; baseline 0.004 -36"><span class='ocrx_word' id='word_1_231' title='bbox 243 4449 337 4523; x_wconf 86' lang='lat' dir='ltr'>lilius</span> <span class='ocrx_word' id='word_1_232' title='bbox 360 4452 424 4523; x_wconf 89' lang='lat' dir='ltr'>Dei</span> <span class='ocrx_word' id='word_1_233' title='bbox 447 4453 485 4524; x_wconf 94' lang='lat' dir='ltr'>in</span> <span class='ocrx_word' id='word_1_234' title='bbox 507 4456 651 4548; x_wconf 78' lang='lat' dir='ltr'>virtute,</span> <span class='ocrx_word' id='word_1_235' title='bbox 672 4458 872 4531; x_wconf 87' lang='lat' dir='ltr'>secundum</span> <span class='ocrx_word' id='word_1_236' title='bbox 888 4459 990 4557; x_wconf 93' lang='lat' dir='ltr'>quod</span> <span class='ocrx_word' id='word_1_237' title='bbox 1005 4463 1115 4532; x_wconf 88' lang='lat' dir='ltr'>Deus.</span> <span class='ocrx_word' id='word_1_238' title='bbox 1139 4458 1349 4532; x_wconf 88' lang='lat' dir='ltr'>Notandum</span> <span class='ocrx_word' id='word_1_239' title='bbox 1373 4479 1541 4554; x_wconf 87' lang='lat' dir='ltr'>magnam</span> <span class='ocrx_word' id='word_1_240' title='bbox 1567 4479 1642 4527; x_wconf 90' lang='lat' dir='ltr'>esse</span> <span class='ocrx_word' id='word_1_241' title='bbox 1667 4455 1839 4529; x_wconf 91' lang='lat' dir='ltr'>unionem</span> 
     </span>
     <span class='ocr_line' id='line_1_25' title="bbox 241 4570 1838 4675; baseline 0.004 -35"><span class='ocrx_word' id='word_1_242' title='bbox 241 4570 427 4668; x_wconf 90' lang='lat' dir='ltr'>utriusque</span> <span class='ocrx_word' id='word_1_243' title='bbox 443 4586 590 4664; x_wconf 76' lang='lat' dir='ltr'>naturae,</span> <span class='ocrx_word' id='word_1_244' title='bbox 605 4578 778 4673; x_wconf 88' lang='lat' dir='ltr'>quoniam</span> <span class='ocrx_word' id='word_1_245' title='bbox 797 4593 832 4649; x_wconf 90' lang='lat' dir='ltr'>et</span> <span class='ocrx_word' id='word_1_246' title='bbox 845 4582 942 4651; x_wconf 89' lang='lat' dir='ltr'>Deus</span> <span class='ocrx_word' id='word_1_247' title='bbox 960 4577 1089 4651; x_wconf 90' lang='lat' dir='ltr'>dicitur</span> <span class='ocrx_word' id='word_1_248' title='bbox 1104 4579 1219 4652; x_wconf 91' lang='lat' dir='ltr'>homo</span> <span class='ocrx_word' id='word_1_249' title='bbox 1234 4592 1270 4650; x_wconf 91' lang='lat' dir='ltr'>et</span> <span class='ocrx_word' id='word_1_250' title='bbox 1285 4577 1399 4650; x_wconf 84' lang='lat' dir='ltr'>factus</span> <span class='ocrx_word' id='word_1_251' title='bbox 1415 4590 1451 4648; x_wconf 93' lang='lat' dir='ltr'>et</span> <span class='ocrx_word' id='word_1_252' title='bbox 1466 4598 1591 4675; x_wconf 91' lang='lat' dir='ltr'>passus</span> <span class='ocrx_word' id='word_1_253' title='bbox 1609 4590 1644 4648; x_wconf 89' lang='lat' dir='ltr'>et</span> <span class='ocrx_word' id='word_1_254' title='bbox 1661 4589 1838 4664; x_wconf 90' lang='lat' dir='ltr'>mortuus,</span> 
     </span>
     <span class='ocr_line' id='line_1_26' title="bbox 243 4688 1838 4795; baseline 0.001 -33"><span class='ocrx_word' id='word_1_255' title='bbox 243 4704 279 4762; x_wconf 90' lang='lat' dir='ltr'>et</span> <span class='ocrx_word' id='word_1_256' title='bbox 296 4689 411 4762; x_wconf 90' lang='lat' dir='ltr'>homo</span> <span class='ocrx_word' id='word_1_257' title='bbox 428 4688 559 4765; x_wconf 89' lang='lat' dir='ltr'>dicitur</span> <span class='ocrx_word' id='word_1_258' title='bbox 578 4697 693 4787; x_wconf 88' lang='lat' dir='ltr'>Deus,</span> <span class='ocrx_word' id='word_1_259' title='bbox 719 4721 794 4768; x_wconf 91' lang='lat' dir='ltr'>nou</span> <span class='ocrx_word' id='word_1_260' title='bbox 824 4696 925 4795; x_wconf 93' lang='lat' dir='ltr'>quod</span> <span class='ocrx_word' id='word_1_261' title='bbox 942 4695 1110 4771; x_wconf 84' lang='lat' dir='ltr'>diviuitas</span> <span class='ocrx_word' id='word_1_262' title='bbox 1127 4700 1164 4772; x_wconf 91' lang='lat' dir='ltr'>in</span> <span class='ocrx_word' id='word_1_263' title='bbox 1188 4697 1471 4790; x_wconf 85' lang='lat' dir='ltr'>humanitatem,</span> <span class='ocrx_word' id='word_1_264' title='bbox 1497 4695 1551 4768; x_wconf 80' lang='lat' dir='ltr'>vel</span> <span class='ocrx_word' id='word_1_265' title='bbox 1576 4693 1783 4768; x_wconf 89' lang='lat' dir='ltr'>humanitas</span> <span class='ocrx_word' id='word_1_266' title='bbox 1801 4695 1838 4764; x_wconf 93' lang='lat' dir='ltr'>iu</span> 
     </span>
     <span class='ocr_line' id='line_1_27' title="bbox 243 4810 1840 4919; baseline 0.001 -36"><span class='ocrx_word' id='word_1_267' title='bbox 243 4810 467 4883; x_wconf 85' lang='lat' dir='ltr'>divinitatem</span> <span class='ocrx_word' id='word_1_268' title='bbox 481 4812 528 4885; x_wconf 91' lang='lat' dir='ltr'>sit</span> <span class='ocrx_word' id='word_1_269' title='bbox 548 4838 735 4889; x_wconf 88' lang='lat' dir='ltr'>conversa.</span> <span class='ocrx_word' id='word_1_270' title='bbox 768 4815 875 4888; x_wconf 81' lang='lat' dir='ltr'>Aliter</span> <span class='ocrx_word' id='word_1_271' title='bbox 899 4816 1030 4890; x_wconf 91' lang='lat' dir='ltr'>dicitur</span> <span class='ocrx_word' id='word_1_272' title='bbox 1052 4818 1293 4919; x_wconf 88' lang='lat' dir='ltr'>providentia,</span> <span class='ocrx_word' id='word_1_273' title='bbox 1313 4816 1414 4889; x_wconf 88' lang='lat' dir='ltr'>aliter</span> <span class='ocrx_word' id='word_1_274' title='bbox 1438 4815 1715 4917; x_wconf 86' lang='lat' dir='ltr'>praedestinatio.</span> <span class='ocrx_word' id='word_1_275' title='bbox 1743 4816 1840 4886; x_wconf 90' lang='lat' dir='ltr'>Deus</span> 
     </span>
     <span class='ocr_line' id='line_1_28' title="bbox 244 4927 1840 5038; baseline 0.004 -38"><span class='ocrx_word' id='word_1_276' title='bbox 244 4927 345 5002; x_wconf 90' lang='lat' dir='ltr'>dedit</span> <span class='ocrx_word' id='word_1_277' title='bbox 361 4929 501 5003; x_wconf 91' lang='lat' dir='ltr'>homini</span> <span class='ocrx_word' id='word_1_278' title='bbox 516 4932 670 5006; x_wconf 88' lang='lat' dir='ltr'>liberum</span> <span class='ocrx_word' id='word_1_279' title='bbox 693 4934 880 5009; x_wconf 89' lang='lat' dir='ltr'>arbitrium</span> <span class='ocrx_word' id='word_1_280' title='bbox 897 4961 1013 5036; x_wconf 88' lang='lat' dir='ltr'>perse</span> <span class='ocrx_word' id='word_1_281' title='bbox 1034 4948 1164 5038; x_wconf 88' lang='lat' dir='ltr'>potens</span> <span class='ocrx_word' id='word_1_282' title='bbox 1190 4937 1237 5011; x_wconf 90' lang='lat' dir='ltr'>ad</span> <span class='ocrx_word' id='word_1_283' title='bbox 1264 4936 1420 5027; x_wconf 88' lang='lat' dir='ltr'>malum,</span> <span class='ocrx_word' id='word_1_284' title='bbox 1440 4961 1505 5035; x_wconf 92' lang='lat' dir='ltr'>per</span> <span class='ocrx_word' id='word_1_285' title='bbox 1532 4930 1742 5030; x_wconf 90' lang='lat' dir='ltr'>adjutricem</span> <span class='ocrx_word' id='word_1_286' title='bbox 1759 4959 1840 5031; x_wconf 90' lang='lat' dir='ltr'>gra·</span> 
     </span>
     <span class='ocr_line' id='line_1_29' title="bbox 244 5048 1840 5155; baseline 0.004 -36"><span class='ocrx_word' id='word_1_287' title='bbox 244 5048 331 5120; x_wconf 88' lang='lat' dir='ltr'>tiam</span> <span class='ocrx_word' id='word_1_288' title='bbox 354 5050 421 5121; x_wconf 86' lang='lat' dir='ltr'>Dei</span> <span class='ocrx_word' id='word_1_289' title='bbox 444 5049 490 5122; x_wconf 91' lang='lat' dir='ltr'>ad</span> <span class='ocrx_word' id='word_1_290' title='bbox 515 5050 666 5127; x_wconf 89' lang='lat' dir='ltr'>bonurn.</span> <span class='ocrx_word' id='word_1_291' title='bbox 688 5054 761 5128; x_wconf 87' lang='lat' dir='ltr'>Illis</span> <span class='ocrx_word' id='word_1_292' title='bbox 782 5080 867 5152; x_wconf 90' lang='lat' dir='ltr'>ergo</span> <span class='ocrx_word' id='word_1_293' title='bbox 884 5081 976 5155; x_wconf 87' lang='lat' dir='ltr'>qnos</span> <span class='ocrx_word' id='word_1_294' title='bbox 993 5056 1129 5154; x_wconf 87' lang='lat' dir='ltr'>judicat</span> <span class='ocrx_word' id='word_1_295' title='bbox 1145 5057 1263 5155; x_wconf 80' lang='lat' dir='ltr'>gratiae</span> <span class='ocrx_word' id='word_1_296' title='bbox 1280 5080 1352 5128; x_wconf 87' lang='lat' dir='ltr'>suae</span> <span class='ocrx_word' id='word_1_297' title='bbox 1368 5053 1583 5144; x_wconf 86' lang='lat' dir='ltr'>adhesuros,</span> <span class='ocrx_word' id='word_1_298' title='bbox 1607 5055 1757 5151; x_wconf 89' lang='lat' dir='ltr'>gratiam</span> <span class='ocrx_word' id='word_1_299' title='bbox 1778 5055 1840 5126; x_wconf 89' lang='lat' dir='ltr'>tri·</span> 
     </span>
     <span class='ocr_line' id='line_1_30' title="bbox 246 5166 1840 5272; baseline 0.006 -33"><span class='ocrx_word' id='word_1_300' title='bbox 246 5166 343 5263; x_wconf 88' lang='lat' dir='ltr'>buit,</span> <span class='ocrx_word' id='word_1_301' title='bbox 366 5168 435 5243; x_wconf 87' lang='lat' dir='ltr'>illis</span> <span class='ocrx_word' id='word_1_302' title='bbox 450 5196 537 5246; x_wconf 85' lang='lat' dir='ltr'>vero</span> <span class='ocrx_word' id='word_1_303' title='bbox 553 5198 646 5271; x_wconf 91' lang='lat' dir='ltr'>quos</span> <span class='ocrx_word' id='word_1_304' title='bbox 669 5176 768 5250; x_wconf 87' lang='lat' dir='ltr'>videt</span> <span class='ocrx_word' id='word_1_305' title='bbox 789 5201 865 5249; x_wconf 91' lang='lat' dir='ltr'>nou</span> <span class='ocrx_word' id='word_1_306' title='bbox 883 5176 1095 5272; x_wconf 88' lang='lat' dir='ltr'>adhesuros,</span> <span class='ocrx_word' id='word_1_307' title='bbox 1115 5202 1195 5250; x_wconf 91' lang='lat' dir='ltr'>eam</span> <span class='ocrx_word' id='word_1_308' title='bbox 1219 5201 1294 5252; x_wconf 90' lang='lat' dir='ltr'>non</span> <span class='ocrx_word' id='word_1_309' title='bbox 1321 5172 1458 5247; x_wconf 89' lang='lat' dir='ltr'>tribuit.</span> <span class='ocrx_word' id='word_1_310' title='bbox 1484 5177 1556 5246; x_wconf 90' lang='lat' dir='ltr'>Nec</span> <span class='ocrx_word' id='word_1_311' title='bbox 1576 5175 1728 5248; x_wconf 90' lang='lat' dir='ltr'>attendit</span> <span class='ocrx_word' id='word_1_312' title='bbox 1745 5180 1840 5248; x_wconf 90' lang='lat' dir='ltr'>Deus</span> 
     </span>
    </p>
   </div>
   <div class='ocr_carea' id='block_1_7' title="bbox 0 0 2299 6100">
    <p class='ocr_par' dir='ltr' id='par_1_7' title="bbox 0 0 2299 6100">
     <span class='ocr_line' id='line_1_31' title="bbox 0 0 2299 6100; baseline 0 0"><span class='ocrx_word' id='word_1_313' title='bbox 0 0 2299 6100; x_wconf 95' lang='lat' dir='ltr'> </span> 
     </span>
    </p>
   </div>
  </div>
 </body>
</html>
