4559 6100
529 516 687 588 E'lfflcl
713 515 794 588 SEU
819 514 947 588 atssutt
971 514 1125 591 DlC'l'llS
1145 543 1155 587 t
1177 514 1300 590 SCl'l'O
1325 517 1523 590 sursunt.
1754 512 1826 588 635

235 658 380 755 siorem,
402 663 459 735 rel
474 665 586 761 magis
601 664 791 737 discretam
808 665 950 762 eligere,
969 666 1071 763 cujus
1086 667 1233 741 arbitrio
1250 664 1527 740 satisfactionem
1543 684 1646 737 suam
1662 665 1829 736 commit-

236 796 300 872 tat,
320 795 356 854 et
374 780 595 855 orationibus
615 783 692 879 ejus
707 783 903 882 plurimum
919 784 1137 883 adjuvetur?
1155 785 1259 859 Unde
1275 800 1311 858 et
1328 808 1412 857 cum
1428 783 1650 882 praemissum
1667 783 1712 855 sit
1731 809 1739 852 :
1762 797 1830 856 eet

236 915 335 973 orate
355 926 424 1000 pro
445 903 597 974 invicem
622 917 661 975 ut
685 905 883 993 salvemini,
899 934 917 971 »
941 907 1058 978 statim
1082 906 1292 1003 adjunctum
1314 917 1392 977 est:
1414 901 1599 973 «multum
1623 901 1719 973 enim
1737 902 1830 975 valet

238 1019 443 1118 deprecatio
453 1021 539 1118 justi
556 1021 711 1096 assidua.
730 1052 748 1091 n
761 1025 860 1097 Sicut
871 1026 968 1098 enim
982 1024 1083 1097 multi
1093 1024 1184 1098 frunt
1197 1023 1351 1124 imperiti
1364 1021 1508 1112 medici,
1523 1020 1655 1118 quibus
1669 1019 1830 1095 inllrmos

236 1142 412 1214 committi
444 1142 683 1239 periculosum
707 1159 759 1214 est
783 1159 845 1216 aut
867 1141 991 1217 inutile
1017 1171 1026 1215 ε
1055 1145 1102 1216 ita
1126 1158 1161 1215 et
1178 1144 1215 1216 in
1238 1142 1392 1242 praelatis
1414 1140 1577 1213 Ecclesiae
1601 1140 1703 1212 multr
1728 1164 1831 1240 repe-

237 1261 379 1332 riuntur
400 1284 467 1332 nec
485 1261 655 1357 religiosi,
678 1286 746 1335 nec
766 1262 927 1357 discreti,
955 1278 1063 1361 atque
1079 1264 1227 1362 insuper
1249 1261 1296 1335 ad
1320 1261 1560 1358 detegendum
1582 1254 1832 1333 confitentium

238 1393 384 1477 pecc-ata
409 1378 526 1473 leves,
557 1396 598 1452 ut
619 1380 784 1454 confiteri
810 1383 861 1456 eis
889 1407 964 1456 non
985 1383 1103 1456 solum
1130 1382 1280 1470 inutile,
1308 1380 1565 1453 verumetiam
1590 1379 1832 1478 perniciosum

236 1497 411 1570 videatur.
437 1497 538 1571 Tales
556 1504 689 1599 quippe
714 1525 780 1572 nec
804 1524 908 1574 orare
931 1501 1140 1592 intendunt,
1173 1525 1241 1573 uec
1266 1501 1303 1572 in
1326 1498 1548 1571 orationibus
1571 1500 1644 1570 suis
1671 1498 1831 1573 exaudiri

239 1631 440 1711 merentur,
459 1633 493 1690 et
507 1642 591 1690 curn
607 1619 769 1692 instituta
781 1643 963 1692 canonum
982 1621 1162 1717 ignorent,
1181 1620 1301 1691 necin
1319 1614 1517 1690 statuendis
1533 1617 1833 1690 satisfactionibus

238 1735 420 1808 moderari
445 1738 576 1830 sciant,
606 1737 810 1834 frequenter
836 1740 873 1812 in
898 1739 1029 1812 talibus
1048 1762 1180 1812 ranam
1205 1738 1431 1811 securitatem
1454 1739 1682 1837 promittunt,
1709 1753 1745 1810 et
1771 1760 1834 1837 spe

237 1877 335 1926 cassa
364 1857 461 1953 ipsos
488 1854 702 1929 confitentes
728 1856 926 1956 decipiunt,
950 1860 1051 1955 justa
1077 1858 1166 1931 illud
1190 1856 1410 1930 Veritatis¹2
1443 1887 1461 1926 u
1491 1857 1582 1929 Caeci
1609 1870 1693 1928 sunt
1724 1857 1834 1929 duces

238 1998 436 2067 caecomm3
464 2006 482 2043 »
508 1991 543 2048 et
559 2001 728 2049 rursum:
760 2006 778 2046 u
805 1979 841 2048 Si
862 2000 976 2050 caeeus
996 2002 1090 2050 caeco
1117 1978 1291 2051 ducatum
1315 1991 1468 2075 praestet,
1494 1975 1603 2049 ambo
1627 1976 1664 2048 in
1692 1976 1834 2049 foveam

237 2094 384 2173 cadunt.
414 2097 638 2182 »Quicum
669 2096 790 2183 etiam,
819 2111 861 2167 ut
881 2096 1049 2186 diximus,
1081 2097 1208 2170 leviter
1232 2097 1474 2169 confessiones
1504 2118 1594 2192 quas
1622 2097 1833 2195 suscipiunt,

238 2213 409 2305 revelant,
443 2215 658 2313 prenitentes
690 2214 737 2286 ad
770 2214 1052 2311 indignationem
1085 2230 1335 2304 commovent,
1368 2229 1404 2286 et
1436 2215 1500 2312 qui
1532 2236 1659 2287 curare
1689 2230 1836 2314 peccata

238 2330 460 2421 debuerant,
499 2357 611 2406 novas
650 2347 881 2431 peecatorum
912 2334 1034 2434 plagas
1063 2335 1242 2423 inierunt,
1279 2348 1314 2406 et
1344 2357 1366 2405 a
1399 2333 1628 2407 consessione
1650 2333 1837 2406 audientes

238 2450 430 2524 deterrent.

287 2574 367 2643 Non
392 2596 592 2668 numquam
615 2574 723 2644 etiam
745 2587 892 2677 peccata
909 2574 964 2645 vcl
988 2598 1031 2646 ex
1058 2575 1131 2665 ira,
1153 2573 1208 2644 vel
1230 2596 1274 2643 ex
1293 2572 1436 2645 levitate
1466 2571 1660 2645 revelando
1685 2572 1838 2670 graviter

241 2690 433 2763 Ecclesiam
450 2690 708 2783 scandalisent,
726 2702 762 2764 et
774 2716 838 2763 eos
850 2693 914 2789 qui
929 2691 1082 2764 confessi
1102 2707 1186 2764 sunt
1204 2692 1239 2763 in
1263 2691 1424 2791 periculo
1440 2714 1573 2789 magno
1596 2693 1832 2764 constituunt.

240 2809 343 2883 Unde
367 2810 429 2907 qui
453 2832 522 2908 pro
546 2809 603 2882 bis
623 2809 980 2882 incommoditatibus
1003 2811 1168 2909 praelatos
1189 2832 1273 2882 suos
1290 2812 1402 2883 vitare
1419 2811 1673 2904 decreverunt,
1693 2824 1729 2882 et
1749 2810 1839 2882 alios

238 2930 275 2999 in
292 2929 423 3001 talibus
439 2931 580 3026 eligere,
608 2953 700 3025 quos
720 2929 766 3002 ad
787 2930 851 3002 ista
874 2928 1142 3002 commodiores
1165 2928 1330 3023 credunt,
1356 2952 1586 3028 nequaquam
1607 2943 1692 3001 strnt
1706 2930 1840 3027 impro-

238 3047 370 3136 bandi,
399 3048 460 3121 sed
488 3050 607 3145 potius
629 3046 894 3147 comprobandi
916 3048 1016 3146 quod
1041 3048 1087 3120 ad
1109 3047 1333 3122 solertiorem
1356 3048 1537 3121 medicum
1565 3047 1764 3134 declinant;
1801 3048 1838 3120 in

239 3192 314 3265 quo
334 3183 455 3239 tamen
479 3167 665 3257 faciendo,
686 3169 714 3240 si
732 3191 916 3240 assensum
932 3167 1163 3266 praelatorum
1176 3168 1367 3270 impetrare
1390 3179 1555 3264 possunt,
1583 3180 1621 3238 ut
1646 3166 1692 3238 ab
1717 3168 1767 3239 eis
1791 3167 1838 3239 ad

239 3285 328 3358 alios
341 3286 552 3382 dirigantur,
571 3301 671 3359 tanto
689 3286 727 3359 id
743 3288 1015 3359 convenientius
1031 3299 1156 3383 agunt,
1175 3300 1312 3383 quanto
1325 3285 1496 3358 humilius
1514 3307 1579 3384 per
1594 3284 1838 3359 obedientiam
1902 3338 1908 3351 .

239 3405 311 3477 boc
329 3406 475 3479 faciunt.
501 3407 563 3476 Sin
585 3418 705 3477 autem
727 3405 861 3503 praelati
877 3404 1024 3503 superbi
1041 3404 1112 3476 hoc
1129 3405 1182 3475 eis
1200 3404 1432 3496 interdicunt,
1453 3419 1625 3500 tanquam
1639 3430 1677 3477 se
1694 3403 1837 3479 viliores

239 3526 463 3619 aestimando,
482 3527 511 3598 si
528 3524 696 3601 meliores
713 3526 842 3598 medici
863 3526 1103 3622 requirantur,
1128 3539 1281 3620 aegrotus
1306 3538 1423 3597 tamen
1449 3523 1494 3596 de
1514 3525 1627 3596 salute
1649 3549 1713 3597 sua
1733 3523 1838 3597 solli-

240 3646 343 3738 citus,
369 3645 470 3742 quod
494 3645 620 3717 melius
641 3643 754 3716 credit
771 3645 1072 3718 medicamentum
1090 3645 1217 3742 majori
1239 3643 1479 3717 sollicitudine
1502 3645 1672 3740 requirat,
1701 3659 1736 3716 et
1762 3668 1838 3717 me·

239 3763 320 3836 liori
346 3766 496 3836 consilio
516 3765 619 3837 cedat
636 3764 845 3863 plurimum.
870 3768 984 3837 Nemo
1002 3764 1101 3836 euim
1124 3762 1255 3836 ducem
1280 3761 1348 3836 sibi
1373 3762 1420 3834 ab
1441 3763 1563 3859 aliquo
1587 3763 1834 3855 commissum,

240 3884 269 3955 si
287 3907 371 3955 eum
392 3908 524 3956 caecum
542 3882 832 3983 deprehenderit,
852 3885 888 3955 in
908 3884 1047 3955 foveam
1066 3884 1167 3980 sequi
1191 3881 1318 3973 debet;
1339 3897 1374 3955 et
1394 3881 1519 3953 melius
1537 3895 1590 3954 est
1608 3879 1737 3979 eligere
1753 3901 1838 3954 eum

242 4002 442 4093 videntem,
470 4019 507 4074 ut
534 4028 608 4101 quo
633 4004 765 4094 tendit,
794 4004 996 4101 perveniat,
1018 4027 1128 4100 quam
1155 4001 1247 4075 male
1270 4001 1338 4075 sibi
1358 4002 1530 4075 traditum
1557 4002 1649 4075 male
1673 4001 1773 4098 sequi
1791 3999 1838 4075 ad

241 4123 487 4221 praecipitium.
508 4125 652 4223 Quippe
675 4124 739 4220 qui
763 4123 794 4194 ei
822 4122 927 4195 talem
952 4121 1082 4195 ducem
1106 4121 1253 4195 tradidit
1275 4136 1448 4220 tanquam
1472 4120 1567 4193 dam
1593 4135 1834 4212 ostensurum,

240 4254 303 4311 aut
326 4243 480 4315 scienter
504 4243 576 4315 hoc
600 4244 681 4316 iecit
706 4268 770 4341 per
796 4243 987 4335 malitiam,
1014 4256 1075 4313 aut
1100 4241 1313 4313 innocenter
1337 4263 1405 4340 per
1426 4241 1679 4338 ignorantiam.
1720 4242 1756 4311 Si
1774 4263 1839 4337 per

241 4363 434 4456 malitiam,
460 4363 660 4437 cavendum
676 4363 742 4435 tuit
756 4388 802 4434 ne
816 4363 949 4435 malitia
966 4362 1043 4459 ejus
1058 4360 1284 4460 impleretur;
1303 4361 1332 4432 si
1352 4386 1417 4460 per
1429 4361 1688 4458 ignorantiam,
1707 4383 1838 4458 nequa·

241 4505 349 4579 quam
367 4496 493 4555 contra
510 4485 585 4579 ejus
599 4483 818 4555 voluntatem
835 4484 964 4579 agitur,
984 4483 1013 4554 si
1026 4479 1127 4553 illum
1144 4505 1220 4553 non
1237 4480 1422 4576 sequimur
1435 4480 1481 4552 ad
1494 4479 1708 4578 periculum,
1728 4501 1836 4578 quem

241 4603 316 4699 ipse
334 4601 482 4673 dederat
499 4601 604 4675 nobis
620 4601 666 4674 ad
694 4602 877 4675 ducatum.
899 4601 991 4673 Utile
1013 4614 1132 4672 tamen
1157 4614 1223 4690 est,
1252 4611 1292 4671 ut
1314 4622 1377 4670 eos
1399 4599 1557 4697 primum
1583 4598 1833 4693 consulamus,

241 4719 373 4818 qrn‘bus
398 4721 535 4793 animas
551 4735 692 4794 nostras
707 4721 883 4793 conmitti
898 4722 1044 4810 scimus,
1063 4732 1243 4792 eteorum
1266 4718 1417 4790 consilio
1434 4717 1570 4809 audito,
1593 4713 1784 4803 salubrius,
1807 4718 1836 4787 si

195 4906 199 4914 .
241 4840 341 4937 quod
357 4861 558 4939 speramus,
577 4841 878 4914 medicamentum
896 4861 970 4912 uon
988 4838 1173 4928 deserere,
1195 4838 1352 4911 maxime
1363 4858 1447 4910 cum
1463 4837 1527 4911 eos
1541 4838 1656 4935 legem
1674 4837 1837 4934 ignorare

274 5116 389 5182 matta,
401 5131 456 5181 cap.
469 5131 515 5178 ιτ,
533 5132 556 5169 r.
570 5120 608 5170 rt.
