4559 6100
927 538 1158 612 orlnooos.
1442 622 1450 647 .
1768 544 1834 621 aaa

248 689 422 779 venimus,
438 701 474 760 et
489 687 676 785 diligenter
691 688 797 787 adipe
815 700 852 761 et
868 688 968 760 venis
987 689 1271 787 purgaverimus,
1283 689 1384 788 quod
1398 714 1466 763 nos
1483 690 1589 762 etiam
1605 714 1680 763 non
1698 690 1842 765 modice

249 822 383 904 gravat,
408 824 444 881 et
462 822 546 880 tunc
567 808 721 880 maxime
741 832 825 879 cum
846 808 1025 904 integrum
1041 833 1151 906 pecus
1166 833 1287 881 emere
1306 833 1381 881 nou
1402 807 1611 881 sufficimus.
1631 810 1841 882 sicutenim

249 951 319 999 nos
345 950 470 999 carnes
496 951 517 998 a
539 925 705 1023 gentibus
728 939 919 1016 mactatas,
949 927 999 998 sic
1026 926 1077 999 illi
1100 950 1123 999 a
1147 927 1253 999 nobis
1283 942 1493 1025 procuratas
1516 926 1726 1000 abhorrent.
1749 930 1842 1001 Vino

250 1069 396 1142 quoque
425 1043 473 1118 ab
500 1045 577 1118 aliis
600 1060 795 1144 procurato
821 1070 946 1118 omnes
972 1049 1105 1144 pariter
1129 1045 1361 1118 abstinemus.
1394 1050 1444 1117 Ex
1469 1070 1544 1143 qno
1566 1046 1744 1143 liquidum
1767 1071 1844 1120 esse

249 1180 401 1252 constat,
427 1189 535 1263 quam
561 1165 704 1239 difficile
720 1168 813 1240 inter
837 1191 905 1238 nos
925 1181 1048 1238 nostra
1064 1181 1213 1265 propter
1230 1164 1347 1238 Deum
1365 1167 1464 1240 vivat
1483 1167 1734 1265 peregrinatio.
1755 1168 1847 1255 Quis

251 1283 405 1379 denique
422 1283 586 1381 legalium
603 1310 791 1383 poenarum
805 1285 1044 1358 austeritatem
1056 1310 1132 1358 non
1145 1285 1263 1357 sulum
1274 1285 1422 1358 sullerre
1434 1285 1496 1357 sed
1510 1286 1618 1358 etiam
1631 1285 1701 1357 reis
1715 1285 1845 1359 inferre

251 1427 324 1475 non
342 1401 556 1477 abhorreat?
574 1405 663 1492 Quis
679 1404 776 1476 fratri
800 1429 867 1475 suo
891 1403 1037 1476 dentem
1059 1430 1127 1502 pro
1150 1404 1271 1496 dente,
1292 1403 1437 1476 oculum
1455 1429 1523 1502 pro
1544 1404 1666 1497 oculo,
1686 1406 1843 1478 animam

251 1546 396 1619 quoque
411 1548 478 1621 pro
495 1524 616 1596 anima
633 1523 796 1597 tolleret?
812 1522 946 1595 nedum
959 1524 1066 1598 etiam
1082 1524 1119 1595 in
1136 1539 1250 1596 semet
1267 1524 1346 1621 ipso
1364 1523 1440 1595 haec
1461 1522 1612 1596 tolerare
1626 1526 1841 1611 consentiat,

252 1664 298 1712 ne
314 1639 480 1713 videlicet
495 1640 562 1737 legi
580 1642 781 1714 contrarius
794 1643 958 1714 exsistat?
977 1647 1026 1714 Ex
1041 1642 1171 1740 quibus
1188 1641 1349 1739 prolecto
1364 1656 1400 1713 et
1416 1642 1613 1714 innumeris
1630 1642 1707 1714 aliis
1723 1642 1846 1717 obser·

251 1759 455 1831 vationibus
466 1759 579 1857 liquet
591 1784 886 1858 unumquemque
898 1777 1060 1834 nostrum
1072 1761 1139 1859 legi
1150 1760 1555 1858 obtemperantemillud
1566 1761 1844 1860 psalmistaelleo

252 1892 348 1951 recte
372 1877 555 1977 profiteri¹
572 1906 581 1950 z
605 1908 624 1948 r<
647 1884 797 1977 Propter
813 1880 921 1953 verba
938 1880 1118 1953 labiorum
1135 1894 1281 1952 tuorum
1304 1906 1371 1976 ego
1388 1881 1565 1953 custodivi
1581 1881 1654 1953 vias
1672 1881 1791 1954 duras.
1808 1913 1826 1950 u

302 2001 442 2069 Pinnos.
474 2002 605 2070 Revera
625 1997 721 2070 zelus
743 1997 803 2070 hic
825 2022 934 2095 quem
957 2000 995 2071 in
1021 2004 1137 2071 Deum
1162 1999 1296 2072 habere
1320 1998 1491 2072 videmini
1517 2000 1629 2072 multa
1655 2014 1691 2072 ct
1718 2025 1845 2098 magna

253 2143 474 2215 quaecunque
494 2121 696 2192 intentione
718 2122 880 2192 sustinet.
901 2123 971 2194 Sed
985 2123 1182 2219 plurimum
1198 2123 1317 2217 relert,
1340 2137 1462 2196 utrum
1477 2123 1554 2195 haec
1575 2124 1726 2196 intentio
1748 2138 1846 2197 recta

253 2237 298 2309 sit
323 2260 369 2310 an
390 2261 553 2309 erronea.
580 2237 684 2310 Nulla
709 2240 843 2338 quippe
865 2255 918 2313 est
939 2240 1022 2314 fidei
1037 2258 1130 2316 secta
1162 2267 1242 2340 qnae
1268 2269 1306 2316 se
1328 2247 1405 2315 Deo
1422 2242 1585 2314 lamulari
1603 2267 1678 2315 non
1701 2243 1843 2333 credat,

253 2368 290 2428 et
305 2378 348 2427 ea
364 2371 511 2454 propter
530 2358 648 2454 ipsum
667 2381 740 2429 non
760 2374 941 2455 operetur,
964 2385 1043 2456 quae
1057 2361 1124 2433 sibi
1140 2362 1280 2461 placere
1301 2361 1505 2436 arbitratur.
1526 2366 1605 2432 Non
1625 2376 1744 2434 tamen
1762 2362 1845 2435 ideo

253 2488 366 2547 sectas
383 2477 548 2546 omnium
567 2456 791 2576 approbatis,
811 2479 874 2575 qui
896 2479 1011 2553 solam
1033 2495 1188 2553 vestram
1209 2481 1404 2554 defendere
1419 2496 1481 2553 aut
1501 2481 1608 2576 longe
1622 2483 1747 2554 ceteris
1764 2482 1849 2554 niti-

254 2592 342 2665 mini
361 2594 538 2691 praeferre.
558 2595 666 2682 Quod
685 2610 804 2668 tamen
821 2612 995 2695 quantum
1010 2625 1031 2672 a
1045 2602 1185 2673 ratione
1201 2602 1246 2673 sit
1260 2601 1448 2673 dissonum
1468 2600 1552 2672 volo
1569 2614 1604 2673 tc
1624 2601 1847 2700 perpendere

254 2726 290 2784 et
306 2714 383 2810 ipso
402 2738 549 2810 quoque
566 2715 700 2812 scripto
716 2700 802 2812 legis
818 2741 928 2812 quam
943 2719 1115 2813 sequeris,
1133 2743 1293 2815 arguere.

300 2835 453 2905 tonnus.
469 2837 511 2904 Et
528 2832 599 2905 hoc
617 2858 685 2930 ego
703 2832 857 2908 libenter
873 2837 1042 2935 suscipio.

306 2953 446 3023 Panos.
481 2955 628 3026 Constat
655 2968 738 3025 ante
763 2955 875 3054 ipsam
903 2956 989 3054 legis
1014 2956 1244 3031 traditionem
1267 2958 1323 3031 vel
1348 2973 1654 3032 sacramentorum
1681 2958 1846 3056 legalium

255 3065 535 3160 observationes,
555 3073 744 3170 plerosque
762 3073 838 3170 lege
856 3076 1007 3148 naturali
1020 3089 1226 3170 contentos,
1241 3103 1321 3175 quae
1338 3078 1505 3151 videlicet
1517 3080 1554 3151 in
1573 3078 1765 3151 dilectione
1783 3081 1849 3151 Dei

255 3189 415 3260 consistit
442 3204 479 3262 et
501 3192 668 3289 proximi,
688 3194 863 3288 justitiam
884 3193 1050 3286 coluisse,
1077 3211 1113 3267 et
1135 3199 1399 3296 acceptissimos
1421 3202 1499 3269 Deo
1525 3199 1696 3289 extitisse3
1723 3211 1848 3297 utpote

256 3305 356 3396 Abel,
377 3307 549 3399 Henoch,
575 3312 663 3398 Noe,
679 3324 715 3382 et
738 3310 830 3383 filios
846 3313 935 3407 ejus,
956 3312 1135 3387 abraham
1153 3340 1317 3413 quoque,
1336 3315 1428 3387 Loth
1447 3330 1556 3414 atque
1571 3315 1846 3406 Melchisedech,

256 3449 348 3522 quos
365 3425 421 3498 lex
438 3427 544 3498 etiarn
562 3442 677 3501 vestra
695 3446 969 3522 commemorat,
988 3445 1024 3504 et
1040 3434 1235 3531 plurimum
1257 3433 1501 3508 commendat.
1518 3441 1685 3524 Quorum
1701 3436 1848 3535 quidem

256 3545 406 3618 Henoch
441 3546 477 3616 in
506 3558 646 3619 tantum
669 3552 747 3620 Deo
768 3549 944 3648 placuisse
965 3552 1127 3639 refertur,
1156 3569 1195 3625 ut
1219 3579 1305 3627 eum
1335 3556 1513 3627 Dominus
1537 3556 1661 3627 vivum
1681 3557 1719 3628 in
1744 3579 1848 3654 pora·

257 3662 375 3736 disum
395 3664 553 3737 intulisse
568 3666 719 3759 dicatur,
739 3669 829 3740 sicut
845 3684 882 3742 et
900 3670 1048 3767 qnidam
1069 3696 1111 3744 ex
1134 3672 1237 3746 vobis
1256 3673 1313 3745 his
1337 3675 1464 3747 astruit
1483 3673 1641 3746 verbis¹:
1665 3703 1683 3743 a
1698 3675 1849 3747 Henoch

256 3782 391 3882 placuit
405 3788 483 3856 Deo
497 3798 534 3856 et
547 3787 737 3860 translatus
752 3802 804 3859 est
820 3790 857 3860 in
871 3790 1090 3887 paradisum,
1103 3806 1144 3863 ut
1157 3792 1219 3865 det
1237 3791 1401 3891 gentibus
1417 3795 1675 3892 paenitentiam.
1695 3823 1713 3861 u
1727 3794 1798 3866 Sed
1814 3808 1850 3867 et

258 3907 346 3996 Noe,
367 3918 407 3974 ut
422 3905 593 4003 scriptum
608 3911 694 3994 est¹,
716 3910 862 3980 «virum
876 3910 1013 4004 justum
1030 3924 1139 4008 atque
1158 3913 1357 4011 perlectum
1371 3916 1409 3985 in
1425 3910 1715 4010 generationibus
1728 3914 1814 4002 suis,
1829 3942 1848 3981 n

257 4037 433 4116 quantum
456 4022 618 4098 dilexerit
640 4028 817 4099 Dominus
839 4028 1034 4101 manifestis
1056 4030 1219 4104 exhibuit
1242 4032 1355 4122 sactis,
1380 4057 1466 4105 cum
1486 4033 1652 4105 videlicet
1677 4033 1851 4106 universis

257 4138 335 4214 aliis
350 4140 488 4213 diluvio
504 4142 711 4237 submersis,
726 4146 845 4244 ipsum
859 4147 979 4220 solum
996 4164 1034 4221 et
1048 4149 1201 4223 domum
1218 4151 1294 4248 ejus
1310 4176 1379 4251 pro
1396 4151 1547 4224 humani
1564 4151 1702 4249 generis
1716 4152 1854 4225 semine

258 4261 462 4331 remmath.
480 4262 541 4333 llis
556 4287 702 4362 quoque
716 4266 871 4363 insignes
885 4266 965 4339 illos
977 4269 1198 4365 patriarchas
1214 4286 1351 4344 vestros
1367 4271 1536 4370 adjunge,
1553 4270 1734 4343 Abraham
1752 4270 1851 4343 vide·

259 4374 359 4464 licet,
385 4380 482 4448 Isaac
505 4396 540 4450 et
556 4381 686 4475 Jacob,
709 4384 747 4454 in
768 4384 899 4482 quibus
920 4402 1100 4464 eteorum
1119 4388 1257 4461 semine
1281 4391 1446 4461 omnium
1466 4389 1625 4485 gentium
1649 4388 1853 4462 benedictio

259 4493 377 4565 hrmra
396 4497 627 4592 promittitur,
651 4503 714 4597 qui
734 4505 841 4576 etiam
859 4504 973 4601 legem
991 4521 1264 4603 praecesserunt,
1283 4522 1319 4579 et
1334 4508 1418 4581 vide
1433 4533 1542 4606 quam
1557 4510 1603 4580 sit
1623 4508 1855 4582 excellentior

258 4634 386 4684 eorum
415 4618 642 4713 prerogativa
668 4634 869 4694 ceterorum
897 4625 959 4719 qui
981 4642 1064 4723 post
1086 4625 1202 4723 legem
1223 4627 1442 4700 exstiterunt.
1473 4627 1578 4700 Unde
1600 4642 1635 4700 et
1655 4627 1854 4727 specialiter

259 4733 356 4802 Deus
381 4754 508 4803 eorum
529 4758 606 4807 esse
627 4734 770 4826 dicitur,
796 4753 833 4812 et
856 4741 931 4838 ipse
952 4742 1132 4837 legislator
1152 4770 1219 4844 per
1239 4770 1367 4818 eorum
1388 4746 1516 4820 merita
1532 4760 1568 4818 et
1582 4746 1629 4819 ad
1648 4747 1747 4844 ipsos
1767 4769 1856 4844 pro·

259 4850 448 4925 missiones
478 4851 587 4927 lactas
623 4855 753 4928 iratum
782 4858 920 4957 populu
954 4859 1146 4936 dominum
1184 4865 1364 4940 conciliat.
1400 4867 1580 4964 Scriptum
1612 4878 1665 4936 est
1694 4864 1820 4938 enirn‘
1842 4890 1851 4934 ε

292 5126 405 5178 'Proin
420 5141 480 5187 aru,
498 5143 521 5178 ν.
537 5133 560 5181 t.
575 5132 787 5197 -21tcctt.‚eap.
801 5148 870 5200 rur,
886 5140 1017 5189 r.16.-⁸
1031 5140 1125 5202 cem„
1142 5154 1197 5204 rap.
1209 5154 1249 5206 n,
1261 5156 1285 5193 r.
1297 5143 1321 5194 t.
1338 5140 1484 5205 *⁴81³th
1499 5153 1554 5203 αν·
1564 5151 1677 5202 mun.
1691 5146 1727 5195 1¹·
