4559 6100
773 520 1027 595 runotoula
1053 523 1329 598 CHRlSTlANA.
1779 526 1853 599 497

838 1147 1076 1281 LIBER
1141 1147 1247 1277 IV.

293 1523 486 1613 Quaesiturn
507 1521 667 1623 primum
679 1533 733 1593 est
747 1542 794 1594 au
809 1519 963 1592 Trinitas
980 1542 1218 1620 personarum
1235 1544 1315 1618 quae
1338 1519 1377 1592 in
1394 1522 1472 1593 Deo
1488 1535 1587 1613 sunt,
1607 1521 1645 1593 in
1661 1521 1848 1599 vocabulis

243 1668 292 1717 au
305 1644 344 1715 in
360 1668 400 1716 re
417 1643 538 1743 potius
553 1643 598 1717 sit
614 1639 836 1741 accipienda.

293 1767 367 1835 Nos
389 1777 510 1835 autem
531 1763 570 1835 in
594 1761 728 1860 reipsa
749 1761 801 1833 ita
822 1783 904 1833 eam
929 1763 1043 1863 accipi
1070 1765 1205 1841 debere
1230 1760 1478 1862 praedicamus,
1499 1773 1539 1832 ut
1563 1760 1610 1834 ab
1631 1776 1768 1836 aemmo
1789 1790 1848 1839 res

244 1882 304 1955 illa
322 1881 597 1983 unicasimplex
615 1882 768 1955 omnino
785 1894 822 1954 et
835 1880 1031 1955 individua
1052 1910 1133 1984 quse
1148 1890 1246 1959 Deus
1258 1896 1327 1973 est,
1342 1895 1415 1953 tres
1428 1905 1590 1980 personae
1606 1884 1666 1974 sit,
1687 1898 1726 1957 ut
1738 1906 1847 1985 supra

244 2003 525 2077 determinatum
549 2017 616 2096 est,
638 2000 783 2074 hocest
803 2005 907 2073 Pater
923 2015 959 2075 et
967 2004 1083 2078 Filius
1104 2023 1142 2080 et
1165 2004 1317 2104 Spiritus
1335 2015 1493 2073 sanctus.
1517 2005 1602 2074 Tres
1621 2003 1783 2101 quidem,
1807 2022 1847 2081 nt

242 2120 420 2212 diunius,
448 2121 649 2196 secundum
675 2118 909 2193 diffinitiones
934 2138 998 2196 aut
1022 2128 1279 2227 proprietates,
1307 2145 1383 2193 non
1407 2119 1609 2194 secundum
1636 2147 1843 2199 numerum.

243 2245 336 2316 Nam
357 2256 394 2314 et
409 2241 486 2315 hee
508 2242 630 2314 anima
648 2253 685 2312 et
698 2238 865 2338 quelibet
882 2265 939 2314 res
956 2243 1071 2318 multa
1088 2261 1143 2319 est
1157 2259 1193 2318 et
1206 2240 1346 2316 infinita
1367 2239 1569 2313 secundum
1586 2240 1847 2323 diffinitionum

216 2362 494 2461 ··proprietates,
512 2385 589 2433 non
606 2359 807 2434 secuudum
824 2364 967 2434 numeri
991 2364 1260 2456 discretionem,
1279 2385 1324 2434 eo
1340 2358 1503 2432 videlicet
1520 2359 1620 2458 quod
1635 2360 1845 2459 hujusmodi

244 2480 290 2552 sit
304 2504 374 2574 res,
390 2505 471 2580 quae
486 2478 554 2554 sub
568 2479 717 2553 diversis
730 2478 1008 2556 diffinitionibus
1022 2484 1143 2577 cadat,
1161 2483 1235 2556 hoc
1248 2495 1302 2555 est
1313 2479 1372 2553 eui
1387 2479 1540 2553 diversae
1558 2480 1731 2580 applicari
1750 2483 1846 2559 diffi-

243 2598 401 2674 nitiones
418 2616 556 2699 queant
580 2627 589 2671 ε
616 2600 783 2693 diversae,
806 2602 980 2699 inquam,
1007 2603 1045 2675 in
1069 2603 1267 2693 sententia,
1290 2623 1367 2673 non
1397 2598 1436 2670 in
1460 2623 1581 2673 rerum
1606 2603 1843 2679 continentia.

243 2720 327 2792 Haec
343 2722 477 2821 quippe
494 2721 615 2792 anima
637 2722 834 2819 etsapiens
849 2735 916 2811 est,
935 2735 971 2793 et
991 2722 1104 2818 justa3
1129 2723 1287 2796 sednon
1307 2719 1406 2792 idem
1423 2733 1478 2793 est
1500 2744 1625 2792 sensus
1643 2721 1718 2795 sive
1738 2724 1846 2799 intel-

243 2838 356 2913 lectus
377 2839 602 2915 diffinitionis
620 2840 721 2936 justi,
752 2839 817 2937 qui
840 2841 1022 2939 sapientis.
1043 2844 1156 2916 ,Sicut
1178 2864 1265 2938 ergo
1290 2838 1446 2911 dicimus
1467 2838 1563 2912 hanc
1587 2841 1745 2918 animem
1770 2869 1849 2921 esse

238 2959 426 3034 diversam
449 2959 741 3053 diffinitionibus,
770 2960 974 3033 seeundum
994 2960 1068 3035 hoc
1088 2962 1224 3036 scilicet
1245 2959 1348 3061 quod
1371 2973 1425 3033 est
1446 2960 1589 3060 sapiens
1606 2974 1641 3032 et
1652 2961 1749 3060 justa
1768 2992 1777 3036 :
1796 2966 1847 3042 ita

245 3084 364 3154 Deum
380 3082 613 3156 concedimus
631 3105 708 3153 esse
723 3081 882 3154 diversas
898 3081 1177 3156 diffinitionibus
1195 3104 1381 3181 personas,
1402 3080 1603 3155 seeundum
1623 3080 1696 3155 hoc
1712 3086 1849 3162 scilicet

243 3201 346 3299 quod
364 3216 427 3276 est
439 3197 546 3273 ¹Deus
564 3204 668 3273 Pater
680 3215 724 3272 et
743 3200 851 3273 Filius
872 3216 909 3273 et
927 3202 1081 3300 Spiritus
1100 3216 1258 3276 sanctus.
1284 3205 1330 3272 Et
1343 3197 1428 3272 licet
1446 3198 1545 3272 idem
1566 3226 1719 3277 numero
1742 3207 1788 3278 sit
1807 3210 1847 3280 in

244 3319 324 3389 Deo
341 3318 494 3392 essentia
513 3315 614 3414 quod
634 3340 813 3415 personae,
833 3340 910 3388 non
927 3330 1049 3390 tamen
1071 3317 1156 3392 ideo
1172 3318 1203 3390 si
1221 3331 1275 3389 est
1295 3315 1408 3387 trinus
1424 3318 1523 3387 Deus
1541 3316 1580 3388 in
1597 3320 1774 3416 personis,
1794 3338 1847 3396 est

245 3438 361 3510 trinus
383 3440 420 3510 in
444 3437 604 3510 essentia
621 3463 630 3508 t
650 3435 708 3509 vel
725 3436 756 3508 si
779 3451 832 3509 est
854 3460 950 3509 unus
969 3437 1007 3508 in
1033 3437 1208 3530 essentia,
1230 3451 1285 3510 est
1304 3460 1397 3508 unus
1416 3436 1454 3507 in
1469 3437 1649 3533 persone,
1670 3440 1771 3536 quod
1794 3460 1848 3518 est

243 3557 378 3650 dicete,
390 3559 433 3631 -si
449 3551 532 3631 sunt
554 3572 624 3629 tres
642 3578 817 3656 personae,
840 3570 924 3629 sunt
938 3570 1008 3628 tres
1021 3558 1181 3630 essentiae
1199 3584 1207 3630 ε
1223 3556 1283 3630 vel
1299 3557 1329 3628 si
1351 3570 1404 3628 est
1427 3579 1500 3629 una
1516 3551 1658 3630 tantum
1678 3564 1843 3659 essentia,

245 3692 381 3756 muna
391 3703 559 3778 persona.
574 3678 718 3776 Quippe
728 3700 813 3749 cum
824 3674 977 3748 dicimus
992 3679 1138 3749 «trinus
1154 3678 1191 3749 in
1202 3676 1379 3777 personis,
1394 3705 1412 3743 υ
1426 3674 1499 3747 hoc
1513 3691 1567 3749 est
1576 3690 1648 3750 tres
1656 3704 1843 3778 personas,

245 3814 317 3870 tres
333 3799 535 3872 secundum
550 3796 783 3870 diffinitiones
795 3810 857 3869 aut
873 3798 1110 3897 proprietates
1127 3797 1337 3896 accipimus,
1357 3809 1523 3894 utsupra
1534 3797 1619 3869 satis
1636 3797 1842 3880 docuimus.

244 3917 338 3992 Cum
351 3943 439 3992 vero
462 3917 649 3992 dicimus«
661 3917 777 3989 trinus
795 3917 833 3989 in
851 3918 1048 4011 essentia,»
1067 3917 1140 3991 hoe
1160 3932 1213 3990 est
1231 3932 1301 3989 tres
1316 3915 1489 4009 essentiae,
1516 3930 1588 3990 tres
1609 3922 1845 3999 essentialiter

244 4038 321 4111 sive
347 4062 502 4112 numero
521 4036 767 4135 intelligimus.
796 4041 991 4110 Possumus
1016 4039 1125 4110 etiam
1140 4039 1200 4110 ita
1221 4037 1382 4136 accipere
1405 4038 1524 4108 Deum
1545 4061 1622 4110 esse
1645 4040 1783 4116 trinum
1808 4046 1846 4120 iu

245 4160 409 4257 personis
432 4172 469 4231 et
495 4158 671 4230 nnumin
692 4156 859 4247 essentia,
888 4171 1075 4255 tamquam
1102 4159 1132 4230 si
1154 4149 1317 4230 dieamus
1339 4157 1460 4255 ipsum
1482 4179 1560 4229 esse
1576 4157 1685 4234 trium
1713 4160 1847 4237 diffini·

247 4279 388 4353 tionum
412 4281 488 4351 sire
505 4279 779 4378 proprietatum,
807 4291 848 4350 ut
872 4300 983 4376 supra
1007 4275 1287 4351 determinatum
1312 4291 1366 4350 est
1383 4301 1426 4349 ex
1445 4278 1608 4374 personis
1627 4279 1727 4378 ipsis,
1746 4285 1847 4382 quod

243 4400 323 4497 ipse
343 4412 414 4472 est.
434 4402 475 4470 ln
500 4422 567 4491 eo,
588 4399 758 4496 inquam,
783 4398 894 4470 trium
917 4395 1196 4490 diffinitionum,
1219 4397 1321 4497 quod
1342 4398 1418 4496 ipse
1441 4410 1494 4469 est
1513 4395 1582 4472 iltae
1599 4423 1775 4497 personae.
1802 4410 1850 4479 Et
1936 4381 1941 4392 Ι

247 4543 372 4592 rursus
395 4515 567 4592 eumdem
591 4516 912 4592 essediffinitionis
937 4519 1044 4591 unius
1062 4544 1105 4591 ex
1129 4519 1283 4592 essentia
1307 4540 1388 4614 quae
1405 4516 1482 4614 ipse
1502 4530 1572 4612 est,
1591 4518 1629 4590 in
1650 4544 1697 4592 eo
1714 4523 1849 4599 scilicet

246 4635 348 4738 quod
366 4636 501 4712 estilla
520 4640 685 4712 essentia.
705 4639 743 4711 Si
762 4653 882 4712 autem
899 4636 998 4710 idem
1020 4652 1112 4712 esset
1132 4637 1352 4711 diffinitione
1372 4635 1526 4710 essentia
1546 4639 1647 4735 quod
1662 4665 1848 4739 persone,

247 4774 290 4831 ut
305 4756 472 4836 videlicet
492 4758 590 4834 idem
610 4760 753 4859 penitus
769 4773 914 4832 sonaret
935 4759 1091 4835 mentia
1110 4757 1211 4858 quod
1224 4781 1401 4856 persone,
1419 4770 1506 4829 tunc
1526 4757 1683 4832 fortassis
1705 4786 1852 4838 necesse

247 4892 341 4951 esset
363 4881 481 4950 Deum
500 4902 577 4951 esse
596 4880 732 4952 trinum
746 4879 784 4950 in
802 4879 955 4951 essentia
972 4877 1066 4950 sieut
1088 4894 1142 4952 est
1158 4880 1196 4951 in
1215 4878 1392 4979 personis,
1410 4890 1604 4949 autunum
1620 4902 1697 4953 esse
1713 4881 1751 4952 in
1768 4907 1854 4982 per·

244 4998 348 5071 'sonis
367 4999 459 5071 sicut
473 5013 527 5073 est
549 4999 588 5071 in
605 4999 772 5072 essentia.
787 5001 842 5070 .ln
864 4998 937 5071 hoe
954 4995 1122 5072 uidelicet
1138 5024 1265 5089 sensu,
1285 5013 1325 5072 ut
1335 4998 1369 5072 si
1388 4997 1498 5069 trium
1516 4995 1775 5074 diffinitionum
1791 5005 1849 5078 vel

248 5121 509 5219 proprietaurm
530 5133 623 5193 esset
639 5119 869 5218 'eapersonis
885 5133 921 5192 et
945 5119 1162 5192 exessentia
1178 5119 1352 5212 similiter,
1370 5130 1435 5191 aut
1452 5116 1484 5189 si
1504 5142 1549 5190 ex
1564 5120 1717 5194 essentia
1735 5148 1852 5200 unum

367 5265 392 5304 n
1694 5249 1733 5306 63
