4559 6100
468 524 542 595 452
1070 521 1198 594 PE'l'lll
1226 452 1461 595 tumultui

467 674 541 745 vim
565 693 789 743 venenorum
813 693 962 742 suorum
989 670 1026 741 in
1053 669 1246 743 dialecticis
1269 668 1570 769 disputationibus
1593 669 1828 762 constituunt,
1851 695 1931 767 quse
1945 666 2060 770 philo·

467 790 668 890 sophorum
690 790 863 864 sententia
885 789 1108 863 definiuntur
1132 815 1207 864 non
1230 787 1414 864 astruendi
1434 790 1508 862 vim
1533 788 1680 876 habere,
1711 788 1773 862 sed
1800 791 1960 863 studium
1988 790 2060 864 de-

467 909 641 983 struendi.
671 908 741 981 Sed
769 933 845 981 non
875 908 912 980 in
940 909 1125 982 dialectiea
1150 909 1283 1009 placuit
1305 912 1382 980 Deo
1409 907 1547 980 salvum
1577 907 1692 979 facere
1720 907 1899 1007 populum
1925 934 2056 1000 suum3

396 1042 401 1051 ’
468 1053 619 1126 regnum
634 1028 732 1102 enim
748 1028 814 1100 Dei
827 1028 864 1101 in
882 1027 1106 1127 simplicitate
1123 1027 1207 1100 fidei
1227 1042 1294 1119 est,
1310 1052 1385 1100 non
1400 1027 1437 1099 in
1453 1028 1686 1100 contentione
1699 1030 1889 1102 sermonis.
1908 1033 2059 1116 »Quam

468 1147 576 1221 etiam
604 1151 644 1217 B.
674 1145 851 1218 Ambrosii
876 1148 1092 1220 sententiam
1116 1147 1153 1218 in
1182 1147 1310 1220 eadem
1333 1145 1599 1237 adhortatione,
1635 1149 1891 1244 Responsioner
1916 1147 2060 1220 Adriani

466 1290 569 1366 papae
590 1279 718 1339 contra
743 1265 964 1363 objectiones
989 1268 1236 1365 quorumdam
1260 1267 1306 1342 ad
1329 1267 1496 1342 Carolum
1521 1268 1636 1367 capite
1658 1292 1739 1338 xus
1765 1267 1813 1340 ita
1837 1291 2059 1340 commemo·

467 1399 548 1457 rant
582 1412 591 1456 ε
622 1388 819 1458 «Omnem
849 1384 923 1456 vim
951 1410 1190 1460 venenorum·
1211 1413 1362 1460 suorum
1386 1389 1424 1459 in
1448 1386 1635 1460 dialectica
1667 1385 1890 1485 disputantes
1915 1402 2058 1485 ponunt

465 1504 634 1594 haeretici,
653 1530 732 1603 quae
748 1503 1049 1604 philosophorum
1072 1507 1249 1580 sententia
1271 1505 1458 1599 definitur,
1486 1531 1562 1580 non
1587 1504 1772 1578 astruendi
1795 1506 1870 1576 vim
1896 1504 2054 1597 habere,

468 1621 532 1695 sed
554 1622 716 1695 studium
732 1622 952 1717 destruendi,
974 1638 1043 1697 etc.
1063 1628 1225 1698 »11111ιέ
1247 1655 1266 1694 1
1281 1626 1387 1698 Auser
1411 1625 1497 1698 hinc
1516 1637 1726 1721 argumenta
1748 1623 1810 1696 ubi
1830 1622 1919 1696 fides
1935 1625 2059 1722 sequi-

468 1753 545 1833 tur;
565 1743 671 1817 etiam
693 1745 778 1843 ipsis
799 1744 991 1842 gymnasiis
1005 1744 1077 1816 suis
1089 1745 1166 1840 jam
1182 1744 1367 1818 dialectica
1384 1759 1511 1818 taceat.
1530 1749 1611 1817 Non
1626 1768 1747 1841 quaero
1764 1743 1851 1840 quid
1868 1742 2060 1841 loquantur

467 1860 698 1962 philosophi,
729 1864 871 1961 requiro
900 1863 988 1963 quid
1014 1864 1157 1937 faciant.
1193 1865 1268 1937 Soli
1296 1866 1334 1936 in
1366 1865 1438 1936 suis
1463 1865 1655 1963 gymnasiis
1681 1877 1942 1935 remanserunt.
1970 1864 2058 1938 Vide

467 2003 578 2077 quam
594 1980 683 2054 fides
699 1984 917 2080 argumentis
933 1984 1196 2083 prmponderet.
1215 1984 1268 2056 llli
1284 1983 1447 2081 quotidie
1463 2007 1486 2055 a
1503 1984 1576 2056 suis
1591 1982 1819 2055 consortibus
1830 1982 2056 2075 deseruntur,

468 2099 531 2196 qui
546 2101 693 2199 copiose
709 2100 917 2200 disputant:
936 2103 993 2174 isti
1010 2103 1175 2202 quotidie
1189 2118 1354 2176 crescunt
1374 2103 1436 2201 qui
1458 2101 1666 2201 simpliciter
1687 2101 1861 2192 credunt;
1885 2126 1962 2173 non
1984 2126 2059 2174 cre-

467 2217 565 2290 ditur
585 2219 823 2320 philosophis,
846 2220 1005 2294 creditur
1026 2222 1287 2321 piscatoribus3
1307 2247 1381 2294 non
1400 2221 1558 2295 creditur
1580 2221 1792 2314 dialecticis,
1812 2220 1972 2293 creditur
1992 2245 2058 2319 pu-

467 2334 627 2409 blicanis.
657 2338 710 2410 llli
727 2338 971 2438 voluptatibus
993 2356 1030 2414 ct
1053 2341 1189 2415 deliciis
1215 2341 1343 2414 orbem
1371 2340 1538 2437 ligarunt,
1568 2340 1623 2412 isti
1645 2339 1789 2437 jejuniis
1814 2352 1852 2411 et
1873 2339 2059 2412 doloribus

468 2473 658 2530 exuerunt·
685 2459 807 2532 Plures
830 2459 953 2558 itaque
974 2461 1050 2558 jam
1074 2462 1182 2560 coepit
1206 2460 1338 2534 illicere
1363 2460 1511 2556 injuria,
1539 2481 1649 2555 quam
1665 2460 1844 2557 voluptas.
1860 2487 1877 2527 u
1906 2463 1993 2530 ltem
2012 2458 2059 2531 dc

470 2575 608 2648 Arianis
637 2604 645 2647 ε
673 2605 692 2646 r
712 2581 840 2651 Nonne
863 2603 904 2651 ex
922 2579 1153 2679 philosophia
1169 2605 1316 2653 omnem
1338 2580 1528 2680 impietatis
1546 2603 1618 2650 suae
1642 2592 1826 2651 traxemnt
1841 2577 2025 2650 colorem?
2039 2608 2057 2647 n

468 2698 511 2767 Et
528 2696 724 2793 ,Apostolus
741 2696 792 2767 od
808 2698 1055 2770 Corinthios’:
1079 2727 1096 2768 1
1109 2701 1146 2770 Si
1167 2700 1267 2797 quis,
1287 2700 1422 2797 inquit,
1445 2698 1690 2771 contentiosus
1709 2696 1851 2770 videtur
1871 2719 1973 2786 esse,
1989 2720 2058 2768 nos

468 2815 575 2887 talem
598 2816 897 2890 cousuetudinem
922 2842 998 2890 non
1025 2818 1216 2912 habemus,
1241 2844 1359 2917 neque
1379 2818 1535 2890 Ecclesia
1554 2819 1633 2890 Dei.
1652 2847 1670 2887 a
1694 2822 1738 2890 Et
1764 2815 1816 2888 od
1842 2814 2058 2889 Timotheum

467 2932 620 3029 primam
646 2933 807 3008 scribens
825 2935 1036 3035 epistolam,
1056 2935 1245 3034 diligenter
1264 2937 1411 3012 eumad
1433 2937 1599 3009 ultimum
1619 2935 1811 3029 admonet,
1834 2950 1876 3007 ut
1899 2959 2059 3007 summo·

467 3076 552 3150 pere
575 3054 741 3128 inusitata
755 3055 863 3128 verba
879 3057 980 3154 quasi
995 3056 1146 3157 profana
1167 3072 1203 3129 et
1224 3057 1317 3130 lalsae
1336 3057 1490 3131 scientiae
1507 3057 1655 3153 laqueos
1673 3055 1820 3146 devitet,
1838 3080 1904 3153 per
1930 3077 2022 3151 quos
2037 3079 2057 3127 a

467 3169 539 3244 lide
555 3173 730 3270 quosdam
748 3175 822 3272 jam
846 3175 1018 3250 excidisse
1038 3177 1162 3250 asserit
1185 3176 1350 3252 dicens⁸z
1372 3208 1390 3248 a
1403 3182 1436 3250 Ο
1452 3176 1652 3269 Timotheo,
1670 3176 1876 3277 depositum
1900 3174 2054 3267 custodi,

467 3287 629 3364 devitans
653 3293 821 3393 profanas
844 3319 977 3368 vocum
1000 3296 1189 3388 novitates,
1214 3311 1249 3370 et
1267 3322 1457 3397 opponens
1480 3296 1557 3370 lalsi
1574 3297 1732 3369 nominis
1756 3295 1923 3386 scientiae,
1949 3318 2058 3392 quam

467 3410 613 3508 quidam
634 3415 896 3511 promittentes,
915 3415 1011 3498 circa
1028 3415 1138 3489 fidem
1157 3416 1378 3489 exciderunt.
1398 3449 1417 3484 a
1437 3416 1537 3489 idem
1553 3413 1601 3488 ad
1617 3413 1786 3487 eumdem
1801 3415 1837 3486 in
1855 3413 2056 3488 secundm:

469 3559 487 3594 1
501 3534 584 3603 Haec
599 3555 831 3627 commoneo,
858 3534 1050 3608 testificans
1068 3560 1191 3609 coram
1208 3540 1300 3627 Deo,
1317 3537 1392 3610 noli
1413 3536 1533 3609 verbis
1552 3534 1794 3625 contendere,
1812 3534 1849 3606 io
1867 3533 1958 3607 nihil
1976 3533 2060 3607 utile

467 3663 531 3742 est,
560 3651 629 3723 nisi
657 3652 703 3725 ad
728 3652 997 3726 subversionem
1022 3654 1260 3727 audientium·
1290 3656 1442 3729 Prolana
1472 3670 1594 3728 autern
1621 3669 1658 3727 et
1685 3653 1890 3751 vaniloquia
1916 3653 2056 3740 devita,

466 3768 620 3842 multum
642 3772 738 3842 enim
763 3770 958 3869 proliciunt
980 3771 1027 3845 ad
1052 3773 1291 3871 impietatem,
1315 3789 1352 3846 et
1372 3798 1491 3848 sermo
1518 3798 1645 3847 eorum
1671 3787 1710 3845 ut
1736 3796 1866 3845 cancer
1892 3772 2014 3871 serpit.
2039 3799 2057 3839 1

465 3890 584 3980 ltem⁸,
612 3889 819 3964 «iuvenilia
845 3906 965 3964 autern
993 3891 1171 3966 desideria
1198 3893 1293 3990 luge,
1324 3908 1459 3967 sectare
1485 3918 1572 3967 vero
1598 3893 1783 3989 justitiam,
1817 3890 1940 3982 fidem,
1969 3891 2061 3962 cari·

467 4018 588 4096 tatem,
608 4019 733 4106 pacem
751 4034 834 4082 cum
851 4011 906 4082 his
921 4012 985 4109 qui
1006 4012 1177 4085 invocant
1193 4015 1310 4085 Deum
1326 4012 1373 4086 de
1388 4012 1499 4086 corde
1514 4037 1620 4111 puro.
1640 4011 1770 4084 Stultas
1792 4024 1911 4083 autem
1927 4021 1964 4081 et
1978 4008 2055 4081 sine

466 4122 652 4223 disciplina
672 4128 885 4224 questiones
899 4128 1032 4222 devita,
1053 4130 1168 4204 sciens
1184 4133 1268 4229 quia
1284 4146 1453 4229 generant
1472 4132 1565 4204 lites.
1583 4134 1733 4202 Servum
1749 4143 1869 4202 autem
1885 4128 1954 4200 Dei
1974 4152 2051 4199 non

464 4257 606 4340 oportet
632 4244 781 4343 litigare,
807 4247 872 4320 sed
899 4263 1129 4322 mansuetum
1157 4275 1234 4323 esse
1258 4251 1305 4324 ad
1329 4277 1468 4344 omncs,
1497 4250 1705 4342 docibilem,
1725 4251 1946 4350 patientem,
1973 4271 2058 4320 cum

464 4361 640 4438 modestia
652 4366 908 4466 corripientem
924 4368 1064 4466 eosqui
1081 4369 1261 4441 resistunt.
1278 4399 1296 4439 11
1317 4371 1420 4443 Unde
1441 4384 1477 4443 et
1490 4369 1538 4444 ab
1554 4368 1609 4442 his
1626 4394 1718 4468 quos
1733 4368 1934 4442 obstinatos
1950 4379 2058 4463 atquc

463 4480 692 4580 importunos
707 4485 902 4558 viderimus
916 4487 1107 4561 circatores
1124 4488 1303 4563 declinare
1318 4515 1386 4563 nos
1403 4490 1541 4563 Veritas
1557 4488 1742 4583 admonet,
1762 4487 1903 4560 (1111111ο
1922 4514 1929 4557 :
1948 4517 1966 4552 a
1983 4490 2056 4558 No·

463 4597 523 4673 lite
540 4616 703 4675 sanctum
728 4602 814 4677 dare
840 4604 1010 4698 canibus,
1036 4633 1155 4706 neque
1181 4609 1327 4682 mittatis
1347 4610 1554 4706 margaritas
1572 4621 1705 4681 vestras
1733 4622 1817 4680 ante
1841 4629 1986 4704 porcos,
2015 4629 2060 4678 nc

463 4719 554 4794 sorte
577 4722 789 4797 conculcent
813 4724 964 4823 pedibus
989 4726 1083 4814 suis,
1111 4741 1147 4799 et
1171 4729 1337 4802 conversi
1352 4727 1592 4826 'disrumpant
1614 4751 1693 4799 vos.
1708 4754 1727 4794 u
1751 4729 1805 4798 De
1829 4723 1897 4798 illis
1921 4737 2056 4813 autem,

490 5056 623 5111 'timbron
638 5060 669 5110 de
687 5059 761 5124 lide,
777 5062 821 5112 llb.
836 5062 868 5124 tt,
884 5076 938 5127 cap.
955 5076 1008 5114 111.
1019 5089 1049 5101 -
1062 5064 1071 5094 ²
1082 5062 1197 5115 Corinth.
1211 5063 1236 5123 l,
1291 5077 1346 5127 cap.
1366 5077 1393 5126 1,
1412 5076 1436 5118 r.
1459 5062 1653 5127 11-11111,
1673 5074 1698 5113 1.
1715 5058 1926 5122 22.-·1taru.‚
1943 5070 1999 5121 ο11)·
2015 5068 2059 5118 111.

462 5149 515 5199 cap.
528 5150 562 5199 xr,
574 5154 596 5191 r.
613 5144 692 5192 11-
708 5141 794 5193 ’Tim
813 5141 833 5206 l,
849 5156 904 5206 cap.
917 5157 953 5207 rr,
969 5155 993 5192 r.
1013 5145 1053 5195 to.
1064 5144 1188 5196 -⁴Tr‘rn.
1207 5144 1238 5207 ll,
1292 5157 1316 5195 v.
1328 5146 1352 5195 6.
