4559 6100
911 528 1144 604 nttmotts.
1750 528 1823 602 675

230 726 330 775 mum
354 701 494 775 bonum
516 699 787 792 constituerint,
809 698 901 771 sicut
917 700 1073 798 Epicuro
1093 713 1130 773 et
1148 698 1226 797 ejus
1248 696 1477 798 sequacibus,
1495 696 1623 791 idest,
1641 699 1825 797 Epicureis

228 822 333 896 multi
350 846 415 921 per
432 821 670 919 ignorantiam
686 820 902 918 imponunt,
928 841 1004 891 non
1021 817 1191 917 equidem
1208 819 1465 916 intelligentes,
1485 817 1573 916 quid
1589 817 1653 906 illi,
1672 833 1712 891 nt
1728 818 1825 892 dixi·

229 940 544 1043 musroluptatem
561 939 803 1012 nominarent.
822 937 1004 1035 Alioquin,
1023 951 1065 1009 ut
1079 937 1248 1027 diximus,
1260 940 1408 1025 Seneca,
1421 937 1668 1010 illemaximus
1679 961 1825 1010 morum

228 1058 424 1132 {edificator
446 1073 483 1132 et
498 1059 837 1151 continentissimae,
863 1057 958 1130 sicut
978 1070 1015 1129 et
1037 1080 1104 1129 vos
1120 1057 1189 1156 ipsi
1209 1054 1448 1156 profitemini,
1473 1056 1569 1147 vitre,
1595 1079 1826 1154 nequaquam

229 1179 374 1277 Epicuri
401 1193 574 1276 tanquam
598 1178 758 1274 magistri
775 1177 832 1250 sni
853 1176 1048 1254 sententias
1072 1190 1147 1248 tem
1171 1174 1300 1248 crebro
1323 1175 1370 1249 ad
1390 1175 1663 1249 instructionem
1682 1199 1826 1249 morum

229 1298 429 1389 induceret,
452 1300 482 1369 si
499 1298 549 1371 ita
562 1312 602 1371 ut
623 1296 766 1387 dicitur,
785 1295 985 1370 sobrietatis
1000 1311 1108 1395 atque
1130 1295 1327 1369 honestatis
1342 1297 1521 1371 tramitem
1537 1295 1752 1370 excessisset.

278 1421 482 1509 Cnnrsrun.
506 1421 590 1490 Esto
609 1432 650 1490 ut
667 1418 832 1510 estimas,
854 1414 916 1488 sed
939 1413 1024 1507 hoc,
1041 1439 1178 1513 quaeso,
1199 1417 1315 1514 aperi,
1335 1430 1455 1490 utrum
1476 1415 1548 1488 boc
1570 1415 1681 1488 modo
1697 1415 1827 1513 volup·

229 1551 339 1611 tatem
364 1537 614 1634 intelligentes,
639 1537 755 1611 abeis
777 1537 841 1635 qui
862 1535 1032 1609 virtutem
1055 1536 1261 1629 nominant,
1286 1561 1394 1610 sensu
1416 1536 1524 1609 etiam
1547 1538 1639 1610 sicut
1659 1551 1696 1609 et
1712 1535 1830 1609 verbis

229 1656 416 1732 dissident.
920 1645 923 1651 ⁴

281 1781 422 1851 Pmnos.
443 1777 546 1852 Nulla
563 1792 626 1851 aut
644 1800 755 1877 parva
775 1787 952 1873 quantum
970 1773 1017 1848 ad
1034 1776 1218 1848 sententiae
1235 1800 1414 1848 summam
1431 1790 1484 1849 est
1501 1799 1628 1848 eorum
1646 1776 1827 1851 distantia.

229 1900 307 1969 Hoc
323 1898 443 1998 ipsum
460 1897 650 1971 virtutibus
667 1895 805 1996 pollere
829 1906 882 1967 est
897 1892 994 1967 banc
1018 1894 1147 1968 animae
1170 1895 1463 1993 tranquillitatem
1488 1894 1623 1969 habere
1643 1910 1680 1969 et
1702 1921 1723 1969 e
1743 1921 1830 1969 eon·

230 2040 349 2090 verso.

279 2141 485 2211 Cnnrsrntr.
504 2142 584 2210 Una
604 2137 725 2233 itaque
742 2133 919 2208 sententia
938 2146 992 2206 est
1009 2147 1247 2231 utrorumque
1263 2135 1468 2209 desummo
1485 2132 1601 2224 bono,
1621 2159 1708 2208 vero
1731 2161 1829 2208 nun·

230 2259 376 2355 cupatio
393 2259 556 2348 diversn3
574 2281 618 2330 ac
633 2257 684 2329 sic
700 2255 780 2328 duae
796 2252 863 2327 illae
879 2277 958 2351 quae
978 2252 1197 2327 videbantur
1221 2255 1268 2328 de
1286 2279 1430 2328 summo
1452 2253 1554 2327 bono
1578 2257 1761 2329 sententie
1786 2257 1832 2330 ad

232 2400 342 2450 unam
361 2392 447 2450 sunt
463 2377 626 2451 redactae.

281 2500 426 2569 Prnxos.
443 2498 502 2570 Sic
520 2496 672 2570 aestimo

279 2618 485 2690 Cnmsrnn.
504 2620 550 2687 Et
565 2640 676 2714 quam
696 2639 787 2712 rogo
803 2614 899 2688 viam
919 2614 1055 2689 adhoc
1075 2639 1259 2689 summum
1274 2616 1417 2691 bonum
1435 2615 1474 2689 id
1495 2630 1550 2688 est
1566 2616 1735 2691 virtutem
1751 2643 1833 2718 per·

230 2735 398 2809 veniendi
415 2735 710 2810 constituebant?

282 2863 422 2934 Pmnos.
446 2866 569 2961 lpsum
590 2861 755 2961 profecto
776 2860 923 2934 moralis
938 2861 1104 2934 lectionis
1125 2859 1287 2935 studium
1307 2859 1365 2932 vel
1385 2860 1577 2935 domandae
1599 2862 1717 2935 camis
1734 2886 1835 2935 exer·

232 2977 375 3069 citium,
394 2996 435 3053 ut
450 2980 550 3055 bona
566 2982 604 3053 in
620 2979 786 3054 habitum
801 2981 952 3056 solidata
966 2981 1147 3074 voluntas,
1166 2982 1278 3055 virtus
1291 2981 1363 3055 dici
1380 2996 1499 3079 queat.

281 3103 488 3173 Cnnrsrnn.
506 3105 551 3173 Et
565 3125 674 3198 quem
690 3125 768 3173 esse
783 3099 931 3174 beatum
948 3100 1150 3175 deliniunt?

284 3221 425 3292 Pinnos.
449 3224 598 3291 Beatum
620 3220 723 3316 quasi
742 3218 838 3291 bene
859 3233 984 3318 aptum
1009 3220 1149 3312 dicunt,
1166 3219 1239 3293 hoc
1255 3222 1361 3293 estin
1380 3218 1550 3293 omnibus
1565 3219 1659 3294 bene
1679 3237 1715 3296 et
1734 3222 1836 3297 facile

233 3360 271 3408 se
286 3351 466 3435 agentem,
491 3351 531 3410 nt
550 3336 647 3411 idem
671 3338 718 3410 sit
737 3337 872 3411 scilicet
892 3337 1041 3412 beatum
1061 3362 1151 3432 esse,
1170 3338 1271 3438 qnod
1289 3337 1397 3412 bonis
1413 3338 1577 3412 moribus
1594 3339 1633 3412 id
1654 3356 1708 3414 est
1723 3334 1835 3416 'virtu-

234 3454 330 3529 tibus
348 3456 497 3556 pollere.

282 3579 488 3652 Cunnum.
515 3577 697 3675 Numquid
720 3578 767 3651 de
787 3578 1055 3653 immortalitate
1076 3577 1205 3653 anime
1225 3594 1262 3653 et
1285 3578 1443 3677 quadam
1467 3578 1594 3651 futurae
1614 3581 1695 3652 vitae
1716 3579 1836 3654 beati-

235 3696 360 3771 tudine
376 3696 575 3795 quidquam
594 3698 784 3791 aestimant,
803 3713 840 3771 et
855 3723 936 3772 earn
946 3724 1022 3799 ,pro
1039 3698 1174 3771 meritis
1190 3699 1265 3771 snis
1282 3697 1515 3798 exspectant?

284 3820 427 3891 Pinnos.
447 3819 499 3892 lta
515 3817 697 3916 equidem,
716 3816 780 3890 sed
794 3817 884 3913 quid
902 3815 1008 3892 inde?

282 3938 491 4010 Cnmsrrsn.
524 3937 707 4035 Numquid
739 3935 834 4010 illius
856 3938 939 4010 vitae
964 3937 1226 4012 beatitudinem
1244 3938 1409 4037 judicent
1431 3938 1628 4036 majorem,
1650 3937 1715 4011 ubi
1736 3938 1835 4013 vide·

233 4054 316 4130 lioet
339 4081 402 4130 eos
424 4071 610 4157 susceptos
630 4056 752 4129 nullus
773 4057 897 4155 affligit
918 4059 1094 4158 passionis
1109 4058 1229 4147 dolor,
1256 4073 1297 4131 ut
1311 4057 1361 4131 ibi
1377 4060 1499 4157 potius
1524 4082 1634 4155 quam
1651 4059 1712 4132 hic
1736 4083 1834 4132 sum·

234 4200 337 4250 mum
351 4178 509 4252 hominis
524 4159 665 4252 bonnm
685 4191 723 4251 et
739 4202 861 4251 veram
876 4177 1138 4252 beatitudinem
1157 4180 1426 4280 exspectemus?

285 4301 428 4370 Prinos.
456 4299 566 4387 Quies
593 4298 742 4396 quidem
763 4297 858 4372 illius
875 4300 954 4371 vitae
979 4300 1133 4373 maxima
1157 4314 1210 4373 est
1235 4298 1283 4374 ab
1304 4302 1426 4389 omni,
1447 4316 1488 4373 ut
1512 4300 1643 4393 dixisti,
1668 4303 1835 4401 passione

236 4414 428 4510 immunis,
447 4418 511 4489 sed
528 4443 612 4490 cum
630 4419 778 4492 afflictio
794 4433 920 4511 cessat,
940 4442 1171 4517 nequaquam
1185 4420 1308 4514 augeri
1324 4417 1585 4491 beatitudinem
1605 4419 1747 4514 dicunt,
1766 4422 1835 4494 nisi

237 4535 348 4606 virtus
369 4550 566 4629 excrescat,
593 4560 659 4610 neo
682 4539 873 4636 quisquam
894 4538 941 4611 ab
963 4541 1014 4611 eis
1031 4523 1171 4612 beatior
1194 4537 1271 4610 lieri
1295 4537 1440 4630 dicitur,
1464 4538 1533 4610 nisi
1556 4540 1690 4613 virtute
1708 4542 1836 4614 melior

236 4651 435 4747 efficiatum
470 4656 588 4753 ipsum
622 4658 772 4755 quippe,
804 4672 846 4729 ut
872 4657 967 4751 dixi,
993 4656 1174 4730 definiunt
1206 4656 1352 4730 beatum
1385 4681 1482 4750 esse,
1513 4658 1616 4754 quod
1645 4675 1699 4732 est
1724 4660 1836 4732 virtu·

236 4769 335 4845 tibus
360 4773 509 4873 pollere.
531 4775 634 4848 Unde
654 4789 691 4849 et
712 4775 898 4873 quislibet,
922 4776 1011 4851 dum
1028 4802 1096 4877 pro
1116 4777 1254 4875 justitia
1274 4777 1408 4876 patitur
1427 4791 1465 4851 et
1485 4776 1657 4877 patiendo
1682 4779 1837 4879 amplius

238 4895 366 4967 mereri
392 4893 537 4986 dicitur,
563 4920 663 4995 mque
685 4894 811 4968 beatus
832 4898 871 4969 in
898 4898 1099 4991 tormentis,
1128 4911 1276 4971 utente
1301 4898 1445 4993 dicitur,
1473 4897 1558 4996 quia
1575 4921 1678 4997 aeque
1702 4896 1835 4972 bouus.

239 5014 411 5101 Quamvis
427 5016 524 5087 enim
538 5015 653 5090 virtus
671 5015 747 5114 ejus
768 5037 867 5089 nuuc
882 5017 996 5115 magis
1010 5041 1121 5118 quam
1139 5018 1241 5128 prius
1262 5031 1447 5130 apparent,
1470 5040 1701 5120 nequequam
1716 5032 1836 5092 temen

238 5159 282 5210 ex
301 5151 482 5213 tormento
502 5140 631 5234 crevit,
654 5139 718 5213 sed
739 5165 783 5214 ex
802 5154 999 5232 tormento,
1022 5156 1159 5239 quanta
1172 5155 1250 5217 erat
1262 5142 1440 5241 apparuit.
1461 5140 1559 5216 sbsit
1574 5142 1672 5222 enim
1689 5158 1730 5217 ut
1745 5167 1838 5241 que·
