4559 6100
441 496 516 572 666
1037 494 1165 573 ΡΕΤΒΙ
1192 493 1429 567 tumbam

379 650 386 669 '
442 647 691 734 nominamus,
716 646 794 743 ipsa
819 645 960 719 reserat.
983 644 1088 717 Unde
1104 657 1140 716 et
1165 643 1325 716 similiter
1350 640 1454 716 cibos
1473 639 1631 714 mundos
1652 638 1711 712 vel
1735 640 1944 714 immundos
1971 666 2037 723 no·

444 768 569 857 minat,
585 766 677 837 sicut
693 777 730 836 et
740 763 921 857 homines,
940 765 1065 854 lectos,
1084 762 1201 852 sedes,
1213 777 1250 834 ct
1263 775 1376 834 totam
1391 758 1674 860 suppellectilem
1687 758 1834 852 domus,
1847 784 1912 832 seu
1929 762 2038 834 etiam

443 898 558 958 uestes
583 898 618 955 et
645 883 816 981 pleraque
843 884 911 956 alia
938 883 1135 955 inanimata
1161 880 1349 954 immunda
1374 906 1436 954 seu
1461 877 1599 978 polluta
1631 878 1835 976 frequenter
1866 879 2036 980 appellat.

443 1002 554 1093 Quod
574 1004 603 1075 si
626 1001 871 1074 immunditias
894 1002 1107 1090 hominum,
1126 1024 1281 1098 quarum
1306 998 1572 1099 purificationes
1596 998 1764 1071 institutae
1780 1012 1880 1089 sunt,
1899 998 1956 1071 bis
1976 1000 2039 1095 qui

444 1123 680 1219 inquinantur
703 1122 858 1219 peccatis
879 1143 1132 1210 connumeres,
1159 1118 1336 1217 numquid
1361 1117 1530 1191 seminam
1548 1130 1629 1215 post
1650 1133 1794 1216 partum
1816 1142 1882 1217 per
1902 1116 2042 1191 sacrifi-

444 1244 542 1314 cium
562 1240 775 1317 mundatam,
795 1265 836 1313 ex
859 1240 932 1313 hoc
950 1241 1043 1338 ipso,
1064 1238 1165 1337 quod
1182 1240 1341 1338 peperit,
1361 1252 1549 1337 peccatum
1565 1239 1758 1311 iucurrisse
1775 1237 1935 1336 judicas,
1956 1262 2042 1311 cum

445 1360 543 1434 illam
569 1361 689 1460 potius
715 1359 942 1433 maledictam
965 1359 1157 1451 censeatis,
1181 1382 1262 1456 quae
1285 1381 1361 1430 non
1385 1357 1569 1456 refiquen‘t
1589 1381 1711 1431 semen
1735 1358 1773 1429 in
1798 1357 1928 1430 lsrael?
1944 1357 2042 1446 Quid

446 1482 574 1569 ctiam,
605 1494 713 1578 peto,
739 1481 794 1550 vir
818 1480 881 1576 qui
904 1480 1037 1579 patitur
1062 1476 1198 1550 fluxum
1221 1475 1366 1549 seminis
1392 1499 1435 1548 ex
1458 1474 1530 1548 hoc
1553 1475 1755 1548 contrahit?
1779 1479 1896 1565 Quem
1921 1490 2043 1549 tamen

447 1600 540 1673 adeo
565 1596 844 1670 abominabilem
871 1612 992 1670 censet
1017 1597 1092 1686 lex,
1117 1611 1159 1668 ut
1188 1595 1301 1669 lectus
1325 1596 1362 1667 iu
1388 1620 1462 1692 quo
1493 1594 1682 1667 dormierit
1705 1595 1914 1668 immundus
1937 1596 1984 1667 sit
2005 1610 2044 1668 et

448 1718 654 1814 ubicunque
679 1716 823 1789 sederit.
854 1721 923 1788 Vas
950 1717 1056 1788 etiam
1083 1714 1191 1788 fictile
1227 1713 1327 1813 quod
1353 1714 1561 1810 contigerit,
1592 1713 1856 1810 confringatur,
1884 1713 2044 1809 ligneum

447 1860 534 1908 vero
551 1835 704 1908 lavetur.
724 1835 760 1906 Si
781 1834 861 1932 quis
879 1834 1071 1907 hominum
1088 1834 1241 1932 tetigerit
1258 1835 1389 1907 lectum
1408 1832 1498 1929 ejus,
1514 1831 1568 1905 vel
1586 1832 1718 1906 sederit
1733 1831 1795 1904 ubi
1809 1831 1868 1904 ille
1883 1831 2041 1926 sederat,

449 1954 585 2028 lavabit
601 1955 813 2027 uestimenta
829 1978 908 2045 sua,
927 1969 963 2027 et
981 1954 1057 2053 ipse
1073 1954 1182 2026 etiam
1198 1954 1293 2026 lotus
1308 1976 1401 2049 aqua
1422 1951 1630 2025 immundus
1645 1951 1713 2024 erit
1729 1976 1843 2050 usque
1859 1950 1905 2025 ad
1924 1976 2047 2051 vespe·

449 2078 556 2148 ram¹.
581 2072 708 2146 Mulier
731 2098 878 2171 quoque
894 2099 978 2146 cum
995 2073 1203 2146 naturaliter
1225 2072 1446 2146 accidentem
1464 2087 1730 2145 menstruorum
1752 2072 1885 2171 patitur
1910 2072 2047 2145 fluxum

449 2192 542 2266 adeo
568 2192 756 2266 immunda
780 2209 958 2280 censetur,
987 2208 1027 2265 ut
1052 2193 1090 2265 id
1113 2215 1262 2288 quoque
1287 2192 1324 2264 in
1349 2217 1424 2288 quo
1450 2192 1637 2265 dormierit
1662 2190 1718 2264 uel
1752 2190 1884 2264 sederit
1917 2193 2049 2264 iterum

449 2312 643 2412 polluatur,
658 2328 698 2384 ut
715 2338 781 2386 suo
798 2328 896 2387 tactu
912 2312 1080 2410 quaelibet
1094 2312 1245 2411 polluat,
1262 2312 1353 2383 sicut
1367 2327 1403 2384 et
1419 2311 1465 2384 de
1478 2312 1556 2383 viro
1571 2312 1728 2409 patiente
1745 2310 1882 2383 fluxum
1900 2314 2049 2385 seminis

450 2432 714 2532 supradictum
741 2446 806 2505 est.
824 2432 921 2521 Quid
940 2457 1027 2505 vero
1048 2431 1126 2503 liaec
1152 2431 1304 2504 obsecro
1327 2428 1372 2501 ad
1397 2430 1683 2527 inquinationem
1706 2429 1851 2523 animae,
1872 2446 1913 2503 ut
1937 2430 2049 2505 lectus

449 2552 615 2625 videlicet
637 2553 850 2648 cujusquam
868 2566 1055 2623 contactus
1074 2551 1184 2623 etiam
1200 2549 1403 2646 polluatur?
1417 2552 1505 2638 Quae
1522 2564 1605 2622 sunt
1620 2550 1706 2641 istae,
1721 2574 1802 2641 oro,
1815 2549 2049 2624 immunditiae

450 2670 508 2741 vel
531 2667 773 2767 pollutiones?
793 2670 895 2740 Certe
913 2669 981 2741 illae
1001 2692 1082 2764 quae
1097 2684 1133 2741 et
1156 2667 1343 2760 ciborum,
1367 2683 1410 2740 ut
1431 2670 1523 2740 sicut
1544 2668 1595 2740 illi
1620 2667 1722 2741 vobis
1743 2670 1879 2745 vitandi
1901 2685 1985 2742 sunt
2010 2672 2047 2744 iu

452 2813 534 2875 esu,
552 2788 602 2859 sio
619 2788 683 2858 ista
701 2787 738 2857 in
757 2800 867 2878 tactu,
883 2802 919 2859 et
935 2789 1027 2860 sicut
1043 2788 1103 2860 illa
1117 2786 1323 2876 immunda,
1347 2787 1432 2884 quia
1449 2811 1523 2860 non
1537 2787 1691 2877 edenda,
1709 2789 1762 2860 sic
1779 2790 1844 2861 ista
1862 2788 2050 2862 immunda

451 2907 508 2979 vel
529 2905 679 3004 polluta,
698 2907 785 3004 quia
807 2930 882 2978 non
899 2906 1097 3003 tangenda,
1117 2921 1154 2979 et
1169 2907 1291 3003 quiea
1308 2919 1480 3001 tangunt,
1498 2909 1653 2981 etiamsi
1673 2909 1849 3008 compulsi
1866 2908 1921 2981 uel
1944 2910 2048 3007 igno·

453 3041 572 3100 rantes
595 3025 632 3099 id
650 3024 802 3118 faciunt,
822 3026 1000 3100 immundi
1023 3027 1184 3100 similiter
1202 3025 1457 3119 decernuntur,
1473 3028 1559 3126 quia
1578 3028 1615 3100 in
1640 3027 1877 3103 familiaritate
1900 3054 2050 3103 conver·

453 3147 601 3221 sationis
624 3147 760 3221 vitandi
789 3172 903 3245 usque
930 3148 978 3220 ad
999 3147 1183 3246 prefixum
1207 3146 1464 3245 purificationis
1488 3150 1696 3222 terminum.
1716 3153 1804 3238 Quae
1827 3175 1914 3225 vero
1936 3154 2051 3226 mani·

454 3267 543 3340 festa
568 3282 651 3339 sunt
675 3281 837 3366 peccata,
864 3269 955 3340 sicut
980 3267 1218 3340 homicidium
1242 3266 1299 3338 vel
1323 3266 1538 3339 adulterium
1560 3285 1596 3340 et
1618 3268 1763 3356 similia,
1792 3285 1910 3343 morte
1932 3274 2052 3371 potius

455 3385 653 3459 multantur
675 3410 784 3483 quam
804 3385 986 3458 sacrificiis
1004 3387 1207 3484 expiantur,
1231 3410 1299 3459 nec
1321 3387 1372 3459 eis
1396 3386 1519 3459 talium
1537 3386 1828 3486 purificationum
1847 3390 2053 3488 indulgetur

455 3499 679 3592 remedium,
711 3500 842 3598 quibus
872 3502 1000 3573 salvari
1031 3503 1162 3599 quiea
1192 3502 1451 3574 commiserunt
1480 3503 1633 3576 valeant.
1664 3508 1715 3576 Ex
1740 3528 1814 3600 quo
1841 3508 1954 3604 magis
1989 3505 2054 3579 bas

454 3619 723 3717 purificationes
739 3620 786 3693 ad
804 3620 999 3717 quamdam
1016 3623 1096 3694 vitae
1114 3622 1297 3720 praesentis
1316 3621 1556 3715 honestatem,
1573 3623 1746 3721 quemad
1763 3624 1892 3696 animae
1904 3626 2053 3698 salutem

456 3738 632 3836 intelligas
655 3739 937 3813 accommodari.
969 3744 1122 3814 Etcum
1156 3740 1280 3814 talium
1312 3756 1458 3841 peccata
1485 3742 1687 3815 condonari
1714 3742 1898 3835 dicuutur,
1930 3769 2055 3844 poenas

456 3856 534 3931 illas
561 3859 766 3955 corporales
792 3884 871 3956 quae
887 3885 954 3957 pro
976 3862 1063 3960 ipsis
1082 3863 1252 3934 institutae
1273 3877 1379 3950 suut,
1399 3861 1456 3934 his
1480 3863 1542 3958 qui
1563 3887 1585 3935 a
1610 3862 1846 3938 conversione
1869 3867 2052 3937 communi

457 3992 680 4074 separantur,
697 3976 848 4051 relaxari
864 3995 1018 4053 constat.
1031 3981 1215 4079 Numquid
1230 3982 1326 4053 enim
1343 3996 1379 4054 et
1396 3980 1494 4054 aliud
1510 3983 1783 4081 intelligendum
1799 4000 1852 4058 est
1866 3998 2053 4083 peccatum

458 4094 677 4183 condonari,
707 4120 817 4192 quam
837 4122 981 4196 poenam
1000 4101 1032 4170 ei
1049 4098 1210 4172 debitam
1231 4101 1400 4192 relaxari,
1427 4102 1500 4174 sive
1517 4102 1577 4177 illa
1592 4104 1637 4176 sit
1659 4106 1854 4205 corporalis
1877 4104 1950 4176 sive
1974 4127 2056 4202 per

458 4219 598 4313 petua¹.
628 4216 761 4287 Animae
785 4240 872 4288 uero
899 4230 1016 4288 reatus
1038 4218 1130 4289 sicut
1154 4218 1338 4291 voluntate
1365 4220 1473 4318 ipsius
1501 4224 1752 4312 committitur,
1789 4248 1851 4323 per
1883 4222 1960 4320 ojus
1991 4247 2056 4296 cor

458 4336 655 4408 contritum
679 4360 721 4409 ac
738 4361 859 4410 veram
873 4338 1093 4437 poenitentiae
1109 4338 1428 4436 compunctionem
1445 4343 1565 4414 statim
1579 4344 1628 4416 ita
1645 4344 1886 4438 condonatur,
1905 4359 1945 4416 ut
1964 4342 2055 4415 ulte·

459 4455 533 4526 rius
558 4481 625 4553 pro
647 4458 727 4554 ipso
745 4456 948 4529 nullatenus
966 4456 1171 4548 damnetur,
1191 4458 1282 4530 sicut
1297 4458 1435 4532 dictum
1453 4466 1529 4534 cst’
1549 4489 1558 4532 ε
1581 4492 1599 4530 u
1614 4465 1695 4536 Dixi
1712 4466 1917 4539 confitebor
1933 4463 2052 4536 adver·

460 4598 542 4648 sum
568 4599 639 4647 me.
656 4604 674 4640 a
697 4580 892 4673 Postquam
910 4577 1007 4649 enim
1023 4593 1192 4676 peccator
1207 4581 1384 4677 poenitens
1400 4581 1499 4679 apud
1516 4606 1555 4654 se
1572 4585 1757 4657 constituit
1772 4610 1810 4658 se
1828 4585 1948 4684 ipsum
1971 4582 2056 4655 inde

460 4718 525 4791 per
540 4693 804 4767 confessionem
820 4718 1002 4789 accusare,
1012 4698 1088 4793 jam
1104 4698 1143 4769 iu
1161 4697 1230 4773 hoc
1243 4699 1336 4798 ipso,
1355 4699 1456 4797 quod
1470 4700 1577 4801 culpa
1589 4727 1763 4802 perversae
1782 4704 1978 4778 voluntatis
1994 4728 2057 4802 per

459 4838 569 4910 quam
591 4813 789 4911 deliquerat
810 4830 925 4905 caret,
946 4832 1065 4889 reatus
1084 4818 1230 4892 admissi
1255 4834 1290 4892 et
1309 4843 1417 4919 poena
1439 4820 1515 4916 ejus
1534 4837 1707 4921 perpetua
1729 4823 1973 4914 condonatur,
1992 4825 2058 4896 etsi

494 5092 603 5158 'totu
615 5109 671 5159 cap.
682 5110 724 5149 rr.
744 5095 897 5149 —²Psolm.
911 5109 984 5163 xxxi,
996 5112 1020 5148 r.
1032 5101 1058 5152 ὅ.
