4559 6100
809 1010 1182 1117 MAGISTRI

226 1361 229 1368 ’
319 1275 783 1518 PETRI
866 1272 1686 1516 ABAELARDI

475 1683 952 1818 THEOLOGIA
1014 1682 1527 1816 CHRISTIANA.

247 2165 458 2258 Theologiam
478 2167 690 2232 Christianam
711 2167 883 2232 ediderunt
897 2170 1035 2281 primum
1052 2169 1198 2235 Martene
1215 2186 1248 2234 et
1263 2170 1426 2235 Durand
1418 2193 1451 2232 m
1468 2170 1573 2233 Tomo
1593 2169 1622 2231 V
1648 2169 1801 2233 Thesauri

205 2263 790 2353 Anecdotorum,p.1156-1359,ex
806 2267 1021 2356 manuscripto
1038 2265 1157 2331 Codice
1172 2266 1304 2351 Majoris
1318 2266 1504 2331 Monasterii
1510 2266 1591 2354 ‚qui
1609 2289 1693 2330 nunc
1709 2282 1756 2330 est
1768 2268 1800 2328 in

205 2361 401 2426 Bibliotheca
416 2361 609 2426 Turonensi.

247 2458 354 2522 Pauca
369 2458 464 2523 nobis
483 2457 619 2523 dicenda
635 2477 709 2524 sunt
721 2458 762 2525 de
774 2459 882 2524 libro'
874 2483 943 2550 ipso
959 2459 993 2524 in
1009 2482 1086 2548 quo,
1103 2475 1219 2548 praeter
1236 2458 1344 2524 addita
1363 2458 1512 2548 quaedam
1527 2457 1578 2523 vel
1595 2475 1714 2523 mutata
1732 2482 1802 2547 quae

206 2578 271 2619 non
286 2554 557 2620 habentmultum
573 2558 742 2638 momenti,
761 2556 960 2622 Introductio
982 2556 1023 2621 ad
1043 2557 1255 2647 Theologiam
1280 2580 1363 2647 saepe
1385 2556 1426 2621 ad
1437 2557 1576 2622 litteram
1597 2556 1695 2622 veluti
1711 2573 1800 2620 tran-

204 2652 318 2742 scripta
343 2667 400 2716 est.
427 2651 496 2716 Nec
520 2651 655 2717 dubium
673 2670 720 2719 est
742 2655 838 2766 quin·
841 2654 887 2718 ibi
903 2655 966 2718 sint
982 2654 1047 2719 duo
1064 2655 1113 2719 isti
1129 2652 1229 2717 libelli
1246 2655 1300 2742 qui
1316 2655 1349 2718 in
1365 2678 1478 2718 manus
1493 2652 1653 2718 Guillelmi
1669 2652 1803 2716 Abbatis

204 2748 237 2813 S.
255 2747 448 2813 Theodorici
463 2765 631 2830 venerunt,
649 2752 763 2839 etqui,
783 2768 1030 2841 utipsescupsrt
1047 2751 1089 2815 ad
1109 2751 1143 2817 S.
1162 2750 1403 2831 Bernardum¹,
1427 2750 1545 2816 «idem
1567 2773 1650 2840 pene
1661 2766 1804 2815 contine·

205 2846 294 2925 bant,
313 2846 373 2910 nisa
364 2845 503 2935 quod'
495 2869 529 2910 ιιι
546 2846 646 2912 altero
663 2847 770 2937 plus,'
762 2873 795 2914 ιιι
808 2848 908 2915 altero
924 2850 1029 2913 minus
1046 2848 1245 2939 aliquando
1237 2849 1472 2914 tuveniretur.

247 2942 458 3033 Theologiam
478 2944 897 3036 Christianamsuspicamur
916 2962 1093 3036 susceptam
1116 2946 1238 3012 baisse
1230 2970 1264 3010 m
1281 2945 1468 3010 AbbatiaS.
1486 2943 1631 3025 Gildasii,
1646 2967 1706 3010 nec
1718 2943 1804 3009 ahud

206 3040 309 3130 primo
335 3040 430 3107 fuisse
449 3064 545 3131 quam
566 3043 804 3108 exhortationes
826 3042 981 3133 quasdam
1004 3042 1045 3108 ad
1065 3043 1243 3109 monachos
1258 3043 1352 3128 hujus
1368 3042 1505 3107 abbatiae
1522 2992 1803 3107 edooehdoshabi-

202 3154 261 3204 tas.
273 3138 398 3227 Nempe
414 3138 602 3203 Abaelardus
616 3138 705 3204 haud
720 3140 818 3204 semel
843 3142 905 3204 hac
923 3140 1137 3229 compellandi
1158 3140 1308 3220 formula,
1326 3140 1473 3220 Fratres,
1491 3140 1606 3219 utitur3
1625 3141 1691 3203 imo
1714 3154 1746 3204 et
1770 3140 1803 3201 in

205 3234 397 3323 quibusdam
412 3235 492 3300 locis
515 3236 650 3301 oratoris
665 3237 867 3302 vehementia
883 3235 1081 3325 deprehendi
1100 3254 1219 3327 potest.
1245 3235 1340 3300 Adde
1367 3235 1456 3324 quod
1483 3237 1517 3299 ιιι
1544 3236 1737 3325 Fragmento
1762 3257 1802 3298 ex

205 3331 301 3397 Libro
316 3331 458 3397 incerto²
478 3348 647 3411 memorat,
678 3362 691 3388 «ι
703 3332 967 3397 Exhortationem
986 3333 1028 3397 ad
1049 3334 1176 3398 Fratres
1195 3350 1228 3399 et
1244 3333 1494 3398 commonachos
1516 3330 1557 3396 de
1580 3330 1644 3395 fide
1665 3330 1804 3420 philoso-

203 3430 342 3518 phorum
359 3444 454 3517 atque
469 3430 554 3509 vita,
564 3430 629 3493 sive
641 3429 737 3493 etiam
753 3428 918 3518 disciplina
932 3452 1072 3494 morum.
1091 3461 1104 3487 a
1128 3430 1214 3495 Illud
1229 3446 1335 3520 potest
1346 3430 1458 3495 referri
1468 3428 1510 3493 ad
1520 3428 1699 3493 orationem
1709 3428 1803 3491 habi·

203 3542 271 3590 tam
288 3525 322 3589 in
338 3524 391 3590 die
414 3525 494 3591 festo
510 3525 544 3590 S.
557 3522 697 3589 ¹loannis
713 3526 875 3615 Baptistae,
892 3526 925 3589 in
942 3550 1005 3614 qua
1025 3526 1123 3592 talem
1143 3528 1309 3592 materiam
1326 3524 1514 3591 Abaelardus
1536 3525 1641 3590 obiter
1659 3525 1800 3615 attingit,

205 3623 260 3689 sed
276 3623 303 3687 si
318 3625 385 3708 ejus
400 3625 498 3689 verba
516 3623 666 3687 attentius
687 3623 908 3713 perpenderis,
928 3622 987 3688 tibi
1012 3623 1180 3713 probabile
1195 3624 1356 3689 ridebitur
1369 3624 1414 3688 ibi
1429 3622 1606 3689 secundum
1618 3621 1801 3711 Theologia

205 3720 389 3784 Christianae
403 3718 522 3785 librum
540 3720 646 3810 potius
663 3718 833 3809 designari.
854 3720 1048 3805 Conjicimus
1070 3719 1280 3786 Abaelardum
1300 3723 1372 3787 Diri
1387 3721 1520 3787 Gildasii
1534 3719 1710 3784 monachos
1724 3741 1803 3783 oon·

206 3817 297 3883 cione
313 3839 401 3882 sacra
417 3817 633 3907 alloquentem
643 3839 736 3881 usum
751 3817 846 3882 frume
860 3816 1136 3883 adhortationibus
1155 3841 1173 3884 e
1194 3842 1251 3884 sua
1267 3819 1510 3891 Introductione
1530 3817 1572 3883 ad
1593 3816 1802 3907 Theologiam

206 3911 340 3978 fideliter
356 3915 525 4004 expressis3
542 3929 828 4003 easautempostea
844 3915 877 3978 in
893 3937 1008 4004 corpus
1019 3915 1135 3980 iterum
1144 3915 1315 4006 redegisse,
1330 3915 1443 3982 ordine
1451 3915 1549 3981 totius
1559 3913 1664 4004 operis
1670 3929 1702 3978 et
1709 3914 1801 3979 simul

206 4010 397 4099 quibusdam
412 4012 490 4077 locis
511 4010 702 4102 paululum
694 4012 887 4094 immutatis3
911 4013 999 4077 unde
1017 4035 1137 4077 novum
1160 4014 1261 4079 exisse
1285 4012 1457 4102 quemdam
1482 4010 1626 4078 libellum
1650 4011 1801 4100 pleraque

207 4107 333 4172 alterius
345 4107 552 4187 referentem,
571 4109 615 4172 ita
631 4123 740 4173 tamen
754 4123 791 4173 ut
805 4110 889 4173 inter
905 4125 1073 4221 utrumque
1088 4112 1128 4175 sit
1147 4109 1227 4175 illud
1245 4110 1433 4176 discriminis
1441 4109 1579 4198 ,quod
1570 4125 1653 4174 mter
1665 4110 1801 4197 primam

207 4203 441 4292 secundamque
457 4204 601 4290 ejusdem
617 4206 721 4294 operis
737 4203 913 4271 editionem
929 4208 1061 4296 reperim
1051 4206 1166 4273 solet.

250 4302 301 4364 An
317 4301 494 4393 Theologia
509 4300 686 4367 Christiana
701 4301 845 4367 absoluta
861 4303 957 4368 fuerit
979 4304 1149 4386 nescimus,
1166 4327 1240 4370 cum
1253 4304 1357 4370 desit
1348 4328 1382 4369 ιιι
1396 4303 1522 4370 Codice
1538 4305 1565 4368 Γ
1567 4325 1714 4368 uronenst
1707 4299 1802 4365 'finis

207 4392 291 4478 libri,
311 4419 371 4463 nec
382 4421 515 4488 usquam
533 4399 638 4464 codex
653 4398 733 4463 alius
748 4417 895 4464 occurrat
910 4402 944 4465 ia
958 4425 1023 4491 quo
1040 4402 1218 4490 perfectum
1234 4424 1315 4492 opus
1327 4402 1517 4468 inveniatur.

237 4636 244 4665 ¹
262 4633 376 4687 nemrot
387 4648 471 4701 open,
484 4634 591 4698 Partstls,
606 4636 676 4699 taso,
688 4635 782 4697 tarot,
795 4641 814 4686 t.
827 4632 847 4694 l,
856 4646 882 4697 p.
899 4637 1008 4687 ath—²
1023 4634 1084 4687 the
1095 4636 1167 4688 tarra.
