4559 6100
478 541 548 613 t98
1075 533 1206 608 Putat
1233 532 1464 606 ABAELAllDl

475 703 646 788 potestas,
673 687 753 784 ipso
775 696 964 758 attestante
986 697 1113 782 postea
1139 681 1325 782 Apostolo,
1352 681 1424 754 nisi
1448 704 1471 754 a
1493 683 1584 754 Deo.
1610 679 1714 754 Unde
1732 694 1768 752 et
1784 680 1923 753 Veritas
1945 680 2071 781 iniquo

477 808 617 881 Prreridi
630 807 723 879 ait¹:
750 834 768 874 «
783 810 863 877 Non
882 803 1035 877 haberes
1058 803 1096 876 iu
1122 829 1182 876 me
1207 817 1433 903 potestatem,
1452 802 1520 874 nisi
1535 800 1660 875 datum
1678 799 1744 873 tibi
1761 815 1852 874 esset
1868 799 2068 902 desuper.»

474 930 545 1018 Qui
568 929 687 1024 itaque
709 923 802 1008 male
820 937 945 1022 agunt,
975 922 1043 998 sibi
1064 924 1186 1022 potius
1211 923 1353 996 inutiles
1374 946 1483 1021 quam
1509 921 1662 994 omniuo
1685 920 1830 994 inutiles
1850 921 2070 1021 intelligendi

473 1062 577 1138 sunt;
589 1072 673 1120 cum
687 1047 724 1118 in
738 1044 866 1117 ordine
882 1068 1003 1117 rerum
1018 1041 1106 1116 nihil
1120 1042 1295 1114 inutiliter
1308 1056 1367 1114 aut
1380 1040 1559 1139 superflue
1568 1040 1768 1138 agidivina,
1780 1052 1822 1111 ut
1833 1040 2067 1133 ostendimus,

474 1168 643 1266 dipositio
661 1167 854 1265 permittat.
875 1165 1073 1253 Quomodo
1089 1177 1210 1236 autem
1226 1161 1495 1236 declinaverunt
1510 1185 1649 1248 omnes,
1668 1176 1763 1234 auta
1782 1185 1855 1258 qno
1873 1160 2071 1236 declinave-

474 1289 580 1359 runt?
596 1312 618 1360 a
634 1286 735 1360 bono
750 1284 884 1357 scilicet
900 1307 1008 1382 opere
1024 1283 1210 1382 supponit,
1229 1281 1376 1355 diceus:
1397 1312 1414 1347 ι
1437 1285 1517 1354 Non
1532 1280 1664 1376 estqui
1680 1280 1784 1354 faciat
1799 1280 1987 1373 bonum,n
2007 1286 2070 1381 qni

368 1401 376 1416 ’
473 1408 567 1481 bene
589 1422 771 1507 operetur,
803 1420 838 1477 et
858 1404 958 1503 quod
980 1403 1087 1477 debet
1112 1403 1270 1502 impleat.
1302 1402 1475 1490 Quamvis
1496 1403 1594 1474 enim
1622 1399 1720 1474 bona
1744 1400 1906 1475 videatur
1926 1402 2071 1477 traditio

474 1528 633 1618 Domini,
659 1551 738 1624 quae
762 1550 783 1597 a
804 1523 896 1596 luda
919 1523 1013 1597 lacta
1032 1536 1099 1614 est,
1118 1537 1154 1596 et
1169 1521 1277 1596 simul
1296 1535 1336 1594 ut
1352 1521 1489 1594 dictum
1505 1535 1562 1594 est
1586 1543 1608 1593 a
1630 1525 1733 1593 Patre
1749 1522 1823 1593 sive
1836 1544 1858 1594 a
1873 1520 1976 1613 Filio,
1995 1546 2071 1596 non

474 1660 593 1717 tamen
607 1644 644 1715 id
660 1643 770 1715 ludas
785 1642 880 1715 bene
898 1642 992 1733 lecit,
1009 1641 1110 1742 quod
1125 1667 1295 1742 perversa
1312 1642 1526 1734 intentione,
1545 1638 1583 1713 id
1601 1655 1668 1730 est,
1684 1666 1728 1713 ex
1748 1640 1945 1740 cupiditate
1961 1666 2073 1740 pecu·

473 1767 540 1837 uie
556 1763 748 1836 commisit.
765 1763 899 1836 Omnia
914 1764 1050 1862 quippe
1068 1788 1180 1862 opera
1204 1788 1246 1837 ex
1273 1763 1473 1838 intentione
1498 1759 1684 1861 pensanda
1708 1785 1785 1833 esse
1808 1762 1986 1834 Dominus
2005 1761 2071 1836 do·

473 1885 559 1977 cuit,
579 1883 704 1956 dicens
718 1887 750 1953 ἐ
772 1884 840 1954 «Si
858 1881 986 1956 oculus
996 1897 1080 1956 tuns
1095 1882 1247 1982 simplex
1263 1882 1382 1976 fuerit,
1395 1897 1495 1955 etc.»
1513 1879 1680 1978 Alioquin
1692 1879 1792 1953 ludae
1802 1905 1950 1979 quoque
1963 1907 2068 1983 opus,

472 2005 599 2102 inquo
611 2017 686 2075 tam
701 2007 803 2076 Pater
814 2026 925 2100 quam
941 2002 1049 2075 Filius
1067 2000 1343 2076 misericorditer
1349 2014 1431 2076 sunt
1445 1999 1596 2097 operati,
1608 1997 1748 2072 bonum
1761 1998 1956 2074 dicendum
1965 2016 2069 2076 esset.

476 2155 494 2192 n
505 2129 584 2197 Non
602 2139 654 2197 est
672 2124 850 2222 usquead
867 2148 995 2196 unum.
1010 2153 1029 2190 »
1044 2123 1222 2222 Repetitio
1240 2136 1292 2194 est
1307 2120 1479 2220 premissi
1493 2117 1606 2208 illius,
1626 2119 1793 2193 videlicet
1809 2120 1909 2220 quod
1936 2121 2071 2196 dictum

473 2258 539 2337 est,
567 2276 585 2312 ιι
604 2269 678 2316 non
697 2258 750 2318 est
767 2246 831 2342 qui
846 2244 951 2317 faciat
975 2243 1170 2348 bonum,n
1197 2257 1238 2315 ut
1265 2240 1515 2315 determinatio
1543 2240 1769 2331 subderetur,
1790 2265 1838 2315 ne
1865 2242 2074 2340 generaliter

475 2363 612 2436 dictum
627 2378 827 2463 putaretur.
842 2363 924 2436 Tale
934 2378 986 2437 est
1000 2365 1121 2462 itaque
1134 2387 1177 2437 ac
1189 2364 1218 2436 si
1231 2362 1387 2436 diceret:
1401 2365 1481 2434 Non
1496 2361 1621 2459 estqui
1631 2360 1736 2435 iaciat
1746 2362 1900 2455 bonum,
1910 2365 2070 2461 inquam,

475 2508 664 2582 usquequo
683 2485 802 2557 veniat
814 2482 997 2556 eredendo
1014 2497 1049 2557 et
1061 2505 1128 2582 per
1141 2506 1304 2556 amorem
1317 2505 1356 2553 se
1371 2479 1580 2580 copulando
1602 2481 1636 2554 ci
1657 2482 1822 2579 quivere
1846 2507 1939 2555 unus
1954 2497 2020 2574 est,
2039 2498 2074 2558 et

475 2602 711 2675 immutabilis
727 2629 792 2702 per
807 2617 989 2695 naturam,
1009 2617 1044 2675 et
1060 2602 1249 2698 singularis
1266 2625 1330 2700 per
1349 2601 1595 2693 eminentiam,
1614 2599 1716 2674 idest
1731 2604 1810 2674 Deo
1826 2602 1903 2674 sive
1916 2601 2070 2698 Christo,

472 2724 535 2821 qui
553 2738 607 2795 est
623 2748 718 2795 unus
734 2724 800 2795 Dei
817 2737 852 2796 et
869 2722 1062 2796 hominum
1083 2720 1275 2811 mediator,
1304 2745 1369 2821 per
1390 2720 1494 2818 cujus
1519 2720 1628 2794 fidem
1647 2723 1683 2794 in
1701 2722 1936 2821 sequentibus
1947 2723 2073 2800 salvari

473 2841 690 2910 uos'astruet
704 2839 783 2910 sinc
799 2838 971 2936 operibus
982 2836 1083 2934 legis.
1104 2841 1222 2910 Potest
1239 2836 1346 2908 etiam
1360 2836 1411 2908 ita
1427 2835 1586 2932 intelligi.
1608 2865 1626 2906 e
1646 2840 1725 2910 Non
1743 2851 1798 2910 est
1813 2838 1876 2935 qui
1891 2837 1997 2912 faeiat
2009 2838 2075 2912 bo

474 2980 562 3029 unm
579 2941 693 3057 usque
710 2956 757 3030 ad
774 2981 928 3051 unumst>
943 2982 986 3032 ac
1002 2957 1032 3028 si
1046 2956 1183 3029 diceret
1197 2983 1205 3026 ι
1221 2957 1287 3030 Vix
1303 2955 1435 3055 estqui
1453 2955 1557 3029 faciat
1572 2956 1727 3048 bonnm,
1742 2957 1779 3029 id
1794 2970 1849 3029 est
1866 2957 1938 3030 lere
1955 2957 2075 3032 mutus

473 3078 596 3175 estqui
609 3077 724 3151 saciat.
737 3083 824 3152 Fere
833 3078 930 3151 enim
941 3076 1061 3150 nullus
1071 3091 1136 3169 est,
1150 3101 1218 3150 nec
1227 3101 1321 3149 unus
1330 3089 1469 3150 tantum
1479 3091 1676 3175 superest«
1686 3075 1897 3176 Sepulcrum
1907 3091 2072 3176 patens.»

471 3200 554 3270 Tnes
567 3198 624 3269 isti
636 3213 824 3295 sequentes
836 3198 1013 3289 versiculi,
1024 3198 1085 3296 qui
1100 3197 1138 3269 in
1152 3210 1277 3269 nostro
1288 3194 1457 3269 Psalterio
1466 3195 1659 3288 habentur,
1669 3198 1706 3270 in
1719 3197 1883 3289 Hebraeo,
1896 3211 1984 3271 teste
1993 3200 2075 3272 Ori·

473 3342 563 3413 gene
574 3318 654 3391 sive
672 3319 908 3415 Hieronymo,
926 3318 1075 3390 minime
1091 3316 1140 3390 ita
1156 3316 1328 3388 continue
1345 3316 1526 3412 leguntur.
1546 3316 1650 3390 Unde
1669 3317 1844 3415 Origenes
1859 3342 1967 3415 super
1982 3317 2077 3393 banc

475 3439 692 3536 Epistolam:
708 3442 777 3510 «ln
789 3436 986 3530 nonnullis,
1002 3436 1132 3534 inquit,
1145 3434 1408 3533 exemplaribus
1417 3436 1640 3528 latinorum,
1654 3461 1698 3511 ea
1714 3462 1793 3537 quae
1809 3436 2077 3535 subsequuntur
2133 3427 2137 3433 ¹

474 3558 509 3629 iu
527 3556 790 3630 tertiodecimo
803 3554 942 3654 psalmo
957 3569 1222 3653 consequenter
1239 3554 1494 3643 inveniuntur3
1512 3555 1550 3629 in
1564 3557 1696 3630 Graecis
1709 3570 1831 3631 autem
1847 3580 1942 3656 pene
1958 3557 2076 3629 omni·

474 3677 540 3749 bus
556 3701 631 3748 non
645 3675 799 3773 amplius
811 3674 850 3747 in
868 3675 973 3746 tertio
985 3673 1126 3747 decimo
1137 3674 1277 3772 psalmo
1287 3674 1460 3772 scriptum
1476 3688 1530 3748 est
1545 3700 1657 3773 quam
1671 3674 1841 3774 usquead
1853 3674 1955 3749 illum
1965 3676 2075 3749 versi·

474 3796 597 3867 culum
613 3793 676 3867 ubi
691 3795 865 3892 scriptum
883 3808 938 3867 est
958 3820 966 3863 ε
987 3822 1005 3861 n
1020 3797 1100 3865 Non
1120 3792 1252 3890 estqui
1271 3791 1375 3865 faciat
1390 3793 1544 3885 bonum,
1561 3820 1636 3869 non
1654 3810 1837 3896 estusque
1852 3795 1898 3869 ad
1919 3820 2074 3869 unum.»
2177 3842 2184 3865 .

476 3912 546 3987 Sed
558 3911 703 4010 etquod
716 3912 808 3984 dixit
820 3911 1014 4011 Apostolus
1026 3938 1034 3983 ε
1046 3911 1176 3985 «Sicut
1186 3910 1359 4009 scriptum
1371 3927 1425 3985 est
1437 3938 1446 3982 ε
1458 3946 1476 3979 ι
1488 3915 1582 4002 Quia
1590 3939 1666 3987 non
1677 3930 1731 3989 est
1741 3916 1859 4013 justus
1870 3914 2074 4013 quisquam,

475 4057 549 4105 uon
564 4046 617 4105 est
632 4031 845 4129 intelligens,
862 4056 936 4105 non
953 4046 1007 4104 est
1021 4032 1206 4131 requirens
1219 4034 1349 4122 Deum,
1361 4060 1379 4100 n
1392 4057 1467 4105 non
1480 4033 1615 4109 eisdem
1631 4034 1859 4109 sermonibus
1872 4035 1909 4109 in
1919 4034 2075 4125 Psalmo,

474 4153 536 4225 sed
552 4154 611 4225 alii
628 4167 893 4251 permutantur,
911 4153 971 4225 alii
988 4165 1232 4243 assumuntur,
1246 4151 1308 4225 alii
1324 4152 1588 4251 relinquuntur.
1605 4156 1759 4254 thuod
1771 4155 1881 4228 dixit:
1896 4186 1914 4221 «
1927 4159 2008 4229 Non
2025 4170 2079 4229 est

471 4275 587 4369 justus
604 4274 809 4371 quisquam,
823 4301 840 4340 n
848 4286 946 4392 poto
959 4272 1060 4371 quod
1076 4297 1119 4347 er
1139 4297 1184 4345 eo
1200 4274 1393 4372 sumpserit
1409 4299 1420 4343 ε
1436 4302 1455 4343 u
1468 4278 1548 4347 Non
1560 4289 1617 4349 est
1631 4276 1694 4374 qui
1711 4275 1817 4351 saciat
1830 4274 1983 4367 bonum,
2001 4299 2077 4349 non

475 4409 656 4492 estusque
672 4393 717 4467 ad
733 4419 863 4465 uuum.
882 4422 901 4463 n
921 4392 1030 4481 Quod
1050 4417 1137 4466 vero
1161 4392 1247 4466 dicit
1269 4420 1277 4463 :
1300 4424 1317 4460 α
1340 4392 1553 4493 Sepulcrum
1570 4411 1697 4494 patens
1720 4411 1774 4471 est
1798 4409 1920 4494 guttur
1934 4418 2077 4483 eorum,

475 4515 603 4612 linguis
620 4514 693 4586 suis
709 4512 836 4586 dolose
849 4513 1049 4610 agebant»
1074 4513 1114 4585 in
1131 4513 1259 4610 quinto
1274 4515 1415 4587 Psalmo
1430 4515 1585 4613 reperies
1596 4518 1620 4587 ³.
1652 4544 1670 4584 u
1686 4520 1879 4589 Venenum
1897 4514 2078 4614 aspidum,

478 4633 547 4707 sub
559 4634 661 4707 labiis
672 4656 816 4725 eorum,
829 4664 846 4702 ι
859 4660 905 4706 ex
917 4632 1079 4733 quodam
1097 4632 1490 4733 Psalmo⁸essumptum
1501 4635 1810 4734 puto,immutatis
1819 4634 2076 4711 sermonibus'.

480 4758 677 4843 «Quorum
696 4779 737 4827 os
755 4754 1006 4827 maledictione
1024 4767 1060 4826 et
1076 4753 1316 4827 amaritudine
1334 4755 1481 4852 plenum
1498 4757 1588 4847 est⁸,
1605 4784 1624 4824 n
1641 4780 1683 4828 ex
1701 4779 1802 4829 nono
1813 4736 1965 4829 ‘Psalmo
1980 4753 2081 4829 vide·

512 5062 608 5122 ttoan,
621 5077 674 5124 rap.
689 5075 740 5123 ru,
755 5075 776 5110 v.
794 5059 1067 5123 tt.-²ttattt1.‚cap.
1081 5073 1129 5121 tu,
1140 5073 1164 5108 r.
1176 5062 1252 5111 ta-
1307 5063 1331 5110 tn
1348 5063 1455 5111 edtttone
1468 5063 1629 5113 rumenam
1646 5075 1747 5125 prorsus
1762 5067 1875 5114 muttturn
1887 5077 1917 5115 ex
1931 5066 1986 5127 lpse
1997 5062 2081 5125 oure

479 5143 595 5195 ’Protnu
607 5158 629 5204 r,
642 5160 663 5193 r.
680 5148 717 5197 tt.
731 5168 760 5180 ·-
773 5146 781 5174 ⁴
794 5141 892 5193 Pectat.
905 5154 1010 5203 cmix,
1023 5155 1046 5192 r.
1059 5142 1083 5191 t.
1098 5166 1128 5177 -
1142 5140 1251 5191 ‘Locum
1307 5145 1345 5193 nti
1357 5151 1424 5193 textu
1436 5146 1594 5197 morutium.
1604 5172 1631 5181 -
1645 5143 1764 5195 teratu.
1775 5157 1831 5206 uu,
1845 5159 1868 5195 r.
1880 5148 1906 5196 t.
