4559 6100
648 582 941 657 taraonucrto
967 583 1027 655 tu
1051 584 1354 695 rflsococtttt.
1772 590 1795 661 3

207 757 329 809 rerum
343 730 587 831 precognitis,
606 729 783 829 quidquid
797 730 845 807 ad
861 730 1127 828 intelligentiam
1138 730 1197 804 vel
1207 731 1375 805 decorem
1391 755 1497 805 sacrae
1506 734 1705 832 Scriptum,
1724 736 1798 808 sive

207 853 256 928 ad
270 847 535 933 defendendam
551 848 609 923 vel
625 849 879 925 adstruendam
887 849 1073 923 veritatem
1085 851 1162 948 ejus
1174 852 1341 951 pertinet,
1355 851 1493 949 assequi
1508 850 1701 926 valeamus.
1716 858 1799 942 Quo

112 990 118 1001 ’
209 972 304 1047 enim
320 969 411 1049 fides
429 980 568 1061 nostra,
586 966 625 1039 id
639 983 694 1041 est
710 968 929 1059 Christiana,
951 970 1138 1066 inquiunt,
1165 968 1425 1043 difficilioribus
1443 967 1614 1068 implicita
1628 973 1801 1069 quaestio-

210 1088 314 1163 nibus
328 1087 489 1179 videtur,
503 1100 542 1160 et
555 1085 603 1159 ab
619 1086 779 1161 humana
793 1089 933 1160 ratione
948 1086 1090 1186 lougius
1115 1087 1303 1181 absistere3
1323 1087 1557 1161 validioribus
1583 1090 1705 1187 utique
1722 1113 1801 1163 mu·

210 1206 343 1281 nienda
362 1221 417 1280 est
430 1205 611 1279 rationum
624 1205 817 1305 presidiis,
836 1206 989 1280 maxime
1013 1231 1100 1281 vero
1125 1219 1252 1279 contra
1280 1207 1566 1305 impugnationes
1580 1232 1723 1297 eorum,
1741 1210 1802 1307 qui

209 1351 248 1399 sc
276 1324 513 1425 rtstowphos
532 1322 761 1424 profitentur.
788 1329 953 1413 Quorum
976 1341 1112 1424 quanto
1134 1324 1299 1399 subtilior
1321 1324 1463 1397 videtur
1486 1325 1682 1424 inquisitio,
1703 1339 1803 1399 tanto

210 1443 390 1517 difficilior
408 1444 455 1518 ad
474 1443 701 1538 solvendum,
721 1459 757 1518 et
781 1444 829 1519 ad
849 1443 1132 1544 perturbandam
1145 1444 1230 1518 fidei
1245 1460 1376 1518 nostrae
1391 1443 1654 1544 simplicitatem
1670 1444 1806 1519 facilior

211 1564 404 1637 invenitur.
433 1562 487 1636 td
515 1561 581 1634 has
608 1563 728 1660 itaque
753 1563 997 1637 dissolvendas
1017 1564 1276 1637 controversias
1292 1588 1377 1637 cum
1393 1589 1452 1636 me
1472 1563 1635 1637 sufficere
1658 1564 1806 1637 arbitra·

212 1697 347 1775 rentur,
358 1707 468 1780 quem
481 1680 639 1779 quasiab
650 1683 930 1782 ipsiscrmabulis
946 1684 982 1756 in
1000 1682 1238 1783 Philosophiae
1254 1682 1396 1775 studiis,
1414 1707 1457 1756 ac
1483 1682 1806 1783 precipuellialec·

212 1802 305 1893 tice,
329 1826 410 1900 quae
426 1800 592 1873 omniurn
607 1801 774 1897 magistra
787 1804 967 1876 rationum
982 1802 1139 1897 ridetur,
1158 1816 1410 1875 conversatum
1422 1802 1555 1893 sciant,
1575 1817 1683 1900 atque
1701 1825 1809 1901 expe·
1861 1842 1867 1851 κ

212 1921 380 2010 rimento,
399 1934 439 1992 ut
453 1921 573 2009 aium,
593 1918 806 2012 didicerint3
823 1922 1041 1995 unanimiter
1053 1918 1238 2020 postulant
1254 1944 1300 1993 ne
1312 1919 1487 1997 talentum
1504 1919 1595 1992 mibi
1610 1944 1633 1992 a
1648 1920 1807 1992 Domino

213 2040 443 2113 commissum
469 2037 706 2138 multiplicare
731 2039 911 2132 differam,
938 2040 1152 2138 quodcum
1184 2041 1300 2117 usuris
1325 2040 1448 2137 utique
1477 2039 1657 2115 districtus
1688 2040 1746 2111 ille
1773 2053 1810 2110 et

215 2157 534 2235 honendusiudex
546 2157 694 2256 quando
701 2159 817 2257 exigat
829 2161 1025 2257 ignoratur.
1043 2159 1191 2234 Addunt
1203 2160 1312 2234 etiam
1326 2173 1458 2237 nostrae
1468 2157 1546 2255 jam
1557 2159 1651 2231 aetati
1668 2181 1711 2230 ac
1727 2181 1810 2257 pro·

215 2276 356 2351 fessioni
378 2278 591 2367 convenire,
615 2292 656 2349 ut
678 2279 768 2351 sicut
791 2303 910 2352 mores
932 2293 968 2352 et
991 2278 1175 2371 habitum,
1199 2278 1248 2351 ita
1271 2291 1493 2350 commutem
1518 2290 1552 2348 et
1574 2262 1753 2363 studium',
1774 2291 1808 2347 et

213 2395 381 2468 humanis
401 2395 520 2469 (lirina
545 2395 730 2496 praeferam
752 2397 955 2490 volumina,
972 2397 1036 2495 qui
1051 2396 1098 2470 ad
1113 2402 1232 2470 Deum
1250 2395 1378 2469 saeculo
1390 2395 1514 2471 relicto
1530 2408 1646 2466 totum
1663 2393 1809 2490 mejam

215 2512 407 2586 transferre
425 2513 618 2613 proposui;
636 2528 672 2587 et
688 2516 772 2612 quia
786 2515 873 2588 olim
888 2513 1048 2587 studium
1063 2512 1111 2586 ad
1127 2512 1339 2587 lucrandam
1355 2511 1546 2610 pecuniam
1560 2511 1806 2594 institueram,

215 2655 312 2704 nunc
328 2630 375 2704 ad
389 2632 579 2706 lucrandas
594 2635 731 2709 animas
746 2633 817 2707 hoc
833 2647 1062 2722 convertam,
1083 2647 1122 2705 ut
1138 2631 1265 2705 saltem
1282 2631 1375 2703 circa
1389 2628 1619 2702 undecimam
1635 2627 1682 2702 ad
1701 2652 1810 2701 exco-

215 2747 358 2822 lendam
381 2752 608 2825 Dominicam
625 2754 766 2826 vineam
791 2766 900 2852 prout
917 2776 1064 2850 possum
1073 2751 1263 2823 introeam.
1276 2753 1358 2821 llaec
1374 2761 1410 2819 et
1424 2747 1481 2820 his
1491 2747 1619 2820 similia
1629 2746 1811 2846 discipulis

216 2869 342 2941 nostris
363 2867 567 2967 frequenter
594 2870 937 2971 improperantibus,
964 2884 1005 2943 ut
1025 2871 1055 2943 si
1080 2894 1156 2944 non
1183 2881 1332 2969 propter
1354 2867 1553 2958 rationem,
1579 2866 1636 2938 vel
1661 2879 1810 2964 propter

216 2986 482 3087 improbitatem
504 3005 667 3068 nostrum
693 3004 965 3089 assequerentur
990 3013 1190 3077 assensum3
1217 2988 1255 3061 in
1275 2986 1347 3060 hoc
1376 2984 1524 3062 tandem
1546 2984 1806 3073 consensimus,

217 3119 255 3178 ut
275 3122 349 3207 pro·
359 3106 494 3183 viribus
512 3111 660 3205 nostris,
679 3112 754 3185 imo
769 3112 900 3185 divinae
917 3110 1036 3209 gratiae
1051 3109 1323 3209 supplemento,
1341 3104 1442 3205 quod
1463 3104 1647 3203 postulant
1666 3103 1809 3203 aggredi

217 3238 447 3320 tentaremus;
465 3253 541 3302 non
558 3244 632 3304 tam
645 3254 713 3304 nos
723 3232 910 3305 veritatem
921 3230 1041 3304 dicere
1062 3229 1334 3328 promittentes,
1354 3248 1464 3323 quam
1480 3224 1663 3322 opinionis
1677 3236 1808 3296 uostrae

217 3367 473 3445 sensumquem
488 3349 682 3447 efflagitant
695 3365 927 3449 exponentes.

264 3468 303 3536 ln
328 3491 404 3563 quo
430 3468 578 3566 quidem
605 3493 737 3568 opere,
768 3469 799 3541 si
820 3468 933 3567 culpis
957 3468 1047 3539 meis
1071 3462 1293 3560 exigentibus
1310 3457 1552 3546 acatholica,
1574 3458 1674 3555 quod
1701 3456 1806 3548 absit,

219 3582 460 3660 exorbitavero
485 3586 715 3684 intelligentia
739 3583 796 3658 vel
825 3585 1025 3674 locutione;
1053 3584 1216 3679 ignoscat
1239 3577 1298 3651 ille
1317 3576 1423 3669 mihi,
1449 3575 1515 3674 qui
1540 3598 1582 3647 ex
1608 3575 1808 3650 intentione
1843 3649 1847 3658 ,

218 3725 325 3800 opera
348 3719 495 3802 pensat,
523 3720 649 3804 parato
677 3729 820 3805 semper
841 3703 888 3777 ad
911 3702 1190 3778 satisfactionem
1208 3699 1255 3773 de
1278 3694 1494 3770 maledictis
1514 3694 1572 3767 vel
1590 3694 1809 3792 corrigendis

216 3819 271 3892 rel
286 3819 469 3916 delendis,
488 3848 573 3900 cum
588 3825 670 3923 quis
685 3848 743 3897 me
759 3822 920 3896 fidelium
932 3823 990 3896 vel
1002 3822 1133 3895 virtute
1149 3817 1310 3910 rationis,
1325 3814 1382 3889 rel
1398 3812 1611 3889 auctoritate
1626 3814 1809 3912 scripture

216 3941 420 4014 correxerit.
439 3943 522 4016 Scio
543 3966 702 4042 namque
723 3942 825 4041 quod
847 3943 1020 4041 scriptam
1047 3941 1136 4013 est¹r
1160 3968 1178 4006 α
1198 3936 1374 4034 Corripiet
1396 3958 1454 4006 me
1472 3932 1593 4030 justus
1612 3932 1650 4003 in
1674 3932 1808 4006 miseri·

216 4056 358 4153 cordia,
391 4074 429 4133 et
458 4062 658 4162 increpabit
684 4087 764 4155 me;
791 4061 911 4138 oleum
941 4075 1063 4138 autem
1092 4057 1290 4162 peccatoris
1324 4079 1400 4127 nou
1429 4048 1672 4152 impinguabit
1701 4065 1809 4149 caput

215 4197 350 4252 meum.
374 4183 452 4252 »Et
469 4180 506 4252 in
526 4179 775 4255 Proverbiir'r
799 4182 899 4255 «Via
913 4181 1015 4274 vitre,
1035 4177 1233 4276 increpatio
1259 4171 1472 4272 disciplinae3
1497 4169 1561 4267 qui
1583 4181 1705 4242 autem
1731 4166 1809 4240 odit

217 4294 490 4395 increpatioma
512 4300 684 4399 iusipiens
701 4315 767 4376 ost.
789 4304 868 4372 »Et
880 4300 1053 4374 iterum⁸:
1074 4296 1180 4386 «Qui
1195 4290 1352 4374 custodit
1362 4288 1646 4388 increpationes,
1660 4286 1810 4364 mutor

217 4410 278 4486 fiet
289 4415 415 4513 retqui
429 4416 691 4516 increpationes
702 4417 792 4512 odit,
811 4417 996 4494 morietur.
1010 4445 1030 4484 u
1038 4418 1082 4486 Et
1099 4414 1280 4486 rumum‘z
1296 4440 1313 4479 a
1325 4414 1404 4482 Non
1418 4419 1516 4479 amat
1527 4402 1696 4505 pestilens
1708 4428 1805 4494 eum,

214 4533 329 4630 quise
342 4535 512 4635 corripit:
527 4537 559 4610 ei
572 4550 694 4612 autem
708 4537 922 4638 corripuerit
938 4535 1158 4635 sapientem,
1176 4528 1348 4626 intelliget
1369 4523 1607 4624 disciplinam.
1631 4550 1650 4591 a
1674 4526 1805 4596 ltem⁸r

220 4679 239 4718 s
257 4653 344 4725 Viro
367 4654 431 4752 qui
451 4655 704 4755 corripientem
726 4656 818 4730 dura
835 4656 974 4732 cervice
998 4652 1222 4740 contemnit,
1240 4646 1449 4747 repentinus
1471 4640 1808 4741 supervenietinte·

218 4770 318 4844 ritus.
339 4771 426 4845 »ld
443 4772 514 4847 hcc
537 4789 659 4848 autem
679 4789 716 4850 et
739 4774 933 4849 beatissimi
959 4771 1143 4871 Augustini
1159 4766 1325 4867 exemplo
1341 4785 1595 4865 provocamur,
1610 4761 1773 4859 quicum
1788 4782 1809 4830 a

250 5061 352 5115 'Wlffl-
364 5075 457 5196 mlxv·
469 5071 493 5120 ὅ.
507 5068 704 5133 -²Prcr.,rep.
714 5081 750 5133 rr,
764 5082 787 5121 r.
799 5072 839 5123 tt.
849 5065 1047 5132 arrosus.
1058 5076 1102 5129 xr,
1113 5078 1137 5119 r.
1152 5065 1176 5117 a.
1186 5088 1214 5100 -
1226 5059 1321 5117 qaid„
1335 5070 1358 5109 r.
1377 5061 1421 5118 ης
1433 5034 1488 5120 erp.
1505 5065 1558 5110 nx.
1572 5065 1596 5105 r.
1610 5054 1652 5105 tts
1663 5051 1815 5115 Afros„

219 5151 272 5204 θη·
285 5155 356 5207 xm,
367 5157 392 5196 V·
419 5176 428 5197 e
