4559 6100
640 603 934 678 lNTRODUCTlO
961 606 1022 678 ab
1046 606 1350 681 THEOLOGlAM.
1723 611 1793 684 105

197 754 556 830 verbiscontinentur
565 752 791 849 evangelicis,
804 753 840 824 iu
850 777 889 824 se
902 754 1009 827 etiam
1019 755 1115 852 ipsos
1130 757 1343 828 sententiam
1357 757 1558 856 proferunt.
1571 763 1666 831 Cum
1675 775 1794 834 autem

197 876 369 978 Spiritum
380 900 401 947 a
411 872 491 946 solo
501 878 603 946 Patre
613 871 823 970 procedere,
835 897 910 945 non
921 874 1018 946 enim
1028 873 1262 969 Evangelium
1272 899 1385 948 cuma
1399 881 1501 949 Patre
1511 879 1707 974 procedere
1718 882 1796 979 Spi-

196 999 307 1070 ritum
318 994 429 1085 dicat,
444 1023 462 1063 u
475 992 554 1065 solo
568 1020 586 1059 >r
606 990 769 1088 adjungit
781 991 882 1089 quod
891 993 958 1091 ipsi
975 1008 1178 1092 apponunt,
1194 993 1257 1066 sed
1274 994 1528 1067 tantummodo
1543 1019 1565 1066 a
1580 999 1683 1068 Patre
1693 998 1792 1089 dioit,

199 1116 390 1215 quaerimus
402 1113 510 1185 etiam
526 1125 564 1183 et
576 1111 838 1217 interrogamus
854 1136 917 1185 eos
928 1137 1014 1185 cum
1029 1112 1183 1191 credunt
1199 1115 1370 1212 Spiritum
1383 1128 1579 1187 sanctuma
1593 1118 1695 1187 Patre
1713 1140 1796 1213 pro-

201 1234 339 1324 cedere,
350 1247 474 1305 utrum
488 1229 637 1303 credant
650 1230 769 1329 ipsum
784 1254 805 1303 a
819 1229 899 1303 solo
915 1235 1019 1304 Patre
1036 1231 1247 1330 procedere,
1260 1232 1317 1305 vel
1327 1258 1415 1304 non.
1429 1232 1538 1321 Quod
1552 1234 1582 1305 si
1589 1235 1656 1323 sic,
1665 1249 1702 1306 et
1714 1260 1797 1307 vera

202 1354 326 1426 sithaec
340 1350 445 1440 fides,
464 1351 587 1448 utique
605 1352 653 1422 ita
671 1349 839 1446 estquod
856 1349 1023 1423 videlicet
1040 1375 1062 1424 a
1077 1351 1156 1424 solo
1172 1355 1276 1425 Patre
1295 1354 1371 1451 ipse
1388 1352 1717 1452 procedit,etquod
1728 1356 1796 1454 ipsi

201 1489 304 1565 super
316 1464 390 1535 hoc
406 1463 577 1554 sentiunt,
589 1460 781 1534 salubriter
792 1461 914 1534 doceri
922 1486 984 1534 seu
995 1461 1161 1535 confiteri
1171 1488 1246 1536 non
1259 1478 1312 1536 est
1321 1464 1582 1559 incongruum,
1600 1464 1702 1563 quod
1721 1490 1797 1541 uon

201 1583 299 1657 credi
313 1584 358 1655 sit
372 1580 628 1681 periculosum,
649 1581 843 1679 praesertim
860 1606 945 1653 cum
961 1580 1056 1654 dicet
1072 1583 1303 1681 Apostolus¹z
1326 1581 1475 1655 «Corde
1490 1583 1708 1657 crediturad
1722 1585 1799 1681 jus-

202 1704 326 1794 titiam,
342 1725 406 1773 ore
424 1714 545 1775 autem
563 1699 740 1772 confessio
758 1698 798 1772 lit
816 1700 1039 1773 adsalutem.
1064 1732 1081 1767 a
1099 1703 1162 1773 Sin
1178 1718 1300 1776 autem
1326 1727 1402 1775 non
1419 1727 1441 1775 n
1457 1703 1536 1775 solo
1559 1706 1663 1776 Patre
1687 1706 1796 1802 Spiri-

202 1837 277 1909 tum
294 1820 492 1920 procedere
508 1818 670 1912 credant,
685 1844 769 1893 cum
783 1844 868 1893 eum
884 1825 1022 1894 aPatre
1038 1821 1236 1920 procedere
1254 1846 1329 1895 nou
1347 1820 1686 1921 dubitant,‹oportet
1696 1824 1796 1920 quod

202 1959 308 2016 tama
326 1947 432 2015 Patre
446 1964 556 2039 quam
572 1939 662 2013 Filio
678 1965 742 2014 seu
758 1940 805 2014 ub
822 1941 895 2014 alio
912 1941 1029 2040 ipsum
1047 1942 1245 2040 procedere
1261 1943 1467 2035 assentiant,
1482 1958 1517 2015 et
1534 1943 1636 2041 quod
1653 1968 1797 2016 necesse

202 2077 252 2136 est
270 2062 382 2151 credi,
406 2060 549 2134 salubre
578 2062 624 2133 sit
649 2059 826 2144 confiteri,
846 2063 937 2135 sicut
953 2076 989 2135 et
1003 2076 1128 2135 caetera
1145 2063 1268 2134 omnia
1293 2088 1372 2159 quae
1396 2062 1443 2135 ad
1479 2061 1588 2135 fidem
1621 2064 1800 2161 pertinent

203 2182 427 2256 catholicam.
447 2184 521 2254 Nec
539 2194 644 2253 rectae
659 2180 876 2254 confessioni
890 2179 1014 2274 officit,
1026 2183 1056 2253 si
1071 2181 1247 2256 nonnulla
1261 2181 1497 2254 consessionis
1513 2181 1625 2255 verba
1637 2182 1674 2252 in
1687 2206 1798 2255 cano·

202 2303 291 2375 uicis
305 2301 453 2374 minime
469 2300 907 2401 reperianturScripturis.
930 2300 988 2372 Ob
1011 2302 1081 2373 hoc
1100 2303 1198 2374 enim
1216 2301 1370 2373 maxime
1383 2300 1547 2399 symbola
1562 2300 1798 2375 conciliorum

205 2419 469 2519 Scripturisillis
487 2434 571 2493 sunt
587 2419 833 2519 superaddite,
852 2434 894 2492 ut
910 2421 970 2493 illa
985 2419 1142 2494 doceant
1156 2420 1213 2492 vel
1230 2419 1407 2492 disserant
1423 2444 1501 2517 quae
1518 2419 1568 2490 ibi
1585 2437 1707 2519 aperte
1723 2444 1797 2491 non

203 2538 396 2627 habentur.
407 2541 493 2627 Quis
510 2539 608 2613 enim
625 2540 845 2633 Trinitatem,
866 2539 923 2612 vel
944 2554 1017 2612 tres
1033 2563 1207 2638 personas
1222 2540 1259 2610 iu
1284 2562 1326 2611 ea
1345 2537 1412 2611 sibi
1436 2552 1630 2611 coaeternas
1655 2555 1691 2612 et
1707 2564 1798 2612 cuae·

201 2660 337 2757 quales,
356 2682 509 2758 quarum
528 2683 753 2758 unaqueque
775 2659 818 2732 sit
833 2664 930 2732 Deus
947 2660 983 2731 in
1003 2660 1071 2731 illis
1091 2660 1283 2757 Scripturis
1299 2658 1371 2731 dici
1386 2659 1605 2749 meminerit,
1623 2673 1687 2731 aut
1713 2660 1801 2732 Pila·

203 2768 277 2850 tuin
309 2780 478 2851 Pontium
508 2778 693 2878 appellari,
729 2793 792 2855 aut
821 2779 869 2852 ad
902 2777 1037 2851 inferos
1070 2778 1229 2851 animem
1252 2776 1478 2850 descendisse
1500 2777 1643 2866 Christi,
1673 2792 1709 2850 et
1731 2780 1800 2851 alia

203 2898 362 2997 quaedam
381 2923 461 2995 quae
477 2898 514 2968 in
531 2897 651 2979 verbis
659 2922 735 2974 nou
749 2899 980 2972 continentur
994 2896 1319 2971 canonicisihlulta
1333 2896 1493 2995 profecto
1509 2896 1594 2969 fidei
1604 2899 1800 2970 necessaria

202 3030 283 3117 post
305 3017 541 3116 Evangelium
564 3016 611 3091 ub
638 3016 827 3117 Apostolis,
855 3019 913 3090 vel
934 3017 1140 3117 apostolicis
1157 3017 1242 3090 viris
1257 3014 1379 3092 addita
1404 3031 1500 3109 sunt,
1520 3041 1600 3114 quae
1617 3040 1657 3088 es
1683 3014 1800 3089 verbis

202 3138 415 3236 evangelicis
437 3138 587 3210 minime
610 3138 910 3237 comprobantur,
932 3139 1022 3212 sicut
1039 3153 1092 3212 est
1114 3136 1204 3210 illud
1223 3137 1270 3209 de
1297 3135 1498 3232 virginitate
1515 3137 1636 3208 Matris
1654 3137 1799 3207 Domini

201 3259 309 3332 etiam
323 3272 408 3358 post
420 3273 564 3358 partum
576 3259 707 3355 jugiter
723 3273 947 3347 conservata,
972 3274 1007 3330 et
1031 3258 1077 3329 de
1102 3258 1180 3331 aliis
1197 3257 1343 3330 fortasse
1362 3255 1494 3328 multis.

253 3378 313 3450 His
329 3391 450 3450 autem
466 3378 637 3452 adversus
653 3380 861 3451 Graecorum
877 3376 1120 3475 objectionem
1132 3376 1178 3449 de
1189 3378 1418 3477 processione
1435 3376 1586 3475 Spiritus
1605 3378 1798 3474 responsis,

196 3495 287 3570 libet
299 3497 407 3570 etiam
422 3522 464 3570 ex
478 3498 639 3597 ipsomm
651 3497 861 3572 doctoribus
873 3496 1075 3569 testimonia
1087 3495 1248 3594 proferre
1260 3494 1391 3591 quibus
1403 3494 1520 3568 aFilio
1530 3518 1677 3592 quoque
1688 3496 1802 3592 Spiri-

197 3633 280 3689 tum
295 3632 461 3690 sanctum
471 3617 670 3716 procedere
681 3617 867 3690 doceatur.
882 3616 1090 3688 Athanasius
1107 3618 1145 3688 in
1161 3613 1329 3711 symbolo
1340 3613 1440 3714 fidei,
1457 3645 1475 3681 s
1489 3614 1654 3713 Spiritus,
1668 3614 1799 3712 iuquit,

194 3751 360 3830 moeurs,
374 3762 395 3809 a
408 3740 511 3810 Patre
527 3753 563 3809 et
573 3736 661 3809 Filio
673 3761 749 3810 non
763 3735 889 3824 lactus,
902 3760 977 3808 non
992 3748 1145 3827 creatus,
1157 3758 1225 3807 nec
1234 3734 1386 3830 genitru,
1400 3733 1464 3807 sed
1473 3733 1692 3832 procedeus3
1708 3765 1724 3799 a
1740 3733 1802 3806 ubi

190 3855 352 3956 quidem
364 3881 447 3930 cum
463 3855 672 3956 praemiserit
684 3856 856 3955 Spiritum
866 3870 1031 3928 sanctum
1050 3877 1072 3927 a
1090 3858 1193 3926 Patre
1209 3867 1246 3925 et
1255 3852 1343 3925 Filio
1356 3877 1446 3945 esse,
1460 3868 1568 3952 atque
1581 3853 1802 3950 subjunxerit

193 3976 446 4076 «procedens,
461 4007 479 4043 n
494 3975 678 4049 manifeste
689 3975 814 4049 docuit
826 3999 911 4049 eum
924 3973 971 4048 ab
985 3989 1139 4072 utroque
1158 3972 1366 4072 procedere,
1380 3972 1477 4045 sicut
1488 3987 1524 4045 et
1537 3997 1614 4046 esse
1627 3972 1799 4066 retulerit,

186 4099 400 4196 praesertim
409 4121 493 4170 curn
503 4119 579 4168 non
588 4096 689 4170 aliter
700 4120 722 4172 a
732 4100 835 4169 Patre
846 4097 998 4196 Spiritus
1006 4119 1082 4167 esse
1091 4092 1234 4184 habeat,
1248 4118 1357 4191 quam
1368 4093 1614 4192 procedendo.
1627 4093 1803 4190 Didymus

184 4220 312 4291 etiam
323 4241 451 4289 eorum
464 4217 641 4292 maximus
654 4216 796 4309 doctor,
813 4215 957 4289 inlibro
966 4214 1009 4287 de
1021 4217 1159 4313 Spiritu
1169 4231 1305 4304 sancto,
1318 4213 1436 4287 aFilio
1451 4239 1597 4312 quoque
1607 4213 1803 4313 procedere

182 4350 368 4437 patenter
379 4334 568 4435 profitetur
578 4336 723 4408 dicens:
745 4367 762 4402 n
774 4334 951 4426 Salvator,
964 4335 1029 4433 qui
1043 4347 1079 4406 et
1090 4333 1243 4422 Veritas,
1257 4335 1345 4406 ait’:
1365 4363 1383 4399 «
1396 4336 1475 4405 Non
1490 4335 1588 4405 enim
1601 4333 1801 4431 loquetura

178 4457 409 4555 semetipso,
423 4483 441 4524 n
459 4455 640 4554 loquetur,
655 4455 726 4528 hoc
736 4470 802 4547 est,
820 4479 896 4534 non
909 4454 986 4527 sine
996 4477 1067 4544 me,
1080 4477 1156 4527 non
1169 4453 1246 4525 sine
1261 4476 1349 4526 meo.
1362 4467 1398 4523 et
1415 4453 1525 4549 patris
1536 4452 1698 4541 arbitrio,
1718 4454 1802 4550 quia

178 4575 454 4676 inseparabilis
469 4589 523 4648 est
543 4599 565 4648 a
581 4599 661 4650 mea
678 4592 713 4648 et
729 4575 842 4674 patris
855 4574 1052 4666 voluntate,
1071 4572 1158 4670 quia
1171 4597 1214 4646 ex
1228 4597 1266 4646 se
1282 4596 1357 4644 non
1374 4586 1440 4664 est,
1457 4572 1522 4645 sed
1537 4598 1581 4645 ex
1599 4587 1699 4672 patre
1730 4587 1765 4644 et
1782 4598 1803 4644 a

177 4723 249 4770 me
269 4708 347 4769 est.
368 4698 447 4768 Hoc
464 4694 560 4767 enim
579 4696 698 4794 ipsum
716 4692 814 4791 quod
833 4692 992 4766 subsistit
1010 4705 1046 4765 et
1063 4691 1224 4789 loquitur
1241 4704 1417 4790 apatreet
1434 4714 1523 4764 ame
1540 4709 1593 4764 est
1608 4692 1672 4766 illi.
1696 4721 1715 4762 n
1728 4697 1803 4789 Ego

172 4817 393 4890 veritatem
414 4813 559 4911 loquor,
571 4845 589 4880 a
606 4813 643 4885 id
653 4824 706 4885 est
723 4812 862 4910 inspiro
881 4836 960 4910 quae
971 4810 1116 4907 loquor.
1131 4810 1317 4908 Siquidem
1330 4812 1502 4911 Spiritusv
1520 4812 1655 4884 eritatis
1666 4824 1733 4897 est,
1748 4809 1803 4881 di·

169 4962 291 5025 cere,
313 4948 352 5006 et
376 4932 476 5030 loqui
493 4934 532 5005 in
549 4933 718 5006 Trinitate
735 4955 810 5004 non
828 4930 1028 5004 secundum
1046 4930 1346 5003 consuetudinem
1361 4944 1522 5004 nostram
1539 4927 1801 5028 accipiendum,

204 5222 211 5248 ¹
225 5216 339 5271 Rom..
362 5225 417 5276 etp.
429 5226 462 5274 x,
479 5228 500 5270 r,
517 5216 554 5267 1⁰.
567 5241 599 5253 -
634 5213 716 5279 tom,
726 5229 782 5279 cap.
795 5227 846 5276 ru,
860 5226 882 5263 r.
903 5214 941 5265 ta.

329 5321 356 5358 n
