4559 6100
449 412 519 486 560
1049 410 1177 483 PETRI
1203 411 1436 485 semlant

448 559 654 658 Apostolus,
672 558 709 630 in
726 557 783 630 his
798 583 879 656 quae
894 556 973 631 fieri
989 559 1082 652 vult,
1100 559 1192 632 nihil
1208 561 1285 658 ejus
1299 560 1476 635 voluntati
1491 562 1653 636 resistere
1665 587 1770 661 posse
1786 561 1952 655 dicimus,
1973 589 2041 638 nec

448 703 527 751 eam
553 678 675 776 aliquo
701 678 867 776 impediri
892 701 998 771 casu,
1026 680 1085 751 eui
1113 681 1237 753 omnia
1260 705 1405 753 necesse
1430 681 1476 754 sit
1501 680 1662 755 obedire.
1691 683 1896 757 Secundum
1921 698 2041 758 autem

447 800 684 898 posteriorem
701 797 867 889 modum,
895 798 1008 872 multa
1024 800 1156 872 dicitur
1177 798 1267 872 velle
1292 798 1389 892 fieri,
1416 826 1495 898 quae
1517 826 1592 875 nou
1617 801 1709 873 fiunt
1729 829 1738 873 ε
1758 802 1907 876 hocest
1931 804 2043 876 multa

448 920 647 1008 adhortari,
674 943 752 1015 quae
775 932 913 990 eertum
937 932 991 991 est
1013 944 1057 991 ex
1081 920 1194 1015 gratia
1217 919 1293 1015 ejus
1318 922 1554 1012 remunerari,
1579 923 1608 994 si
1634 921 1772 1014 fierent,
1791 948 1870 1021 quae
1893 925 2042 996 minime

449 1038 554 1110 liunt.
582 1039 640 1110 Sic
666 1038 799 1136 quippe
826 1038 1020 1135 unicuique
1045 1036 1186 1110 homini
1214 1037 1371 1111 consulit
1396 1038 1443 1111 de
1467 1039 1582 1113 salute
1606 1066 1682 1131 sua,
1708 1056 1745 1114 et
1770 1041 1816 1114 ad
1838 1040 1933 1114 hane
1958 1068 2042 1115 eum

449 1156 673 1247 adhortatur,
697 1181 782 1228 cum
805 1156 976 1229 obediant
1000 1158 1118 1256 pauci.
1140 1157 1226 1230 Vult
1246 1158 1367 1256 itaque
1388 1161 1484 1231 Deus
1505 1174 1731 1258 peccatorem
1755 1161 1934 1251 converti,
1959 1163 2043 1259 quia

450 1276 487 1348 id
505 1277 538 1347 ei
556 1276 709 1348 consulit
735 1273 836 1373 quod
853 1290 945 1348 esset
968 1274 1123 1373 benigne
1149 1292 1452 1351 remuneraturus.
1474 1278 1756 1366 Quodammodo
1782 1281 1879 1353 euim
1902 1294 2043 1375 gratum

451 1396 484 1464 ei
499 1394 630 1466 dicitur
650 1394 687 1466 in
709 1419 783 1491 quo
800 1395 877 1491 ejus
894 1396 1044 1491 gratiam
1060 1397 1241 1493 experturi
1260 1420 1429 1471 essemus.
1461 1402 1488 1468 E
1513 1397 1693 1470 contrario
1719 1398 1815 1470 nolle
1837 1397 1897 1470 illa
1912 1397 2045 1471 dicitur

452 1539 530 1611 quae
554 1515 754 1605 dissuadet,
783 1529 844 1585 aut
867 1539 1100 1611 quaecumque
1123 1515 1252 1612 punire
1275 1515 1387 1612 magis
1409 1514 1571 1609 deberet,
1597 1541 1708 1615 quam
1722 1517 1822 1590 dono
1845 1516 1966 1614 aliquo
1985 1543 2046 1611 re·¹

403 1694 406 1701 ,
452 1649 659 1718 munerare,
683 1640 719 1697 et
741 1626 777 1697 iu
803 1624 934 1723 quibus
957 1626 1048 1697 iram
1069 1626 1180 1724 ipsius
1197 1626 1318 1723 potius
1336 1649 1444 1722 quam
1466 1627 1614 1724 gratiam
1646 1629 1875 1718 sentiremus,
1899 1627 1972 1700 hoe
1992 1644 2043 1700 est

452 1745 645 1818 vindictam
664 1746 784 1843 potius
802 1769 911 1843 quam
928 1745 1126 1842 praemium.

504 1865 745 1953 Quaerendum
763 1865 916 1937 arbitror
930 1878 1053 1937 utrum
1069 1864 1174 1964 plura
1191 1864 1306 1938 lacere
1321 1867 1434 1964 possit
1452 1872 1549 1939 Deus
1563 1867 1620 1939 vel
1636 1867 1784 1940 meliora
1799 1892 1909 1967 quam
1925 1867 2043 1960 saciat,

454 2000 516 2056 aut
541 1984 588 2056 ab
604 1984 661 2056 his
678 1985 785 2057 etiam
807 2008 887 2083 quae
908 1983 992 2057 lacit
1009 1983 1083 2055 ullo
1110 1984 1223 2056 modo
1247 2009 1383 2057 cessare
1410 2000 1542 2085 posset,
1572 2011 1617 2058 ne
1634 2011 1675 2058 ea
1694 2012 1866 2085 umquam
1883 1986 2046 2059 videlicet

455 2106 598 2187 faceret.
618 2104 726 2194 Quod
745 2106 818 2176 sive
835 2103 1090 2192 concedamus,
1113 2104 1188 2175 sive
1206 2128 1391 2201 negemus,
1411 2105 1541 2176 multas
1553 2104 1709 2179 fortassis
1718 2106 2045 2179 inconvenientium

453 2227 646 2297 anxietates
671 2226 908 2297 incurremus.
934 2223 970 2295 Si
993 2224 1091 2295 enim
1116 2246 1295 2321 ponamus
1320 2238 1360 2295 ut
1386 2224 1490 2322 plura
1509 2222 1566 2296 vel
1587 2226 1761 2323 pauciora
1781 2225 1895 2298 lacere
1920 2227 2043 2324 possit,

454 2347 509 2416 vel
537 2344 584 2418 ab
608 2344 664 2416 bis
691 2366 769 2442 quae
788 2343 871 2415 lacit
895 2367 1045 2431 cessare,
1076 2343 1238 2440 profecto
1264 2343 1417 2415 multum
1443 2368 1592 2416 summae
1613 2344 1689 2439 ejus
1711 2343 1864 2417 bonitati
1891 2346 2046 2442 deroga·

452 2464 585 2537 bimus.
602 2467 751 2536 Constat
772 2464 907 2560 quippe
931 2487 1015 2534 eum
1040 2462 1186 2534 nonnisi
1211 2460 1310 2533 bona
1338 2461 1454 2535 lacere
1477 2468 1616 2560 posse⁸.
1640 2464 1677 2534 Si
1698 2478 1819 2536 autem
1843 2462 1943 2536 bona
1964 2489 2047 2537 oum

453 2585 565 2680 possit
587 2607 662 2654 nou
688 2583 804 2670 saciat,
832 2596 866 2653 et
884 2580 930 2651 ab
959 2581 1136 2677 aliquibus
1162 2606 1241 2679 quae
1265 2580 1427 2654 iacienda
1451 2597 1568 2654 essent
1595 2607 1632 2655 se
1657 2582 1833 2674 retrahat,
1860 2583 1939 2680 quis
1961 2607 2048 2654 eum

452 2718 638 2799 tamquam
662 2701 830 2772 aemulum
849 2698 905 2771 vel
929 2699 1094 2796 iniquum
1112 2724 1186 2771 nou
1205 2715 1331 2797 arguat
1353 2702 1572 2799 ,presertim
1596 2726 1679 2773 eum
1703 2701 1823 2774 nullus
1838 2726 1922 2774 eum
1943 2699 2049 2776 labor

454 2823 491 2891 in
511 2820 675 2892 iaciendo
684 2818 819 2916 aliquid
838 2832 973 2916 gravet,
994 2820 1097 2915 eujus
1112 2845 1213 2918 aeque
1226 2822 1349 2893 omnia
1366 2822 1544 2894 voluntati
1555 2836 1639 2893 sunt
1655 2821 1829 2919 subjecta,
1849 2821 2047 2895 secundum

455 2939 555 3036 quod
571 2936 708 3009 dictum
726 2941 797 3007 est¹
816 2962 825 3006 ε
847 2964 865 3003 κ
874 2937 972 3006 Dixit
989 2951 1024 3007 et
1041 2937 1132 3007 faeta
1149 2953 1251 3029 sunt,
1271 2938 1457 3013 mandavit
1472 2955 1508 3009 et
1523 2956 1643 3010 ereata
1660 2956 1756 3009 sunt.
1771 2970 1790 3005 a
1810 2943 1903 3010 ltine
1919 2954 1972 3011 est
1991 2938 2047 3011 illa

499 3144 510 3164 ⁸
532 3132 606 3196 Non
623 3131 668 3194 ita
683 3146 719 3194 ut
737 3130 871 3193 aestimat
885 3126 1188 3192 Nabuchodonosor
1203 3142 1354 3217 operatur
1370 3127 1468 3208 Deus,
1486 3149 1578 3191 more
1590 3125 1738 3192 videlieet
1753 3151 1877 3209 eorum,
1886 3130 1942 3217 qui
1952 3131 1986 3193 iu
2001 3130 2048 3193 his

455 3254 526 3318 quae
547 3229 685 3306 faciunt,
703 3251 770 3292 uon
789 3242 858 3291 tam
878 3223 967 3314 quod
986 3224 1112 3288 bonum
1137 3240 1185 3289 est
1206 3223 1387 3301 attendunt,
1411 3246 1508 3311 quam
1524 3239 1560 3287 ut
1575 3246 1640 3287 sure
1662 3225 1854 3290 satisfaciant
1871 3226 2045 3306 voluntati,

454 3327 692 3415 qualiscumque
712 3327 781 3416 ipsa
796 3325 854 3405 sit,
871 3322 913 3389 de
929 3322 1075 3411 qualibus
1091 3322 1244 3411 seriptum
1259 3337 1328 3386 est:
1345 3321 1397 3386 Sic
1412 3321 1500 3404 volo,
1518 3321 1563 3386 sic
1575 3320 1688 3405 jubeo,
1707 3322 1827 3413 sitjpro
1848 3325 1973 3390 ratione
1987 3348 2047 3389 ro·

454 3426 571 3491 luntas.
596 3425 660 3491 Sed
677 3424 778 3514 magis
793 3421 874 3487 velle
896 3417 1052 3485 dicendus
1077 3434 1125 3484 est
1140 3418 1264 3508 singula
1280 3434 1318 3483 ut
1337 3418 1432 3501 fiant,
1457 3418 1532 3507 quia
1554 3416 1678 3483 bonum
1694 3442 1761 3485 esse
1778 3435 1816 3485 ut
1831 3420 1939 3487 forent
1957 3421 2045 3487 vidit.

450 3524 543 3589 Patet
559 3524 667 3611 itaque
680 3519 833 3610 quicquid
847 3520 933 3583 Deus
948 3517 1045 3581 faciat
1056 3532 1111 3581 aut
1127 3514 1279 3598 dimittat,
1290 3517 1408 3601 justam
1426 3539 1463 3580 ac
1478 3515 1703 3581 rationabilem
1718 3517 1846 3583 subesse
1862 3543 2003 3601 causam,
2015 3536 2050 3584 ut

451 3622 517 3686 sola
534 3620 588 3684 illa
609 3619 704 3683 faciat
720 3634 776 3682 aut
792 3616 949 3696 dimittat,
969 3636 1040 3703 quae
1062 3612 1131 3678 fieri
1150 3611 1201 3678 vel
1218 3612 1335 3678 dimitti
1352 3628 1517 3703 oporteat,
1536 3629 1630 3701 atque
1647 3614 1752 3702 ipsum
1770 3614 1895 3680 deceat.
1914 3616 2010 3699 Quod
2024 3616 2050 3680 si

451 3716 538 3803 quod
548 3717 635 3798 facit,
646 3739 721 3782 eum
731 3715 835 3781 facere
848 3727 995 3804 oportet:
1008 3713 1130 3797 justum
1141 3727 1188 3776 est
1198 3711 1307 3799 utique
1316 3727 1353 3775 ut
1364 3710 1459 3775 faeiat
1468 3709 1620 3798 quicquid
1630 3709 1716 3792 facit,
1730 3734 1766 3775 ac
1775 3712 1843 3777 sine
1853 3709 1953 3777 dubio
1965 3714 2050 3801 quic·

451 3812 530 3899 quid
545 3814 650 3880 faeere
667 3813 775 3880 debet.
795 3812 892 3897 Quod
908 3811 935 3876 si
957 3808 1071 3889 debet,
1090 3831 1158 3872 nou
1173 3824 1278 3898 potest
1294 3807 1438 3898 profecto
1453 3810 1537 3893 juste
1557 3807 1718 3873 dimittere
1741 3832 1783 3873 ue
1811 3809 1917 3875 faciat.
1945 3812 2049 3874 Omne

453 3909 570 3998 quippe
584 3912 674 3997 quod
686 3914 805 3993 justum
815 3926 863 3976 est
873 3908 954 3987 fieri,
970 3907 1124 3992 injustum
1134 3921 1183 3970 est
1194 3903 1326 3986 dimitti;
1337 3919 1370 3970 et
1378 3905 1518 3993 quisquis
1526 3903 1561 3969 id
1573 3929 1639 3969 nou
1649 3905 1736 3989 facit,
1748 3905 1837 3996 quod
1847 3907 1928 3970 ratio
1939 3905 2047 3993 exigit,

455 4029 544 4096 aeque
561 4004 735 4096 delinquit,
747 4028 784 4069 ae
791 4008 817 4069 si
834 4006 929 4067 faciat
938 4003 1027 4089 quod
1037 4003 1154 4068 rationi
1165 4003 1297 4068 minime
1306 4001 1493 4067 eoncordat.
1505 4001 1569 4067 Sed
1581 4002 1718 4068 fortassis
1730 4004 1863 4091 inquies,
1873 4001 1961 4091 quod
1970 4002 2051 4067 sicut

449 4108 569 4188 justum
579 4119 691 4169 estant
702 4102 826 4167 bouum
837 4122 892 4165 seu
901 4096 1092 4162 rationabile
1102 4099 1137 4162 id
1148 4099 1236 4186 quod
1244 4097 1344 4163 modo
1354 4097 1440 4179 facit,
1451 4099 1494 4162 ita
1503 4098 1628 4163 bonum
1635 4115 1717 4164 esset
1724 4115 1819 4189 atque
1834 4100 2050 4189 aequebouum

452 4202 478 4266 si
496 4199 583 4265 aliud
603 4200 722 4266 faceret
740 4215 773 4265 et
792 4200 855 4263 hoc
876 4195 1059 4261 dimitteret.
1079 4194 1178 4283 Atqui
1198 4195 1224 4259 si
1245 4217 1333 4282 aeque
1352 4193 1432 4260 illud
1455 4194 1578 4260 bonum
1593 4214 1676 4262 esset
1697 4195 1784 4286 quod
1801 4197 1919 4262 dimisit
1934 4198 2049 4276 faeere,

454 4297 584 4386 quaudo
596 4297 680 4364 istud
695 4297 802 4389 elegit,
820 4294 908 4360 nulla
921 4292 1067 4383 profecto
1083 4293 1165 4356 ratio
1182 4291 1241 4354 fuit
1257 4314 1314 4355 cur
1327 4290 1408 4355 illud
1424 4290 1599 4357 dimitteret
1616 4309 1709 4380 atque
1720 4292 1805 4358 istud
1822 4293 1962 4384 eligeret.
1980 4295 2053 4360 Fuit

455 4413 562 4462 autem
577 4397 714 4484 inquies,
732 4395 805 4484 quia
821 4415 895 4459 eum
911 4414 979 4456 nou
995 4406 1165 4477 utrumque
1181 4384 1250 4452 fieri
1271 4402 1435 4476 oporteret
1451 4403 1484 4452 et
1500 4411 1589 4476 seque
1610 4390 1673 4453 hoc
1687 4389 1738 4454 vel
1752 4388 1832 4454 illud
1846 4390 1916 4456 fieri
1930 4391 2051 4457 bouum

455 4510 547 4575 esset,
561 4494 787 4584 quodcumque
801 4513 914 4557 eorum
929 4487 1019 4553 fieret
1037 4483 1270 4550 rationabiliter
1284 4485 1404 4549 factum
1414 4501 1507 4551 esset.
1521 4484 1586 4550 Sed
1598 4489 1690 4572 juxta
1699 4488 1783 4551 haue
1792 4487 1939 4577 profecto
1952 4492 2052 4555 ratio·

455 4613 542 4667 nem,
557 4614 646 4677 aeque
660 4590 729 4655 fieri
740 4587 911 4680 oportebat
921 4584 1010 4675 quod
1023 4584 1142 4648 factum
1156 4603 1223 4646 uon
1240 4598 1299 4663 est,
1315 4582 1396 4647 sicut
1406 4582 1494 4672 quod
1506 4582 1625 4648 factum
1636 4599 1699 4665 est;
1711 4600 1743 4649 et
1756 4608 1845 4674 seque
1853 4587 1979 4653 bonum
1987 4606 2054 4653 erat

454 4688 535 4755 illud
556 4686 625 4753 fieri
645 4688 726 4750 sieut
745 4689 820 4753 hoc.
840 4688 923 4750 Cum
936 4706 1013 4749 vero
1029 4678 1107 4768 quid
1128 4677 1196 4744 fieri
1213 4679 1337 4744 bouum
1353 4696 1413 4761 est,
1431 4696 1463 4745 et
1478 4680 1704 4746 rationabilem
1723 4682 1823 4748 habet
1842 4707 1971 4750 causam
1991 4709 2053 4772 qua

455 4785 639 4853 faciendum
654 4785 706 4866 sit,
730 4781 990 4848 irrationabiliter
1006 4775 1152 4868 profecto
1169 4777 1245 4870 agit,
1261 4777 1316 4866 qui
1331 4777 1420 4871 quod
1432 4800 1495 4844 ase
1507 4778 1576 4844 fieri
1592 4776 1711 4845 debere
1724 4803 1791 4845 nou
1806 4782 1944 4869 ignorat,
1972 4805 2053 4871 pree·

490 5014 495 5040 ¹
508 5008 605 5060 rrum.
618 5019 720 5069 mnu,
732 5013 759 5058 r:
769 5009 795 5058 5.
