4559 6100
613 583 907 659 lNTRODllCTIO
932 587 993 659 tn
1017 586 1321 660 THEOLOGlAM.
1712 592 1783 665 tta

207 734 330 833 quidem
352 735 389 805 in
416 758 489 832 quo
517 732 754 833 hypothetica
777 734 951 831 disjuncta
978 749 1031 809 εει
1060 734 1165 829 falsa,
1184 761 1227 810 ac
1242 739 1273 809 si
1286 738 1336 811 ita
1352 737 1576 832 diceremus,
1593 744 1784 817 necessarii

207 879 317 928 nornen
336 852 392 926 bis
414 869 620 954 ponentes:
639 858 789 928 Νεεεεεε
805 869 858 927 est
872 855 999 930 navale
1017 855 1154 931 bellum
1176 881 1255 930 cras
1272 881 1348 932 esse
1365 858 1545 947 futurum,
1565 860 1622 932 vel
1639 885 1785 936 necesse

206 991 249 1049 est
270 999 335 1047 non
356 998 435 1048 esse
451 998 532 1048 oras
549 975 711 1048 futurum
730 1002 741 1046 ε
757 974 867 1047 alium
884 999 970 1048 vero
993 977 1032 1047 in
1057 1000 1131 1073 quo
1154 977 1354 1073 categorica
1371 993 1425 1052 εει
1436 1002 1539 1068 vera,
1555 977 1695 1052 habens
1712 982 1785 1054 dis·

202 1095 348 1191 junctum
364 1093 583 1192 subjectum,
593 1109 629 1167 ει
636 1094 737 1192 quasi
750 1093 965 1190 disjunctam
978 1095 1016 1167 in
1032 1093 1196 1192 subjecto
1208 1096 1377 1195 positam,
1396 1112 1432 1170 et
1443 1098 1633 1170 necessarii
1649 1124 1784 1174 nomen

204 1215 294 1286 semel
307 1214 467 1312 positum
488 1215 525 1285 in
543 1213 748 1314 praedicato.
767 1218 815 1286 Ac
829 1215 860 1286 si
875 1213 1042 1287 videlicet
1056 1216 1105 1289 ita
1122 1214 1305 1289 dicamus:
1319 1217 1450 1291 Navale
1462 1216 1600 1291 bellum
1616 1241 1695 1291 cras
1710 1243 1786 1291 esse

204 1334 357 1427 loturum,
376 1334 437 1406 vel
458 1358 534 1407 non
549 1358 626 1407 esse
642 1334 816 1426 futurum,
830 1333 902 1408 hoc
920 1332 1085 1408 videlicet
1103 1348 1219 1408 totum
1236 1360 1381 1410 necesse
1393 1349 1460 1428 est,
1476 1335 1548 1409 boc
1563 1351 1628 1431 est,
1641 1362 1787 1412 necesse

202 1467 292 1525 estut
306 1453 425 1553 ipsum
450 1477 532 1526 cras
548 1454 612 1527 liat
628 1453 686 1525 rel
702 1478 776 1525 non
794 1452 868 1527 fiat.
883 1459 927 1526 Et
941 1453 1014 1527 hoc
1029 1454 1177 1551 quidem
1190 1454 1302 1528 modo
1315 1456 1506 1528 necessarii
1524 1479 1659 1528 nomen
1676 1457 1785 1529 semel

202 1573 340 1673 positum
356 1588 394 1645 et
408 1572 577 1647 absolute
606 1573 839 1673 predicatum
859 1597 980 1649 veram
997 1573 1115 1647 reddit
1131 1576 1416 1651 enuntiationem
1430 1604 1441 1667 3
1460 1591 1496 1648 ει
1513 1576 1727 1673 generaliter
1739 1577 1786 1649 ad

201 1692 359 1790 quaslibet
384 1691 645 1766 affirmationes
664 1708 701 1766 et
721 1695 929 1790 negationes
952 1716 1076 1767 earum
1105 1695 1313 1795 praedicatio
1335 1696 1448 1795 ipsius
1472 1697 1648 1769 veraciter
1671 1698 1786 1795 appli-

200 1829 289 1886 catur
306 1840 314 1885 :
333 1828 374 1885 ut
395 1812 569 1886 videlicet
586 1813 632 1886 de
644 1814 791 1910 singulis
808 1812 989 1905 dicamus,
1007 1814 1094 1913 quia
1109 1813 1206 1888 hanc
1220 1815 1277 1888 rel
1296 1813 1394 1887 illam
1411 1840 1487 1889 εεεε
1499 1840 1621 1889 veram
1642 1830 1695 1888 εει
1722 1841 1786 1888 ne·

199 1958 304 2026 cesse,
325 1932 427 2032 quod
450 1933 657 2007 Aristoteles
680 1933 852 2007 intellexit
875 1960 959 2008 cum
979 1935 1240 2035 proprietatem
1260 1936 1457 2033 assignaret
1475 1935 1783 2010 contradictionis.

78 2138 82 2145 ‚
200 2060 269 2127 Non
295 2069 415 2128 ιιιιιειι
453 2054 536 2126 ideo
572 2055 674 2127 altari
708 2078 832 2127 earum
865 2055 1056 2129 necessarii
1088 2054 1380 2154 predicationem
1405 2055 1570 2129 absolute
1596 2078 1787 2155 possumus

197 2173 379 2273 applicare,
398 2188 442 2246 ut
457 2173 638 2247 veraciter
656 2174 821 2248 dicamus
836 2173 921 2272 quia
938 2173 994 2247 vel
1011 2173 1108 2248 hanc
1124 2198 1271 2249 necesse
1283 2188 1338 2249 εει
1355 2198 1433 2248 εεεε
1445 2196 1577 2247 'veram
1586 2227 1597 2264 ,
1615 2174 1672 2247 vel
1689 2173 1786 2247 illam

196 2317 327 2365 necesse
341 2305 393 2365 εει
411 2317 488 2366 εεεε
501 2292 637 2367 falsam.
659 2292 744 2366 ldeo
765 2307 885 2366 autem
906 2292 1072 2367 absolute
1098 2294 1284 2387 addimus,
1316 2294 1402 2391 quia
1430 2292 1706 2367 determinatam
1726 2317 1787 2365 ne·

196 2413 326 2485 cessarii
343 2411 637 2511 praedicationem
659 2412 829 2486 omnibus
847 2411 1058 2508 hujusmodi
1074 2416 1169 2487 veris
1186 2412 1494 2513 propositionibus
1512 2411 1687 2512 applicari
1710 2413 1786 2510 ipse

195 2529 319 2604 ibidem
337 2531 486 2626 edocet,
506 2533 630 2605 dicens
651 2559 660 2603 ε
685 2562 703 2599 ι
722 2533 833 2630 igitur
846 2556 924 2605 esse
939 2531 1025 2631 quid
1049 2547 1120 2626 est,
1138 2531 1287 2631 quando
1308 2548 1380 2622 εει,
1397 2556 1542 2605 ιιεεεεεε
1558 2543 1612 2603 εει
1631 2558 1640 2602 z
1662 2544 1697 2602 et
1710 2554 1786 2601 uon

193 2651 387 2750 essequod
412 2677 488 2724 non
519 2629 598 2744 εει,
616 2651 764 2750 quando
787 2666 954 2743 nonest,
983 2677 1130 2727 ιιεοεεεε
1157 2667 1251 2725 εει.»
1278 2650 1348 2724 Sed
1371 2676 1445 2724 non
1472 2650 1556 2724 ideo
1578 2649 1786 2749 simpliciter

193 2770 274 2844 dicit
294 2773 378 2870 quia
402 2774 628 2867 accessesit.
653 2778 732 2845 Non
755 2774 852 2845 enirn
874 2774 925 2846 sic
940 2772 1178 2847 determinata
1203 2772 1393 2845 necessarii
1415 2769 1623 2870 praedicatio
1647 2767 1801 2867 simpli·-

191 2893 274 2964 citer
296 2891 419 2983 infert,
445 2908 487 2964 ιιι
514 2892 601 2990 quia
621 2890 788 2964 videlicet
811 2914 957 2965 necesse
982 2906 1129 2965 estesse
1147 2890 1236 2963 dum
1255 2904 1327 2980 est,
1349 2888 1432 2962 ideo
1449 2889 1602 2963 concedi
1623 2900 1788 2989 oporteat

191 3026 230 3084 ut
242 3026 277 3085 ει
289 3012 496 3113 simpliciter
509 3013 651 3086 dicatur
670 3012 756 3111 quia
770 3036 915 3086 necesse
934 3026 1100 3106 estesse,
1121 3012 1194 3085 boc
1211 3024 1282 3102 est,
1306 3008 1457 3083 omnino
1477 3007 1682 3084 inevitabile
1699 3008 1786 3106 quin

189 3134 260 3204 sit¹.
281 3136 328 3204 Er
345 3158 420 3232 quo
439 3133 590 3231 quidem
611 3134 700 3206 tanti
717 3132 924 3233 philosophi
941 3147 1041 3208 tanto
1064 3132 1286 3206 documento
1306 3146 1434 3205 ettam
1453 3128 1678 3219 rationabili,
1699 3126 1787 3199 illud

188 3268 575 3352 supramemoratum,
592 3253 695 3352 quod
714 3251 760 3326 de
776 3253 897 3326 divina
911 3253 1139 3352 providentia
1155 3249 1265 3349 objici
1284 3252 1391 3339 solet,
1412 3248 1512 3323 facile
1527 3247 1638 3320 relelli
1654 3261 1785 3345 potest.

187 3375 356 3467 Constat,
391 3375 584 3473 inquiunt,
622 3373 782 3446 divinam
814 3372 1082 3472 providentiam
1113 3370 1186 3444 fatti
1216 3394 1291 3442 non
1324 3393 1455 3467 posse,
1486 3382 1522 3440 ει
1551 3367 1674 3438 omnia
1707 3391 1786 3462 quae

187 3494 374 3586 eveniunt,
400 3495 450 3566 ita
473 3491 539 3594 [ut]
569 3495 742 3567 eveniunt
768 3493 814 3565 ab
841 3517 886 3564 εο
909 3517 985 3565 esse
1007 3491 1176 3591 provisa3
1206 3513 1293 3588 ergo
1320 3488 1370 3561 ita
1392 3500 1432 3558 ut
1454 3486 1625 3558 eveniunt
1647 3484 1788 3581 singula

185 3614 327 3685 evenire
343 3637 492 3687 ιιεεεεεε
511 3630 583 3708 est,
612 3639 696 3688 curn
711 3612 878 3686 videlicet
896 3614 988 3685 sicut
1007 3611 1055 3685 ab
1072 3635 1117 3684 eo
1134 3610 1280 3709 provisa
1296 3623 1394 3700 sunt,
1414 3630 1458 3679 ea
1478 3605 1621 3680 evenire
1645 3628 1788 3677 necesse

183 3734 226 3803 sit
246 3760 255 3802 ε
277 3758 351 3805 non
372 3736 469 3806 enim
485 3733 563 3807 lieri
579 3747 700 3834 potest
714 3747 755 3805 ut
769 3734 846 3833 ipse
861 3732 981 3831 aliqua
997 3730 1200 3831 provideat,
1217 3744 1253 3802 et
1271 3728 1431 3816 nonita,
1452 3740 1493 3798 ut
1516 3727 1592 3825 ipse
1612 3723 1787 3823 providit,

182 3857 362 3929 eveniant.
392 3861 487 3931 Cum
516 3882 603 3956 ergo
630 3858 770 3955 singula
794 3855 981 3956 provideat
1007 3856 1151 3929 evenire
1179 3855 1229 3927 ita
1256 3867 1297 3925 ut
1327 3851 1520 3937 eveniunt,
1548 3848 1711 3948 prolecto
1741 3849 1790 3918 ita

178 3978 261 4075 ipsa
283 3980 430 4051 evenire
456 4004 600 4052 necesse
627 3993 695 4052 est.
723 3976 831 4051 Verbi
855 3977 985 4074 gratia,
1011 3974 1172 4076 providit
1201 3973 1248 4048 ab
1274 3989 1429 4065 aeterno,
1458 3969 1495 4042 id
1517 3984 1569 4042 est
1590 3967 1788 4068 prescivit,

176 4096 281 4168 bunc
303 4098 368 4196 qui
386 4096 618 4171 damnandus
635 4112 703 4185 est,
722 4098 838 4171 lacere
859 4120 924 4195 per
944 4120 1024 4192 quae
1046 4094 1252 4168 damnetur.
1278 4093 1389 4190 lgitur
1414 4114 1498 4166 cum
1519 4092 1568 4161 ita
1588 4086 1791 4187 praeviderit

177 4214 279 4307 lieri,
306 4242 457 4292 necesse
473 4233 548 4311 est,
571 4220 761 4317 inquiunt,
784 4218 833 4290 ita
850 4214 941 4288 fieri.
964 4220 1003 4286 Et
1020 4239 1087 4289 nos
1103 4213 1275 4312 quidem,
1297 4235 1406 4310 quam
1421 4210 1576 4284 diximus
1594 4204 1791 4279 Aristotelis

172 4338 401 4410 sententiam
426 4352 636 4438 sequentes,
663 4335 897 4414 concedimus
922 4335 969 4407 de
996 4334 1166 4432 singulis,
1193 4334 1278 4430 quia
1304 4354 1450 4405 necesse
1473 4342 1526 4401 εει
1551 4328 1600 4399 ita
1624 4325 1787 4415 evenire,

171 4477 264 4526 earm
282 4456 362 4555 ipse
380 4457 428 4529 ita
445 4458 591 4530 evenire
606 4455 818 4556 providerit3
835 4479 911 4527 non
929 4469 1049 4528 tamen
1067 4452 1379 4551 ideosimpliciter
1394 4446 1595 4523 concedere
1610 4444 1787 4541 cogimur,

170 4573 263 4669 quia
284 4597 434 4649 necesse
450 4591 503 4649 εει
529 4577 577 4649 ita
604 4577 765 4665 evenire,
791 4600 876 4648 cum
898 4573 1084 4665 videlicet,
1107 4587 1147 4645 ιιι
1169 4572 1307 4645 dictum
1332 4582 1404 4662 est,
1423 4567 1575 4665 simplex
1600 4563 1790 4638 necessarii

168 4690 392 4789 praedicatio
421 4717 650 4792 nequaquam
682 4710 925 4791 consequatur
949 4692 1198 4767 determinata.
1227 4691 1326 4762 Sicut
1349 4689 1465 4779 enim,
1495 4682 1596 4782 quod
1623 4698 1695 4774 est,
1725 4706 1789 4754 ne·
1851 4790 1854 4798 Ι

168 4836 280 4885 εεεεε
299 4823 445 4886 estesse
462 4813 612 4912 quando
628 4828 700 4906 εει,
719 4813 796 4907 vel,
818 4810 919 4911 quod
934 4810 993 4905 fit,
1011 4835 1157 4885 necesse
1172 4824 1225 4883 est
1241 4808 1319 4882 fieri
1337 4806 1482 4905 quando
1499 4804 1558 4895 fit,
1584 4828 1651 4877 nec
1669 4818 1787 4875 tamen

198 5125 360 5176 'llameuus
379 5124 464 5179 codex
483 5128 622 5180 Victorinus
639 5136 663 5179 et
686 5130 762 5181 edltlo
786 5130 956 5181 annuunt.
976 5128 1068 5179 Cetera
1091 5140 1145 5190 que
1169 5132 1305 5187 sequuntur
1325 5136 1338 5172 e
1359 5122 1443 5171 codlce
1466 5117 1596 5169 oxonienst
1619 5112 1679 5162 coll.
1704 5109 1787 5160 Baltot.

164 5217 240 5255 nunc
258 5207 376 5269 prtnranr
397 5216 480 5270 eruta,
498 5210 578 5260 lucam
597 5211 688 5260 rident.
