4559 6100
455 528 527 600 336
1054 525 1181 598 Puuu
1201 523 1432 598 ABAELARDI

454 674 528 747 boc
540 677 679 774 peccat.
699 704 716 741 ι
730 678 847 747 Omne
866 676 976 748 enim.
992 706 1010 741 a
1026 679 1075 748 Ac
1093 677 1122 747 si
1135 676 1272 750 diceret
1289 703 1298 747 ι
1315 675 1407 764 Quia
1423 672 1599 772 quidquid
1620 688 1748 746 contra
1762 672 1834 747 hoc
1856 674 2050 772 quodem·

456 794 554 866 ditur
566 793 620 883 fit,
631 794 704 866 sive
718 795 755 866 in
772 820 848 888 esu,
858 796 933 868 sive
946 796 982 867 in
998 793 1087 889 aliis,
1105 824 1123 864 u
1136 810 1323 894 peccatum
1334 808 1399 867 est.
1413 824 1431 861 n
1447 798 1545 868 Deus
1555 793 1651 865 enim
1666 792 1859 890 quicordis
1872 793 2053 894 inspector

457 925 523 1005 est,
540 938 614 985 non
634 928 707 985 tam
724 939 804 1011 quae
827 914 919 986 liunt
939 938 1049 1012 qnam
1073 939 1147 1011 quo
1169 915 1291 986 animo
1316 912 1408 986 liunt
1429 911 1594 986 attendit.
1625 916 1705 985 Non
1729 913 1909 986 immerito
1932 930 2052 992 autem

457 1033 566 1128 quaeri
581 1046 701 1131 potest
713 1032 759 1105 de
770 1032 826 1105 his
842 1034 904 1131 qui
915 1032 1178 1106 interficiebant
1191 1030 1315 1106 fideles
1325 1057 1418 1130 quos
1428 1032 1636 1105 seductores
1654 1030 1841 1129 putabant,
1849 1033 1951 1129 juxta
1966 1033 2053 1107 illud

458 1152 885 1227 Veritatis¹:«Venithora
896 1153 1311 1252 utomnisquiinterlecit
1323 1178 1401 1246 vos,
1416 1152 1829 1251 arbitreturobsequium
1841 1170 2054 1251 seprmstare

457 1277 548 1366 Deo,
560 1301 577 1336 >r
592 1286 712 1345 utrum
722 1274 760 1345 iu
775 1272 847 1346 boc
865 1274 1105 1372 peccaverint.
1120 1274 1157 1345 si
1172 1272 1269 1346 euim
1283 1272 1478 1346 credebant
1493 1297 1555 1346 eos
1568 1267 1775 1348 seductores
1789 1272 2008 1366 animarum,
2018 1289 2054 1346 et

458 1390 686 1488 ideodignos
707 1408 834 1486 morte,
850 1391 1037 1492 quomodo
1053 1407 1178 1465 contra
1198 1393 1455 1465 conscientiam
1477 1415 1579 1465 suam
1604 1393 1654 1464 eis
1676 1414 1823 1491 parcere
1849 1389 2054 1468 debebant?

458 1511 601 1609 Quippe
610 1513 639 1582 si
648 1528 846 1612 parcerent,
857 1526 984 1585 contra
991 1514 1357 1585 couscientiamsoam
1369 1526 1528 1608 agerent,
1537 1526 1572 1583 et
1584 1512 1632 1583 ita
1641 1525 1842 1610 peccarent.
1854 1509 1925 1588 Sed
1933 1536 2056 1583 rursus

368 1709 384 1724 ,
459 1654 543 1701 cum
560 1630 779 1704 interficiunt
794 1633 1018 1717 innocentes,
1036 1632 1148 1703 immo
1166 1631 1298 1705 electos
1313 1633 1393 1721 uei,
1417 1630 1519 1729 quod
1535 1630 1699 1729 iniquum
1714 1643 1787 1716 est,
1806 1628 1968 1704 dicemus
1995 1654 2057 1703 eos

460 1774 533 1822 non
550 1775 712 1850 peccare,
728 1765 790 1824 aut
801 1776 865 1824 eos
878 1751 914 1823 in
931 1749 1149 1824 bocbonam
1166 1752 1402 1834 intentionem
1421 1749 1568 1841 habere,
1585 1750 1674 1848 quia
1689 1749 1950 1843 maximeerat,
1962 1750 2058 1822 ideo·

459 1893 531 1966 que
543 1868 640 1942 bona
653 1871 845 1943 aestimatur
859 1872 981 1970 potius
993 1895 1070 1954 esse
1086 1871 1276 1969 quamsit?
1290 1870 1487 1959 Quomodo
1501 1871 1609 1945 etiam
1626 1868 1827 1966 ignorantia
1841 1883 1987 1942 excusat
1995 1894 2058 1942 eos

460 2003 654 2085 apeccato,
666 2013 751 2062 cum
762 2004 902 2063 constet
913 1990 1088 2063 nonnulla
1100 1991 1585 2090 etiampeccataignorantiae
1594 1989 1685 2063 dici?
1696 1988 2057 2087 Alioquinquomodo

467 2105 648 2181 l’salmista
664 2109 798 2182 diceret
816 2108 864 2183 ad
879 2113 1040 2182 Deum':
1064 2138 1083 2178 o
1095 2109 1249 2194 Eliunde
1267 2111 1357 2183 iram
1371 2125 1472 2183 tuam
1484 2112 1522 2183 iu
1537 2114 1683 2201 Gentes,
1701 2133 1782 2206 quae
1799 2121 1835 2181 te
1852 2131 2060 2188 nouuore·

467 2242 564 2299 runt.
579 2231 654 2300 »Et
670 2229 804 2303 Veritas
818 2230 864 2303 de
877 2230 1168 2330 persecutoribus
1180 2232 1292 2303 suis':
1308 2235 1454 2323 «Pater,
1472 2231 1615 2328 ignosce
1624 2229 1688 2314 eis,
1700 2229 1784 2325 quia
1795 2228 1960 2302 nesciunt
1972 2227 2058 2327 quid

466 2346 637 2434 sacianos
656 2347 729 2421 Ubi
747 2350 844 2422 enim
857 2349 964 2448 culpa
982 2374 1056 2422 non
1074 2352 1267 2449 praecessit,
1291 2350 1381 2447 quid
1396 2364 1449 2424 est
1464 2375 1557 2450 opus
1569 2347 1779 2447 ignoscere?
1800 2348 1837 2420 Si
1849 2349 1951 2428 enim,
1963 2348 2060 2446 igno·

466 2468 582 2540 santia
602 2467 660 2540 vel
685 2471 798 2552 etiam,
816 2468 900 2542 fidei
924 2493 1027 2541 error
1050 2484 1195 2542 excuset
1211 2472 1353 2569 penitus
1373 2472 1536 2569 aculpa,
1560 2467 1787 2549 undeludaei
1810 2482 1873 2539 aut
1885 2468 2057 2560 Gentiles,

466 2585 521 2657 vel
540 2586 690 2684 quilibet
706 2587 871 2661 infideles
886 2588 932 2661 de
949 2588 1161 2662 infidelitate
1174 2614 1238 2661 sua
1255 2589 1453 2663 damnandi
1467 2600 1564 2681 sunt,
1583 2613 1667 2662 cum
1683 2587 1931 2685 uuusquisque
1950 2584 2061 2658 iidem

466 2729 568 2778 suam
594 2720 727 2780 rectam
750 2733 828 2781 esse
847 2709 975 2808 putet?
990 2711 1079 2798 Quis
1094 2712 1193 2782 enim
1209 2723 1337 2810 sponte
1353 2712 1389 2784 in
1407 2736 1449 2785 ea
1464 2711 1628 2810 persistat
1643 2708 1728 2799 lide,
1747 2730 1857 2804 quam
1872 2729 2061 2782 erroneam

463 2823 603 2919 credat,
616 2839 658 2897 ut
670 2827 738 2900 sibi
753 2843 892 2926 partem
907 2829 1014 2927 eligat
1025 2828 1241 2906 deteriorem
1251 2829 1266 2900 Ρ
1276 2834 1329 2902 De
1341 2830 1476 2908 talibus¹
1483 2844 1604 2904 tamen
1613 2829 1749 2902 Veritas
1758 2827 1845 2899 ait⁸r
1864 2825 1968 2914 «Qui
1984 2849 2062 2898 uon

466 2941 592 3036 eredit,
604 2945 678 3041 jam
688 2946 871 3043 judicatus
882 2963 948 3021 est.
961 2980 978 3017 a
990 2948 1061 3024 Sed
1072 2949 1181 3045 hujus
1193 2952 1243 3022 rei
1252 2949 1511 3023 discussionem
1518 2949 1672 3023 uthica·
1682 2960 1813 3028 nosue
1824 2967 2060 3018 reservamus.

497 3065 759 3159 ¹Quaerendum
786 3094 932 3169 quoque
954 3070 1108 3143 arbitror
1128 3096 1194 3143 cur
1220 3071 1396 3145 hocloco
1420 3070 1611 3170 Apostolus
1635 3067 1799 3143 consulat
1825 3066 2002 3140 alimentis
2027 3080 2062 3138 et

466 3182 555 3255 cibis
575 3201 723 3285 propter
741 3188 951 3263 scandalum
971 3188 1200 3263 infirmorum
1221 3192 1371 3267 iratmm
1393 3191 1660 3280 abstinendum,
1679 3214 1764 3263 cum
1786 3188 1824 3259 iu
1848 3185 2003 3285 Epistola
2018 3183 2069 3256 od

469 3302 619 3376 Galatas
635 3306 731 3393 dicat
749 3333 787 3381 se
803 3310 841 3380 in
856 3308 935 3389 ¹hoc
959 3314 1064 3393 Petro
1087 3312 1275 3385 restitisse⁸
1291 3342 1309 3381 ι
1325 3315 1411 3411 quia
1435 3310 1725 3412 reprehensibilis
1749 3321 1846 3398 erat,
1864 3337 1882 3374 a
1906 3304 1971 3378 sed
1992 3303 2063 3376 hoc

467 3416 712 3496 definiendum
731 3427 782 3495 illi
797 3427 880 3513 loco
895 3455 1131 3513 reservamus.
1151 3432 1395 3521 Quaerendum
1414 3435 1522 3506 etiam
1538 3434 1568 3505 si
1580 3432 1684 3531 juxta
1702 3431 1822 3530 ipsum
1835 3424 2060 3526 Apostolum,

467 3541 591 3613 omnia
607 3540 754 3626 ,munda
765 3543 925 3636 mundis,
949 3565 986 3617 et
1007 3550 1064 3627 nilx
1078 3551 1312 3644 rejiciendum
1332 3552 1368 3623 in
1385 3551 1475 3624 cibis
1494 3552 1694 3646 quodcum
1714 3548 1908 3641 gratiarum
1924 3542 2064 3616 actione

467 3659 698 3757 percipiatur.
724 3664 798 3733 Cur
820 3663 918 3735 enim
944 3665 1103 3762 Apostoli
1127 3664 1184 3736 rcl
1207 3666 1319 3739 sancti
1348 3672 1467 3743 Patres
1487 3667 1651 3766 quaedam
1675 3664 1782 3739 nobis
1806 3665 1842 3736 in
1868 3661 1951 3735 cibo
1974 3662 2064 3736 sicut

469 3778 576 3863 etiam
590 3776 647 3850 lex
659 3779 949 3855 interdixerunt?
967 3783 1072 3857 Unde
1087 3784 1197 3857 etiam
1213 3785 1250 3857 in
1260 3785 1407 3860 Actr'bar
1417 3787 1670 3885 Apostolorum
1685 3785 1928 3865 continetur⁷z
1946 3812 1964 3848 α
1979 3783 2064 3854 Sur·

469 3912 637 3970 rexerunt
652 3899 803 3996 quidam
820 3901 867 3975 de
887 3903 1013 3977 haeresi
1034 3903 1293 3981 Pharisaeorum
1314 3909 1376 4005 qui
1389 3907 1632 3998 crediderunt,
1647 3906 1806 3981 dicentes
1820 3904 1907 4003 quia
1922 3915 2065 4002 oportet

470 4018 679 4091 circumcidi
700 4044 781 4109 eos,
803 4024 998 4123 praecipere
1022 4047 1171 4123 quoque
1190 4024 1305 4122 legem
1322 4027 1449 4124 Moysi.
1477 4029 1633 4124 Surgeus
1656 4031 1781 4098 Petrus
1799 4023 1888 4096 dixit
1908 4020 1957 4094 ad
1978 4045 2062 4094 eos:

470 4136 566 4224 Quid
584 4139 728 4223 tentatis
748 4141 961 4233 Dominum,
987 4144 1175 4244 imponere
1191 4145 1320 4243 jugum
1341 4171 1448 4245 super
1469 4147 1645 4219 cervicem
1670 4142 1943 4242 discipulorum,
1965 4139 2065 4239 quod

469 4278 590 4350 neque
618 4261 739 4331 Patres
767 4261 896 4354 nostri,
925 4287 1042 4361 neque
1068 4289 1138 4336 nos
1164 4279 1309 4364 portare
1334 4266 1543 4364 potuimus?
1563 4264 1634 4339 Sed
1656 4289 1722 4364 per
1746 4262 1894 4360 gratiam
1918 4259 2065 4335 Domini

470 4377 552 4446 lesu
584 4374 764 4450 credimus
791 4381 920 4467 salvari
951 4383 1262 4479 quemadmodum
1291 4397 1326 4457 et
1353 4384 1416 4457 illi.
1434 4415 1453 4452 r
1482 4389 1571 4457 item
1598 4382 1822 4484 respondens
1849 4377 2067 4459 Jacobuset

472 4492 636 4565 dicens⁸t
660 4499 824 4569 «Notum
844 4500 1002 4570 aseculo
1024 4514 1077 4572 est
1101 4503 1260 4574 Domino
1285 4527 1378 4601 opus
1402 4527 1522 4589 suum,
1550 4517 1698 4601 propter
1721 4500 1822 4599 quod
1842 4524 1909 4597 ego
1929 4494 2067 4595 judicio

472 4637 548 4697 non
565 4612 756 4710 inquietari
778 4639 841 4687 eos
858 4618 920 4714 qui
937 4643 984 4701 ,ex
1003 4618 1179 4691 Gentibus
1200 4621 1524 4701 convertunturad
1538 4626 1670 4710 Deum,
1686 4619 1750 4693 sed
1765 4617 1922 4693 scribere
1940 4615 1989 4688 ad
2006 4638 2068 4687 eos

476 4745 517 4805 ut
529 4731 733 4806 abstineant
745 4758 783 4807 se
794 4738 1200 4823 ¹acouturuinationibus
1216 4740 1505 4835 simulacrorum,
1519 4755 1555 4814 et
1573 4740 1821 4832 iomicatione,
1836 4753 1872 4812 et
1887 4733 2067 4811 suffocatis

505 5039 670 5111 'ineman
690 5058 739 5108 sn,
756 5059 780 5113 ι.
791 5050 815 5099 2.
825 5049 872 5086 -¹
884 5048 985 5102 Proin.
998 5065 1103 5114 mnu,
1115 5066 1139 5106 ι.
1151 5056 1308 5118 6.-⁸Lue.,
1326 5070 1383 5122 rap.
1395 5071 1466 5120 xxm,
1476 5072 1502 5111 ι.
1515 5060 1556 5111 rt.
1569 5083 1598 5097 -
1614 5056 1717 5119 ‘loom
1731 5069 1788 5120 cap.
1799 5067 1839 5117 m,
1855 5068 1879 5106 r.
1900 5055 1940 5106 ts.
1952 5077 1981 5091 -
1991 5049 2068 5102 ’tho

477 5118 541 5172 lutra
549 5123 633 5176 Etbic.
647 5124 672 5189 l,
685 5139 709 5177 c.
720 5140 756 5179 ιιι
768 5136 794 5180 et
803 5142 860 5194 sqq.
872 5132 921 5170 -·
933 5130 1027 5194 Golot,
1038 5147 1094 5198 cap.
1107 5148 1135 5197 u,
1148 5151 1171 5189 r.
1185 5138 1225 5190 rt.
1234 5162 1266 5176 -
1276 5139 1347 5190 ‘Art
1359 5140 1527 5205 aporr.,op.
1538 5152 1585 5203 ιι,
1598 5153 1622 5192 ι.
1635 5143 1651 5193 a
1662 5144 1734 5203 etse.
1744 5161 1773 5176 -
1785 5139 1794 5171 ⁸
1804 5135 1870 5189 ibid.
1879 5170 1886 5198 ,
1896 5146 1920 5185 r.
1935 5135 1974 5186 ts.
