4559 6100
478 521 550 596 246
1080 516 1209 588 PETRI
1238 515 1469 591 ABAELARDI

477 670 575 742 toriae
591 667 716 739 mortis
728 679 940 754 reservatur,
961 679 1002 737 ut
1018 690 1062 739 eo
1076 667 1195 738 minus
1209 669 1319 741 vitam
1334 668 1468 741 habere
1490 667 1725 765 temporalem
1745 682 1969 767 appetamus,
1993 699 2066 772 quo

475 789 611 862 facilius
629 811 709 859 eam
731 785 826 857 finiri
841 785 1082 884 prospicimus
1099 800 1135 858 et
1153 788 1320 858 aerumnis
1336 787 1533 884 subjacere,
1559 800 1593 858 et
1612 811 1692 859 eam
1710 787 1863 885 amplius
1879 789 2067 887 diligamus

475 933 554 1007 quae
572 932 656 980 vere
672 906 778 978 beata
794 919 847 977 est
864 918 899 976 et
917 903 1025 976 finem
1042 928 1116 976 non
1136 904 1257 978 habet.
1276 911 1358 978 Haeo
1373 906 1420 979 de
1440 904 1603 1003 originali
1631 921 1780 1004 peccato
1806 931 1881 979 non
1906 923 1979 982 tam
2001 937 2066 1009 pro

476 1030 670 1100 assertione
682 1048 792 1123 quam
810 1048 878 1122 pro
894 1023 1081 1122 opinione,
1098 1048 1165 1096 nos
1184 1023 1229 1096 ad
1246 1049 1401 1123 praesens
1415 1023 1545 1097 dixisse
1563 1023 1727 1097 sufficiat.
1748 1029 1849 1097 Nunc
1865 1027 1911 1099 ad
1926 1032 2065 1129 exposi-

475 1149 611 1219 tionem
624 1146 748 1218 litterae
764 1142 965 1215 redeamus.

527 1295 544 1334 a
558 1271 627 1337 Lex
646 1279 765 1337 autem
783 1261 1039 1335 subintravit.»
1064 1267 1111 1335 Ac
1127 1265 1156 1335 si
1170 1264 1296 1359 aliquis
1315 1277 1511 1360 quaereret:
1531 1263 1628 1352 Quid
1644 1287 1730 1359 ergo
1743 1263 1813 1361 egit
1830 1261 1886 1336 lex
1902 1281 1985 1338 ante
2002 1268 2067 1340 ad·

475 1400 623 1458 ventum
640 1384 783 1477 Christi,
797 1385 827 1456 si
840 1397 964 1482 postea
979 1382 1141 1455 Christus
1165 1382 1359 1455 adveniens
1383 1397 1529 1480 peccata
1552 1379 1728 1455 abstulit?
1753 1383 1956 1483 Respondet
1982 1388 2067 1483 quia

475 1507 531 1584 len
550 1530 624 1578 non
637 1502 754 1609 solum
771 1518 917 1602 peccata
939 1527 1014 1574 non
1031 1502 1190 1595 abstulit,
1210 1503 1273 1575 sed
1290 1503 1400 1593 auxit,
1427 1515 1467 1573 ut
1491 1503 1690 1574 necessario
1711 1503 1872 1575 Christus
1890 1502 1936 1575 ad
1964 1505 2068 1577 aule·

475 1624 625 1698 rendam
640 1648 786 1722 quoque
802 1622 1049 1694 habitudinem
1064 1635 1296 1721 peccatorum
1314 1620 1559 1693 descenderet.
1572 1626 1616 1692 Et
1631 1621 1704 1693 hoc
1715 1635 1780 1712 est,
1800 1650 1818 1689 a
1830 1623 1916 1695 lex»
1936 1622 2067 1696 scilicet

475 1744 618 1842 scripta,
641 1742 898 1831 «subintravit,
912 1772 929 1808 a
948 1756 1031 1840 post
1047 1741 1261 1834 naturalem,
1292 1771 1309 1807 α
1331 1755 1369 1812 nt
1389 1739 1589 1812 abundaret
1599 1740 1781 1813 delictum.
1800 1769 1818 1808 »
1847 1746 1925 1813 Hoc
1948 1756 2066 1815 autem

476 1862 694 1953 dictumest,
715 1860 901 1956 quomodo
916 1860 946 1932 si
963 1859 1102 1933 dicatur
1113 1860 1159 1932 de
1175 1860 1311 1958 aliquo,
1342 1887 1360 1928 v
1378 1859 1484 1931 exivit
1499 1873 1539 1929 ut
1556 1873 1769 1949 moreretur,
1785 1886 1803 1926 u
1824 1859 1861 1930 id
1878 1875 1932 1933 est
1946 1862 2064 1950 exivit,

476 1996 510 2053 et
526 1995 718 2080 propterea
733 2004 832 2051 mors
846 1995 900 2052 est
914 1980 1116 2067 subsecuta,
1135 2005 1211 2052 non
1227 1979 1328 2079 quod
1343 1979 1412 2051 hac
1426 1979 1625 2050 intentione
1640 1978 1761 2050 exiret.
1790 1980 1848 2051 Sic
1865 1994 1900 2051 et
1915 2004 1980 2078 per
1996 1980 2067 2053 hoc

475 2102 575 2198 quod
591 2100 648 2172 lex
663 2099 748 2172 data
763 2112 816 2171 est
831 2099 968 2199 populo
983 2098 1119 2190 rebelli,
1138 2113 1328 2198 peccatum
1340 2122 1405 2196 per
1421 2097 1735 2193 transgressionem
1754 2097 1944 2195 plurimam
1955 2098 2068 2171 abun·

474 2219 584 2293 davit.
603 2219 705 2292 «Ubi
721 2232 854 2309 autem,
872 2246 890 2287 n
906 2217 944 2291 id
962 2220 1068 2291 estin
1085 2218 1216 2291 eodem
1233 2218 1383 2317 populo,
1405 2218 1528 2315 inquo
1542 2243 1608 2316 per
1626 2219 1943 2313 transgressionem
1958 2220 2066 2292 etiam

475 2340 559 2437 legis
576 2341 725 2439 scriptae,
750 2338 978 2411 «abundavit
996 2352 1197 2437 peccatum,
1224 2335 1532 2436 superabundavit
1554 2351 1591 2408 et
1616 2337 1760 2433 gratia»
1781 2335 1924 2431 Christi,
1949 2338 1988 2410 id
2012 2356 2065 2412 est

475 2459 571 2531 dona
588 2458 634 2531 ab
652 2484 696 2530 eo
717 2458 824 2555 gratis
841 2481 917 2528 non
934 2483 1000 2555 pro
1019 2457 1155 2529 meritis
1171 2456 1314 2549 collata,
1332 2471 1410 2527 tum
1427 2456 1513 2552 quia
1529 2455 1579 2527 ibi
1592 2454 1742 2527 salutem
1758 2470 1917 2528 nostram
1929 2459 2065 2555 specia-

474 2578 553 2650 liter
567 2592 735 2675 operatus
751 2590 818 2666 est,
842 2590 915 2647 tam
939 2575 1110 2673 patiendo
1134 2576 1268 2647 scilicet
1296 2597 1407 2672 quam
1432 2572 1683 2671 praedicand03
1709 2572 1806 2645 unde
1823 2575 1917 2647 ait¹:
1943 2605 1961 2642 α
1985 2580 2065 2648 Non

474 2721 553 2768 sum
570 2696 700 2767 missus
715 2695 782 2766 nisi
799 2693 846 2765 ad
862 2718 948 2766 oves
964 2719 1043 2791 quae
1061 2694 1245 2792 perierunt
1262 2694 1393 2765 domus
1410 2692 1530 2784 lsrael,
1549 2721 1567 2760 n
1594 2691 1652 2764 vel
1667 2693 1880 2765 remittendo
1904 2709 2062 2790 peccata,

476 2828 538 2885 ant
555 2812 724 2885 miracula
745 2811 923 2901 faciende,
942 2812 1015 2884 sive
1031 2812 1224 2910 patiendo,
1245 2810 1486 2909 resurgendo,
1512 2810 1755 2906 ascendendo,
1775 2812 1945 2911 Spiritum
1966 2836 2065 2885 sanc·

475 2949 550 3004 tum
577 2931 768 3024 mittendo,
793 2930 976 3031 apostolos
999 2945 1034 3003 et
1058 2932 1197 3029 priores
1215 2930 1348 3003 electos
1371 2930 1456 3002 inde
1479 2931 1662 3027 colligens,
1685 2956 1750 3029 per
1769 2954 1860 3028 quos
1878 2931 2067 3004 universus

474 3053 710 3153 postmodum
726 3051 824 3125 orbis
839 3052 1033 3150 acquisitus
1049 3066 1103 3124 cst
1115 3056 1206 3125 Deo.
1221 3051 1433 3125 Abundasse
1454 3067 1644 3151 peccatum
1664 3052 1763 3144 dicit,
1782 3066 1818 3124 et
1836 3053 2068 3150 superabun-

476 3174 577 3246 dasse
591 3174 754 3271 gratiam,
772 3197 851 3270 qnae
868 3196 943 3243 non
959 3171 1285 3271 solum'peccatum
1301 3171 1461 3261 abstulit,
1474 3196 1599 3243 verum
1615 3172 1722 3243 ctiam
1744 3171 1893 3243 virtutes
1916 3172 2067 3245 contulit

474 3311 510 3366 et
521 3293 781 3392 multiplicavit,
803 3305 875 3364 tam
894 3288 1078 3362 visibiliter
1102 3291 1139 3361 in
1167 3290 1358 3384 miraculis,
1388 3314 1498 3386 quam
1524 3289 1752 3390 spiritualiter
1774 3290 1813 3361 in
1837 3290 2066 3364 interioribus

472 3416 601 3486 animae
625 3413 744 3486 bonis.
777 3440 794 3479 n
816 3417 863 3482 Ut
886 3411 991 3501 sicut,
1014 3439 1031 3476 r
1061 3408 1099 3482 id
1122 3424 1176 3482 est
1190 3409 1238 3481 ad
1254 3409 1326 3482 hoc
1342 3409 1539 3483 abundavit
1562 3410 1638 3481 haec
1654 3410 1778 3505 gratia,
1798 3409 1838 3480 id
1859 3424 1913 3483 est
1930 3410 2028 3483 dona
2046 3435 2065 3481 a

474 3533 614 3605 Christo
632 3533 738 3629 gratis
756 3530 897 3620 collata,
915 3542 985 3600 aut
1002 3529 1079 3626 ipsa
1097 3543 1221 3624 regnet
1235 3553 1301 3625 per
1314 3529 1500 3625 justitiam,
1515 3557 1533 3596 n
1552 3527 1674 3620 idest,
1693 3552 1841 3624 regnum
1862 3528 2005 3625 justitiae
2029 3529 2064 3600 in

475 3651 580 3723 nobis
608 3650 771 3740 aedificet,
800 3673 879 3745 quae
907 3646 1077 3719 omnibus
1103 3647 1254 3744 imperet
1279 3646 1503 3737 libidinibus,
1531 3663 1567 3719 et
1593 3647 1733 3719 illicitos
1757 3646 1911 3720 refrenet
1932 3661 2063 3741 motus,

475 3768 710 3866 praeparando
732 3791 799 3838 nos
818 3765 880 3858 ita,
911 3796 928 3830 «
953 3767 990 3835 in
1017 3766 1126 3836 vitam
1151 3778 1333 3855 aeternam,
1355 3794 1372 3832 a
1391 3780 1427 3836 et
1441 3765 1526 3857 hoc,
1550 3791 1645 3865 «per
1659 3766 1853 3857 Christum,
1874 3795 1892 3834 u
1910 3767 2067 3865 seipsum

473 3912 540 3984 pro
558 3887 664 3959 nobis
679 3886 836 3958 hostiam
853 3883 1078 3971 offerentem,
1100 3911 1118 3951 a
1138 3884 1230 3954 sicut
1246 3896 1349 3956 antea
1367 3885 1541 3980 regnavit,
1560 3913 1579 3952 o
1606 3885 1643 3956 id
1667 3900 1719 3957 est
1736 3909 1889 3982 regnum
1912 3902 2067 3958 suomet

475 4007 679 4079 dominium
694 4004 834 4095 habuit,
856 4032 874 4072 v
895 4004 931 4075 in
956 4002 1062 4074 nobis
1078 4016 1279 4100 peccatum,
1301 4035 1317 4069 »
1334 4003 1470 4075 ducens
1486 4028 1553 4075 nos
1570 4004 1617 4076 ita
1640 4032 1656 4072 c
1671 4005 1709 4075 in
1726 4019 1882 4077 mortem
1898 4034 1916 4075 n
1934 4006 2067 4078 scilicet

475 4142 613 4199 aeternae
624 4123 878 4198 damnationis.

524 4275 541 4315 a
551 4245 648 4334 Quid
657 4268 742 4342 ergo
754 4240 930 4333 dicemus,
943 4256 1012 4313 etc.
1027 4272 1044 4307 »
1057 4241 1363 4340 Quandoquidem
1370 4241 1434 4313 ubi
1444 4240 1640 4313 abundavit
1650 4240 1831 4329 delictum,
1846 4243 2066 4340 superabun-

474 4364 573 4436 davit
589 4365 713 4459 gratia,
729 4360 864 4434 diceret
875 4360 1015 4458 aliquis,
1029 4360 1118 4458 quid
1134 4361 1295 4433 dicemus
1309 4360 1379 4432 nisi
1391 4374 1432 4432 ut
1448 4384 1715 4459 perseveremus
1729 4362 1766 4432 in
1781 4373 1940 4458 peccato,
1958 4375 2001 4432 ut
2016 4365 2068 4434 sic

473 4486 510 4553 in
523 4481 630 4555 nobis
649 4512 666 4552 u
682 4481 790 4579 gratia
804 4478 977 4571 abundet,
993 4509 1010 4545 »
1027 4478 1117 4550 sicut
1129 4481 1166 4552 in
1181 4478 1248 4551 illis
1262 4479 1278 4549 t
1292 4511 1309 4546 α
1325 4480 1434 4570 Absit,
1448 4508 1466 4548 n
1483 4481 1600 4577 inquit
1617 4481 1807 4579 Apostolus
1818 4503 1861 4551 ex
1874 4503 1940 4554 sua
1950 4497 2063 4581 parte,

474 4605 545 4675 hoc
561 4601 817 4691 concedamus,
836 4599 967 4672 scilicet
978 4599 1280 4698 perseverandum
1295 4622 1458 4696 unquam
1474 4623 1550 4671 esse
1567 4598 1673 4671 nobis
1689 4599 1808 4697 aliqua
1823 4602 2013 4674 occasione
2030 4605 2065 4673 in

473 4737 632 4821 peccato.
656 4750 672 4790 u
690 4722 763 4810 Qui
775 4720 872 4792 enim
888 4720 1022 4790 mortui
1044 4744 1166 4791 sumus
1186 4733 1381 4818 peccato.»
1399 4722 1445 4790 hc
1461 4719 1490 4790 si
1506 4718 1662 4792 diceret:
1683 4723 1763 4792 Non
1784 4735 1837 4792 est
1855 4719 1961 4792 nobis
1979 4746 2067 4819 pcr-

473 4841 695 4916 mancndum
709 4841 746 4912 in
763 4853 926 4938 peccam,
955 4839 1039 4936 quia
1061 4862 1128 4911 nec
1154 4838 1376 4911 manendum
1403 4837 1524 4935 aliquo
1543 4838 1669 4931 modo,
1697 4864 1782 4911 cum
1801 4841 1835 4911 ei
1852 4865 1975 4913 sumus
1989 4842 2066 4937 jam

504 5119 509 5146 ¹
522 5115 617 5177 llattb,
630 5129 683 5178 cap.
697 5129 738 5177 xv,
752 5130 773 5168 v.
786 5118 823 5167 at.
