4559 6100
506 430 580 503 686
1112 426 1239 499 PETRI
1265 425 1495 501 ABAELARDl

509 577 712 651 laciendum
735 592 788 650 est
811 578 981 663 vitamus,
1002 575 1056 649 vel
1081 576 1181 673 quod
1204 600 1278 650 non
1312 590 1366 649 est
1387 576 1546 678 αςὶωμε,
1567 599 1676 674 quem
1703 578 1733 648 si
1749 577 1822 649 hoc
1842 603 1905 677 per
1925 581 2099 678 ignoran-

508 697 594 769 tiam
611 699 847 794 coutingeret,
867 721 947 794 quae
963 694 1128 767 videlicet
1148 695 1305 791 aliquam
1321 694 1588 767 exornationem,
1603 695 1824 793 praetendere
1841 713 1972 795 posset.
1993 700 2099 772 Unde

381 806 388 817 ’
508 831 543 886 et
568 815 657 889 illud
679 830 731 891 est
758 816 857 913 quod
881 817 1012 888 nostis¹
1033 843 1042 886 s
1065 845 1082 880 α
1097 817 1228 889 Servus
1254 815 1368 887 sciens
1392 829 1429 886 ct
1453 837 1527 886 uon
1552 813 1683 887 faciens
1708 815 1930 889 voluntatem
1957 818 2099 890 domini

509 936 577 1024 sui,
596 934 779 1032 vapulabit
795 935 927 1006 multis.
946 963 963 1000 r
985 938 1028 1005 Et
1044 932 1163 1007 alibi¹2
1187 963 1203 998 e
1223 932 1347 1005 Melius
1361 945 1453 1004 esset
1469 955 1543 1003 non
1564 957 1670 1005 nosse
1685 934 1781 1005 iiam
1795 935 1968 1026 veritatis,
1986 961 2100 1034 quam

509 1068 591 1152 post
606 1055 762 1151 agnitam
777 1066 970 1126 retrorsum
988 1052 1129 1125 abire.»
1147 1049 1339 1123 Prudentia
1355 1051 1475 1146 itaque
1491 1052 1583 1125 sicut
1600 1050 1690 1123 lidos
1706 1052 1761 1124 vel
1777 1077 1877 1150 spes,
1897 1077 1975 1151 quae
1993 1058 2100 1129 malis

508 1199 609 1272 aeque
635 1188 675 1245 ut
696 1173 802 1246 bonis
827 1172 1035 1245 hominibus
1051 1173 1291 1260 conveniunt,
1313 1195 1386 1245 uon
1410 1187 1485 1243 tam
1501 1172 1646 1243 virtutes
1670 1172 1831 1246 dioendoe
1856 1189 1960 1266 sunt,
1986 1200 2098 1274 quam

510 1293 678 1366 ducatum
695 1293 889 1389 quemdam
908 1291 963 1364 vel
980 1292 1252 1363 incitamentum
1269 1290 1316 1362 ad
1333 1291 1479 1362 virtutes
1493 1290 1665 1388 praebere.

558 1418 758 1485 Cnarsrnn.
778 1417 855 1483 lloc
868 1411 913 1482 ad
932 1435 1084 1508 praesens
1098 1409 1144 1481 de
1162 1409 1352 1508 prudentia
1368 1410 1451 1482 satis
1467 1434 1544 1483 esse
1560 1408 1725 1483 arbitror.
1747 1416 1849 1483 Nunc
1865 1411 1912 1485 ad
1922 1411 2096 1510 reliquas,

509 1547 548 1603 ut
561 1533 697 1604 Socrati
714 1530 842 1629 placet,
860 1531 1007 1602 virtutes
1023 1542 1185 1626 superest
1200 1552 1331 1601 meare.

559 1659 698 1724 Panos.
729 1651 867 1723 lustitia
884 1651 1003 1747 itaque
1024 1651 1134 1720 virtus
1160 1663 1233 1735 est,
1264 1648 1448 1721 communi
1478 1648 1630 1721 utilitate
1650 1664 1811 1736 servata,
1838 1675 1939 1724 suam
1965 1654 2099 1751 cuique

508 1772 670 1845 tribuens
695 1771 923 1866 dignitatem,
953 1768 1027 1840 haec
1050 1783 1103 1840 est
1123 1792 1166 1840 ea
1191 1769 1302 1841 virtus
1322 1792 1395 1865 qua
1409 1766 1577 1840 volumus
1597 1790 1891 1866 unumquemque
1907 1768 2038 1844 habere
2055 1773 2098 1845 id

507 1917 581 1988 quo
597 1893 726 1988 dignus
741 1905 815 1976 est,
834 1890 862 1961 si
877 1887 949 1961 lroc
966 1911 1161 1960 commune
1182 1911 1256 1959 non
1276 1886 1403 1960 inierat
1419 1886 1607 1959 damnum.
1632 1890 1731 1984 Saepe
1747 1889 1880 1960 etenim
1897 1891 2092 1988 contingit,

508 2025 547 2082 ut
569 2011 655 2082 dum
678 2010 783 2081 alicui
797 2033 864 2106 pro
891 2008 1023 2079 meritis
1044 2030 1108 2078 sua
1129 2005 1330 2093 reddimus,
1350 2005 1451 2103 quod
1471 2005 1697 2100 singulariter
1714 2007 1752 2077 in
1771 2028 1847 2078 uno
1862 2007 1979 2105 agitur
1992 2034 2095 2083 com·

499 2154 617 2203 mune
635 2130 763 2201 inserat
779 2127 964 2199 damnum.
992 2131 1043 2198 Ne
1065 2127 1185 2222 itaque
1208 2150 1289 2223 pers
1304 2126 1391 2218 toti,
1414 2125 1639 2222 singularitas
1661 2125 1869 2223 praejudicet
1887 2132 2095 2201 commuui-

498 2251 587 2341 tati,
606 2249 816 2344 adjunctum
832 2260 903 2336 est,
927 2246 1113 2318 communi
1129 2245 1280 2317 utilitate
1300 2257 1450 2317 servata.
1469 2242 1523 2315 Ad
1544 2242 1643 2315 hunc
1663 2245 1798 2341 quippe
1816 2243 1927 2317 finem
1950 2248 2090 2338 omnia,

504 2393 583 2465 quae
601 2369 777 2464 gerimus,
797 2379 892 2437 recte
914 2364 1036 2438 referri
1053 2365 1240 2452 convenit3
1265 2377 1305 2435 ut
1326 2365 1363 2436 in
1382 2360 1554 2436 omuibus
1569 2362 1701 2434 scilicet
1717 2387 1793 2436 nou
1816 2378 1890 2436 tam
1905 2369 2092 2464 proprium

504 2489 655 2583 quisque
670 2486 825 2575 bonum,
844 2507 953 2579 quam
969 2507 1165 2555 commune
1181 2481 1359 2573 attendat,
1379 2505 1448 2554 nec
1462 2495 1535 2554 tam
1552 2481 1603 2553 rei
1620 2480 1797 2568 lamilimi,
1814 2505 1924 2580 quam
1940 2483 2091 2581 publicae

503 2604 710 2702 provideat,
738 2626 806 2675 uec
827 2615 903 2673 tam
928 2600 1015 2691 sibi,
1041 2625 1149 2697 quatu
1173 2601 1293 2697 patrias
1316 2600 1424 2672 vivat.
1444 2597 1548 2671 Unde
1570 2612 1607 2670 et
1628 2599 1687 2673 illc
1708 2601 1846 2698 primus
1866 2615 1903 2673 et
1917 2604 2092 2675 maximus

503 2721 648 2793 moralis
665 2719 901 2817 philosophiae
912 2719 1056 2810 doctor,
1073 2722 1237 2791 Socrates
1247 2732 1380 2791 cuncta
1398 2719 1435 2790 iu
1451 2742 1644 2813 commuue
1659 2719 1772 2815 redigi
1789 2719 1882 2793 etad
1898 2746 2091 2794 commune

503 2838 738 2913 commodum
762 2838 901 2910 censuit
915 2837 1099 2935 applicari,
1122 2853 1162 2908 ut
1179 2860 1309 2911 uxores
1326 2858 1537 2911 communes
1555 2862 1632 2911 esee
1651 2839 1869 2926 institueret,
1888 2841 1935 2912 ita
1957 2840 2092 2913 scilicet

504 2973 544 3030 ut
565 2980 675 3031 neoto
696 2957 862 3058 proprios
877 2970 1150 3053 recognosceret
1163 2955 1317 3044 liberos;
1343 2955 1413 3029 hoc
1428 2969 1481 3027 est
1496 2980 1572 3028 uon
1590 2970 1663 3029 tam
1678 2956 1746 3029 sihi
1764 2981 1827 3030 eos
1842 2981 1949 3055 quam
1964 2961 2090 3058 patrius

500 3078 688 3152 crederent
712 3090 914 3174 generatos,
938 3093 978 3148 ut
996 3076 1070 3147 haec
1087 3075 1252 3150 videlicet
1271 3076 1512 3150 communitas
1533 3100 1685 3149 uxorum
1704 3102 1781 3150 non
1801 3078 1837 3150 iu
1862 3103 1931 3151 usu
1948 3081 2085 3170 earnis,

501 3197 594 3272 sed
584 3224 622 3270 m
648 3198 763 3271 fructu
786 3197 898 3296 prolis
922 3196 1127 3293 accipiatur.
1148 3195 1257 3283 Quod
1280 3209 1354 3268 tam
1373 3195 1482 3268 verbo
1504 3220 1612 3292 quam
1635 3221 1745 3295 opere
1769 3198 1879 3271 Aulus
1903 3201 2088 3298 proprium

502 3316 701 3394 occidendo
718 3315 831 3389 filium
846 3329 1074 3413 posterorum
1095 3316 1276 3387 memoriae
1289 3314 1432 3411 reliquit
1449 3315 1485 3386 in
1502 3314 1719 3413 exemplum,
1738 3341 1822 3389 eum
1837 3341 1889 3407 se,
1907 3319 2083 3417 inquiens,

499 3461 576 3508 non
604 3437 762 3510 Catilinae
786 3434 957 3507 adversus
981 3435 1149 3530 patriam,
1175 3433 1240 3506 sed
1263 3434 1384 3532 patriae
1411 3432 1581 3506 adversus
1606 3433 1792 3508 Catilinam
1817 3439 1997 3532 genuisse.
2023 3440 2086 3511 Hic

499 3580 586 3628 vero
608 3555 751 3650 justitiae
767 3552 845 3626 zelo
870 3576 1053 3641 accensus,
1077 3576 1147 3624 nec
1162 3555 1198 3623 in
1223 3551 1298 3624 filio
1323 3551 1436 3626 lilium
1456 3576 1562 3626 suum
1580 3552 1644 3626 sed
1666 3552 1807 3627 hostem
1829 3558 1954 3654 patriae
1975 3559 2086 3629 cousi·

486 3674 640 3763 ‘deuans
668 3672 874 3771 predictam
896 3671 1038 3767 justitiae
1058 3670 1306 3744 definitionem
1322 3695 1396 3743 non
1425 3685 1499 3743 tam
1524 3695 1607 3760 ore,
1638 3693 1748 3770 quam
1774 3699 1883 3750 mnu
1911 3675 2080 3749 exhibuit.

499 3793 669 3888 Quisquis
690 3792 796 3889 igitur
821 3793 859 3862 in
880 3789 949 3863 hac
974 3803 1144 3864 constans
1167 3804 1219 3862 est
1236 3789 1437 3881 voluntate,
1456 3813 1565 3886 quum
1587 3789 1759 3878 diximus,
1783 3807 1824 3864 ut
1847 3793 1960 3867 abes
1985 3794 2085 3867 facile

498 3909 673 3982 dimoveri
701 3934 777 3981 non
808 3909 938 4006 possit,
957 3908 1087 3980 virtute
1112 3909 1223 4006 poll'et
1242 3909 1394 4005 justitiae,
1414 3908 1552 3981 etiamsi
1573 3907 1780 3983 fortitudine
1795 3925 1833 3983 et
1848 3914 2085 4009 temperentia

497 4029 662 4101 noudum
682 4029 727 4100 sit
748 4040 1028 4100 consummatus.
1054 4026 1124 4099 Sed
1146 4028 1229 4124 quie
1253 4027 1384 4124 quihus
1401 4025 1545 4100 difficile
1565 4028 1752 4118 amittitur,
1774 4029 1939 4102 recedere
1961 4044 2082 4102 tamen

497 4170 759 4244 nonnunquam
786 4145 914 4244 grandi
936 4145 1052 4242 aliqua
1077 4147 1334 4222 interveniente
1356 4169 1463 4220 causa
1485 4147 1638 4243 cogitur,
1660 4150 1753 4221 sicut
1784 4148 1858 4222 hec
1882 4149 1961 4247 ipsa
1983 4146 2080 4223 hom

495 4266 662 4342 voluutas
691 4290 770 4364 quae
800 4265 936 4362 justitia
960 4264 1102 4352 dicitur,
1130 4267 1260 4338 timore
1281 4263 1403 4361 aliquo
1426 4264 1484 4337 sel
1507 4265 1703 4363 cupiditate
1727 4268 1928 4355 evanescit,
1955 4282 2080 4341 contra

496 4393 663 4463 timorem
701 4386 893 4481 fortitudo,
929 4402 1056 4460 contra
1094 4386 1327 4485 cupiditatem
1364 4389 1598 4486 temerantia
1637 4391 1831 4463 necessaria
1866 4405 1932 4463 est.
1962 4391 2080 4462 Timor

494 4509 628 4607 quippe
653 4510 703 4579 rei
725 4532 836 4604 quam
859 4508 1041 4594 nolumus,
1064 4506 1120 4578 rel
1142 4505 1318 4603 cupiditas
1345 4506 1422 4603 ejus
1448 4531 1558 4603 quam
1578 4508 1757 4601 volumus,
1775 4510 1811 4580 si
1831 4524 1939 4582 tantae
1957 4511 2027 4582 sint
2041 4523 2079 4580 ut

494 4629 622 4701 rationi
649 4628 880 4726 prevaleant,
905 4626 1005 4700 facile
1025 4625 1073 4699 ab
1097 4649 1172 4697 uuo
1195 4626 1381 4723 proposito
1404 4640 1560 4698 mentem
1575 4626 1762 4702 iuuabunt
1782 4643 1820 4701 et
1842 4629 1879 4700 in
1904 4628 2078 4701 coenaria

493 4748 641 4821 ducunt.
663 4746 767 4819 Unde
783 4745 953 4819 adversus
970 4747 1135 4818 timorem
1153 4744 1329 4818 fortitudo
1344 4744 1525 4844 clypeum,
1547 4745 1717 4819 adversus
1734 4747 1966 4847 cupiditatem
1984 4761 2078 4820 tem-

529 5020 619 5083 'lnc.,
630 5033 684 5083 etp.
694 5032 770 5081 xu,r.
783 5022 824 5071 lt.
835 5043 866 5057 -·
877 5015 976 5082 ²Petu,
988 5016 1024 5080 11,
1039 5030 1092 5080 etp.
1105 5030 1135 5081 u,
1150 5031 1173 5067 r.
1186 5019 1225 5070 21.
