4559 6100
459 390 531 461 flio
1061 382 1190 455 rm!
1215 382 1454 454 amram

458 540 565 609 siml.
591 538 752 607 Pmirira:
768 550 889 605 aulem
902 534 1046 629 justitie
1067 532 1157 602 iliud
1176 546 1245 619 ul,
1265 532 1370 628 quod
1389 532 1440 603 ab
1458 529 1670 602 ΜΒ
1688 532 1893 601 innitntrn
1912 529 1960 599 ad
1983 532 2061 598 utl-

459 656 592 727 liutem
618 654 753 725 natica
770 654 825 725 rel
850 654 1076 723 loressan·
1099 652 1210 721 um»
1234 650 1470 723 mnda-
1493 648 1873 747 rdqilifinndn,
1893 649 2057 719 aurant:

458 774 721 845 carmiuare
742 788 805 845 aut
829 774 949 871 scripti
974 772 1099 841 uitimr
1120 772 1353 858 annositate,
1376 785 1504 868 utpote
1526 795 1642 867 prm
1663 769 1903 840 vindidmrm
1928 771 1987 839 sel
2013 771 2057 838 in

458 894 706 964 rraroinarrdis
736 892 1022 963 mtkmibrs
1051 892 1236 961 §mteutiae
1260 890 1501 985 judiciorum,
1534 916 1622 962 cum
1647 890 1747 987 apud
1773 889 1866 960 alios
1891 890 1980 960 runs
2002 892 2053 960 sit

460 1014 666 1084 duellorum
677 1014 731 1083 rel
748 1012 847 1105 igniti
862 1010 960 1097 ferri,
974 1009 1070 1107 apud
1084 1010 1175 1080 alitis
1189 1024 1310 1080 autem
1326 1012 1704 1081 ornnisoontrorers'n
1717 1009 1853 1080 liniasit
1864 1012 2052 1103 juramen·

463 1146 552 1219 turn,
570 1147 604 1203 et
626 1132 773 1203 testilrus
788 1131 907 1202 omnis
925 1128 1098 1201 dimo
1116 1129 1397 1200 cirmmtenrur.
1418 1128 1525 1199 tude
1544 1128 1603 1219 tir,
1620 1144 1662 1198 nt
1677 1154 1763 1199 cum
1777 1129 2057 1225 quilxrsmnqut

462 1252 655 1323 siverulum
677 1264 747 1339 est,
769 1250 874 1321 nobis
890 1274 1017 1322 eorum
1034 1272 1182 1346 ‘pungne
1202 1250 1383 1335 instituta,
1403 1273 1485 1346 φη
1505 1247 1682 1337 ὀίιίωιις,
1705 1249 1798 1319 sicut
1820 1264 1859 1319 et
1878 1250 2057 1320 natural'n

460 1373 538 1465 jura
560 1386 756 1441 uocarmrs.
785 1372 870 1467 lpse
885 1393 1031 1465 quoqoe
1048 1368 1143 1463 leges
1160 1392 1251 1464 quas
1266 1368 1407 1441 divinas
1424 1367 1556 1459 dicitis,
1579 1383 1681 1440 retu
1697 1368 1831 1439 scilicet
1852 1392 1897 1439 ac
1915 1394 2055 1440 norum

462 1502 731 1577 insanientum,
749 1487 914 1583 qsraedam
931 1488 1105 1559 naualia
1121 1487 1269 1559 tradunt
1286 1503 1465 1586 precepta
1484 1513 1566 1584 quar
1581 1487 1733 1559 moralia
1747 1487 1887 1573 dicitis,
1907 1503 1948 1557 ut
1971 1489 2057 1559 dili·

462 1632 544 1702 gere
568 1612 685 1680 lleum
710 1608 764 1679 rel
789 1610 1013 1707 proximum,
1032 1633 1107 1679 non
1133 1606 1345 1697 adulteram
1371 1633 1449 1680 non
1472 1608 1595 1695 lnrari,
1619 1632 1697 1679 non
1719 1607 1940 1679 homicidam
1955 1608 2055 1683 lieri:

461 1730 626 1826 quaedam
653 1754 740 1800 vcro
763 1732 865 1826 quasi
891 1730 1051 1828 positive
1074 1730 1217 1825 justitiae
1242 1745 1349 1817 sunt,
1367 1754 1449 1825 quar
1470 1728 1687 1826 quibusdam
1709 1754 1755 1800 ex
1782 1744 1946 1827 tempore
1967 1748 2056 1803 sam

464 1848 755 1935 acrarrrrmmlata,
775 1863 814 1920 ut
833 1850 1058 1921 circumcisio
1081 1848 1213 1919 Jurlaeis
1229 1864 1266 1919 et
1287 1848 1488 1946 baptismus
1503 1846 1607 1919 robis
1627 1862 1666 1919 et
1684 1848 1855 1946 pleraque
1874 1850 1946 1922 alia
1960 1876 2058 1947 quo-

464 1994 544 2039 rum
567 1968 727 2063 liguralia
749 1970 884 2040 roratis
907 1984 1094 2066 precepta.
1125 1970 1276 2039 Romani
1296 1992 1444 2065 quoque
1465 1967 1655 2066 pontifices
1679 1967 1736 2038 vel
1759 1969 1951 2064 s5nodaler
1966 1996 2058 2041 con-

463 2102 608 2177 ventus,
627 2088 901 2185 quotidianum
925 2088 1086 2160 condunt
1112 2086 1274 2177 decreta,
1293 2087 1351 2159 vel
1373 2086 1657 2186 dispensatim
1679 2088 1820 2185 aliqms
1842 2089 2055 2187 indulgent,

462 2206 594 2305 quibus
620 2208 715 2281 licita
740 2209 839 2307 prius
856 2208 932 2305 jam
950 2208 1085 2299 illicita,
1108 2207 1164 2279 rel
1180 2232 1395 2280 econverso
1419 2206 1497 2280 lieri
1520 2210 1727 2299 autumatis,
1743 2211 1846 2307 quasi
1865 2212 1904 2281 in
1927 2236 2057 2283 eornm

463 2342 638 2427 potestate
667 2332 763 2401 lleus
791 2330 950 2427 posuerit
975 2328 1031 2401 rel
1060 2327 1379 2427 permissionibus,
1409 2344 1450 2401 ut
1473 2328 1572 2400 bona
1595 2329 1651 2401 rel
1678 2330 1773 2402 mala
1798 2355 1875 2403 erse
1902 2331 2055 2419 saciant,

462 2472 541 2545 quae
565 2448 663 2545 prius
685 2472 760 2519 non
782 2461 885 2519 erant
909 2463 944 2519 et
970 2446 1037 2544 legi
1061 2462 1191 2519 nostrae
1213 2442 1478 2545 possit'eorum
1502 2451 1696 2521 auctoritas
1717 2450 1961 2549 praejudicare
1987 2458 2056 2524 Su·

462 2580 578 2665 perert
602 2580 722 2637 autern
747 2590 862 2656 nunc,
882 2581 921 2637 ut
944 2581 1025 2664 post
1045 2567 1371 2639 considerationem
1385 2568 1542 2663 justitia,
1566 2569 1615 2641 ad
1636 2568 1791 2666 reliquas
1806 2569 1898 2642 duas
1919 2574 2059 2644 virtutis

462 2684 598 2781 species
613 2683 734 2755 stilum
750 2698 1019 2755 convertamus.

1050 2813 1097 2877 ne
1111 2812 1473 2903 patrimoniorum.

513 2952 698 3025 Fortitudo
714 2954 834 3053 itaque
849 2953 954 3026 nobis
970 2953 1111 3027 duabus
1129 2958 1292 3056 partibus
1308 2958 1451 3031 ridetur
1469 2962 1742 3062 comprehendi,
1761 2966 2055 3061 magnanimitate

465 3073 599 3146 scilicet
617 3089 651 3148 et
668 3073 868 3148 tolerantia.

1078 3197 1166 3279 Quid
1181 3200 1435 3291 magnanimitas.

514 3337 782 3432 magnanimitas
800 3361 887 3411 vero
902 3353 974 3431 est,
994 3363 1067 3437 qua
1081 3365 1163 3412 cum
1182 3343 1400 3415 rationabilis
1415 3344 1618 3418 substantiae
1634 3372 1742 3422 causa
1759 3352 1926 3448 quelibet
1944 3355 2056 3427 ardua

466 3454 610 3552 aggredi
638 3481 762 3528 sumus
788 3457 913 3556 parati.
939 3456 1142 3532 Tolerantia
1169 3477 1289 3535 autern
1316 3479 1386 3553 est,
1415 3466 1547 3561 quain
1574 3465 1682 3562 hujus
1709 3471 1882 3570 propositi
1914 3475 2057 3573 incepto

465 3587 671 3646 constanter
686 3599 970 3674 perseveramus

1040 3699 1088 3763 lle
1104 3700 1245 3789 partibus
1260 3706 1488 3793 temperantiae.

515 3837 769 3933 Temperantia.»
787 3863 872 3911 vero
893 3856 1069 3938 quantum
1086 3842 1176 3916 milri
1194 3844 1347 3939 videtur,
1365 3873 1432 3921 nec
1446 3875 1513 3923 vos
1528 3853 1732 3953 improbare
1750 3855 1915 3947 arbitror,
1934 3875 2054 3956 partes

468 3953 523 4026 lrae
540 3968 635 4043 suut,
654 3953 847 4049 humilitas,
866 3957 1057 4058 frugalitas,
1077 3964 1331 4057 mansuetudo,
1350 3969 1504 4058 castitas,
1522 3971 1708 4046 sobrietas.

1124 4144 1211 4228 Quia
1227 4146 1398 4214 numium.

516 4275 702 4350 Humilitas
719 4292 770 4350 est
787 4302 851 4379 per
868 4305 976 4379 quarn
993 4281 1039 4356 ab
1055 4287 1215 4385 appetitu
1232 4287 1347 4360 inanis
1362 4290 1481 4385 gloriae
1498 4293 1547 4365 ita
1565 4319 1632 4367 nos
1649 4308 1904 4396 temperamus,
1923 4314 2048 4373 utnon

472 4419 580 4496 supra
599 4419 707 4495 quam
728 4423 864 4495 sumus,
882 4401 994 4476 videri
1010 4419 1235 4503 appetamus.

1127 4596 1215 4678 Quid
1227 4597 1401 4690 inguim.

519 4726 710 4828 Frugalitas
736 4753 821 4804 vero
845 4747 897 4806 est
923 4736 1109 4833 superlluae
1134 4740 1351 4836 profusionis
1369 4743 1523 4839 frenum,
1548 4770 1613 4847 per
1630 4771 1739 4844 quam
1756 4750 1923 4825 videlicet
1946 4779 2068 4853 supra¹

468 4869 576 4944 quam
593 4854 827 4922 necessarium
845 4866 898 4924 est
915 4852 1097 4952 possidere
1113 4860 1325 4955 respuimus.
1349 4862 1406 4934 Sic
1427 4878 1462 4934 et
1480 4867 1716 4940 mansuetudo
1741 4868 1882 4944 frenum
1905 4887 1957 4946 est
1973 4877 2048 4965 irae,

469 4977 504 5036 at
520 4967 657 5041 castitas
675 4966 831 5060 luxurie,
852 4985 887 5044 et
903 4971 1075 5047 sobrietas
1092 4975 1194 5072 gulae.
1912 4973 1921 4979 ⁶
