4559 6100
478 522 549 597 662
1089 520 1210 594 PETRI
1234 518 1465 594 ABAEIARDI

479 669 686 742 sideremus.
714 669 805 742 Novi
828 682 946 742 tamen
971 670 1056 769 legis
1078 670 1242 768 quaedam
1264 685 1440 770 praecepta
1460 694 1573 768 usque
1591 642 1763 743 etiamad
1783 668 1999 765 alienigenas
2015 695 2080 743 er·

479 788 596 875 tendi,
619 787 752 861 scilicet
771 785 851 861 illos
872 803 1032 881 tautum,
1052 814 1145 886 quos
1167 789 1379 863 vernaculos
1394 789 1449 861 vei
1473 813 1596 862 servos
1620 787 1799 860 haberetis
1822 787 1879 860 vel
1902 788 1965 885 qui
1980 789 2080 863 iutra

479 922 601 1005 portas
619 921 753 979 vestras
769 908 825 979 vel
841 908 878 979 in
902 923 995 982 terra
1010 922 1125 982 vestra
1140 909 1328 982 vobiscum
1344 907 1558 982 habitarent.
1577 910 1678 996 Quos
1691 905 1840 1004 quidem
1858 907 1894 978 in
1912 905 2082 1005 pluribus

483 1026 571 1098 locis
594 1028 775 1125 Scriptura
805 1027 993 1123 diligenter
1019 1028 1255 1115 determinat,
1284 1043 1320 1100 et
1344 1052 1436 1125 quos
1462 1041 1501 1099 tu
1529 1027 1605 1125 ipse
1629 1025 1792 1124 superius
1814 1049 1857 1097 ex
1883 1025 1961 1123 ipso
1989 1025 2079 1123 legis

483 1160 684 1244 praecepto,
710 1160 882 1242 tanquam
906 1147 1092 1243 indigenas
1118 1132 1394 1220 misericorditer
1418 1146 1623 1219 iracundos
1644 1168 1719 1217 esse
1746 1142 1946 1217 ostendisti.
1975 1148 2079 1233 Quos

484 1279 519 1335 et
542 1266 645 1337 vobis
664 1267 701 1337 in
729 1264 892 1364 pluribus
914 1264 1150 1340 observantiis
1171 1266 1227 1339 lex
1251 1281 1417 1364 aggregat
1440 1280 1476 1339 et
1504 1290 1524 1338 a
1553 1264 1678 1338 ceteris
1705 1264 1899 1364 peregrinis
1925 1262 2078 1336 advenis

484 1399 605 1481 aperte
633 1385 830 1479 distinguit.
857 1386 960 1458 Unde
988 1410 1071 1458 cum
1099 1388 1150 1459 ait
1171 1386 1331 1483 quodam
1355 1386 1453 1458 loco1
1471 1415 1489 1453 a
1507 1385 1668 1482 Septimo
1694 1408 1792 1457 anno
1819 1382 1926 1456 iacies
1952 1383 2075 1455 remis·

485 1505 623 1576 sionem
647 1529 727 1602 quae
743 1505 814 1577 hoc
832 1504 960 1577 ordine
981 1505 1195 1579 celebratur.
1214 1508 1280 1578 Cui
1298 1505 1448 1579 debetur
1469 1503 1602 1604 aliquid
1623 1504 1671 1577 ab
1689 1504 1806 1577 amico
1830 1503 1886 1575 vel
1911 1505 2077 1603 proximo

485 1647 527 1695 ac
544 1622 649 1696 fratre
665 1649 749 1716 suo,
771 1638 930 1723 repetere
947 1648 1022 1696 non
1041 1626 1192 1723 poterit,
1213 1626 1297 1723 quia
1313 1650 1430 1698 annus
1445 1625 1664 1697 remissionis
1681 1637 1736 1696 est
1752 1622 1910 1695 Domini.
1931 1626 1957 1694 Α
1974 1647 2078 1721 pere·

486 1744 588 1838 grino
606 1757 642 1815 et
658 1744 797 1815 advena
814 1744 951 1839 exiges3
972 1774 990 1811 »
1010 1758 1132 1841 aperte
1151 1745 1257 1817 dooet
1275 1745 1503 1844 peregrinum
1520 1759 1555 1816 et
1570 1743 1746 1817 advenam
1761 1767 1837 1814 non
1855 1756 1929 1815 tam
1942 1742 2080 1814 miseri·

484 1862 642 1934 corditer
663 1862 888 1934 tractandum
905 1888 1000 1952 esse,
1024 1865 1116 1935 sicut
1135 1863 1353 1962 indigenam.
1378 1867 1484 1937 Hunc
1507 1887 1653 1961 quoquo
1670 1863 1900 1962 peregrinum
1915 1861 2079 1959 superin-

486 1981 679 2074 tellexerat,
697 1981 760 2054 ubi
777 1983 866 2055 ait¹:
888 1986 1039 2054 «Omne
1056 1982 1156 2080 quod
1175 1984 1352 2057 mundum
1370 2000 1423 2057 est
1439 1983 1636 2076 comedite3
1656 1981 1829 2081 quicquid
1846 1980 2079 2053 morticinum

486 2117 537 2173 est
554 2127 663 2174 nemo
679 2117 840 2177 vescatur
854 2127 895 2174 ex
913 2128 969 2175 eo.
992 2105 1181 2201 Peregrino
1198 2105 1260 2202 qui
1274 2106 1368 2177 intra
1385 2118 1505 2204 portas
1521 2119 1600 2176 tuas
1615 2117 1680 2195 est,
1699 2102 1745 2176 da
1764 2117 1804 2175 ut
1820 2099 2002 2190 comedat,
2018 2115 2081 2173 aut

487 2220 603 2295 vende
623 2223 676 2312 ei,
695 2223 780 2319 quia
797 2237 835 2293 tu
854 2221 1009 2321 populus
1025 2237 1169 2296 sanctus
1186 2226 1330 2297 Domini
1349 2226 1399 2297 tui
1418 2225 1483 2296 Dei
1500 2248 1550 2297 es.
1570 2252 1588 2290 n
1611 2227 1730 2318 Longe
1747 2245 1904 2319 namque
1921 2235 2025 2294 antea
2040 2221 2079 2291 in

486 2343 556 2413 alio
573 2341 666 2414 libro
689 2340 864 2414 advenam
885 2342 992 2414 ctiam
1010 2343 1071 2439 qui
1089 2344 1182 2415 intra
1196 2368 1260 2415 vos
1279 2342 1475 2419 habitando
1490 2366 1565 2415 rron
1583 2340 1803 2416 transeundo
1818 2341 2079 2440 peregrinatur,

486 2461 577 2533 sicut
601 2487 642 2534 ea
672 2486 751 2557 quae
774 2462 823 2533 ibi
850 2463 1012 2560 proxima
1036 2466 1317 2562 praemittuntur,
1353 2465 1553 2555 insinuant,
1586 2488 1608 2535 a
1636 2462 1830 2535 morticino
1852 2460 2081 2534 comedendo

487 2582 578 2652 sicut
595 2606 659 2652 vos
684 2580 858 2669 inhibuit,
885 2580 1025 2652 diceus⁸
1043 2604 1053 2653 τ
1075 2611 1092 2649 u
1109 2584 1236 2655 Anima
1260 2608 1338 2681 quae
1360 2582 1558 2655 comederit
1575 2582 1806 2653 morticinum
1823 2579 1880 2651 vei
1898 2593 2041 2679 captum
2058 2605 2082 2652 a

487 2698 598 2771 bestia
617 2714 692 2772 tam
705 2698 751 2770 de
767 2697 943 2793 indigenis
958 2723 1067 2797 quam
1085 2717 1122 2773 et
1138 2701 1185 2774 de
1201 2702 1362 2794 advenis,
1380 2701 1513 2774 lavabit
1529 2700 1740 2775 vestimenta
1765 2722 1829 2771 sua
1853 2713 1889 2771 et
1906 2723 1944 2771 se
1961 2698 2082 2797 ipsum

488 2841 594 2914 aqua,
608 2834 643 2890 et
659 2820 924 2891 contaminatus
941 2820 1008 2890 erit
1025 2844 1138 2917 usque
1155 2820 1200 2894 ad
1219 2845 1421 2921 vesperum,
1434 2835 1469 2893 et
1481 2819 1554 2893 boc
1573 2818 1699 2892 ordine
1716 2818 1875 2891 mundus
1886 2816 1960 2890 fiet.
1973 2818 2082 2906 Quod

488 2939 516 3007 si
533 2962 608 3008 non
623 2938 748 3011 laverit
766 2938 974 3010 vestimenta
990 2953 1104 3011 suaet
1120 2964 1265 3039 corpus,
1283 2940 1440 3041 portabit
1457 2940 1682 3037 iniquitatem
1697 2962 1812 3011 suam.
1830 2970 1847 3005 s
1865 2943 1981 3028 Quem
1993 2960 2081 3009 vcro

490 3082 563 3128 uno
577 3057 660 3129 loco
678 3059 904 3156 peregrinum
922 3074 958 3132 et
973 3058 1149 3132 advenam
1164 3060 1261 3149 dicit,
1274 3061 1495 3160 quandoque
1508 3058 1593 3133 alibi
1606 3059 1769 3132 nominat
1783 3058 1958 3151 alienum3
1973 3057 2083 3129 veluti

488 3181 571 3248 curn
590 3176 738 3249 dicitur‘
759 3204 767 3247 ε
791 3183 905 3249 «Non
927 3177 1103 3251 fenerabis
1122 3180 1219 3254 fratri
1244 3197 1307 3253 tuo
1328 3180 1375 3254 ad
1391 3205 1537 3254 usuram
1555 3180 1764 3279 pecorum,
1784 3203 1851 3252 nec
1867 3179 1997 3276 fruges,
2014 3202 2083 3250 nec

488 3295 685 3393 quamlibet
698 3297 804 3370 aliam
828 3324 917 3390 rem,
938 3300 1002 3372 sed
1026 3300 1158 3373 alieno.
1178 3330 1194 3368 u
1216 3306 1269 3374 De
1295 3302 1351 3374 his
1379 3316 1500 3374 autem
1528 3300 1694 3391 advenis,
1721 3299 1784 3396 qui
1811 3300 2084 3398 peregrinantur

489 3417 674 3507 intervos,
695 3441 769 3488 non
790 3441 855 3490 vos
871 3420 1055 3510 intereos,
1072 3420 1143 3492 alio
1162 3420 1243 3492 loco
1261 3423 1435 3519 scriptum
1452 3432 1517 3511 est,
1537 3444 1621 3491 cum
1638 3418 1815 3492 dicitur⁸':
1834 3449 1851 3484 e
1865 3422 1986 3491 Homo
2002 3422 2083 3515 qui·

489 3535 576 3607 libet
601 3535 647 3609 de
666 3534 778 3608 domo
796 3536 922 3625 lsrael,
942 3552 976 3610 et
998 3538 1044 3611 de
1066 3539 1214 3612 advenis
1240 3542 1302 3638 qui
1325 3540 1598 3637 peregrinantur
1624 3538 1808 3629 intervos,
1833 3539 1862 3609 si
1887 3537 2084 3610 comederit

489 3657 717 3750 sanguinem,
744 3654 945 3729 obfirmabo
967 3658 1094 3730 faciem
1115 3661 1233 3731 me'am
1257 3674 1384 3731 contra
1409 3659 1568 3730 animam
1594 3657 1699 3751 illius,
1724 3657 1765 3730 et
1779 3657 1985 3756 dispergam
2000 3681 2084 3729 eum

489 3773 535 3843 de
563 3774 701 3873 populo
723 3779 802 3846 suo.
818 3806 836 3840 »
855 3776 961 3848 Nullo
977 3778 1112 3877 quippe
1129 3779 1218 3874 legis
1233 3792 1411 3876 praecepto
1433 3777 1543 3849 alium
1568 3776 1744 3849 advenam
1767 3776 2084 3877 comprehenderis

490 3892 557 3962 nisi
584 3893 647 3989 qui
674 3893 769 3991 apud
794 3919 858 3966 vos
876 3894 1031 3989 habitat,
1058 3920 1100 3969 ac
1123 3921 1190 3996 per
1211 3899 1282 3969 boc
1301 3896 1462 3993 subjacet
1485 3911 1603 3969 vestro
1628 3897 1792 3970 dominio
1815 3911 1851 3969 et
1872 3893 2080 3994 disciplina».

492 4010 594 4084 Unde
618 4010 741 4083 diviua
761 4011 868 4085 nobis
888 4014 1100 4110 providente
1122 4018 1329 4114 gratiaque
1350 4015 1449 4088 vobis
1473 4015 1636 4088 omnino·
1649 4040 1798 4089 omnem
1820 4029 2083 4111 terr-eposses·

489 4134 628 4204 sionem
646 4128 811 4221 abstulit,
830 4148 870 4204 ut
888 4133 1008 4205 nullus
1023 4134 1190 4208 videlicet
1209 4135 1307 4234 apud
1324 4160 1407 4226 vos,
1426 4160 1492 4207 vos
1517 4135 1616 4234 apud
1636 4159 1764 4209 omnes
1785 4133 2082 4234 peregrinemini,

490 4250 596 4322 nullis
612 4275 676 4322 vos
698 4249 862 4346 legitimis
882 4253 1004 4324 vestris
1025 4254 1145 4326 sciatis
1162 4253 1350 4325 obnoxios.
1371 4253 1480 4341 Quod
1498 4278 1584 4327 vero
1608 4269 1786 4354 praecepto
1805 4252 2086 4327 circumcisionis

491 4384 524 4441 ot
542 4368 707 4469 exemplo
724 4368 872 4442 Abrabae
895 4394 971 4443 nos·
982 4372 1030 4446 ad
1051 4373 1361 4445 circumcisionem
1386 4398 1511 4471 urgere
1522 4374 1675 4466 niteris,
1695 4388 1736 4446 ut
1754 4397 1818 4446 eos
1833 4398 1980 4473 quoque
1999 4372 2086 4468 legis

490 4504 714 4560 sacramento
733 4488 896 4562 includas
921 4490 1053 4586 quihus
1078 4506 1199 4565 tamen
1223 4492 1429 4566 nullatenus
1454 4493 1569 4590 legem
1592 4518 1668 4566 esse
1684 4492 1807 4567 datam
1830 4492 2002 4566 concedis
2025 4507 2086 4563 aut

491 4609 598 4680 etiam
613 4608 887 4706 promissionem
905 4624 1007 4682 terrae
1021 4610 1099 4684 fieri
1113 4637 1192 4709 quae
1207 4614 1245 4683 iu
1262 4626 1368 4711 pacto
1383 4614 1664 4687 circumcisionis
1677 4615 1858 4705 statuitur,
1873 4614 1960 4688 vide
1977 4635 2086 4710 quam

490 4730 534 4798 sit
560 4726 756 4801 invalidum
775 4729 876 4825 quod
894 4729 1033 4826 objicis.
1061 4735 1152 4803 Cum
1176 4733 1273 4805 enim
1291 4736 1515 4832 praemisisset
1539 4733 1734 4825 Dominus,
1767 4764 1785 4803 v
1810 4732 2089 4818 circumcidetur

525 5039 628 5102 'Deum
644 5053 698 5103 cap.
717 5054 759 5104 xv,
772 5054 798 5090 v.
811 5046 819 5091 t
834 5050 859 5091 et
872 5055 926 5105 sqq.
937 5068 967 5079 -
983 5043 1080 5106 notu,
1096 5059 1149 5108 can.
1164 5060 1220 5110 xiv,
1238 5062 1260 5097 v.
1283 5051 1323 5102 20.
1338 5052 1383 5086 -³
1395 5049 1485 5113 tecit,
1501 5061 1554 5111 cap.
1569 5061 1626 5111 rur,
1640 5063 1663 5098 v.
1680 5051 1719 5110 15,
1735 5051 1774 5100 tu.
1787 5073 1815 5084 -
1825 5045 1927 5108 tama,
1942 5058 1996 5108 ⁰⁸1>-
2009 5056 2088 5106 ¹¹¹¹¹2

490 5129 511 5164 v.
526 5119 564 5168 19.
579 5143 607 5156 ..
619 5122 628 5151 ⁶
639 5120 730 5185 teuit,
745 5134 803 5184 cap.
817 5133 882 5185 xva,
895 5135 918 5172 v.
931 5125 970 5176 10.
