4559 6100
696 611 739 684 ΙΝ
765 610 1011 683 El'lS'l'OLAM
1035 607 1097 681 AD
1121 610 1347 685 Ronanus.
1751 617 1816 688 221

222 759 310 832 dum
334 759 537 831 Salomonis
552 760 703 850 monita,
721 785 797 833 non
820 759 947 859 recipit
966 759 1191 833 auditionem
1206 784 1351 851 vanam,
1372 774 1409 832 et
1424 760 1694 836 incircumcisus
1717 763 1822 860 labiis

221 879 366 973 dicitur,
384 880 538 978 quinon
560 879 825 953 circumciderit
838 879 1116 981 blasphemiam,
1133 880 1397 974 scurrilitatem,
1417 880 1678 980 turpiloquium
1692 882 1739 957 de
1758 911 1822 959 ore

221 1027 302 1093 suo,
327 1000 483 1099 quinon
507 1001 668 1099 posuerit
690 1002 745 1073 ori
764 1025 832 1074 suo
852 999 1068 1073 custodiam.
1086 1002 1161 1071 Cur
1184 1023 1260 1072 non
1281 998 1389 1071 simili
1410 998 1526 1074 sorma
1551 1001 1820 1078 incircumcisus

220 1120 396 1219 preputio
422 1120 540 1192 carnis
560 1144 632 1192 suae
654 1119 794 1194 dicatur
816 1122 882 1218 qui
902 1144 988 1219 erga
1012 1119 1213 1193 naturalem
1238 1119 1355 1192 coitus
1382 1134 1522 1193 motum
1549 1121 1821 1199 immoderatius

220 1239 355 1331 effluit,
375 1240 608 1313 circumcisus
631 1264 716 1314 vero
734 1240 911 1315 habeatur
927 1242 991 1341 qui
1005 1239 1217 1338 hujusmodi
1234 1240 1379 1338 negotio
1394 1240 1573 1338 legitimis,
1590 1255 1626 1313 et
1642 1259 1819 1340 quantum

219 1359 419 1459 posteritati
448 1358 597 1454 sufficit,
626 1374 748 1435 utatur
773 1359 926 1435 officiis?
954 1359 1060 1433 Unde
1090 1361 1266 1459 quoniam
1296 1359 1343 1432 de
1371 1361 1653 1435 circumcisionis
1680 1366 1819 1440 ratione

220 1480 463 1567 tractavimus,
488 1495 524 1553 et
548 1478 638 1554 illud
663 1479 857 1581 adjungere
875 1505 951 1554 nou
969 1480 1170 1554 absurdum
1192 1479 1388 1574 videbitur,
1416 1481 1637 1581 quod·srlius
1662 1489 1758 1560 Nave
1775 1515 1817 1562 ex

218 1614 396 1700 praecepto
413 1600 560 1672 Domini
586 1598 680 1674 filios
698 1601 805 1675 lsrael
828 1599 988 1676 mcuudo
1010 1599 1275 1676 circumcidisse
1298 1600 1422 1673 cultris
1444 1603 1556 1675 saxeis
1579 1624 1816 1682 memoratur.

218 1720 325 1808 Quod
348 1720 473 1820 utique
492 1735 671 1820 quantum
691 1719 739 1794 ad
759 1720 914 1794 litteram
936 1718 1157 1820 impossibile
1171 1719 1326 1792 videtur.
1348 1720 1464 1794 Semel
1484 1723 1581 1795 enirn
1598 1725 1816 1812 circumcisis

216 1839 254 1909 in
270 1865 380 1913 carne
395 1841 590 1940 praeputiis,
607 1842 697 1940 quid
713 1841 875 1916 iuvenire
894 1854 1015 1941 potest
1029 1838 1187 1913 mcunda
1204 1840 1453 1913 circumcisio?
1469 1846 1570 1914 lesus
1586 1868 1673 1916 vero
1691 1864 1813 1923 noster

215 1959 276 2056 qui
306 1983 390 2033 vere
423 1974 506 2060 post
531 1965 680 2062 Moysen
708 1960 800 2035 filios
829 1962 935 2037 lsrael
967 1961 1005 2035 in
1035 1975 1168 2037 terram
1198 1975 1359 2036 sanctam
1392 1959 1551 2053 induxit,
1581 1963 1743 2050 evidens¹
1759 1986 1812 2043 cst

215 2079 402 2176 quomodo
419 2081 579 2156 secundo
601 2079 835 2157 circumcidat
859 2083 1083 2157 credentium
1108 2083 1300 2184 populum.
1329 2082 1448 2157 Prima
1473 2109 1630 2184 namque
1657 2102 1711 2161 est
1735 2093 1810 2165 cir-

214 2201 399 2291 cumcisio,
427 2227 506 2300 quae
532 2201 580 2276 ab
602 2204 654 2276 eis
676 2205 732 2277 vel
755 2202 938 2277 idolorum
960 2204 1099 2277 cultum
1124 2204 1182 2277 vel
1207 2219 1413 2277 commenta
1435 2203 1694 2305 philosophicae
1720 2235 1809 2308 per-v

213 2321 387 2394 suasionis
400 2323 564 2396 resecuit.
585 2323 751 2397 Secunda
768 2338 890 2398 autem
901 2324 1030 2397 veteris
1046 2321 1205 2396 hominis
1220 2323 1519 2397 consuetudinem
1534 2348 1577 2397 ac
1592 2326 1680 2400 vitia
1692 2335 1810 2405 carnis

213 2439 377 2513 abscidit.
401 2447 446 2514 Et
468 2458 554 2516 tunc
579 2444 750 2544 impletur
772 2444 873 2543 quod
896 2445 934 2516 in
957 2448 1040 2517 Jesu
1064 2446 1163 2517 Nave
1180 2445 1354 2543 scriptum
1375 2445 1445 2515 est¹
1463 2471 1471 2514 :
1488 2444 1637 2517 «Hodie
1660 2472 1682 2521 a
1705 2451 1808 2524 vobis
1890 2527 1896 2536 ‚

215 2588 234 2626 u
244 2558 373 2632 abstuli
387 2562 582 2663 opprobria
591 2565 747 2664 AEgypd,
759 2595 776 2631 s
789 2564 827 2637 id
836 2577 889 2637 est
898 2562 1148 2662 AEgyptiorum
1164 2586 1304 2634 morem
1316 2576 1352 2635 et
1363 2576 1483 2635 motus
1494 2562 1605 2636 animi
1616 2564 1804 2646 barbaros.

210 2681 320 2754 Stoici
338 2682 439 2756 aium
457 2712 465 2755 z
483 2684 621 2758 iudicet
637 2683 775 2783 aliquid
791 2685 981 2783 mysticum
998 2684 1239 2773 circumcisio,
1262 2698 1299 2756 et
1313 2681 1465 2782 figuram
1480 2697 1600 2758 teneat
1614 2686 1803 2785 allegoriae.

210 2803 308 2874 Itane
330 2805 504 2902 oportuit,
530 2818 570 2878 ut
594 2829 680 2877 cum
698 2829 805 2905 poena
821 2818 858 2876 et
879 2804 1040 2904 periculo
1057 2804 1311 2902 parvulorum,
1333 2828 1418 2878 cum
1438 2804 1656 2882 cruciatibus
1676 2823 1806 2885 tenerae

210 2934 243 2991 et
259 2921 464 2996 innocentis
490 2924 660 3018 infantiae,
691 2923 887 3022 figurarum
917 2924 1052 3024 species
1076 2937 1113 2997 ct
1139 2922 1227 3020 legis
1256 2922 1445 3019 aenigmata
1468 2924 1722 3000 crederentur?
1748 2934 1806 3006 Sic

209 3065 281 3114 uon
304 3040 463 3117 habebat
489 3043 682 3143 legislator,
709 3043 772 3118 ubi
796 3044 918 3119 firmas
934 3044 1086 3145 justitias
1110 3057 1263 3145 poneret
1287 3042 1355 3115 nisi
1375 3042 1413 3115 in
1435 3042 1682 3122 deculcatione
1704 3077 1805 3126 vere·

207 3163 411 3236 cundorum
431 3164 610 3260 locorum,
635 3179 671 3238 et
690 3166 758 3238 Dei
779 3166 1002 3263 signaculum
1024 3165 1092 3238 nisi
1115 3165 1152 3236 in
1181 3162 1359 3237 obseranis
1381 3164 1570 3262 partibus?
1585 3171 1685 3242 Itane
1708 3175 1805 3246 Deus

207 3296 240 3354 et
253 3285 382 3357 animae
394 3299 535 3360 creator
548 3302 584 3360 et
598 3288 775 3389 corporis,
792 3288 975 3387 superfluo
987 3311 1026 3360 se
1039 3285 1233 3386 plasmasse
1244 3299 1381 3384 partem
1395 3283 1492 3357 illam
1507 3290 1670 3385 corporis
1683 3306 1799 3385 notat,

206 3428 313 3500 quam
329 3407 564 3504 postmodum
581 3407 745 3481 abscindi
757 3407 918 3499 mandat,
938 3421 973 3480 et
986 3431 1050 3507 per
1063 3407 1278 3478 miserorum
1292 3403 1466 3503 supplicia
1477 3406 1664 3503 proprium
1680 3434 1801 3484 emen·

204 3521 268 3594 dat
281 3549 453 3621 errorem,
471 3542 534 3600 aut
549 3527 650 3625 quod
667 3527 802 3600 utiliter
813 3526 895 3599 lecit
907 3551 983 3599 non
1001 3540 1098 3599 recte
1114 3523 1261 3596 mandat
1275 3521 1428 3594 auferri?
1442 3527 1646 3624 Propterea,
1663 3528 1693 3599 si
1705 3551 1800 3602 curae

204 3656 259 3715 est
274 3647 351 3716 Deo
367 3646 542 3746 plurimos
558 3647 606 3722 ad
619 3648 757 3720 cultum
774 3671 869 3720 sanae
885 3645 1066 3745 religionis
1083 3643 1229 3733 adduci,
1249 3643 1446 3714 maximum
1465 3667 1507 3716 ex
1526 3643 1799 3725 circumcisione

202 3762 431 3838 obstaculum
457 3768 627 3858 nascitur,
657 3793 742 3840 cum
771 3792 816 3840 eo
848 3768 946 3840 enim
975 3765 1075 3866 quod
1101 3763 1319 3864 supplicium
1346 3763 1593 3861 unusquisque
1620 3766 1797 3863 declinat,

204 3898 287 3957 tunc
303 3886 411 3959 etiam
429 3888 530 3986 quod
544 3889 718 3962 irrisionis
733 3887 994 3987 turpitudinem
1008 3884 1151 3983 refugit.
1166 3882 1306 3973 Quibus
1321 3882 1542 3982 respondere
1558 3890 1800 3962 necessarium

201 4018 301 4101 puto.
325 4009 440 4079 Nemo
457 4009 599 4108 sapiens
616 4012 653 4081 in
671 4008 748 4081 aliis
762 4021 866 4081 notat
884 4033 963 4106 quae
983 4006 1081 4106 apud
1097 4031 1136 4079 se
1153 4004 1306 4078 honesta
1323 4003 1425 4076 ducit
1444 4017 1481 4077 et
1496 4027 1639 4101 magna.
1661 4010 1799 4081 Etenim

200 4123 425 4199 circumcisio
451 4127 549 4228 apud
574 4153 653 4220 vos,
674 4127 846 4215 Gentiles,
875 4129 925 4200 ita
952 4126 1140 4200 manifesta
1164 4124 1335 4218 habetur,
1365 4138 1406 4196 ut
1433 4148 1510 4197 non
1533 4127 1667 4224 passim
1691 4128 1800 4226 vulgo

198 4244 368 4340 ignobili,
397 4246 462 4319 sed
481 4248 566 4319 solis
589 4247 848 4336 sacerdotibus,
873 4261 909 4319 et
924 4247 967 4320 iis
984 4248 1047 4345 qui
1066 4247 1160 4320 inter
1181 4246 1280 4345 ipsos
1300 4242 1531 4318 electioribus
1552 4245 1800 4321 studiisman·

195 4365 306 4464 cipati
335 4367 486 4463 fuerint,
517 4367 697 4442 credatur.
730 4374 821 4441 Nam
845 4367 943 4468 apud
967 4366 1153 4466 AEgyptios
1179 4366 1242 4465 qui
1270 4366 1307 4437 in
1335 4364 1649 4464 superstitionibus
1675 4371 1802 4443 vestris

191 4488 429 4559 versutissimi
444 4487 626 4562 habentur
640 4502 678 4595 et
694 4488 940 4579 eruditissimi,
955 4511 977 4560 a
992 4487 1126 4586 quibus
1139 4510 1255 4586 prope
1269 4506 1397 4557 omnes
1413 4483 1541 4583 reliqui
1558 4486 1667 4558 ritum
1681 4512 1802 4561 sacro-

188 4624 279 4673 rum
303 4615 340 4675 et
367 4604 597 4677 caeremonias
622 4605 777 4677 mutuati
802 4619 906 4696 sunt;
935 4603 1035 4704 apud
1058 4600 1139 4696 hos,
1168 4590 1336 4700 inquam,
1365 4599 1486 4673 nullus
1511 4614 1574 4675 aut
1598 4605 1801 4701 geometriae

183 4724 384 4820 studebat,
403 4742 467 4800 aut
482 4729 725 4821 astronomiae,
744 4752 824 4826 quae
838 4727 936 4827 apud
958 4726 1040 4799 illos
1056 4725 1235 4825 precipua
1250 4723 1417 4815 ducitur;
1437 4724 1670 4827 nulluscerte
1686 4741 1800 4805 astro-

180 4845 298 4940 logiae
317 4860 355 4919 et
375 4871 565 4944 geneseos,
584 4871 656 4947 qua
672 4847 766 4921 nibil
783 4847 939 4923 divinius
958 4859 1105 4946 putant,
1133 4858 1270 4918 secreta
1291 4842 1505 4938 rimabatur,
1523 4845 1593 4917 nisi
1618 4845 1801 4917 circumci-

176 4965 297 5037 sione
313 4980 491 5065 suscepta.
518 4967 693 5042 Sacerdos
708 4967 807 5067 apud
830 4993 893 5041 eos
911 4981 974 5041 aut
988 4988 1164 5063 aruspex,
1184 4979 1246 5038 aut
1262 4964 1508 5063 quorumlibet
1529 4987 1712 5038 sacrorum
1732 4964 1799 5035 mi-

218 5239 402 5308 ¹Josue,crp.
414 5259 443 5308 r,
458 5257 482 5294 r.
497 5249 522 5298 9.
