4559 6100
763 510 1019 587 Tuuotoots
1042 512 1318 587 conmutat.
1767 506 1837 582 527

245 688 363 765 neque
382 665 491 739 Pilius
512 677 567 739 est
580 667 697 753 Pater,
715 661 787 735 boc
803 677 856 734 est
871 665 969 735 Deus
984 660 1092 735 Pilius
1107 663 1248 759 genitor
1260 664 1316 735 sui
1331 663 1442 761 ipsius
1458 691 1467 733 ε
1484 663 1587 760 quod
1611 674 1703 735 esset
1718 659 1840 734 dicere

245 788 360 885 ipsam
381 784 541 858 divinam
558 782 757 884 potentiam
774 806 851 854 esse
867 807 913 854 ex
925 783 1063 881 seipsa3
1083 781 1138 855 vel
1158 782 1278 881 ipsam
1290 780 1450 853 divinam
1467 780 1687 880 Sapientiam
1702 804 1779 853 esse
1795 804 1838 852 ex

245 908 378 1004 seipsa,
405 905 469 979 sed
488 901 720 977 solummodo
743 902 820 1003 ipsa
842 903 1023 1001 Sapientia
1045 916 1164 974 estex
1189 904 1267 1001 ipsa
1294 903 1469 990 Potentia,
1489 902 1582 973 sieut
1603 915 1656 973 est
1677 901 1841 974 determi-

247 1040 393 1098 natum:
413 1022 723 1123 quemadmodum
739 1023 859 1119 imago
876 1048 920 1094 ea
937 1045 1033 1115 cera,
1053 1045 1127 1093 non
1143 1022 1262 1118 imago
1279 1045 1321 1092 ex
1339 1045 1391 1111 se,
1409 1020 1465 1092 vel
1483 1044 1567 1092 cera
1583 1045 1625 1092 ex
1639 1045 1690 1108 se,
1706 1022 1783 1093 sive
1799 1045 1840 1093 ex

246 1145 418 1240 imagine,
441 1144 525 1215 licet
544 1142 642 1215 idem
661 1143 707 1214 sit
723 1165 804 1216 oera
822 1143 900 1240 ipsa
916 1141 1016 1240 quod
1037 1143 1156 1239 imago
1182 1140 1269 1213 illa:
1293 1142 1384 1213 sicut
1405 1139 1502 1213 idem
1521 1152 1575 1212 est
1598 1143 1718 1230 Pater,
1742 1142 1841 1240 quod

248 1265 354 1336 Filius
370 1261 571 1336 secundum
583 1261 834 1355 substantiam,
848 1262 913 1335 sed
927 1286 1002 1333 non
1019 1260 1218 1333 secundum
1233 1261 1491 1360 proprietatem
1502 1261 1560 1333 vel
1573 1259 1840 1350 diffinitionem,

247 1385 377 1482 etipse
398 1387 495 1456 Deus
513 1382 745 1482 omnipotens
761 1383 806 1453 sit
821 1382 963 1480 sapiens
983 1382 1056 1454 sive
1076 1380 1267 1478 benignus,
1286 1394 1321 1452 et
1340 1405 1363 1453 e
1385 1405 1575 1453 converso.
1599 1385 1642 1451 Et
1662 1382 1842 1478 quemad-

249 1503 398 1576 modum
416 1501 582 1600 ibiquod
597 1525 640 1574 ex
661 1501 809 1573 materia
829 1515 882 1572 est
901 1501 938 1572 id
957 1501 1056 1598 quod
1078 1515 1130 1573 est
1148 1501 1372 1573 materiatum
1387 1524 1430 1572 ex
1448 1524 1503 1590 ea,
1524 1513 1650 1600 utpote
1670 1524 1753 1574 cera
1767 1502 1843 1601 ipsa

249 1637 302 1694 est
326 1646 430 1695 cerea
453 1624 587 1719 imago,
605 1620 663 1693 vel
679 1644 701 1692 ε
719 1642 915 1711 converso3
928 1643 1002 1692 -nec
1018 1634 1138 1692 tamen
1162 1618 1245 1691 ideo
1262 1621 1337 1718 ipsa
1355 1620 1503 1692 rrrateria
1524 1633 1577 1691 θεῖ
1600 1622 1782 1694 materiata
1801 1647 1842 1694 ex

248 1766 299 1833 se,
317 1742 375 1815 sel
392 1742 511 1840 ipsum
527 1741 755 1815 materiatum
773 1753 827 1812 est
847 1740 994 1812 materia
1008 1740 1065 1812 sui
1085 1766 1093 1809 :
1112 1739 1162 1813 ita
1177 1753 1214 1810 θῖ
1229 1738 1289 1811 hic
1309 1737 1347 1811 id
1364 1739 1468 1836 quod
1490 1744 1592 1812 Pater
1612 1754 1679 1828 est,
1702 1739 1740 1812 id
1762 1743 1843 1839 qui·

249 1861 333 1935 dem
356 1875 411 1933 θεῖ
432 1861 552 1953 Filius,
576 1874 613 1933 et
634 1882 870 1952 econverso3
890 1884 958 1933 nec
974 1873 1094 1932 tamen
1124 1863 1226 1930 Pater
1250 1873 1303 1931 est
1323 1859 1432 1932 Pilius
1452 1860 1509 1933 vel
1530 1885 1551 1932 e
1574 1884 1762 1933 converso.
1789 1861 1843 1934 lbi

249 1981 383 2080 quippe
407 1978 612 2053 substantiae
629 1977 836 2078 praedicatio
853 1977 906 2072 lit,
933 2003 1018 2052 cum
1040 1978 1206 2051 videlicet
1221 1979 1378 2080 dicitur:
1401 1983 1460 2051 Bst
1484 1978 1522 2052 id
1539 1980 1639 2078 quod
1660 1995 1713 2053 est
1730 1997 1844 2055 mate·

249 2103 393 2192 riatum,
412 2099 469 2172 vel
482 2098 583 2198 quod
600 2113 653 2172 est
667 2100 773 2171 Pilius
790 2126 798 2171 ε
819 2099 879 2174 bic
891 2123 979 2172 vero
994 2098 1223 2198 proprietatis
1238 2123 1323 2171 eum
1340 2098 1492 2172 dicitur:
1509 2104 1570 2171 Est
1586 2102 1771 2175 materiata
1788 2105 1845 2176 vel

250 2237 303 2293 est
327 2221 447 2293 Filius.
473 2219 677 2293 Substantia
694 2244 782 2292 vero
804 2220 932 2292 eadem
947 2234 1014 2310 est,
1039 2219 1276 2318 proprietates
1292 2243 1379 2290 vero
1398 2220 1632 2318 impermixtae
1651 2238 1747 2294 sunt.
1774 2226 1848 2321 Ap:

251 2355 354 2440 paret
369 2341 491 2438 itaque
505 2338 705 2415 secundum
722 2341 944 2440 propositam
962 2338 1137 2412 rationem
1153 2362 1226 2436 qua
1241 2340 1382 2413 ratione
1392 2338 1513 2411 divina
1527 2342 1690 2415 Potentia
1708 2342 1847 2415 dicatur

254 2464 369 2550 Pater,
388 2474 450 2532 aut
468 2459 590 2533 divina
609 2459 790 2558 Sapientia
805 2458 926 2547 Pilius,
946 2458 1045 2557 quod
1063 2472 1115 2531 est
1133 2456 1229 2531 hane
1244 2482 1288 2530 ex
1304 2458 1365 2532 illa
1386 2481 1475 2550 esse,
1495 2472 1535 2530 ut
1554 2484 1662 2559 supra
1680 2460 1847 2535 distinxi-

252 2602 354 2669 mus,
379 2593 416 2651 et
439 2603 512 2676 qua
533 2578 674 2652 ratione
695 2578 764 2650 sibi
787 2579 935 2651 nomina
958 2578 1221 2678 proprietatum
1248 2576 1475 2652 relativarum
1502 2580 1676 2676 conjungi
1699 2580 1848 2655 minime

250 2697 753 2797 perpradicationemliceat.
1476 2672 1486 2689 .

299 2819 335 2889 Si
347 2818 429 2915 quis
440 2830 560 2889 autem
576 2832 710 2914 querat
726 2830 850 2888 utrum
865 2814 1064 2889 secundum
1078 2818 1185 2889 istum
1198 2816 1437 2913 generationis
1448 2816 1601 2891 modum
1616 2820 1846 2918 assignatum,

252 2938 327 3036 ipsa
352 2936 475 3009 divina
501 2936 664 3008 Potentia
684 2937 797 3034 possit
815 2935 887 3008 dici
915 2938 1062 3008 materia
1085 2936 1216 3007 divina
1239 2935 1440 3034 Sapientiae,
1467 2936 1540 3009 lroc
1564 2953 1618 3010 est
1636 2940 1847 3036 raserunt,

251 3082 313 3129 seu
342 3080 448 3129 causa
471 3079 533 3127 seu
561 3055 795 3154 principium,
820 3071 883 3128 aut
904 3056 1025 3154 aliquo
1050 3054 1161 3129 modo
1180 3056 1280 3153 prior
1303 3057 1427 3128 saltem
1451 3071 1591 3149 natura,
1611 3060 1732 3133 sinon
1759 3078 1851 3136 tem·

254 3199 364 3273 pore3
385 3174 647 3273 respondemus
668 3174 757 3246 nibil
771 3174 903 3246 horum
920 3172 1027 3245 nobis
1042 3173 1157 3245 videri
1171 3199 1277 3272 posse
1292 3173 1364 3245 dici
1381 3177 1539 3273 proprie.
1560 3180 1746 3252 Materiam
1762 3205 1850 3254 vero

254 3292 355 3366 nullo
373 3293 485 3366 modo
510 3293 582 3365 dici
597 3292 659 3365 lric
681 3292 937 3385 concedimus,
967 3318 1051 3364 cum
1078 3294 1266 3366 materiam
1293 3294 1438 3365 Boetius
1463 3293 1642 3370 describat
1667 3321 1747 3371 eam
1769 3325 1850 3398 qua

253 3413 414 3510 subjecta
437 3412 590 3484 sormam
615 3412 781 3512 suscipit,
801 3426 838 3484 et
861 3413 897 3484 in
918 3417 997 3484 Deo
1022 3411 1158 3483 nullam
1181 3412 1334 3483 omnino
1352 3411 1506 3486 sormam
1529 3440 1606 3487 esse
1627 3431 1764 3490 certum
1790 3422 1848 3492 sit.

253 3533 325 3606 Sed
347 3557 415 3606 nec
438 3546 533 3605 recte
555 3533 738 3604 materiam
762 3532 929 3623 dicimus,
955 3533 1025 3604 nisi
1048 3556 1129 3629 quae
1148 3547 1312 3631 tempore
1340 3557 1488 3631 quoque
1512 3536 1737 3610 materiatum
1761 3564 1853 3638 prae·

254 3652 361 3742 oedit,
385 3653 478 3724 sicut
496 3676 578 3724 cera
601 3652 676 3749 ipsa
694 3677 774 3750 quae
792 3668 876 3726 ante
900 3652 966 3724 suit
988 3675 1098 3750 quam
1114 3666 1207 3724 esset
1226 3653 1359 3750 imago
1379 3653 1485 3726 Unde
1501 3669 1538 3727 et
1559 3655 1767 3757 philosophi
1783 3660 1851 3733 alia

253 3796 300 3845 ex
317 3773 466 3846 materia
480 3786 517 3845 θῖ
534 3769 647 3843 lorma
665 3769 843 3865 constare,
861 3771 930 3844 alia
943 3771 990 3845 ad
1004 3772 1276 3844 similitudinem
1291 3774 1446 3845 materiae
1468 3789 1503 3847 et
1519 3774 1642 3848 lormae
1658 3779 1854 3851 consistere

254 3890 510 3980 distinxerunt,
537 3891 629 3963 sicut
652 3915 720 3962 nos
747 3890 829 3964 alibi
854 3891 901 3963 de
925 3892 1073 3963 materia
1097 3905 1133 3962 et
1159 3891 1273 3963 lorma
1300 3904 1491 3965 tractantes
1517 3892 1721 3969 docuimus.
1751 3901 1854 3972 Nunc

253 4024 377 4083 autem
402 4009 545 4083 adhoc
573 4033 641 4082 nos
663 4010 844 4082 induxisse
863 4009 1134 4082 similitudinem
1162 4009 1209 4081 de
1234 4012 1383 4083 materia
1408 4026 1444 4084 et
1468 4014 1656 4087 materiato
1679 4015 1852 4108 sufficiat,

254 4130 356 4229 quod
379 4128 690 4227 quemadmodum
709 4130 798 4202 illud
812 4155 854 4203 ex
872 4129 931 4203 illa
947 4129 1102 4201 dicimus
1119 4132 1295 4227 generari,
1315 4132 1515 4204 secundum
1531 4132 1604 4206 hoc
1618 4136 1720 4231 quod
1734 4163 1778 4210 ex
1795 4137 1854 4212 illa

254 4265 336 4322 eat:
358 4250 409 4322 ita
429 4248 490 4321 hic
510 4247 637 4320 Filium
659 4273 703 4320 ex
718 4252 840 4340 Patre,
858 4248 931 4321 lroc
953 4262 1006 4321 est
1028 4250 1145 4348 ipsam
1165 4250 1385 4349 Sapientiam
1405 4274 1448 4323 ex
1472 4253 1550 4350 ipsa
1568 4257 1731 4329 Potentia
1754 4281 1852 4351 esse,

255 4385 298 4444 ut
323 4370 602 4442 determinatum
624 4382 690 4440 est.
716 4369 787 4440 Sed
813 4393 880 4441 nec
897 4392 1042 4441 causam
1064 4371 1211 4469 proprie
1236 4370 1402 4464 dicimus,
1429 4372 1498 4443 nisi
1525 4373 1572 4445 ad
1590 4373 1772 4469 ellectum,
1793 4377 1854 4450 ubi

253 4491 345 4563 nihil
376 4505 430 4563 est
464 4489 610 4561 sactum.
646 4487 801 4561 Bllectus
824 4491 959 4590 quippe
986 4505 1060 4579 est,
1090 4504 1178 4562 teste
1209 4490 1351 4579 Baetin,
1381 4489 1481 4586 quod
1507 4492 1616 4566 efficit
1652 4501 1791 4588 causa¹3
1820 4513 1855 4570 et

248 4612 354 4706 juxta
378 4608 552 4699 Tullium,
586 4607 704 4678 omnis
728 4632 837 4680 causa
861 4624 988 4707 praeter
1011 4608 1157 4682 finalem
1181 4609 1340 4681 efficiens
1368 4607 1511 4700 dicitur,
1542 4627 1578 4685 et
1604 4629 1732 4688 natura
1756 4619 1857 4716 prior

249 4726 402 4801 ellectu.
429 4727 532 4799 Unde
555 4725 714 4817 Boetius,
742 4751 827 4798 cnm
853 4728 975 4799 locum
994 4751 1013 4799 a
1030 4752 1137 4800 causa
1159 4728 1258 4825 juxta
1275 4727 1430 4799 Tullium
1455 4730 1492 4800 in
1517 4732 1621 4805 tertio
1648 4738 1854 4830 Topicorwa

252 4862 398 4940 tractat,
419 4869 564 4920 causam
582 4844 775 4940 diffiniens,
798 4846 886 4919 dicit
903 4870 983 4919 eam
1000 4872 1089 4940 esse,
1111 4874 1192 4946 quae
1208 4848 1406 4946 quamlibet
1422 4873 1497 4920 rem
1513 4852 1717 4948 praecedens
1731 4853 1852 4944 efficit,

300 5128 376 5181 *sou
389 5140 502 5180 masam
