4559 6100
484 524 558 601 162⁰
1086 524 1213 596 PE'llll
1239 521 1478 597 semlant

482 701 529 752 ne
551 699 616 778 per
636 677 761 749 luxum
783 689 819 749 et
835 674 1095 749 abundantiam
1115 675 1304 776 copiarum
1329 675 1457 746 animae
1483 673 1656 747 fortitudo
1684 673 1922 766 mollesceret,
1953 689 1989 747 et
2005 676 2081 774 ejus

482 796 653 899 pudicitia
668 810 903 896 stupraretur.
921 794 1048 868 lnutile
1064 797 1201 895 quippe
1217 809 1270 869 est
1286 794 1415 868 crebro
1428 793 1550 866 videre
1564 818 1629 892 per
1646 818 1727 893 quae
1741 794 1942 892 aliquando
1956 810 2080 895 eaptus

482 920 546 1012 sis,
577 933 764 992 eteorum
789 933 825 991 te
854 919 1101 1017 experimento
1128 919 1367 1004 committere,
1392 915 1524 1013 quibus
1548 915 1738 988 difficulter
1764 939 1899 989 careas.
1932 921 2024 990 Nam
2043 934 2079 991 et

481 1038 667 1137 Pytsgorei
688 1037 939 1135 hujuscemodi
960 1037 1197 1136 frequentiam
1222 1035 1470 1133 dedignantes,
1499 1036 1536 1107 in
1553 1035 1747 1109 solitudine
1767 1049 1805 1108 et
1826 1036 1974 1110 desertis
1990 1035 2077 1110 locis

362 1221 368 1230 .
480 1159 643 1232 habitare
662 1172 939 1231 consueveram.
967 1157 1143 1230 Platonici
1161 1180 1309 1255 quoqne
1330 1171 1365 1229 et
1381 1157 1492 1229 Stoici
1509 1157 1546 1228 in
1563 1156 1781 1255 templorum
1805 1154 1894 1228 locis
1917 1171 1955 1228 et
1970 1159 2078 1255 porti·

480 1278 581 1351 cibus
607 1277 854 1368 versabantur,
885 1291 925 1349 ut
951 1276 1128 1350 admoniti
1159 1278 1373 1375 augustioris
1400 1274 1594 1349 habitaculi
1628 1276 1836 1366 sanctitate,
1864 1275 1954 1348 nibil
1978 1277 2076 1349 alind

481 1398 652 1497 quamde
672 1397 862 1471 virtutibus
877 1397 1087 1495 cogitarent.
1100 1395 1171 1469 Sed
1188 1412 1223 1469 et
1236 1398 1312 1496 ipse
1329 1396 1430 1469 Plato
1443 1419 1527 1468 cum
1540 1394 1641 1468 dives
1659 1410 1766 1489 esset,
1783 1409 1819 1468 et
1835 1395 1982 1469 thorum
1999 1399 2076 1493 ejus

479 1520 660 1616 Diogenes
683 1518 803 1592 lutatis
821 1517 975 1618 pedibus
991 1517 1232 1612 conculcaret,
1261 1532 1301 1590 ut
1316 1532 1437 1616 posset
1453 1539 1580 1588 vamre
1595 1514 1847 1616 philosophia,
1873 1516 1978 1614 elegit
1999 1542 2075 1592 aca-

478 1640 656 1716 demicam
671 1640 792 1713 villam
809 1638 856 1711 ab
873 1638 962 1711 urbe
978 1638 1119 1739 procul,
1138 1664 1215 1712 non
1233 1639 1353 1712 solum
1369 1638 1566 1728 desertam,
1586 1637 1650 1710 sed
1666 1638 1904 1736 pestilentem,
1927 1654 1968 1711 ut
1988 1664 2074 1712 cura

477 1878 549 1951 lam
576 1879 683 1952 aliam
709 1879 883 1951 sentirent
904 1877 1141 1977 voluptatem,
1160 1878 1228 1951 nisi
1245 1903 1369 1951 earum
1393 1901 1512 1950 rerum
1542 1902 1631 1975 quas
1657 1877 1851 1951 discerent.
1871 1906 1889 1946 n
1919 1882 1971 1951 De
1990 1879 2072 1977 qui·

478 1999 545 2070 bus
567 2013 601 2071 et
619 2001 859 2095 Hieronymus
872 1997 919 2070 ad
940 1997 1176 2070 Eustochium
1192 1998 1364 2090 scribens,
1383 2022 1467 2071 cnm
1483 2010 1660 2071 austeram
1675 1998 1925 2096 AEgyptiorum
1943 2023 2072 2071 mona-

477 2118 628 2190 chorum
643 2143 708 2217 per
722 2118 868 2191 cellulas
879 2116 1079 2190 divisorum
1087 2117 1329 2217 descripsisset
1338 2118 1448 2190 vitam
1458 2121 1481 2206 ¹,
1496 2116 1628 2206 «Tales,
1638 2118 1769 2215 inquit,
1781 2116 2048 2216 philosophiam
2060 2122 2072 2157 ¹

475 2238 647 2311 Platonici
660 2239 838 2312 sermonis
849 2238 1047 2328 imitantur,
1062 2237 1150 2311 tales
1164 2238 1340 2337 Josephus
1357 2239 1394 2309 in
1407 2237 1562 2311 Judaicae
1577 2236 1790 2336 captivitatis
1806 2236 1955 2310 historia
1969 2242 2071 2310 Esse-

475 2383 543 2430 nos
551 2357 685 2432 dcbene
696 2359 814 2432 refert.
830 2386 848 2426 n
863 2357 1133 2457 Philosophiam
1150 2357 1235 2430 dicit
1254 2358 1425 2430 Platonici
1442 2357 1630 2449 sermonis,
1644 2379 1754 2454 quam
1770 2356 1808 2427 in
1821 2381 1988 2429 sermone
2003 2382 2068 2430 suo

475 2477 575 2551 Plato
593 2480 682 2577 ipse,
695 2479 773 2551 sire
790 2478 961 2551 Platonici
976 2477 1229 2577 predicabant.
1249 2478 1295 2549 Hi
1311 2477 1471 2576 quidem,
1486 2476 1586 2573 justa
1604 2474 1855 2568 macrobium,
1872 2475 1918 2547 ad
1932 2490 2067 2549 tantam

473 2596 552 2668 vitae
568 2596 816 2670 celsitudinem
833 2597 1043 2696 pertingisse
1062 2596 1242 2681 videntur,
1267 2610 1307 2668 ut
1324 2596 1391 2694 ipsi
1413 2621 1435 2667 a
1450 2593 1665 2692 quibusdam
1689 2595 1757 2668 soli
1773 2596 1918 2668 virtutes
1934 2593 2068 2668 babere

472 2714 717 2807 crederentur,
738 2735 780 2786 ac
803 2739 869 2815 per
884 2738 944 2786 eas
960 2715 1029 2786 soli
1050 2714 1129 2786 lieri
1144 2714 1250 2788 beati.
1273 2715 1432 2788 Plotinus
1448 2738 1536 2787 vero
1557 2716 1650 2787 inter
1673 2713 1909 2813 philosophia
1927 2715 2068 2813 proles·

472 2857 570 2904 sores
594 2858 679 2905 cum
697 2832 843 2906 Platone
866 2834 1054 2931 princeps,
1084 2847 1125 2906 ut
1155 2835 1204 2906 ait
1226 2832 1443 2926 Macrobius,
1466 2860 1550 2907 curn
1573 2849 1730 2932 quatuor
1749 2836 1897 2908 virtutes
1920 2834 2067 2933 quadri·

471 2952 598 3025 larium
626 2951 814 3045 divisisset,
840 2954 877 3024 in
904 2952 1092 3053 politicas‘
1119 2953 1253 3028 scilicet
1278 2954 1443 3042 virtutes,
1474 2968 1511 3028 et
1536 2955 1776 3056 purgatorias,
1807 2967 1843 3027 et
1874 2981 1954 3054 qum
1983 2971 2066 3029 sunt

469 3074 608 3169 purgati
639 3072 751 3146 animi
781 3097 824 3146 ac
853 3072 1036 3161 delaecati,
1065 3089 1175 3173 atque
1204 3075 1439 3174 exemplares.
1467 3077 1691 3172 Purgatorias
1725 3075 2065 3177 philosophantibus

468 3192 570 3289 quasi
600 3193 764 3291 proprias
789 3193 962 3291 assignat,
992 3206 1029 3266 et
1056 3193 1112 3267 bre
1147 3208 1252 3284 sum,
1283 3195 1411 3292 inquit,
1442 3195 1599 3273 bominis
1624 3195 1687 3292 qui
1710 3195 1823 3269 divini
1849 3220 1962 3294 capax
1989 3212 2060 3282 est,

467 3313 659 3412 solumque
677 3315 838 3387 animum
862 3314 939 3411 ejus
961 3314 1168 3414 expediunt,
1195 3315 1257 3413 qui
1275 3315 1434 3391 decrevit
1453 3340 1493 3389 se
1513 3338 1535 3391 a
1554 3315 1717 3414 corporis
1738 3316 1953 3411 contagione
1975 3342 2062 3415 pur·

466 3458 561 3531 gare,
583 3449 622 3507 et
640 3434 795 3533 quadam
814 3433 1060 3509 humanorum
1079 3434 1163 3532 iuga
1179 3434 1264 3509 solis
1280 3460 1321 3509 se
1335 3435 1491 3511 inserere
1506 3434 1650 3511 divinis.
1670 3439 1847 3529 Quarum,
1866 3435 2058 3533 inquiunt,

465 3553 663 3651 prudentiae
688 3578 766 3627 esse
800 3554 980 3629 mundum
1006 3553 1115 3629 istum
1146 3568 1180 3627 et
1214 3555 1440 3652 omniaque
1468 3555 1507 3627 in
1534 3555 1673 3629 mundo
1699 3556 1824 3631 meunt
1853 3554 2059 3631 divinorum

464 3674 767 3772 contemplatione
788 3671 987 3771 despicere,
1013 3696 1232 3768 omnemque
1253 3675 1365 3749 animi
1387 3674 1644 3771 cogitationem
1666 3675 1704 3749 in
1729 3675 1805 3753 sola
1827 3675 1949 3749 divina
1971 3675 2059 3751 diri·

464 3815 564 3886 gere3
589 3792 833 3890 temperantiae
853 3805 995 3881 autem,
1018 3791 1142 3865 omnia
1162 3790 1362 3887 relinquere
1386 3794 1423 3865 in
1448 3808 1622 3891 quantum
1655 3808 1782 3871 natura
1806 3796 1951 3894 patitur,
1978 3821 2058 3894 quae

463 3912 627 4010 corporis
651 3936 737 3987 usus
758 3912 917 4009 requirit.
942 3913 992 3982 Ao
1013 3910 1044 3983 si
1066 3925 1100 3982 et
1122 3911 1190 4011 ipsi
1209 3915 1340 4010 pariter
1362 3939 1446 3989 cum
1470 3916 1547 4013 ipsa
1563 3917 1717 3995 vertute
1731 3930 1804 3990 tam
1825 3916 1924 3991 tactis
1949 3942 2058 4016 quam

461 4029 580 4105 verbis
604 4032 765 4107 animent
788 4034 962 4105 omnes⁸z
988 4035 1151 4107 «Intrate
1173 4056 1238 4132 per
1252 4048 1437 4130 angustam
1464 4038 1664 4133 portant»
1691 4039 1745 4111 et'
1768 4068 1786 4103 α
1807 4039 1902 4111 Beati
1929 4039 1992 4136 qui
2019 4064 2059 4113 se

460 4163 703 4227 castraverunt
727 4166 877 4251 propter
896 4174 1048 4247 regnum
1069 4149 1289 4229 coelorum.»
1315 4159 1403 4229 Nam
1428 4169 1464 4227 et
1485 4155 1586 4233 huno
1608 4154 1717 4233 finem
1742 4140 1820 4235 esse
1846 4158 1898 4230 eis
1919 4182 2055 4258 propo-

458 4270 569 4351 situm
595 4285 760 4364 constat,
787 4270 833 4343 de
864 4272 1098 4370 perceptione
1127 4273 1260 4348 scilicet
1285 4289 1424 4349 aeteruae
1448 4277 1540 4367 vitae,
1574 4301 1684 4375 quem
1713 4292 1749 4351 et
1773 4280 1850 4377 ipse
1878 4280 2056 4353 Dominus

457 4388 563 4465 nobis
588 4392 798 4488 assignavit,
824 4404 860 4463 et
878 4415 989 4488 quem
1013 4393 1120 4467 Israel
1143 4395 1269 4475 minus¹
1286 4395 1506 4487 attendebat,
1532 4398 1607 4497 ipse
1629 4412 1665 4475 et
1687 4397 1888 4477 ambitione
1903 4413 2052 4475 terrenae

457 4507 630 4587 felicitatis
650 4516 729 4587 Deo
749 4510 862 4610 magis
880 4510 1080 4609 subjectus,
1103 4536 1213 4611 quam
1234 4515 1413 4594 desiderio
1433 4532 1671 4612 aetemorurn,
1691 4518 1790 4595 unde
1807 4534 1845 4592 et
1861 4521 1912 4595 eis
1927 4517 2054 4597 litterar

1528 4688 1533 4737 l

483 4878 488 4908 ¹
506 4877 587 4941 Epist.
600 4888 657 4929 run
665 4914 672 4940 ,
681 4878 731 4931 cel.
739 4879 781 4931 ts.
789 4878 945 4935 -2tmuu
956 4878 1095 4945 lllermymt
1107 4894 1157 4933 nou
1164 4886 1225 4941 satta
1276 4881 1382 4937 turcas
1392 4884 1497 4941 &enos
1509 4884 1590 4939 refert
1600 4883 1763 4937 Δώσω).
1782 4885 1814 4935 ts
1830 4898 1921 4937 narn.
1936 4886 2004 4951 Sap.
2025 4885 2050 4948 Ι,

450 4957 553 5007 fideliter
563 4960 603 5007 hle
618 4960 677 5008 ettat
689 4959 838 5012 hbelardus.
854 4960 912 5012 Nam
925 4963 990 5024 apud
1001 4961 1174 5024 Hieronymum
1186 4968 1222 5015 ste
1275 4976 1329 5023 cap.
1346 4978 1400 5015 mr.
1415 4990 1445 5001 -
1463 4965 1524 5016 ⁴Sic
1539 4979 1580 5028 ap.
1598 4961 1756 5016 llaeroblum.
1779 4964 1805 5015 ln
1819 4968 1892 5016 edttts
1908 4966 2047 5017 Platonica

448 5038 555 5098 legltur:
573 5038 643 5090 Tales
659 5038 728 5090 Phllo
749 5039 865 5092 Platonlel
885 5047 1004 5093 sermonis
1021 5044 1139 5104 lmltator3
1161 5047 1221 5097 tales
1275 5057 1321 5106 pro
1331 5046 1453 5109 politicae.
1463 5073 1495 5084 -
1509 5046 1556 5097 ⁸ln
1567 5050 1626 5098 edlt.
1638 5049 1763 5099 ornatibus.
1774 5075 1802 5086 ·-
1812 5049 1924 5111 ‘llatth.‚
1936 5063 1990 5113 cap.
2003 5062 2050 5108 ur,

446 5116 583 5185 Josephus,
594 5122 691 5173 Graecus
708 5123 942 5176 llrluslnserunda
958 5123 1064 5177 ludrica
1073 5128 1220 5190 captlvltatts
1273 5140 1297 5178 r.
1309 5129 1344 5178 13.
1358 5128 1577 5191 -Ὶίιυὶι.,οψ.
1589 5142 1641 5190 arx,
1654 5143 1678 5178 r.
1693 5134 1731 5181 12.
