4559 6100
642 490 651 505 ’
776 546 1034 623 annotocn
1068 545 1348 621 cameriam.
1757 545 1868 619 sae

259 718 337 768 non
368 694 551 768 immerito
583 693 805 790 tribuuntur,
841 718 911 769 nec
933 710 1056 770 tamen
1083 696 1209 771 omnia
1231 694 1343 769 verba
1373 694 1559 769 actionum
1583 693 1867 792 designativam

260 814 517 913 predicatione
534 839 599 888 sua
615 815 664 889 ad
679 815 838 889 animam
857 815 1070 890 referuntur.
1091 821 1216 914 Neque
1230 816 1329 888 enim
1347 838 1475 886 omues
1491 814 1650 888 animam
1665 816 1866 906 ambulare,

262 934 321 1006 vel
348 933 563 1026 comedere,
594 935 659 1007 sed
689 934 809 1035 ipsum
835 935 989 1030 animal,
1016 951 1200 1010 ettamen
1226 935 1342 1031 ipsam
1369 934 1551 1006 actionem
1576 958 1649 1031 qua
1672 936 1723 1007 sic
1748 936 1870 1010 anima

260 1078 394 1152 corpus
421 1055 531 1150 agitat
561 1055 600 1125 in
625 1054 849 1129 ambulando
873 1056 931 1129 vel
955 1056 1204 1147 comedend0,
1235 1067 1375 1126 eertum
1397 1067 1451 1126 est
1477 1052 1546 1126 soli
1569 1054 1698 1126 animae
1721 1055 1837 1128 inesse
1856 1083 1865 1129 ε

261 1198 341 1272 quae
364 1174 512 1270 quidem
536 1199 603 1273 per
619 1177 780 1250 acfioues
801 1176 962 1250 ambulat
985 1191 1022 1249 et
1036 1175 1209 1250 comedit.
1229 1179 1311 1248 llaec
1328 1173 1442 1249 verba
1463 1173 1711 1271 significantur
1732 1175 1769 1246 in
1792 1176 1870 1275 ipsa

262 1295 397 1382 anima,
414 1292 502 1366 dum
522 1295 568 1366 de
585 1295 665 1395 ipso
682 1297 830 1369 animali
843 1297 975 1370 dicitur
989 1297 1091 1395 quod
1107 1295 1270 1370 ambulat
1289 1310 1326 1369 et
1342 1293 1501 1368 comedit
1519 1322 1528 1367 ι
1544 1295 1647 1394 quod
1664 1309 1719 1368 est
1731 1294 1865 1389 dicere,

262 1412 314 1486 sic
337 1414 456 1512 ipsum
475 1412 522 1486 ab
546 1415 666 1487 anima
690 1440 756 1490 sua
778 1418 917 1489 moveri
940 1432 1050 1515 atque
1072 1418 1217 1514 agitari,
1241 1430 1282 1487 ut
1301 1413 1415 1488 solam
1439 1414 1599 1489 animam
1622 1415 1660 1486 in
1679 1414 1751 1487 hoc
1766 1439 1872 1515 agere

262 1530 526 1629 intelligamus,
557 1548 592 1606 et
621 1559 755 1635 corpus
784 1537 901 1636 ipsum
932 1538 1070 1632 agitari.
1100 1540 1265 1634 Cumque
1292 1535 1415 1633 itaque
1442 1534 1518 1606 haec
1543 1532 1654 1607 verba
1684 1536 1871 1609 actionum

262 1652 392 1726 animae
407 1652 642 1751 significativa
661 1654 763 1728 nullo
779 1656 892 1729 modo
914 1654 961 1729 de
984 1681 1028 1730 ea
1049 1656 1108 1729 cui
1133 1655 1203 1728 soli
1222 1656 1347 1727 insunt
1366 1654 1422 1726 hae
1440 1654 1613 1740 actiones,
1631 1654 1872 1753 praedicabilia

263 1771 359 1862 sint;
387 1796 463 1844 non
489 1787 544 1845 est
569 1775 777 1848 mirandum
799 1776 889 1848 siin
916 1775 1030 1849 tribus
1053 1776 1184 1849 divinis
1209 1774 1387 1874 personis,
1412 1796 1498 1846 cum
1522 1773 1567 1845 sit
1590 1775 1795 1846 communis
1819 1776 1872 1850 eis

267 1890 361 1963 actio
373 1945 384 1981 ‚
418 1891 464 1965 de
495 1917 570 1965 una
598 1917 723 1967 earum
755 1908 878 1968 tamen
908 1894 1068 1968 Verbum
1095 1884 1215 1995 ipsum
1249 1892 1448 1993 specialiter
1481 1891 1634 1986 dicatur,
1669 1894 1870 1968 secundum

262 2011 476 2107 quamdam,
504 2028 545 2085 ut
570 2013 744 2107 diximus,
771 2015 1002 2115 proprietatis
1025 2016 1138 2151 ipsius
1159 2038 1322 2114 personae
1348 2015 1630 2111 expressionem.
1648 2013 1759 2102 Quod
1782 2039 1871 2088 vero

263 2132 513 2230 opposuimus,
540 2147 690 2233 propter
716 2134 989 2207 conclusionem
1014 2136 1135 2235 operis
1162 2131 1490 2233 comprobandam,
1510 2131 1631 2206 solum
1648 2137 1791 2208 Patrem
1806 2160 1872 2233 ge·

263 2274 412 2338 nerare,
436 2251 528 2322 nihil
556 2253 706 2325 attinere
727 2252 885 2345 videtur,
912 2279 998 2327 cum
1018 2253 1095 2328 haec
1113 2254 1312 2351 generatio,
1338 2276 1419 2351 quae
1437 2266 1570 2326 aeterna
1591 2266 1645 2325 est
1647 2278 1771 2353 ,opus
1793 2279 1870 2328 nou

262 2368 309 2441 sit
324 2368 473 2468 aliquod
488 2385 552 2445 aut
568 2371 689 2469 aliqua
706 2374 840 2445 creatio
856 2372 934 2448 Dei.

312 2491 482 2589 Superest
508 2506 668 2565 extrema
691 2491 863 2590 objectio,
885 2517 958 2591 qua
981 2493 1116 2566 scilicet
1138 2494 1351 2594 opponitur,
1369 2491 1468 2566 idem
1487 2516 1509 2566 a
1526 2494 1661 2590 seipso
1681 2493 1794 2582 nasci,
1813 2493 1871 2567 vel

262 2631 285 2681 a
307 2633 346 2680 se
362 2610 571 2706 procedere,
595 2612 698 2710 quod
720 2626 818 2685 recte
835 2610 964 2687 discuti
982 2637 1059 2686 non
1084 2613 1193 2706 valet,
1213 2613 1284 2685 nisi
1299 2636 1380 2711 quie
1398 2613 1444 2685 sit
1459 2611 1669 2709 hujusmodi
1689 2613 1871 2709 generatio

264 2726 322 2800 rel
339 2730 521 2827 processio
538 2731 834 2805 determinemus
1220 2766 1223 2770 ⁸

311 2850 359 2922 Ac
378 2851 538 2948 primum
558 2850 604 2924 de
624 2853 854 2949 generatione
871 2852 1099 2946 disseramus,
1120 2850 1214 2924 nihil
1234 2849 1383 2949 quidem
1403 2849 1472 2924 sub
1486 2852 1679 2924 assertione
1699 2795 1873 2926 docendae

262 2969 420 3043 veritatis
441 2985 663 3065 astruentes,
687 2988 729 3047 ut
746 2973 838 3045 satis
859 2995 968 3073 supra
990 2973 1241 3063 meminimus3
1265 2971 1330 3045 sed
1354 2969 1423 3044 sub
1445 2970 1607 3109 quadam
1629 2972 1690 3072 pia
1712 2971 1874 3047 similitu-

263 3088 358 3163 dinis
381 3090 526 3182 umbra,
554 3116 667 3190 quam
691 3117 761 3166 nos
776 3094 912 3166 Veritas
931 3091 1070 3186 docuit,
1096 3091 1343 3166 defendentes.
1372 3094 1453 3167 Non
1479 3092 1578 3164 enim
1600 3091 1673 3165 hoc
1696 3093 1872 3192 opusculo

262 3210 449 3283 veritatem
474 3211 619 3304 docere,
644 3211 708 3284 sed
732 3211 928 3286 defendere
948 3212 1183 3305 intendimus,
1207 3212 1363 3286 maxime
1384 3211 1556 3285 adversus
1571 3209 1873 3310 pseudophiloso-

263 3325 377 3428 phos,
402 3331 465 3426 qui
487 3355 556 3403 nos
572 3329 834 3431 philosophicis
853 3332 1012 3404 maxime
1032 3331 1235 3405 rationibus
1255 3330 1524 3430 aggrediuntur.
1547 3328 1652 3402 Unde
1665 3343 1704 3401 et
1722 3355 1791 3403 nos
1806 3355 1873 3429 per

263 3448 429 3543 easdem,
448 3451 582 3523 scilicet
594 3450 865 3551 philosophicas
881 3451 1060 3543 rationes,
1077 3475 1169 3549 quas
1184 3451 1280 3525 solas
1295 3451 1497 3551 recipiunt,
1516 3463 1553 3522 et
1568 3448 1702 3547 quibus
1717 3473 1787 3522 nos
1805 3451 1873 3524 im·

263 3582 407 3668 petunt,
426 3571 477 3643 eis
493 3571 674 3671 praecipue
690 3571 890 3645 satisfacere
906 3570 1146 3665 decrevimus,
1158 3570 1390 3645 defendendo
1409 3569 1596 3642 veritatem
1609 3570 1742 3668 potius,
1760 3593 1872 3667 quam

264 3692 447 3768 docendo.
464 3696 575 3784 Quod
597 3696 627 3768 si
646 3695 736 3769 mihi
758 3694 921 3769 fidelium
939 3698 1130 3795 quisquam
1155 3696 1314 3795 objiciat,
1336 3698 1412 3793 jam
1434 3719 1503 3768 nec
1527 3693 1732 3768 doctrinam
1755 3717 1872 3768 meam

264 3836 334 3886 nec
353 3813 599 3888 defensionem
623 3817 860 3891 necessariam
883 3840 973 3910 esse,
994 3831 1079 3916 post
1098 3831 1156 3890 tot
1170 3816 1337 3890 videlicet
1352 3830 1389 3889 et
1409 3828 1509 3888 tanta
1528 3828 1736 3887 sanctorum
1756 3813 1874 3887 docu-

264 3946 388 4010 menta
407 3960 416 4005 ε
435 3959 563 4008 verum
585 3935 742 4008 fortassis
763 3936 852 4009 dicit
871 3949 1050 4034 quantum
1064 3935 1114 4009 ad
1133 3936 1358 4029 doctrinam,
1381 3959 1459 4007 non
1482 3946 1661 4033 quantum
1677 3933 1726 4006 ad
1746 3932 1872 4007 defen·

263 4052 429 4126 donem.
469 4057 562 4126 Cum
594 4056 693 4127 enim
722 4056 970 4154 unusquisque
996 4057 1034 4127 in
1064 4080 1171 4129 sensu
1198 4080 1266 4128 suo
1296 4054 1477 4145 abundet,
1507 4067 1544 4127 et
1572 4077 1640 4152 pro
1669 4052 1873 4128 divoesitatc

265 4170 460 4246 hominum
472 4174 531 4247 vel
543 4189 763 4274 temporum,
784 4198 889 4249 novae
903 4176 1066 4275 quotidie
1083 4176 1299 4274 questiones
1312 4174 1371 4249 vel
1384 4173 1675 4273 impugnationes
1692 4174 1869 4266 oriantur,

265 4293 372 4366 novis
389 4293 552 4392 quotidie
572 4293 773 4368 rationibus
792 4294 1031 4368 resistendum
1050 4310 1155 4394 puto,
1182 4309 1218 4368 et
1243 4298 1348 4368 novis
1363 4292 1607 4368 exorientibus
1623 4291 1761 4365 morbis
1776 4318 1872 4368 nova

265 4415 460 4511 quaerenda
479 4414 652 4487 remedia.
674 4417 796 4489 Potuit
811 4429 934 4490 autem
959 4413 1051 4508 fieri,
1077 4416 1171 4488 utin
1193 4415 1351 4513 antiquis
1373 4412 1599 4512 temporibus
1618 4412 1734 4485 sancti
1753 4417 1873 4486 Patres

263 4555 311 4606 ea
326 4558 408 4631 quae
423 4547 511 4606 tunc
530 4533 703 4606 adversus
719 4532 936 4608 catholicam
956 4533 1068 4608 fidem
1090 4534 1230 4634 opponi
1251 4532 1432 4623 audirent,
1450 4533 1556 4605 rectis
1571 4531 1749 4605 diluerent
1764 4531 1872 4604 ratio·

263 4652 388 4747 nibus,
412 4667 449 4726 et
469 4653 538 4725 illis
553 4678 647 4752 quos
663 4668 751 4727 mne
769 4655 988 4728 invenerunt
1005 4653 1144 4727 morbis
1158 4652 1408 4743 mederentur3
1427 4675 1500 4725 non
1521 4652 1579 4725 his
1602 4675 1695 4750 quos
1711 4649 1873 4749 quotidie

262 4787 528 4847 succrescentes
553 4773 721 4846 nondum
745 4773 904 4847 fortassis
928 4772 1255 4873 deprehenderant.
1280 4776 1480 4871 Quousque
1512 4772 1611 4844 enim
1639 4770 1760 4903 paleas
1786 4792 1872 4842 cum

263 4893 387 4989 granis
407 4917 563 4993 praeseus
588 4892 746 4965 Ecclesia
775 4892 1023 4967 indifferenter
1056 4891 1279 4984 continebit,
1302 4916 1371 4965 nec
1400 4892 1507 4964 messi
1533 4890 1715 4964 Domini
1705 4888 1873 4960 mimicus

264 5010 383 5086 homo
406 5012 692 5149 superseminare
716 5012 850 5086 zizania
875 5012 1038 5110 cessabit,
1062 5012 1180 5087 donec
1205 5011 1321 5086 iude
1311 5038 1349 5085 ιιι
1374 5011 1446 5085 fine
1467 5009 1586 5114 saeculi
1606 5033 1781 5082 messores
1805 5012 1873 5080 An·

265 5133 340 5229 geli
357 5134 470 5208 Dei
441 5133 576 5208 zizania
588 5131 770 5230 colligant,
787 5147 824 5207 et
839 5132 877 5206 in
894 5069 1107 5246 fasciculos
1097 5158 1136 5206 m
1151 5134 1274 5231 ignem
1290 5156 1434 5207 arsuros
1449 5109 1610 5220 mittant;
1628 5152 1704 5201 non
1720 5141 1872 5228 possunt
