4559 6100
692 568 986 645 INTRODUCTIO
1010 570 1071 644 An
1095 570 1400 645 Tflsonootttt.
1798 578 1844 646 57

252 720 336 793 dam
357 720 469 816 magis
492 718 644 791 credunt
667 742 744 791 esse
770 722 986 812 Cumanam,
1012 733 1047 790 et
1070 734 1154 791 sunt
1184 721 1260 815 ejus
1286 742 1390 790 nnn
1416 743 1538 793 versus
1559 722 1639 816 qui,
1669 722 1760 794 sicut
1783 746 1845 794 eos
1914 746 1916 750 ’

253 837 398 935 quidem
418 837 549 910 latinis
561 834 722 910 versibus
736 852 789 910 est
806 839 1067 937 interpretatum,
1083 836 1155 910 hoc
1168 839 1372 910 continent:

608 1047 724 1113 ludicii
739 1034 990 1138 signum,'tellus
1006 1047 1123 1114 sudore
1138 1048 1315 1132 madescet,

609 1154 650 1217 Et
665 1153 746 1218 coelo
759 1155 827 1218 Rex
847 1152 995 1219 adveniet
1009 1176 1068 1243 per
1082 1154 1166 1220 secla
1181 1155 1321 1235 futurus,

607 1259 734 1337 Scilicet
746 1261 780 1323 in
794 1281 890 1324 carne
904 1282 1043 1350 praesens
1057 1275 1095 1323 ut
1109 1262 1266 1341 vinceret,
1281 1259 1363 1325 etc‘.

253 1491 417 1574 Quorum
432 1505 602 1555 uersuum
614 1480 761 1579 quidem
780 1481 902 1580 primae
923 1480 1030 1552 literae
1052 1484 1178 1551 Graeco
1192 1481 1323 1576 junctae
1338 1480 1375 1553 id
1393 1497 1547 1554 sonant:
1568 1484 1670 1556 Joeus
1687 1483 1847 1557 Christus

256 1601 345 1675 lilius
362 1603 429 1674 Dei
446 1601 620 1674 Salvator.
637 1599 745 1671 lnfert
759 1598 1255 1715 etismLactantiusquaedam
1269 1599 1314 1672 de
1327 1598 1469 1674 Christo
1486 1602 1651 1676 vaticinia
1664 1600 1856 1700 Sibyllae¹:'

566 1804 605 1867 In
621 1824 751 1883 manus,
768 1802 889 1891 inquit,
906 1799 1084 1867 infidelium
1099 1816 1211 1891 postea
1225 1801 1348 1883 veniet;

565 1908 697 1974 Dabunt
711 1909 781 1973 Deo
797 1906 904 1997 alapas
918 1908 1066 1973 manibus
1081 1908 1225 2001 incestis,

564 2016 607 2079 Et
621 2016 781 2104 impurato
797 2035 853 2079 ore
869 2014 1018 2103 inspuent
1032 2029 1207 2079 venenatos
1221 2031 1343 2103 sputos.

566 2120 665 2185 Dabit
678 2141 755 2183 vero
767 2117 809 2183 ed
825 2118 958 2183 verbera
974 2118 1126 2182 Sanctum
1143 2117 1292 2193 deorsum

566 2223 766 2315 Suppliciter,
784 2240 817 2289 et
831 2223 984 2314 colaphos
999 2224 1144 2313 accipiet.
1161 2224 1210 2290 Ne
1227 2227 1298 2313 qrris
1313 2244 1481 2317 agnoscat,
1557 2281 1564 2295 .

565 2329 664 2413 Quod
678 2330 813 2395 verbum
828 2327 879 2394 rel
894 2328 981 2394 unde
997 2329 1104 2408 venit,
1117 2345 1154 2393 ut
1168 2330 1277 2395 inferis
1293 2332 1441 2420 loquatur

563 2437 606 2500 Et
621 2437 731 2525 spinea
745 2457 863 2500 corona
881 2451 1065 2500 coronetur.

562 2541 615 2607 Ad
631 2542 739 2607 cibum
754 2557 862 2606 autem
879 2540 939 2622 fel,
957 2539 997 2605 sd
1015 2536 1244 2605 sitim'acetnm
1261 2539 1431 2606 dederunt.

565 2647 852 2738 inhospitalitatem
867 2649 951 2712 hanc
966 2647 1191 2712 monstrabunt
1206 2668 1362 2711 mensam.

566 2758 638 2845 lpsa
654 2756 742 2821 enim
753 2755 903 2845 insipiens
919 2777 997 2845 gens
1010 2769 1103 2818 tuum
1118 2753 1223 2817 Deum
1238 2776 1303 2817 non
1320 2752 1502 2818 intellexisti

567 2861 745 2927 Ludentem
760 2861 943 2926 mortalium
960 2859 1137 2939 mentibus,
1156 2858 1213 2924 sed
1228 2859 1326 2948 spinis

567 2968 749 3050 Coronusti,
763 2966 806 3032 fel
822 2967 987 3032 miscuisti.

566 3072 691 3163 Templi
706 3072 813 3139 velum
827 3072 1000 3154 scindetur,
1019 3089 1052 3138 et
1065 3074 1098 3136 in
1115 3071 1224 3137 medio
1240 3071 1293 3137 die

565 3179 639 3245 Nox
656 3180 717 3244 erit
733 3180 835 3245 tribus
850 3178 980 3259 diebus,
999 3201 1114 3243 somno
1133 3193 1298 3267 suscepto,

567 3285 608 3348 Et
624 3300 702 3350 tunc
718 3284 761 3350 ab
775 3284 885 3349 inferis
900 3306 1057 3375 regressus
1071 3282 1114 3352 ad
1128 3282 1232 3348 lucem
1247 3283 1364 3347 veniet.

568 3390 696 3458 Primus,
706 3391 945 3466 resurrectionis
961 3389 1118 3480 principio
1135 3403 1293 3453 ostensus.

240 3610 334 3678 Hoc
345 3605 509 3704 prolecto
526 3603 665 3705 Sibyltae
679 3607 901 3697 vaticinium,
914 3607 952 3678 ni
964 3604 1080 3698 fallor,
1098 3603 1275 3676 maximus
1287 3602 1345 3674 ille
1355 3618 1543 3700 poetarum
1554 3596 1763 3676 nostrorum
1777 3605 1855 3675 Vir·

237 3724 359 3820 gilius
374 3724 535 3798 audierat
549 3723 655 3823 atque
671 3725 903 3816 intellexerat,
918 3725 1003 3797 cnm
1017 3724 1054 3795 in
1071 3739 1200 3821 quarta
1216 3721 1349 3821 Eelogo
1365 3721 1529 3795 futurum
1545 3723 1583 3794 in
1596 3725 1776 3823 proximo,
1787 3723 1855 3795 sub

233 3853 415 3941 Augusto
427 3848 575 3935 Caescre,
590 3859 753 3944 tempore
762 3845 968 3918 consulatus
981 3842 1165 3935 Pollionis,
1179 3839 1383 3913 mirabilem
1391 3842 1578 3915 cuiusdam
1590 3845 1693 3943 pueri
1703 3843 1750 3915 de
1763 3844 1855 3916 coelo

229 3965 283 4037 ad
306 3979 433 4037 terres
447 3963 632 4054 mittendi,
659 3965 721 4062 qui
746 3966 853 4038 etium
878 3979 1025 4062 peccata
1045 3960 1172 4035 mundi
1188 3960 1346 4050 tolleret,
1366 3975 1403 4033 et
1418 3963 1519 4059 quasi
1536 3964 1698 4035 seculum
1716 3986 1853 4034 novum

224 4088 269 4154 in
296 4081 458 4155 mundo
477 4082 684 4156 mirabiliter
700 4082 896 4175 ordinaret,
916 4083 1123 4181 praecineret
1143 4094 1281 4172 ortum,
1303 4078 1522 4168 admonitus,
1547 4096 1587 4153 ut
1610 4083 1762 4180 ipsemet
1783 4084 1849 4169 ait,

220 4200 394 4275 Cumaei
409 4201 577 4273 mentiris
592 4201 775 4290 vaticinio,
791 4201 863 4274 hoc
881 4215 934 4274 est
949 4198 1103 4298 Sibyllae,
1121 4223 1201 4297 quae
1218 4200 1360 4271 Cumaea
1373 4198 1447 4271 sive
1463 4203 1624 4273 Cumana
1634 4199 1782 4273 dicitur.
1802 4200 1856 4272 sit

217 4324 407 4421 quippe,
427 4319 477 4390 sic
493 4321 595 4418 quini
614 4320 812 4396 adhortans
830 4318 1011 4419 quoslibet
1025 4318 1072 4391 ed
1090 4315 1417 4413 congratulandum
1433 4316 1515 4410 sibi,
1534 4333 1571 4392 et
1590 4318 1855 4391 concinendum

213 4466 289 4513 seu
309 4436 639 4512 conscribendum
655 4439 701 4513 de
717 4439 790 4511 hoc
806 4453 908 4513 tanto
919 4461 1033 4538 puero
1049 4436 1247 4525 nascituro,
1266 4436 1303 4510 in
1321 4437 1590 4534 comparatione
1608 4438 1709 4535 cujus
1730 4461 1856 4510 omnes

210 4563 321 4635 alias
342 4558 525 4632 materies
540 4560 642 4657 quasi
656 4556 800 4632 infimas
814 4574 849 4632 et
867 4557 955 4631 viles
971 4569 1112 4656 reputat
1128 4554 1268 4628 dicens⁸
1284 4586 1293 4628 ε

618 4772 770 4840 Sicelides
785 4796 899 4854 musae,
917 4771 1013 4863 paulo
1029 4773 1152 4856 majora
1167 4791 1329 4843 canamus.

617 4881 692 4946 Non
707 4902 820 4945 omnes
833 4880 960 4944 arbusta
972 4880 1086 4964 juvant
1100 4874 1299 4964 humilesque
1314 4875 1454 4964 myricae.

228 5174 234 5197 ¹
255 5165 331 5217 Duo
349 5161 454 5214 utnmt
473 5172 556 5210 versus
571 5163 595 5210 tn
607 5158 698 5212 chtce
710 5159 835 5211 Vtetorinc
848 5161 944 5212 desunt.
963 5184 991 5194 -
1002 5158 1011 5188 ²
1022 5156 1082 5207 nto.
1095 5156 1215 5212 institut..
1229 5154 1273 5205 tn.
1287 5153 1327 5215 Π,
1344 5166 1398 5217 cap.
1413 5150 1705 5214 1v1n.—³suoot.,1V‚
1719 5168 1742 5205 v.
1758 5157 1767 5206 t
1781 5163 1806 5206 et
1817 5170 1855 5218 sq.

1718 5247 1736 5301 8
