4559 6100
1085 497 1341 574 tutemus
1364 495 1424 568 [lli
1450 493 1795 570 INTELLECTlBUS.

651 649 795 750 Quippe
815 674 899 723 cum
924 650 1046 723 omnia
1063 675 1297 750 quacumque
1317 663 1402 722 sunt
1419 647 1669 721 similitudines
1687 646 1835 721 habeant

651 795 727 844 esse
743 785 798 842 tot
818 771 970 843 unitates
986 786 1076 869 quot
1091 771 1341 844 similitudines
1354 783 1456 861 sunt,
1474 782 1601 868 praeter
1616 767 1688 840 hoc
1702 767 1810 840 etiam

652 889 930 963 substantiarum
946 890 1107 990 similiter
1128 906 1273 991 oportet
1293 915 1383 979 esse,
1405 888 1510 962 etsie
1533 888 1687 961 unitates
1706 887 1825 986 plures

652 1034 737 1083 cum
762 1010 1050 1108 unumquodque
1075 1011 1250 1084 unitatem
1273 1022 1428 1082 suamet
1456 1005 1726 1079 similitudinem
1749 1003 1835 1077 habe

652 1128 902 1203 similitudines
929 1146 1017 1228 quot
1046 1131 1199 1204 unitates
1225 1130 1378 1218 tuerint,
1409 1142 1445 1199 et
1473 1141 1601 1227 praeter
1624 1125 1696 1199 hoc
1726 1123 1831 1197 simili

653 1248 931 1324 substantiarum
949 1248 1155 1343 unitatibus,
1174 1250 1274 1322 etsie
1297 1244 1547 1321 similitudines
1570 1245 1688 1342 plures
1704 1269 1780 1317 esse
1796 1269 1835 1316 ιιι

653 1368 869 1442 concludere
882 1370 1002 1469 plures
1018 1394 1095 1443 esse
1112 1371 1264 1442 unitates
1281 1364 1475 1440 unitatibus
1493 1378 1529 1437 et
1543 1364 1794 1440 similitudines
1812 1363 1836 1435 si

654 1512 811 1586 cumque
836 1490 933 1562 enirn
958 1504 1042 1562 sunt
1067 1489 1171 1589 plura
1193 1487 1371 1586 aliquibus
1394 1499 1431 1559 et
1453 1484 1513 1557 illa
1540 1501 1624 1558 sunt
1646 1487 1751 1585 plura
1776 1485 1834 1558 alii

625 1602 627 1605 ’
654 1604 759 1705 plura
782 1607 928 1681 eisdem.
960 1614 1003 1681 Et
1026 1609 1082 1682 hae
1107 1623 1192 1682 sunt
1214 1609 1370 1681 rationes
1395 1628 1507 1704 quare
1535 1630 1660 1678 omnes
1687 1604 1810 1676 sormae

655 1726 814 1799 essentiae
830 1752 905 1800 esse
920 1729 995 1801 sive
1011 1752 1080 1800 res.

703 1845 756 1917 llli
782 1861 903 1920 autem
933 1848 1096 1945 quinon
1124 1860 1289 1920 asserunt
1316 1846 1506 1919 essentiam
1530 1870 1606 1919 esse
1631 1845 1701 1917 nisi
1724 1841 1836 1916 substa

656 1966 804 2039 virtutes
828 1981 865 2040 et
883 1968 969 2040 vitia
992 1983 1027 2040 et
1042 1968 1184 2043 colores
1200 1966 1335 2065 aliquid
1350 1991 1426 2040 esse
1446 1965 1688 2063 denegabunt.
1719 1963 1790 2036 Sed
1811 1987 1835 2059 q

559 2141 561 2144 ,
655 2084 832 2181 sapientes
843 2084 1019 2182 judicent.

713 2203 780 2276 Alii
796 2218 916 2276 autem
933 2205 996 2303 qui
1014 2204 1189 2303 quasdam
1212 2205 1344 2278 formas
1360 2206 1528 2278 essentias
1543 2226 1642 2294 esse,
1667 2200 1837 2300 quasdam

655 2323 748 2394 sicut
760 2322 964 2397 Abaelardus
989 2339 1025 2397 et
1047 2327 1104 2398 sui
1118 2326 1183 2425 qui
1198 2340 1312 2398 artem
1330 2324 1551 2397 dialecticam
1569 2347 1644 2394 non
1662 2321 1836 2394 obfuscan

567 2526 569 2530 y
658 2443 914 2540 perscrutando
931 2444 1152 2538 dilucidant,
1171 2445 1287 2518 nullas
1312 2444 1445 2517 formas
1461 2442 1630 2516 essentias
1646 2465 1722 2514 esse
1737 2465 1837 2540 appu

591 2545 628 2648 J,
657 2561 845 2658 qualitates
862 2588 942 2660 quae
956 2565 1008 2637 sic
1026 2565 1151 2638 insunt
1171 2565 1207 2637 iu
1229 2563 1406 2662 subjecto,
1432 2562 1532 2661 quod
1549 2559 1749 2658 subjectum
1771 2560 1836 2633 ads

628 2734 634 2741 .
657 2680 752 2770 licit,
772 2683 862 2755 sicut
882 2682 928 2756 ad
945 2709 1020 2756 esse
1037 2685 1278 2780 quantitatum
1297 2684 1414 2783 ipsum
1430 2682 1632 2778 subjectum
1647 2679 1835 2768 sufficit,v

659 2799 705 2873 ad
727 2801 880 2874 invicem
899 2801 954 2874 vel
974 2827 1058 2876 cum
1074 2803 1145 2877 alio
1168 2827 1244 2875 non
1267 2816 1320 2875 est
1342 2802 1551 2888 necessaria,
1572 2800 1664 2873 sicut
1686 2798 1732 2874 ad
1759 2824 1837 2872 curi

658 2920 750 2993 saria
765 2935 818 2993 est
833 2920 1020 3022 dispositio
1037 2923 1193 3021 partium
1209 2921 1257 2995 ad
1273 2922 1442 3014 invicem,
1461 2935 1498 2994 et
1516 2918 1655 2993 adesse
1672 2919 1837 2992 sessionis

659 3039 739 3111 sitio
762 3042 918 3138 partium
936 3041 1086 3139 subjecti
1106 3058 1142 3116 et
1157 3040 1255 3115 aliud
1270 3041 1333 3114 ubi
1351 3038 1552 3137 subjeetum
1575 3040 1712 3130 sedeat,
1735 3037 1791 3112 vel
1815 3064 1837 3136 q

659 3158 808 3255 alicujus
832 3160 1019 3233 extrinseci
1041 3162 1089 3235 ita
1107 3161 1207 3260 quod
1229 3162 1307 3234 sine
1328 3160 1391 3232 illo
1409 3184 1485 3232 esse
1509 3183 1583 3230 uon
1609 3173 1774 3257 possent,
1801 3159 1838 3229 sii

660 3278 753 3349 inest
776 3278 813 3349 in
837 3279 958 3376 aliquo
984 3280 1068 3378 quia
1089 3305 1224 3379 equum
1246 3279 1304 3353 vel
1323 3278 1455 3351 bovem
1481 3277 1650 3375 possidet,
1670 3302 1749 3375 quae
1777 3276 1838 3347 nul

660 3397 843 3470 destructo
866 3399 928 3471 illo
949 3400 1162 3492 extrinseco,
1187 3399 1243 3473 vel
1265 3398 1311 3472 ad
1336 3399 1438 3497 cujus
1454 3423 1633 3472 recessum
1651 3422 1726 3469 non
1744 3410 1799 3469 est
1815 3421 1838 3467 n

661 3521 825 3593 stantiam
847 3519 1024 3617 subjecto,
1043 3521 1135 3594 sicut
1157 3520 1205 3594 ad
1229 3545 1408 3594 recessum
1433 3518 1701 3593 inanimationis
1727 3541 1838 3590 neces

661 3622 828 3715 stantiam
841 3640 1014 3737 subjecto,
1030 3640 1165 3714 scilicet
1176 3641 1347 3713 animam.
1363 3639 1505 3714 Nullam
1519 3639 1616 3711 enim
1634 3637 1789 3710 formam
1803 3661 1838 3708 es

661 3761 720 3831 cui
742 3758 879 3855 aliquid
898 3762 1050 3832 istorum
1066 3760 1198 3858 poterit
1214 3759 1386 3854 assignari
1402 3756 1499 3831 velut
1517 3758 1719 3855 subjectum
1738 3754 1786 3829 ad
1802 3780 1838 3828 es

538 3909 544 3914 ·
662 3878 934 3979 dispositionem
953 3881 1108 3979 partium
1126 3878 1170 3952 ad
1197 3880 1352 3955 invicem
1373 3878 1447 3952 sive
1463 3904 1547 3951 eum
1572 3879 1664 3969 alio,
1686 3876 1740 3949 vel
1767 3901 1838 3974 qua

662 4001 747 4089 seci,
771 4000 820 4073 ita
837 3999 938 4099 quod
959 4001 1035 4074 sine
1051 4000 1112 4073 illo
1129 4025 1297 4076 essenon
1315 4015 1457 4100 posset,
1476 4000 1534 4073 vel
1550 3998 1597 4074 ad
1613 3997 1715 4096 cujus
1731 4021 1838 4071 necess

664 4117 909 4195 substantiam.
