4559 6100
608 551 611 556 .
676 488 721 561 lN
745 487 988 561 EPlSTOLAM
1012 488 1072 560 lu
1097 487 1324 561 ROMANOS.
1722 484 1788 555 244

208 651 427 713 sacramento
445 635 680 735 baptismatis,
699 636 800 734 quod
820 634 979 708 daturin
998 635 1147 706 nomine
1167 634 1280 705 Patris
1295 647 1331 704 et
1344 630 1420 702 Filii
1438 644 1473 702 et
1486 631 1639 729 Spiritus
1653 632 1792 719 Sancti,
1865 633 1867 638 ’

207 760 250 831 de
274 756 346 828 hoc
371 755 493 828 seculo
520 769 726 846 transeunt,
753 754 845 852 ignis
869 754 992 826 aetemi
1016 752 1194 852 supplicio
1219 752 1437 850 sempiterno
1462 746 1678 848 puniendos.
1703 750 1796 838 Quia

207 879 270 949 etsi
299 889 487 974 peccatum
517 874 670 974 propriae
697 876 848 948 actionis
872 873 1013 946 nullum
1040 869 1269 961 babuerunt,
1302 868 1483 966 originalis
1512 882 1630 940 tamen
1659 869 1796 964 peccati

207 993 475 1067 damnationem
488 993 622 1065 carnali
644 993 882 1092 conceptione
895 1006 931 1064 et
946 990 1127 1063 nativitate
1142 1002 1364 1061 traxerunt.»
1383 985 1552 1083 Nunquid
1574 985 1681 1055 etiam
1699 985 1795 1082 apud

207 1112 371 1186 homines
387 1113 651 1210 iniquissimum
664 1112 899 1209 judicaretur,
917 1111 947 1181 si
964 1110 1043 1208 quis
1059 1109 1291 1181 innocentem
1308 1105 1421 1178 filium
1438 1129 1504 1204 pro
1522 1117 1669 1202 peccato
1688 1104 1796 1201 patris

208 1230 358 1303 ilammis
376 1230 452 1302 istis
467 1230 678 1302 transitoriis
697 1227 863 1319 traderet,
881 1226 1017 1300 nedum
1032 1227 1235 1327 perpetuis?
1252 1230 1351 1298 Esset
1370 1227 1492 1322 utique
1508 1224 1655 1319 inquam
1671 1221 1741 1295 hoc
1758 1224 1796 1294 in

207 1347 412 1420 bominibus
436 1348 617 1445 iniquum,
645 1346 776 1446 quibus
803 1349 910 1421 etiam
939 1347 1161 1420 interdicitur
1189 1346 1340 1445 propriae
1363 1342 1520 1416 vindicta
1544 1343 1691 1439 injuria.
1726 1342 1796 1413 Sed

208 1493 279 1539 non
299 1469 348 1539 ita
364 1469 401 1539 in
424 1471 503 1539 Deo
527 1469 589 1565 qui
610 1468 709 1540 dicit¹
729 1495 738 1538 ε
761 1496 779 1535 u
800 1466 888 1538 Mihi
912 1468 1084 1557 vindicta,
1112 1491 1179 1565 ego
1200 1465 1410 1538 retribuam.
1432 1493 1448 1530 n
1470 1467 1513 1533 Et
1530 1460 1661 1535 alibi¹:
1683 1466 1794 1558 «Ego

208 1586 381 1679 occidam,
405 1601 442 1657 et
459 1610 526 1682 ego
547 1586 667 1659 vivere
689 1587 828 1659 faciam.
840 1616 858 1652 »
879 1589 959 1656 Non
977 1586 1075 1657 euim
1096 1585 1262 1681 injuriam
1281 1598 1451 1656 creaturae
1471 1607 1542 1653 suae
1570 1587 1665 1653 Deus
1687 1579 1791 1671 facit,

208 1728 437 1802 quocumque
453 1704 568 1777 modo
591 1729 672 1776 eam
694 1718 838 1797 tractet,
857 1704 930 1776 sive
948 1702 993 1776 ad
1013 1727 1159 1802 poenam
1181 1727 1260 1775 eam
1275 1702 1437 1801 deputet,
1459 1702 1533 1773 sive
1552 1699 1598 1773 ad
1618 1700 1790 1797 requiem.

209 1822 371 1920 Alioquin
389 1822 570 1912 animalia,
591 1848 671 1921 quae
684 1823 732 1895 ad
745 1822 908 1895 laborem
922 1820 1075 1894 humani
1091 1821 1256 1920 obsequii
1271 1836 1388 1893 creata
1404 1835 1500 1913 sunt,
1515 1821 1608 1916 juste
1622 1820 1795 1915 conqueri

209 1957 242 2012 et
269 1964 498 2013 murmurare
526 1942 696 2014 adversus
727 1943 939 2015 Creatorem
957 1955 1115 2039 possent.
1146 1939 1285 2028 Quibus
1314 1939 1462 2038 quidem
1489 1938 1795 2011 murmurantibus

207 2084 312 2158 super
328 2084 367 2132 se
379 2060 468 2132 illud
489 2060 673 2158 Evangelii
684 2060 939 2161 responderet³
958 2087 966 2130 ε
988 2064 1072 2131 «An
1091 2085 1166 2158 non
1186 2058 1267 2131 licet
1288 2059 1379 2131 mihi
1397 2059 1496 2156 quod
1513 2060 1596 2131 volo
1620 2055 1760 2131 lacere?
1775 2090 1791 2123 ι)

206 2179 280 2249 sire
297 2178 385 2250 illud
398 2180 577 2277 Apostoli⁸
596 2206 605 2250 z
630 2209 647 2249 r<
664 2184 696 2251 Ο
716 2180 843 2270 homo,
868 2192 908 2250 tu
923 2178 1005 2275 quis
1027 2203 1065 2250 es
1085 2179 1148 2275 qui
1166 2177 1385 2277 respondeas
1401 2179 1498 2250 Deo?
1519 2177 1689 2275 Nunquid
1708 2177 1795 2249 dicit

206 2295 418 2392 figmentum
433 2298 466 2369 ei
483 2299 546 2395 qui
562 2323 600 2371 se
617 2298 719 2371 finxit
737 2326 745 2371 :
762 2296 859 2387 Quid
872 2321 931 2369 me
947 2297 1058 2369 iecisti
1070 2297 1146 2369 sic?
1164 2303 1215 2368 An
1230 2322 1305 2368 non
1318 2297 1426 2370 habet
1438 2311 1651 2397 potestatem
1666 2295 1794 2391 figulus

204 2413 272 2485 luti
295 2439 338 2486 ex
360 2415 484 2488 eudem
507 2441 624 2490 massa
648 2418 761 2491 facere
785 2416 883 2490 aliud
906 2417 1052 2514 quidem
1075 2440 1136 2489 vas
1151 2417 1189 2488 in
1213 2417 1402 2507 honorem,
1421 2415 1519 2489 aliud
1547 2416 1582 2486 in
1609 2401 1794 2487 contume-

205 2532 311 2605 liam?
326 2563 345 2602 »
369 2534 471 2608 Nulla
487 2536 649 2635 profecto
669 2538 809 2610 ratione
829 2561 913 2609 cum
934 2560 979 2608 eo
996 2551 1114 2636 posset
1135 2534 1366 2610 contendere.
1388 2541 1460 2610 Hac
1483 2536 1628 2633 quidem
1655 2537 1792 2608 ratione

205 2652 389 2750 profiteor,
421 2655 682 2755 quoquomodo
712 2661 808 2732 Deus
834 2669 1035 2731 creaturam
1060 2679 1162 2729 suam
1189 2669 1339 2728 tractare
1368 2654 1468 2746 velit,
1498 2655 1631 2727 nullius
1658 2657 1794 2752 injuriae

205 2787 321 2870 potest
344 2778 456 2874 argui.
478 2782 550 2851 Nec
571 2780 707 2854 malurn
729 2779 964 2880 aliquomodo
981 2793 1098 2878 potest
1122 2777 1206 2870 dici,
1234 2778 1333 2876 quod
1352 2778 1452 2875 juxta
1475 2778 1551 2873 ejus
1574 2775 1794 2851 voluntatem

205 2888 277 2963 liat.
303 2898 383 2966 Non
407 2895 506 2968 enim
530 2898 632 2971 aliter
656 2899 796 2976 bonum
821 2898 957 2971 amalo
974 2897 1177 2970 discernere
1198 2921 1402 2997 possumus,
1427 2897 1494 2970 nisi
1520 2897 1619 2995 quod
1644 2898 1719 2994 ejus
1742 2912 1796 2970 est

203 3027 486 3107 consentancum
509 3016 705 3111 voluntati,
735 3034 770 3092 et
798 3019 835 3091 in
857 3018 991 3119 placito
1016 3016 1092 3115 ejus
1109 3019 1282 3091 consistit.
1312 3016 1416 3090 Unde
1434 3030 1470 3091 et
1491 3041 1533 3089 eu
1560 3042 1639 3116 quae
1666 3044 1730 3118 per
1756 3045 1794 3093 se

201 3128 370 3203 videntur
383 3137 549 3231 pessima,
567 3152 603 3210 et
621 3137 703 3211 ideo
715 3135 906 3238 culpanda,
921 3161 1006 3209 cum
1017 3137 1178 3234 jussione
1192 3135 1283 3209 fiunt
1296 3137 1491 3228 dominica,
1511 3136 1631 3209 nullus
1648 3137 1794 3237 culpare

200 3252 397 3346 praesumit.
419 3253 582 3350 Alioquin
609 3252 748 3330 Hebraei
764 3255 957 3356 spoliantes
973 3255 1158 3355 AEgyptios
1183 3254 1266 3325 furti
1289 3258 1441 3350 graviter
1457 3254 1629 3352 arguendi
1651 3273 1790 3349 essent,

197 3382 238 3438 et
263 3371 326 3466 qui
351 3395 436 3444 suos
459 3374 671 3447 occiderunt
694 3377 877 3475 proximos
896 3398 980 3446 cum
1002 3372 1203 3446 Madianitis
1228 3372 1441 3445 fornicantes
1464 3396 1538 3444 non
1563 3389 1636 3446 tam
1659 3375 1793 3450 ultores

196 3512 312 3584 quam
335 3489 525 3564 homicidae
547 3494 805 3591 judicarentur.
836 3493 936 3567 Adeo
962 3506 1080 3565 autem
1103 3492 1193 3569 boni
1217 3494 1274 3566 vel
1295 3493 1380 3569 mali
1409 3492 1573 3566 discretio
1599 3495 1634 3566 in
1664 3496 1792 3569 divinae

193 3605 397 3680 voluntatis
415 3608 648 3709 dispositione
661 3615 834 3706 consistit,
857 3613 915 3686 cui
932 3612 1004 3685 boc
1018 3611 1242 3685 attendentes
1259 3611 1422 3711 quotidie
1440 3612 1635 3687 clamamus
1654 3641 1663 3684 τ
1686 3618 1794 3689 «Fiat

192 3725 369 3801 voluntas
393 3742 467 3821 tua,
485 3761 502 3796 n
522 3755 564 3803 ac
581 3733 612 3804 si
632 3734 682 3806 ita
707 3733 896 3806 dicamus:
924 3730 1304 3832 Ordinenturoptime
1326 3747 1469 3825 cuncta,
1493 3747 1533 3804 ut
1551 3732 1598 3806 ad
1625 3734 1700 3831 ejus
1718 3737 1793 3833 jus·

189 3847 341 3918 sionem
356 3846 412 3919 vel
428 3849 712 3947 prohibitionem
726 3853 853 3926 eadem
865 3850 944 3924 fieri
960 3849 1031 3923 alio
1047 3866 1209 3951 tempore
1224 3851 1364 3924 bonum
1379 3853 1436 3945 sit,
1455 3852 1526 3925 alio
1539 3852 1674 3926 malum
1687 3882 1695 3925 ε
1710 3880 1793 3930 curn

187 3985 267 4057 pro
283 3976 491 4061 temporum
507 3964 709 4039 diversitate
726 3967 865 4065 antiqui
880 3980 916 4038 et
936 3964 1024 4036 novi
1045 3966 1232 4038 eontrariae
1249 3968 1392 4066 penitus
1407 3967 1588 4040 nonnullae
1605 3967 1793 4044 videantur

183 4078 548 4171 observantiae.Quis
565 4086 662 4157 enim
681 4086 817 4159 nesciat
833 4084 981 4182 antiquo
998 4083 1136 4183 populo
1154 4085 1253 4183 prius
1269 4111 1345 4158 esse
1362 4101 1590 4186 preceptum,
1613 4103 1653 4160 ut
1669 4087 1794 4164 desua

83 4219 92 4231 ·
180 4199 353 4296 quisque
368 4200 466 4273 tribu
479 4202 625 4275 duceret
640 4228 802 4298 uxorem,
820 4218 857 4277 et
867 4204 1017 4275 omnino
1033 4202 1146 4276 modo
1159 4219 1212 4276 est
1227 4204 1420 4277 inhibitum
1439 4232 1447 4276 ε
1465 4220 1501 4278 et
1516 4222 1602 4279 tunc
1616 4209 1794 4308 praecipue

174 4318 335 4416 nuptiis
357 4320 544 4419 implicari,
568 4347 665 4394 nunc
683 4322 846 4396 libertate
867 4322 1097 4395 continentiae
1121 4323 1211 4414 srui3
1232 4338 1267 4397 et
1282 4324 1589 4398 circumcisionem
1610 4341 1793 4409 etmetcra

168 4434 281 4532 legis
299 4453 543 4533 sacramenta,
564 4465 642 4537 quae
657 4443 694 4514 in
711 4466 852 4514 summa
868 4441 1098 4513 veneratione
1116 4466 1159 4514 ex
1182 4459 1360 4543 praecepto
1382 4443 1508 4517 divino
1525 4459 1611 4519 tunc
1625 4446 1790 4537 fuerunt,

165 4579 295 4628 nunc
314 4556 574 4634 abominabilia
590 4561 690 4635 esse?
708 4566 855 4635 Constat
870 4562 1004 4658 itaque,
1023 4575 1063 4633 ut
1078 4560 1246 4655 diximus,
1262 4576 1373 4637 totam
1389 4563 1478 4637 boni
1495 4567 1552 4639 vel
1562 4568 1646 4640 mali
1659 4569 1793 4642 discre-

161 4673 336 4749 tionem
361 4679 399 4751 in
426 4679 556 4752 divinae
581 4681 857 4779 dispensationis
880 4679 1013 4778 placito
1033 4682 1243 4774 consistere,
1269 4709 1348 4782 quae
1371 4685 1506 4785 optime
1529 4703 1664 4761 cuncta
1686 4689 1792 4761 nobis

190 5020 198 5044 ¹
213 5013 343 5076 veut,
352 5027 407 5079 cap.
422 5029 500 5077 mu,
514 5032 537 5067 r.
550 5023 594 5081 ³53
607 5022 693 5084 Rom,
705 5036 759 5088 cap.
772 5036 840 5088 nur.
854 5028 892 5077 19.
901 5053 929 5064 -
943 5024 1031 5075 ²Deut.
1042 5062 1047 5088 ,
1058 5037 1112 5087 cap.
1125 5036 1202 5085 mu,
1215 5036 1238 5072 r.
1250 5021 1341 5078 tu.-³
1352 5022 1449 5085 Uitru,
1460 5035 1514 5086 esp.
1527 5036 1593 5086 xx,r.
1608 5025 1647 5077 1⁵.
1657 5024 1797 5087 -⁴ltorr.,‘

147 5104 216 5155 up.
232 5106 273 5144 ιι
284 5128 298 5154 ,
313 5104 350 5214 ri
365 5096 405 5145 2⁰.
1635 5171 1670 5228 3¹
