4559 6100
511 6 584 77 77⁰
1193 1 1306 74 APPE
1339 1 1430 73 [tlx.

509 155 613 220 osum
637 152 742 220 totum
766 151 926 220 nminem
947 132 1096 244 ρ’ωωιι,
1118 151 1470 244 nmgesumvtsem
1491 149 1635 218 osne.
1654 151 1710 216 ut
1734 172 1874 240 namque
1895 150 2048 215 curm
2077 150 2122 215 sa

508 272 679 365 discipulos
693 296 768 340 suos
786 296 795 338 ι
816 304 830 331 «
850 274 993 364 Accipite
1011 272 1164 364 Spiritum
1179 272 1343 339 Sancum.
1361 272 1508 357 Quorum
1527 270 1710 338 remisentis
1730 286 1875 361 peomta,
1904 271 2123 337 remittentur

508 394 565 460 eis.
579 426 593 451 ι
615 391 680 460 Sed
694 416 755 460 nos
771 391 906 459 dicimus
922 390 1011 483 quod
1024 392 1089 458 hoo
1108 390 1231 457 dicmm
1244 406 1292 458 est
1306 391 1380 457 solis
1402 390 1581 482 Apostolis,
1606 414 1673 456 non
1695 389 1932 456 successoribus
1946 412 2085 455 eornm.
2102 420 2115 447 ι

508 512 549 576 Et
575 513 682 579 statim
708 510 856 578 subditur
880 535 888 578 ε
916 543 929 569 ι
949 511 982 577 Si
1007 512 1077 601 quis
1096 527 1206 577 tamen
1227 513 1459 578 successoribus
1483 533 1595 577 eorum
1617 510 1790 576 convenire
1809 510 1874 576 ltoc
1898 508 2044 588 dixerit,
2075 508 2118 573 sd

508 631 643 699 modum
662 630 852 723 supradicte
869 632 1065 697 auctoritatis
1077 632 1164 698 hano
1177 653 1306 721 quoque
1322 652 1485 722 exponere
1501 629 1610 696 docet.
1629 660 1643 685 ·

927 884 1010 944 XIII.
1022 884 1068 941 De
1079 881 1274 963 niggestione,
1284 879 1474 942 delectatione
1486 895 1517 941 et
1529 899 1684 943 consensu.

554 1097 568 1122 «
581 1064 751 1132 Sciendum
764 1089 892 1156 quoque
905 1065 994 1156 quod
1002 1068 1161 1158 suggestio
1172 1090 1239 1133 non
1250 1083 1299 1134 est
1311 1084 1478 1158 peccatum
1492 1066 1539 1133 illi
1554 1067 1607 1133 cui
1621 1066 1781 1158 suggestio
1795 1063 1843 1148 lit,
1853 1087 1916 1130 neo
1929 1064 2113 1131 delectatio

506 1208 704 1275 consequens
718 1187 965 1278 suggestionem,
983 1207 1055 1273 quae
1072 1182 1241 1251 delectatio
1257 1187 1339 1252 inest
1358 1209 1400 1252 er
1413 1185 1596 1253 infirmitate
1611 1202 1645 1253 et
1659 1187 1816 1253 memoria
1830 1184 2017 1276 voluptatis,
2038 1208 2115 1274 φο

506 1321 554 1371 est
573 1305 607 1370 in
625 1304 811 1396 impletione
830 1305 914 1373 illius
937 1305 985 1371 rei
1005 1328 1102 1395 quam
1117 1304 1316 1373 adversarius
1331 1307 1488 1399 suggerit,
1510 1305 1568 1372 sed
1592 1305 1679 1372 solus
1700 1328 1873 1372 consensus
1892 1304 1948 1393 qui
1973 1320 2009 1369 et
2024 1327 2114 1370 oon·

505 1442 643 1518 temptus
662 1426 723 1492 Dei
746 1424 872 1505 dicitur,
894 1426 928 1490 in
953 1449 1019 1514 quo
1043 1441 1212 1516 peccatum
1233 1427 1413 1493 consistit.»
1433 1428 1475 1493 Et
1493 1443 1567 1517 post
1588 1449 1690 1517 pauca
1709 1449 1718 1492 ε
1739 1426 1834 1492 ιΝοο
1858 1423 1995 1490 dicimus
2017 1424 2114 1514 qnod

504 1545 650 1612 voluntas
667 1544 805 1611 faciendi
823 1546 887 1611 hoc
901 1544 953 1611 vel
968 1544 1065 1628 illud,
1083 1569 1143 1612 neo
1158 1562 1192 1612 et
1206 1547 1310 1637 ipsum
1330 1570 1412 1637 opus
1426 1547 1468 1613 sit
1486 1563 1674 1638 peccatum,
1696 1546 1889 1637 sed’potius,
1906 1560 1943 1609 ut
1959 1546 2114 1634 superius

504 1662 625 1730 dictum
641 1679 700 1747 est,
717 1665 784 1755 ipse
800 1665 859 1731 Dei
875 1681 1078 1756 contemptus
1093 1689 1134 1732 er
1149 1665 1256 1756 aliqua
1271 1665 1451 1734 voluntate.
1475 1698 1490 1723 »

751 1920 830 1977 xlv,
844 1915 930 1992 Quod
943 1915 980 1977 od
994 1899 1108 1977 Patrem
1122 1917 1241 1998 proprie
1252 1917 1300 1978 vel
1315 1916 1478 1997 specialiter
1489 1917 1615 1997 pertinet
1628 1915 1848 1995 omnipotentia.

549 2130 562 2156 «
576 2100 609 2165 Si
623 2101 803 2190 potentium
817 2117 885 2167 tam
899 2101 942 2168 ad
955 2104 1103 2169 notitiam
1119 2102 1322 2187 subsistendi,
1336 2127 1434 2194 quom
1449 2103 1492 2170 ad
1508 2102 1683 2171 efficaciam
1697 2102 1894 2194 operationis
1908 2100 2107 2180 referamus,

502 2219 680 2284 invenimus
703 2218 746 2284 ad
769 2221 999 2310 proprietatem
1019 2244 1166 2312 personas
1182 2223 1285 2289 Patris
1309 2223 1439 2314 proprie
1461 2223 1512 2289 vel
1532 2222 1710 2313 specialiter
1733 2220 2003 2312 omnipotentiam
2026 2222 2110 2284 atti·

502 2360 578 2404 nere
598 2361 605 2404 ε
623 2337 712 2429 quod
733 2362 801 2406 non
815 2340 920 2407 solum
942 2365 1017 2406 cum
1033 2343 1155 2409 caeteris
1173 2341 1297 2408 duabus
1312 2343 1456 2432 personis
1473 2365 1563 2432 eque
1584 2342 1693 2408 omnia
1709 2339 1838 2408 efficere
1853 2356 1973 2430 potest,
1990 2361 2110 2403 remm

500 2456 598 2523 etiam
611 2457 677 2547 ipse
699 2457 786 2525 solus
800 2482 819 2524 a
835 2480 887 2541 se,
905 2483 973 2527 non
989 2459 1030 2526 ab
1047 2459 1110 2526 alio
1131 2434 1266 2526 existere
1282 2459 1404 2526 habet:
1423 2476 1456 2526 et
1471 2460 1554 2526 sicut
1571 2459 1706 2525 habeta
1722 2481 1756 2524 se
1774 2459 1928 2540 existere,
1947 2458 1990 2521 its
2004 2448 2108 2522 etiam

500 2575 599 2645 habet
614 2598 656 2641 ex
672 2599 706 2643 so
721 2601 826 2669 posse.
850 2609 864 2636 ν

545 2752 623 2820 Hceo
640 2769 715 2819 sunt
729 2752 875 2845 Cupitula
891 2754 1094 2847 Theologiss,
1111 2756 1213 2822 immo
1230 2754 1421 2845 stultologioe
1437 2753 1524 2820 Petri
1540 2750 1715 2819 Aboelardi.
