4559 6100
642 511 665 578 3
736 473 992 549 mauman
1016 477 1292 551 ausurum.
1639 507 1640 514 ¹
1741 476 1813 551 aus

220 646 321 717 run,
338 654 358 694 s
378 627 423 706 *id
443 638 497 699 est
519 626 702 700 caritatem
721 623 914 725 praedicare
939 640 1048 725 atque
1072 627 1247 726 plantare,
1272 626 1392 724 potius
1416 650 1525 725 quam
1550 627 1731 718 timorem,
1748 630 1812 725 qni

221 742 339 843 tiigon'
361 762 604 846 comparatur,
628 744 728 819 unde
745 760 781 817 et
795 744 1015 842 frequentius
1037 770 1148 845 qnam
1172 760 1409 836 cateruarios,
1430 770 1600 844 generare
1623 770 1811 846 anparere

220 862 397 939 columbae
412 866 612 954 sufficiunt,
633 891 716 940 cum
735 851 810 938 'sint
824 864 1188 940 videlicet-calidioris
1205 880 1353 938 naturae.
1367 869 1446 937 <Nec
1468 879 1571 938 vacat
1587 865 1696 938 etiam
1712 868 1812 963 qnod

219 983 504 1084 binospariuu13
532 988 641 1060 etiam
661 985 809 1058 sociales
841 1000 947 1077 sunt,
976 1001 1014 1058 et
1039 985 1146 1058 simul
1166 998 1446 1058 commorantes.
1466 987 1550 1056 Duo
1574 985 1708 1084 quippo
1729 1003 1813 1060 sunt

220 1105 373 1178 caritatis
399 1107 505 1200 rami,
536 1131 631 1179 uuus
659 1109 697 1178 in
723 1108 854 1193 Deum,
885 1104 975 1177 alius
1003 1106 1041 1178 in
1067 1104 1295 1204 proximnm3
1319 1119 1356 1177 ct
1382 1105 1600 1203 quicumque
1630 1105 1812 1178 caritatem

221 1222 341 1316 habet,
368 1227 545 1299 unitatem
565 1225 768 1299 concordia
786 1240 916 1297 serrat.
944 1229 986 1296 Et
1009 1237 1064 1297 est
1083 1222 1157 1296 hoc
1176 1225 1257 1296 looo
1284 1224 1435 1322 Spiritus
1460 1237 1602 1297 sanctus
1624 1225 1812 1323 proprium
1854 1261 1857 1268 ·

221 1365 355 1416 nomen
371 1345 480 1417 unius
492 1370 666 1445 persouae‚
685 1368 769 1418 cum
790 1346 826 1416 in
849 1342 917 1417 alia
932 1343 1199 1442 'significatione
1223 1357 1411 1443 acceptum
1432 1344 1477 1416 sit
1496 1367 1690 1416 commune
1705 1344 1814 1417 trium

220 1484 469 1561 personarum,
488 1465 693 1540 secundum
706 1465 780 1537 hoc
795 1463 929 1537 scilicet
943 1464 1043 1563 qnod
1058 1464 1180 1537 diviua
1197 1462 1393 1536 substantia
1409 1462 1600 1562 spiritualis
1616 1476 1670 1535 est
1684 1477 1721 1536 et
1736 1488 1810 1537 non

219 1591 409 1682 corporea,
428 1600 465 1657 et
479 1585 587 1657 etiam
605 1598 739 1658 sancta.
758 1588 813 1656 De
828 1583 901 1657 hoc
917 1583 1025 1657 etiam
1040 1584 1256 1680 Augustinus
1272 1582 1366 1655 libro
1381 1581 1547 1655 videlicet
1567 1588 1622 1654 De
1638 1585 1813 1655 Trinitats

220 1703 383 1776 meminit
408 1703 547 1777 dicens¹
568 1704 785 1804 suspiritus
800 1718 944 1778 sanctus
959 1701 1160 1777 secundum
1175 1702 1214 1777 id
1231 1701 1331 1802 qnod
1353 1704 1524 1801 soriptum
1546 1716 1610 1790 est,
1639 1703 1812 1800 quoniam

219 1828 316 1901 Deus
340 1832 485 1928 spiritns
512 1845 577 1913 cst,
606 1846 724 1930 potest
744 1831 890 1930 quidem
918 1830 1163 1904 universaliter
1187 1830 1271 1925 dici,
1304 1831 1389 1929 qnia
1408 1845 1445 1904 et
1468 1835 1570 1902 Pater
1594 1830 1750 1927 spiritus,
1778 1844 1814 1903 ct

220 1946 327 2020 Filius
338 1950 495 2044 spiritus,
515 1965 551 2022 et
565 1952 669 2023 Pater
682 1966 840 2043 sanctus,
853 1966 888 2023 et
904 1951 1010 2025 Filius
1027 1967 1208 2024 sanctus.»
1224 1955 1266 2024 Et
1282 1967 1515 2052 postpauca:
1537 1949 1717 2049 «Spiritus
1732 1972 1813 2020 san·

221 2080 298 2139 ctus
315 2068 479 2166 quandam
500 2070 612 2141 Patris
628 2070 777 2167 Filiique
793 2072 1005 2142 communio
1019 2086 1085 2165 est,
1108 2086 1144 2145 et
1163 2071 1245 2143 ideo
1263 2071 1411 2144 fortasse
1428 2072 1479 2143 sic
1495 2069 1708 2170 appellatur,
1729 2069 1814 2166 quia

222 2187 316 2259 Patri
333 2202 369 2259 et
385 2190 473 2260 Filio
490 2202 608 2287 potest
623 2189 751 2261 eadem
768 2189 960 2289 appellatio
976 2191 1182 2263 convenire.
1203 2196 1249 2262 Ut
1266 2214 1350 2288 ergo
1369 2214 1412 2261 er
1429 2190 1579 2262 nomine
1593 2187 1693 2284 quod
1710 2188 1814 2259 utris-

221 2327 293 2400 que
310 2307 494 2398 convenit,
515 2309 701 2405 utriusque
717 2307 927 2382 communio
943 2308 1173 2405 significetur,
1192 2323 1342 2381 vocatur
1365 2308 1504 2380 donum
1528 2305 1719 2380 amborum
1735 2306 1815 2402 Spi·
1864 2378 1867 2381 ,

221 2423 310 2496 ritus
331 2439 520 2498 sanctus.»
542 2425 643 2500 ldem
658 2429 694 2499 in
710 2431 819 2499 XV¹2
841 2428 1004 2501 «Multis
1014 2427 1186 2527 exemplis
1204 2428 1327 2500 doceri
1349 2441 1467 2527 potest
1486 2423 1680 2498 multarum
1695 2448 1815 2497 rerum

220 2541 396 2616 vocabula
413 2559 449 2617 et
470 2545 717 2620 universaliter
737 2547 839 2646 poni,
865 2562 902 2621 et
917 2550 1063 2648 proprie
1080 2546 1298 2647 quibusdam
1319 2545 1428 2620 rebus
1442 2544 1618 2619 adhiberi.
1639 2547 1717 2616 Hoc
1732 2543 1815 2616 ideo

221 2659 313 2755 dixi,
335 2687 383 2734 ne
403 2665 593 2763 quisquam
612 2682 803 2765 propterea
825 2691 893 2740 nos
918 2668 1213 2741 inconvenienter
1233 2667 1409 2740 existimet
1429 2668 1615 2740 caritatem
1635 2662 1816 2762 appellare

222 2782 393 2880 Spiritum
419 2801 597 2878 sanctum,
620 2788 704 2883 quia
720 2802 755 2859 et
771 2791 867 2859 Deus
884 2792 1001 2881 Pater,
1024 2803 1060 2860 et
1078 2793 1175 2860 Deus
1194 2787 1303 2859 Filius
1322 2802 1441 2886 potest
1453 2785 1580 2859 caritas
1598 2783 1813 2882 nuncupari.

220 2901 415 3000 Sicutergo
426 2906 573 2977 unicum
584 2907 1160 3008 Dai⁸Verbnmvocamnsproprie
1168 2907 1316 2981 nomine
1324 2908 1524 3009 Sapientiae,
1533 2904 1817 3004 cumetSpiritus

220 3035 365 3095 sanctus
384 3037 421 3097 et
445 3028 547 3098 Pater
565 3023 641 3124 ipse
662 3028 843 3127 Sapientia
863 3055 872 3100 ε
892 3028 942 3101 ita
959 3029 1111 3128 Spiritus
1132 3043 1278 3102 sanctus
1300 3027 1444 3129 proprie
1466 3038 1696 3124 nuncupatur
1713 3046 1816 3097 voca·

219 3139 311 3216 bulo
326 3145 496 3234 caritatis,
519 3147 665 3219 comsit
685 3163 721 3219 et
736 3152 839 3222 Pater
857 3162 893 3221 et
908 3148 1017 3222 Filius
1032 3150 1173 3222 caritas.
1190 3179 1208 3216 s
1226 3154 1445 3246 Frequenter
1466 3147 1602 3245 quippe
1617 3144 1813 3239 contingit,

218 3273 265 3333 nt
281 3285 415 3335 noman
440 3287 635 3337 commune
657 3268 850 3339 multarum
873 3290 992 3339 rerum
1018 3267 1065 3341 ad
1089 3292 1198 3340 unam
1220 3291 1345 3340 earum
1367 3266 1469 3362 quasi
1494 3264 1681 3364 proprium
1703 3276 1816 3334 trans·

217 3378 380 3470 foratum
402 3406 487 3454 cum
503 3397 704 3457 ceteraeres
720 3385 1041 3484 habeant-propria
1066 3386 1229 3477 nomina,
1257 3410 1323 3484 per
1345 3409 1424 3483 quae
1444 3382 1585 3455 scilicet·
1599 3379 1818 3452 adinvicem

216 3498 377 3590 distent,
403 3500 479 3574 hacc
501 3527 588 3574 vero
613 3527 687 3576 non
716 3504 848 3578 habeat
875 3529 1033 3599 nomen;
1063 3504 1272 3578 differentiae
1297 3506 1342 3578 sit
1367 3503 1475 3602 hujus
1498 3502 1688 3601 proprium
1715 3498 1816 3596 quod

216 3617 323 3717 prius
345 3638 539 3694 commune
563 3637 639 3697 crat
665 3625 844 3718 omnium,
863 3620 973 3695 veluti
997 3649 1081 3697 curn
1105 3624 1255 3697 clericos
1276 3624 1499 3723 appellamus
1516 3620 1563 3694 ad
1581 3618 1818 3692 dillerentiam

218 3736 614 3833 monachornmpcum
641 3756 761 3816 tamen
787 3758 822 3816 et
838 3743 1009 3816 monachi
1030 3744 1149 3817 clerici
1177 3744 1261 3836 sint,
1288 3759 1324 3816 et
1348 3743 1569 3816 consessores
1591 3737 1746 3810 dicimus
1770 3736 1816 3809 ad

219 3852 465 3929 differentiam
494 3873 705 3958 martyrum,
737 3886 822 3934 cum
852 3862 1032 3963 praecipne
1055 3875 1246 3960 martyres,
1280 3861 1318 3935 id
1348 3876 1401 3935 est
1429 3874 1548 3952 testes,
1577 3855 1723 3931 dicendi
1749 3856 1819 3928 sint

219 3972 460 4068 confessores,
486 3979 550 4075 qni
573 3980 754 4078 usquead
776 3996 930 4054 mortem
954 3983 1062 4055 etiam
1085 3983 1122 4055 iu
1149 3981 1375 4054 consessione
1396 3980 1509 4054 divini
1530 3977 1687 4055 nominis
1705 3994 1819 4075 perse·

221 4108 363 4207 verant.
391 4097 500 4168 Multa
524 4122 670 4196 quoque
694 4101 763 4174 alia
785 4116 869 4174 sunt
884 4101 1153 4200 prophetiarum
1177 4100 1270 4194 loca,
1294 4126 1336 4174 ex
1353 4100 1484 4200 quibus
1500 4111 1621 4198 aperte
1643 4096 1820 4168 'ltinitatis

217 4206 394 4284 discretio
411 4213 575 4288 traditur.
1577 4284 1580 4290 .

275 4320 721 4435 Generationem'quidem
746 4340 824 4413 Filii
843 4355 1013 4416 aeternam
1037 4367 1079 4415 ex
1103 4346 1206 4413 Patre
1225 4340 1300 4439 ipsc
1321 4338 1437 4411 David
1458 4351 1580 4437 aperte
1600 4334 1738 4426 docuit,
1758 4330 1819 4404 ubi

216 4472 420 4548 personam
441 4454 518 4526 Filii
531 4455 726 4530 introducit
743 4459 924 4557 loquentis
949 4465 1047 4535 sic‘:
1073 4493 1090 4528 a
1105 4462 1284 4532 Dominus
1307 4459 1396 4531 dixit
1416 4456 1463 4530 ad
1485 4480 1565 4528 me:
1587 4455 1693 4526 Filius
1718 4475 1819 4524 niens

214 4583 327 4660 estu,
341 4595 409 4667 ego
418 4570 529 4645 hodic
541 4577 648 4671 genui
660 4589 707 4650 te.
722 4579 896 4652 Postulaa
908 4606 979 4674 me,
990 4594 1025 4655 ct
1038 4580 1136 4653 dabo
1149 4579 1213 4654 tibi
1225 4594 1347 4679 gentes
1355 4577 1589 4650 hereditatem
1601 4589 1712 4667 tuam,
1724 4585 1817 4644 eto.»

214 4687 312 4760 Tale
323 4704 377 4762 est
389 4705 510 4765 antem
524 4695 624 4791 quod
638 4697 708 4769 ait:
727 4722 746 4766 r
759 4702 834 4795 Ego
848 4699 959 4773 bodie
972 4702 1079 4797 genui
1096 4714 1145 4791 te,
1161 4731 1180 4766 »
1193 4721 1236 4772 ac
1251 4700 1280 4771 si
1293 4697 1445 4770 diceret:
1459 4694 1683 4767 AEtemaliter
1694 4716 1736 4763 ex
1745 4694 1821 4789 ipsa

244 5001 259 5035 ·¹
272 4995 370 5047 81111111
384 5002 460 5051 tranet
479 4998 637 5063 tornatum
661 5003 704 5054 tn.
723 5003 777 5066 xv,
794 5017 849 5069 cap.
862 5018 915 5069 ru,
935 5007 1016 5071 0pp..
1029 5013 1049 5058 1.
1062 5006 1168 5061 tm.-
1182 5007 1262 5072 ²cap.
1276 5020 1334 5071 xm,
1349 5021 1372 5058 r.
1386 5008 1426 5067 au,
1439 5004 1515 5069 Opts,
1533 5010 1553 5055 t.
1569 4997 1634 5052 11111.
1648 5023 1677 5038 -
1688 4997 1732 5048 ’ln
1749 4997 1822 5047 euru

211 5075 294 5125 rurs
301 5089 350 5139 pro
358 5079 407 5130 Fri·
416 5080 515 5141 torttnr.
528 5102 559 5121 -·
570 5088 580 5113 ⁴
591 5080 689 5133 Ptolo.
699 5096 725 5146 n,
742 5095 766 5133 r.
778 5087 804 5136 ’1.

348 5186 370 5224 rr
1603 5162 1611 5168 ⁵
1648 5171 1701 5228 l‘l
