4559 6100
739 522 992 595 THEOIAOGlA
1017 522 1292 598 cfltttst‘ttrtt.
1737 520 1809 596 aad

599 618 619 649 ὁ

213 674 400 772 quomodo
422 677 516 768 vult,
541 689 730 775 operatur,
751 689 789 746 et
812 688 853 745 ut
869 674 918 746 ita
934 672 1023 746 stant
1045 676 1121 772 ipse
1137 676 1245 748 etiam
1280 672 1373 746 iacit.
1404 678 1494 746 Nam
1512 674 1576 746 etsi
1599 696 1672 746 non
1690 686 1810 772 potest

214 795 416 886 ambulare,
429 812 548 871 tamen
564 808 680 893 potest
698 792 1084 883 lacereutambuletur,
1096 794 1281 867 bocestut
1292 794 1424 892 aliquis
1439 791 1610 883 ambulet,
1631 818 1713 865 oum
1730 794 1807 891 ipse

214 914 348 988 adhoc
366 940 390 988 a
409 942 474 990 sua
488 915 670 989 creatione
684 938 864 1012 quemque
881 928 1006 1011 aptum
1020 930 1213 1012 prteparet,
1241 929 1276 986 et
1292 914 1330 984 in
1347 915 1427 1012 ipso
1453 915 1561 987 etiam
1584 927 1666 984 actu
1689 913 1808 1011 ipsum

214 1050 402 1109 conservet
420 1053 457 1109 ct
472 1049 655 1124 sustentet,
680 1049 721 1107 nt
732 1034 831 1106 hunc
847 1033 906 1105 ille
923 1047 1043 1105 actum
1058 1034 1209 1131 expleat.
1232 1037 1339 1104 Posse
1355 1033 1476 1129 itaque
1494 1034 1591 1103 Deus
1608 1032 1730 1103 omnia
1747 1031 1808 1104 di·

214 1156 319 1244 citur,
336 1180 412 1228 non
429 1153 528 1254 quod
540 1178 668 1228 omnes
684 1155 864 1252 suscipere
880 1153 993 1251 possit
1003 1153 1183 1243 actiones,
1202 1151 1266 1224 sed
1282 1148 1383 1249 quod
1399 1152 1437 1222 in
1451 1149 1620 1223 omnibus
1636 1175 1715 1247 quae
1731 1151 1808 1223 lieri

213 1272 309 1364 velit,
330 1274 419 1346 nibil
434 1275 512 1372 ejus
528 1275 705 1347 voluntati
718 1274 880 1346 resistere
900 1278 1042 1370 queat⁸.
1065 1272 1168 1344 Unde
1185 1286 1219 1344 et
1237 1271 1462 1369 Apostolus¹,
1484 1268 1699 1342 «Voluntati
1715 1271 1803 1367 ejus,

213 1395 349 1491 inquit,
374 1396 455 1492 quis
479 1396 670 1468 resistat»
689 1401 733 1467 Et
756 1394 970 1485 Psalmista',
992 1396 1268 1491 «Quaecumque
1290 1392 1405 1465 voluit
1426 1378 1522 1463 fecit,
1534 1419 1552 1458 r
1569 1389 1642 1463 Sed
1667 1405 1807 1463 etcum

214 1511 309 1585 idem
327 1512 412 1585 alibi
428 1513 524 1587 dicat
545 1515 750 1613 Apostolus³
768 1544 787 1581 a
799 1519 896 1586 Deus
912 1514 989 1585 ruit
1006 1536 1132 1585 omnes
1148 1513 1266 1584 salvos
1289 1511 1365 1583 lieri
1384 1526 1420 1583 et
1437 1510 1620 1582 neminem
1638 1511 1768 1608 perire,
1787 1536 1805 1576 a

208 1632 309 1729 juxta
324 1632 413 1705 illud
434 1634 661 1733 prophetet:
685 1635 809 1706 «Nolo
834 1648 987 1706 mortem
1004 1634 1218 1737 peccatoris,
1238 1632 1301 1704 sed
1313 1632 1425 1728 magis
1448 1646 1488 1702 ut
1514 1643 1745 1702 convertatur
1770 1644 1806 1701 et

212 1751 329 1841 vivat3
343 1780 362 1820 a
377 1766 414 1825 et
427 1776 492 1850 per
502 1755 728 1852 semetipsam
740 1755 875 1826 Veritas
886 1753 1073 1825 obstinatae
1090 1767 1126 1824 et
1142 1751 1356 1823 damnanda
1374 1751 1470 1822 dicat
1485 1748 1638 1820 civitati⁸
1657 1774 1698 1818 e«
1709 1751 1809 1835 Quo·

212 1869 303 1941 tiens
319 1871 418 1943 volui
435 1897 652 1968 congregare
675 1872 767 1944 filios
783 1888 879 1963 tuos,
899 1870 1208 1970 quemadmodum
1234 1871 1363 1968 gallina
1378 1883 1573 1966 congregat
1588 1866 1705 1967 pullos
1722 1893 1807 1940 suos

210 1982 278 2054 sub
301 1984 388 2075 alas,
420 2001 455 2058 et
478 1986 648 2058 noluisti?
661 2016 680 2054 ιι
699 2001 796 2085 patet
817 1987 946 2059 divinae
963 1987 1158 2058 voluntatis
1179 1985 1397 2058 vocabulum
1422 1983 1566 2056 duobus
1592 1982 1709 2054 modis
1731 2008 1807 2055 esse

209 2103 440 2196 sumendum3
460 2105 620 2203 alioquin
634 2131 718 2178 cum
732 2110 829 2178 Deus
845 2108 968 2180 omnia
981 2130 1218 2204 quaecumque
1232 2104 1346 2177 voluit
1362 2104 1478 2195 iaciat,
1495 2117 1531 2176 ct
1545 2127 1673 2175 omnes
1687 2103 1806 2173 salvos

209 2221 288 2293 fieri
304 2221 405 2315 velit,
425 2247 597 2320 cogemur
613 2226 737 2322 utique
753 2225 927 2325 profiteri,
943 2228 1044 2323 juxta
1061 2224 1163 2297 illum
1180 2223 1425 2297 detestabilem
1442 2223 1607 2318 Origenis
1624 2243 1803 2311 errorem,

208 2343 309 2441 qnod
326 2367 441 2440 usque
464 2346 572 2416 etiam
592 2345 640 2418 ad
657 2345 840 2419 daemones
859 2346 1095 2419 salvationem
1117 2345 1332 2435 extenderit,
1352 2368 1478 2415 omnes
1496 2341 1717 2440 quandoque
1739 2341 1812 2446 sal·¹

208 2461 348 2533 vandos
374 2487 470 2556 esse,
498 2478 533 2535 et
559 2465 753 2536 Veritatem
786 2466 900 2564 ipsam
927 2466 1076 2538 Veritati
1103 2465 1300 2554 contraire,
1328 2463 1391 2535 ubi
1426 2463 1472 2535 de
1502 2462 1621 2561 impiis
1646 2476 1682 2534 et
1703 2462 1807 2557 justis

206 2578 382 2677 loquitur,
403 2581 545 2654 dicens⁸
566 2611 574 2654 ε
597 2612 615 2649 u
632 2589 673 2655 Et
690 2582 793 2656 ibunt
810 2584 848 2656 bi
872 2586 909 2657 in
933 2585 1148 2684 supplicium
1167 2598 1354 2672 aeternum,
1376 2583 1463 2678 justi
1489 2595 1608 2654 autem
1632 2582 1670 2652 in
1696 2582 1807 2653 vitam

203 2710 389 2773 aeternam.
407 2728 425 2768 >r
445 2702 517 2788 Qui
533 2726 656 2774 rursus
673 2704 790 2802 impiis
807 2706 873 2777 ait⁷
892 2731 900 2775 :
925 2708 1019 2790 «lte,
1042 2702 1234 2792 maledicti,
1253 2703 1290 2774 in
1309 2704 1429 2800 ignem
1446 2716 1620 2775 aeternum
1637 2701 1700 2798 qui
1715 2724 1807 2799 prte-

206 2832 353 2915 paratus
376 2834 429 2892 est
448 2819 596 2894 diabolo
618 2835 654 2892 et
674 2823 809 2918 angelis
828 2823 917 2920 ejus.
936 2851 953 2891 >r
975 2821 1072 2894 Velle
1088 2824 1210 2921 itaque
1235 2825 1331 2893 Deus
1354 2820 1499 2893 duobus
1524 2821 1645 2893 modis
1661 2819 1805 2909 dicitur,

205 2949 271 3007 aut
292 2938 493 3010 secundum
509 2939 673 3012 videlieet
694 2941 929 3039 providentiae
950 2967 1021 3014 suae
1038 2942 1318 3034 ordinationem,
1338 2941 1539 3015 secundnm
1555 2940 1656 3037 quod
1672 2938 1808 3010 scilicet

205 3054 344 3152 aliquid
367 3058 525 3153 disponit
550 3061 648 3154 apud
672 3086 710 3129 se
734 3086 776 3129 ac
797 3062 986 3147 deliberat,
1011 3064 1205 3156 statuitque
1221 3087 1285 3132 sua
1312 3061 1551 3159 providentia,
1582 3073 1620 3131 ut
1642 3060 1692 3131 sic
1710 3072 1812 3162 post-y

207 3174 362 3246 modurn
379 3174 571 3273 compleat,
590 3190 652 3247 ant
668 3177 867 3248 secundum
884 3178 1021 3250 consilii
1040 3180 1096 3250 sui
1112 3178 1401 3251 adhortationem
1418 3179 1475 3250 vel
1490 3178 1803 3279 approbationem,

205 3317 278 3392 qua
289 3317 587 3392 unumquemque
597 3296 644 3367 ad
657 3294 729 3369 boc
746 3297 930 3389 admonet,
945 3297 1045 3394 quod
1059 3324 1123 3397 per
1136 3301 1284 3394 gratiam
1299 3324 1402 3372 suam
1414 3323 1645 3371 remunerare
1661 3311 1806 3396 paratus

205 3428 273 3485 est.
301 3418 345 3484 Et
365 3414 469 3509 juxta
494 3415 653 3510 priorem
676 3414 826 3511 quidem
846 3416 998 3489 modum
1019 3442 1093 3514 qno
1112 3422 1208 3489 Deus
1232 3416 1325 3490 velle
1341 3417 1478 3513 aliquid
1499 3416 1643 3508 dicitur,
1663 3417 1735 3488 hoc
1751 3430 1806 3488 est

205 3556 250 3603 ex
267 3532 378 3629 gratia
402 3557 468 3607 sua
493 3532 660 3604 ordinare
682 3548 789 3631 atque
814 3534 912 3633 apud
938 3559 975 3607 se
1002 3534 1157 3629 firmare,
1182 3547 1223 3608 ut
1242 3535 1329 3609 fiant
1352 3536 1484 3634 aliqua,
1508 3550 1582 3609 tam
1603 3561 1671 3608 nos
1696 3557 1805 3632 quam

249 3768 261 3797 ·
284 3761 368 3826 Hinc
383 3761 464 3827 illud
474 3760 615 3851 estquod
627 3765 660 3827 in
671 3763 865 3829 Euchiridio
876 3766 989 3831 beatus
1005 3783 1238 3831 commemorat
1254 3767 1450 3859 Augustinus
1460 3765 1489 3833 ⁸:
1513 3799 1525 3825 ιι
1538 3761 1651 3856 Neque
1659 3767 1746 3832 enim
1761 3768 1805 3832 ob

204 3858 293 3924 aliud
314 3861 470 3925 veraciter
491 3876 624 3925 vocatur
644 3862 865 3952 omnipotens,
890 3865 951 3928 nisi
975 3866 1128 3955 quoniam
1150 3864 1301 3956 quiequid
1323 3866 1391 3930 vult
1412 3881 1536 3957 potest,
1560 3888 1620 3931 nec
1641 3863 1805 3930 voluntate

203 3957 381 4046 cujuspiam
392 3971 544 4022 creaturae
560 3957 732 4023 voluntatis
748 3962 975 4051 omnipotentis
991 3961 1166 4052 impeditur
1182 3963 1326 4029 effectus.
1343 3995 1356 4021 ι
1373 3962 1466 4029 Idem
1482 3964 1515 4027 in
1531 3963 1615 4028 libro
1625 3963 1664 4023 de
1677 3960 1804 4047 Spiritu

205 4066 238 4117 et
254 4053 363 4117 littera
391 4078 402 4115 :
425 4085 438 4111 ι
452 4055 528 4120 Non
545 4071 650 4145 potest
666 4054 771 4121 facere
787 4058 921 4143 injusta,
940 4061 1016 4148 quia
1032 4059 1098 4149 ipse
1115 4076 1163 4124 est
1186 4083 1311 4125 summa
1324 4061 1462 4145 justitia,
1481 4076 1514 4122 et
1529 4056 1669 4121 bonitas.
1686 4056 1803 4120 Omni·

204 4166 319 4239 potens
334 4172 411 4214 vero
428 4165 493 4233 est,
516 4175 583 4216 non
603 4152 692 4242 quod
708 4155 808 4244 possit
828 4158 937 4221 omnia
958 4157 1081 4237 facere,
1099 4156 1157 4220 sed
1173 4159 1248 4243 quia
1267 4170 1373 4244 potest
1391 4153 1516 4221 efficere
1539 4152 1690 4244 quiequid
1707 4154 1775 4218 vult
1795 4178 1803 4220 z

203 4246 249 4311 ita
272 4262 308 4311 ut
330 4248 410 4312 nihil
430 4248 535 4314 valeat
556 4251 700 4316 resistere
723 4253 790 4337 ejus
809 4252 964 4318 voluntati
988 4254 1064 4342 quin
1088 4251 1300 4342 compleatur,
1326 4267 1381 4316 aut
1402 4251 1509 4341 aliquo
1525 4251 1626 4317 modo
1649 4251 1805 4343 impedire

204 4365 290 4409 eam.
306 4375 320 4400 n
339 4344 500 4410 lohannes
516 4346 758 4435 Chrysostomus
779 4349 927 4414 Humilia
941 4373 1051 4432 xxmu,
1069 4347 1110 4414 de
1133 4349 1333 4439 expositione
1350 4349 1498 4438 symboli,
1515 4374 1587 4439 quae
1601 4351 1645 4414 sic
1667 4350 1802 4440 incipit:

203 4439 306 4531 Super
317 4439 472 4505 fabricam
490 4442 586 4506 totius
604 4443 776 4511 Ecclesiae:
804 4478 817 4502 «
837 4448 1049 4537 Omnipotens
1065 4447 1193 4525 dicitur,
1213 4447 1286 4535 quia
1304 4470 1396 4536 posse
1411 4446 1493 4513 illius
1512 4471 1579 4512 non
1596 4464 1703 4538 potest
1719 4447 1807 4511 inve·

204 4537 268 4601 niri
276 4560 343 4600 non
355 4560 458 4626 posse,
477 4538 602 4604 dicente
618 4542 788 4631 propbeta,
813 4545 956 4610 «Omnia
967 4566 1176 4634 quaecumque
1186 4544 1288 4608 voluit
1303 4542 1491 4635 fecit.·lpse
1506 4561 1553 4611 est
1568 4567 1646 4637 ergo
1658 4545 1807 4634 omnipo·

205 4632 324 4716 tentia,
337 4649 374 4698 ut
388 4650 492 4700 totum
508 4638 595 4726 quod
609 4638 677 4703 vult
689 4639 800 4729 possit.

236 4949 243 4979 ¹
262 4950 350 5011 Rom..
372 4962 427 5011 cap.
441 4964 484 5011 tx,
506 4966 530 5000 r.
550 4954 588 5003 ta.
602 4951 760 5002 -²Pralm.
779 4964 832 5013 ortt,
848 4967 872 5002 r.
894 4956 931 5005 tt.
947 4978 980 4991 -
1031 4954 1311 5016 ’blattampxmo
1324 4953 1415 5003 tib-⁸
1426 4950 1485 5011 Cap.
1497 4963 1565 5011 extr,
1578 4948 1803 5014 appetitores

202 5039 212 5070 ι
226 5025 290 5076 Tim.
302 5026 323 5090 l,
334 5042 389 5091 rap.
402 5042 430 5091 ιι,
444 5044 468 5079 r.
480 5035 505 5084 t.
519 5057 548 5067 -
559 5032 568 5062 ⁴
579 5030 667 5080 Eeecb
677 5067 684 5092 ‚
696 5045 749 5094 erp.
762 5044 856 5095 xxxin,
868 5045 892 5080 r.
906 5035 978 5083 ll.-
1031 5034 1077 5082 tste
1086 5033 1111 5081 ln
1119 5031 1354 5082 introductionem
1368 5027 1608 5092 Tbeolopr’amettam
1621 5031 1802 5091 legitumoxtut

204 5101 213 5131 ⁸
227 5101 388 5172 tturnmp.
402 5122 471 5171 mu,
484 5124 510 5161 v.
522 5111 719 5172 at.-·ttaut1.,
730 5124 852 5174 eaput,
862 5124 885 5162 r.
898 5115 975 5164 to·
1030 5113 1314 5175 tpstusopertstasertus.
1323 5110 1526 5172 viueruprrprp
1535 5112 1801 5173 intratumlemtrlr.
