4559 6100
449 466 520 540 566
761 465 891 538 PETRI
916 467 1154 540 Amiso!
1175 466 1432 540 THEOLOGIA
1456 464 1729 538 mulsum.

447 634 519 692 tate
543 629 673 716 potest,
699 611 2045 716 quamnaturaliteracsnbstantialiterexseipao,nonnosuomodoper

447 753 547 811 aetus
568 736 692 828 habet,
715 762 759 810 ex
774 738 851 837 ipsa
871 762 938 811 sua
952 753 989 811 et
1003 737 1176 811 ineffabili
1195 736 1373 828 bonitate,
1399 736 1494 811 adeo
1513 761 1670 836 semper,
1692 749 1734 806 ut
1754 733 1918 805 humano
1942 757 2046 804 more

447 860 588 956 loquar,
614 881 826 950 ascensum,
845 873 887 930 ut
906 884 986 957 quae
1006 859 1083 931 vult
1098 860 1302 933 necessario
1319 857 1426 951 velit,
1445 873 1483 930 et
1496 881 1578 954 qnae
1594 856 1677 928 facit
1692 854 1894 926 necessario
1913 852 2042 943 faeiat,

447 1001 523 1049 non
539 978 638 1049 enirn
653 1002 776 1051 earere
797 1002 862 1050 sna
879 993 999 1077 potest
1013 977 1112 1051 bona
1126 979 1311 1053 voluntate
1331 1002 1442 1077 quarn
1457 975 1588 1067 habet,
1610 1000 1695 1047 cum
1709 974 1756 1046 sit
1775 974 1811 1046 ei
1825 972 1997 1045 naurnlis
2008 988 2046 1045 et

446 1111 639 1189 coeterna,
668 1121 744 1169 non
768 1096 983 1190 adventitia,
1002 1098 1093 1171 sicut
1116 1113 1240 1172 nostra
1256 1114 1311 1173 est
1327 1096 1453 1188 nobis,
1476 1112 1514 1170 et
1533 1120 1645 1168 omne
1660 1092 1764 1193 qnod
1784 1096 1824 1165 in
1846 1107 1975 1165 natura
1990 1107 2045 1164 est

446 1216 656 1311 divinitatis,
667 1218 869 1291 necessario
879 1219 913 1291 ei
922 1232 1029 1316 atque
1039 1218 1210 1292 omnibus
1226 1217 1345 1292 modis
1359 1216 1609 1290 inevitabiliter
1624 1216 1733 1306 inest,
1751 1228 1879 1313 utpote
1889 1212 2041 1310 justini,

448 1340 582 1436 pietas,
602 1338 865 1425 misericordia,
892 1354 930 1411 et
952 1364 1188 1438 quaecumque
1207 1363 1292 1436 erga
1316 1353 1496 1411 creaturas
1517 1337 1617 1409 bona
1630 1335 1811 1409 voluntas.
1827 1335 1901 1423 Qui
1922 1335 2045 1430 itaque

448 1459 650 1532 necessario
668 1473 808 1532 tantum
824 1459 946 1533 bonus
962 1476 1035 1549 est,
1053 1476 1231 1560 quantum
1247 1460 1367 1532 honus
1382 1474 1449 1549 est,
1467 1483 1536 1532 nee
1549 1459 1666 1530 minui
1677 1470 1798 1557 potest
1809 1457 1849 1527 in
1865 1454 2042 1541 bonitate,

447 1603 592 1651 necesse
609 1595 663 1653 est
681 1595 721 1651 ut
740 1594 811 1653 tam
829 1580 922 1653 bene
937 1581 1023 1653 velit
1044 1580 1090 1654 de
1105 1580 1267 1677 singulis,
1286 1603 1397 1678 quarn
1410 1578 1506 1653 bene
1522 1578 1619 1671 vult3
1641 1591 1769 1650 ettam
1792 1575 1888 1648 hme
1903 1572 2045 1672 singuiis

447 1713 586 1793 tractet,
606 1714 782 1797 quantum
795 1714 928 1798 potest.
940 1699 1123 1799 Alioquin,
1136 1700 1240 1798 juxta
1254 1699 1364 1773 etiam
1372 1698 1573 1790 Platonem,
1592 1696 1743 1770 aemulns
1759 1710 1865 1784 esset,
1876 1719 1946 1768 nee
1961 1719 2043 1793 per·

449 1817 538 1890 fecte
563 1818 753 1917 benignus.
778 1820 888 1909 Quod
913 1822 943 1893 si
958 1844 1039 1893 earn
1061 1846 1173 1920 quam
1192 1819 1303 1894 habet
1317 1820 1542 1894 voluntatem
1567 1818 1722 1893 faciendi
1740 1816 1890 1914 aliquid,
1912 1839 2045 1887 neees—

450 1940 544 2009 sario
561 1938 689 2031 habet,
706 1965 774 2012 nec
793 1939 853 2014 illa
868 1966 1043 2040 umquam
1062 1941 1222 2015 efficacia
1236 1942 1350 2041 possit
1362 1964 1502 2032 eurem
1520 1964 1666 2013 neeesse
1682 1953 1736 2011 est
1750 1952 1792 2009 ut
1806 1951 1845 2009 et
1858 1961 1903 2009 ea
1919 1960 2045 2008 nones·

451 2063 545 2133 sario
570 2063 675 2137 faeiat
699 2088 780 2159 quae
803 2066 881 2163 ejus
895 2067 1118 2139 voluntatem
1138 2066 1340 2139 necessario
1357 2066 1590 2138 comitantur.
1615 2061 1798 2159 Quicquid
1809 2061 1931 2159 itaque
1946 2059 2042 2147 facit,

448 2182 540 2253 sicut
565 2185 766 2256 necessario
781 2185 878 2276 vult,
897 2187 948 2259 ita
969 2200 1006 2258 et
1025 2187 1225 2260 necessario
1247 2186 1343 2259 facit.
1366 2190 1480 2259 Tanta
1495 2184 1630 2283 quippe
1653 2197 1708 2255 est
1725 2182 1804 2279 ejus
1824 2181 1986 2269 bonitas,
2005 2194 2043 2251 1¹¹

448 2323 533 2372 eum
547 2307 748 2377 necessario
762 2304 810 2378 ad
826 2304 925 2377 bona
938 2330 1018 2403 quae
1032 2321 1151 2404 potest
1167 2305 1330 2379 facienda
1344 2304 1549 2403 compellat,
1557 2327 1625 2377 nec
1643 2302 1796 2374 omnino
1807 2301 1922 2400 possit
1936 2300 2045 2372 absti-

448 2444 534 2494 nere
547 2425 637 2521 quin
652 2423 751 2498 bona
767 2449 848 2522 qua
863 2439 983 2524 potest
997 2425 1140 2515 efficiat,
1158 2442 1196 2500 et
1210 2451 1287 2525 quo
1305 2426 1434 2499 melius
1451 2439 1569 2525 potest
1585 2424 1644 2496 vei
1659 2424 1764 2496 eitius
1789 2436 1921 2521 potest.
1941 2419 2044 2492 Unde

448 2554 483 2612 et
494 2542 534 2613 in
546 2541 691 2616 laudem
703 2545 782 2641 ejus
792 2544 924 2617 dicitur
936 2544 983 2617 de
995 2545 1052 2617 his
1063 2569 1211 2644 quoque
1224 2571 1304 2644 qua
1316 2545 1380 2619 diu
1392 2545 1540 2635 distulit,
1555 2545 1641 2643 quia
1657 2568 1733 2617 non
1746 2540 1916 2615 tardabit.
1930 2545 2044 2613 Nemo

447 2660 546 2730 enim
564 2661 706 2736 tardare
722 2663 758 2734 in
778 2663 901 2760 aliquo
916 2662 1091 2737 dieendus
1105 2680 1180 2759 est,
1198 2665 1299 2763 quod
1312 2666 1397 2738 ideo
1409 2664 1527 2738 differt
1542 2678 1582 2736 ut
1596 2663 1869 2737 convenientius
1885 2660 1968 2752 fiat,
1982 2660 2044 2732 sed

447 2778 477 2850 is
493 2793 634 2853 tanturn
654 2781 797 2856 tardare
813 2782 989 2856 dioendus
1004 2798 1071 2874 est,
1091 2786 1155 2881 qui
1172 2784 1263 2859 dum
1278 2784 1393 2858 facere
1408 2783 1516 2860 debet
1529 2809 1605 2859 non
1623 2784 1726 2876 faeie
1747 2807 1834 2856 nam
1850 2798 1887 2855 et
1902 2781 2045 2854 differre

447 2898 538 2972 sient
558 2900 697 2976 auferre
719 2901 859 2976 bonum
877 2904 976 3003 quod
1003 2905 1131 3005 possis,
1158 2926 1234 2978 non
1256 2920 1310 2979 est
1330 2905 1501 2979 bonitatis
1517 2905 1693 3006 perfectae,
1711 2904 1784 2977 hoe
1804 2917 1870 2992 est,
1890 2916 1931 2974 nt
1946 2901 2044 2997 quod

446 3020 523 3116 jam
539 3020 746 3098 faciendum
761 3048 839 3099 esse
854 3048 1014 3120 censeas,
1037 3028 1074 3098 in
1096 3025 1258 3099 futurum
1272 3025 1428 3121 differas,
1444 3026 1616 3125 cumjam
1630 3048 1732 3125 aeque
1745 3025 1860 3123 possis
1876 3037 1917 3097 ut
1933 3025 1971 3096 in
1987 3022 2044 3095 fn·

448 3154 544 3214 turo.
565 3146 771 3218 Neoessario
792 3146 913 3244 itaque
933 3149 1031 3220 Deus
1054 3146 1235 3220 mundum
1249 3171 1328 3221 esse
1342 3146 1516 3221 voluitne
1532 3147 1633 3240 feeit,
1657 3170 1725 3219 nec
1749 3146 1888 3218 otiosus
1903 3145 2041 3234 extitit,

448 3262 511 3359 qui
535 3286 633 3354 eum,
658 3266 869 3365 priusquam
892 3265 989 3357 fecit,
1013 3266 1129 3342 faeere
1144 3292 1221 3340 non
1245 3268 1376 3367 potuit,
1399 3269 1484 3365 quia
1504 3268 1716 3366 priusquam
1740 3265 1837 3358 fecit,
1862 3263 1940 3336 fien'
1962 3288 2045 3336 eum

449 3405 525 3455 non
542 3385 717 3482 oportuit.
740 3387 775 3458 Si
798 3387 895 3460 enirn
910 3388 1008 3486 prius
1024 3387 1176 3481 fecisset,
1201 3389 1325 3485 utique
1343 3402 1380 3460 et
1397 3388 1498 3487 prius
1516 3410 1600 3460 eum
1616 3385 1695 3459 fieri
1713 3385 1946 3484 oportuisset,
1961 3385 2046 3481 quin

448 3501 565 3577 faeere
588 3505 783 3604 quicquam
803 3507 872 3580 nisi
894 3522 1145 3607 opportunum
1165 3532 1240 3581 non
1258 3523 1389 3608 potest,
1409 3510 1522 3581 immo
1537 3508 1607 3582 nisi
1622 3508 1823 3607 optimum,
1849 3505 1957 3579 idest
1971 3519 2045 3578 tam

449 3619 589 3696 bonurn
606 3640 939 3724 quantumcumque
952 3629 1136 3720 convenit,
1155 3624 1258 3726 quod
1270 3652 1338 3700 suo
1353 3628 1426 3702 alto
1443 3643 1643 3703 reservatur
1658 3625 1821 3701 consilio.
