4559 6100
694 643 989 721 lN'l'RODUC'l'lO
1013 644 1075 718 AD
1098 644 1403 718 THEOLOGlAM.
1777 649 1841 721 ttt

250 790 413 884 fortuitu,
425 791 501 863 sive
512 790 769 889 praemeditate,
781 792 868 891 quia
881 790 931 882 id,
945 791 1081 892 optime
1095 796 1174 865 Deo
1185 791 1400 892 disponente
1413 807 1448 864 et
1463 792 1676 892 providente
1692 818 1758 867 cur
1769 795 1846 869 fieri

248 923 427 1008 oporteat,
446 912 599 1009 agimus,
618 937 661 984 ex
675 910 788 985 libero
805 912 895 1009 ejus,
913 912 943 984 si
962 936 1038 984 non
1056 936 1099 984 ex
1112 927 1250 1005 nostro,
1267 909 1431 1011 procedit
1441 911 1590 984 arbitrio
1605 938 1613 981 ε
1633 926 1669 983 et
1682 917 1846 1010 quamvis

246 1053 289 1102 ea
315 1053 402 1103 casu
428 1029 602 1122 facimus,
622 1029 711 1103 nihil
729 1045 868 1117 tamen,
894 1045 1070 1128 quantum
1093 1029 1140 1103 ad
1161 1032 1299 1131 ipsum,
1317 1054 1401 1103 casu
1421 1029 1478 1124 fit,
1499 1030 1601 1127 cujus
1619 1031 1847 1129 providentia

246 1162 376 1222 cuncta
391 1147 573 1249 praecedit,
587 1165 621 1223 et
636 1175 678 1224 ex
696 1151 772 1250 ejus
786 1150 1021 1251 dispositione
1035 1150 1214 1249 quidquid
1230 1151 1368 1248 agimus
1381 1150 1569 1247 contingit.
1586 1150 1689 1223 Unde
1705 1167 1741 1224 et
1758 1180 1847 1252 prae·

247 1264 339 1340 latus
351 1272 489 1341 Doctor
507 1271 750 1361 Qumrttonum
768 1262 935 1341 LXXXlll
949 1294 1030 1368 cap.
1049 1295 1145 1364 mr,
1166 1271 1215 1342 ita
1231 1270 1435 1343 meminit¹:
1451 1267 1671 1367 «Quidquid
1689 1295 1773 1344 casu
1790 1271 1842 1364 fit,

247 1401 380 1461 temere
396 1387 450 1462 lit.
469 1389 506 1460 Si
522 1412 608 1486 ergo
626 1414 709 1463 casu
728 1389 848 1489 aliqua
865 1389 956 1462 liunt
970 1391 1007 1462 in
1026 1389 1184 1477 mundo,
1202 1415 1277 1462 non
1294 1388 1521 1489 providentia
1535 1389 1723 1463 universus
1738 1415 1847 1466 mun·

247 1504 315 1579 dus
327 1506 609 1582 administratur.
628 1540 645 1576 »
665 1513 791 1582 ltem’:
807 1538 824 1578 a
842 1509 934 1584 illud
944 1509 1085 1583 bonum
1096 1511 1198 1607 cujus
1213 1510 1485 1610 participatione
1496 1508 1689 1584 suntbona
1701 1526 1842 1605 caetera,

246 1650 321 1699 non
338 1628 617 1727 propteraliud,
637 1628 700 1701 sed
716 1654 782 1727 per
799 1631 1029 1729 semetipsum
1044 1629 1187 1703 honum
1203 1644 1268 1703 est.
1285 1628 1394 1718 Quod
1413 1628 1573 1702 divinam
1592 1629 1699 1703 etiam
1717 1634 1845 1730 provi-

247 1744 406 1819 dentiam
420 1771 605 1820 vocamus.
628 1747 722 1820 Nihil
740 1748 848 1845 igitur
863 1773 948 1822 casu
966 1748 1006 1821 fit
1024 1750 1061 1821 in
1078 1748 1231 1822 munde.
1249 1779 1267 1817 n
1291 1753 1340 1820 Ac
1357 1749 1387 1821 si
1403 1762 1526 1849 aperte
1549 1747 1670 1821 dicat:
1691 1748 1785 1821 Nihil
1804 1750 1844 1825 fit

247 1865 347 1961 quod
363 1889 438 1937 non
456 1891 500 1939 ex
513 1866 631 1965 aliqua
646 1866 874 1966 providentia
890 1868 1014 1941 saltem
1031 1867 1155 1942 divina
1166 1868 1373 1969 proveniat,
1393 1892 1460 1940 nec
1474 1882 1593 1942 tamen
1609 1867 1693 1942 ideo
1703 1871 1845 1967 penitus

246 2007 310 2056 eos
324 2009 443 2058 errare
460 1983 639 2077 ducimus,
658 1988 720 2084 qui
739 2012 824 2060 casu
842 1987 997 2087 plurima
1013 1986 1091 2060 lieri
1107 1987 1358 2087 profiteantur,
1387 2002 1563 2085 quantum
1587 1986 1633 2062 ad
1659 2003 1840 2083 nostram,

247 2118 287 2175 ut
304 2102 441 2177 dictum
455 2119 520 2198 est,
540 2106 844 2181 incertitudinem.
863 2109 941 2196 Qui.
951 2108 1071 2197 etiam,
1087 2108 1190 2204 juxta
1207 2107 1461 2207 Philosophus,
1478 2132 1563 2180 cum
1580 2132 1623 2181 ea
1638 2123 1773 2182 naturae
1788 2111 1843 2181 in·

244 2225 388 2321 cognita
401 2224 527 2298 dicunt
543 2251 622 2323 quae
638 2251 723 2300 casu
737 2228 955 2326 proveniunt
967 2281 976 2319 ,
988 2227 1061 2301 hoc
1076 2241 1129 2300 est
1143 2227 1279 2300 nullam
1297 2227 1349 2299 rei
1366 2242 1532 2300 naturam
1548 2227 1595 2299 ad
1611 2227 1684 2301 hoc
1714 2254 1847 2328 praeco

245 2343 495 2440 gnosceudum
508 2345 684 2439 sufficere,
697 2362 735 2419 ut
746 2346 830 2420 inde
842 2361 938 2421 certa
948 2361 1082 2445 queant
1093 2372 1187 2441 esse;
1202 2346 1407 2420 nullatenus
1420 2347 1480 2418 hic
1492 2345 1621 2419 divinae
1636 2347 1843 2444 majestatis,

244 2463 311 2536 sed
327 2479 570 2538 creaturarum
588 2481 727 2540 tantum
743 2481 907 2540 naturam
924 2466 1126 2540 attendunt.
1139 2467 1210 2555 Qui
1223 2467 1331 2539 etiam
1348 2490 1433 2538 cum
1446 2488 1489 2538 ea
1502 2491 1581 2563 quae
1592 2491 1658 2565 per
1673 2468 1845 2541 miracula

246 2582 358 2678 fiunt,
376 2585 608 2684 impossibilia
627 2585 765 2681 dicunt,
782 2586 839 2660 vel
853 2601 979 2660 contra
999 2601 1164 2659 naturam
1179 2585 1256 2659 lieri
1272 2584 1508 2685 profitentur,
1530 2599 1569 2658 ut
1591 2586 1765 2683 virginem
1781 2613 1844 2688 pa·

242 2727 341 2798 rere,
368 2704 424 2778 vel
445 2731 582 2778 caecum
610 2707 757 2780 ulterius
779 2707 919 2796 videre,
940 2706 1104 2808 profecto
1128 2705 1176 2785 ad
1196 2707 1368 2780 usitatum
1385 2720 1520 2778 naturae
1537 2730 1702 2798 cursum,
1725 2708 1783 2780 vel
1800 2707 1846 2780 ad

242 2824 493 2922 primordiales
523 2851 647 2899 rerum
675 2851 799 2900 causas
823 2827 1038 2928 respiciunt,
1068 2850 1144 2905 non
1170 2826 1217 2900 ad
1244 2824 1491 2899 excellentiam
1507 2825 1635 2898 divinae
1652 2827 1843 2923 potentiae,

242 2968 354 3041 quam
366 2945 528 3021 videlicet
546 2962 692 3021 constat
709 2972 752 3020 ex
769 2948 916 3048 propria
931 2963 1062 3021 natura
1077 2946 1256 3047 quidquid
1272 2945 1430 3021 decrevit
1444 2969 1571 3046 posse,
1592 2961 1626 3019 et
1644 2960 1771 3044 praeter
1786 2973 1845 3020 so·

241 3065 344 3139 litum
370 3068 464 3167 ipsas
488 3091 610 3142 rerum
633 3085 778 3143 naturas
804 3091 1024 3168 quocunque
1043 3068 1156 3143 modo
1182 3068 1336 3144 voluerit
1358 3081 1576 3168 permutare.
1596 3070 1684 3155 Quae
1703 3069 1733 3139 si
1748 3094 1845 3141 nunc

243 3210 391 3284 quoque
406 3185 595 3261 hominem
610 3213 652 3260 ex
669 3188 756 3261 limo
774 3203 875 3261 terrae
888 3188 1074 3282 formaret,
1094 3187 1152 3263 vel
1165 3180 1337 3261 feminam
1353 3186 1399 3261 de
1415 3202 1515 3260 costa
1530 3188 1598 3259 viri
1612 3187 1842 3286 produceret,

243 3306 335 3378 sicut
351 3306 527 3406 inprimis
543 3322 665 3381 actum
683 3322 735 3381 est
753 3307 964 3408 parentibus
984 3337 992 3381 :
1013 3333 1121 3381 nemo
1136 3309 1261 3406 utique
1274 3321 1365 3380 esset
1378 3307 1441 3404 qui
1454 3320 1582 3379 contra
1599 3320 1765 3380 naturam
1790 3306 1844 3377 vel

241 3439 369 3523 praeter
385 3439 550 3499 naturam
564 3425 602 3498 id
617 3425 693 3499 fieri
704 3451 779 3499 non
793 3441 968 3518 censeret,
986 3452 1045 3518 eo,
1058 3441 1099 3500 ut
1113 3425 1251 3500 dictum
1266 3441 1332 3519 est,
1349 3424 1449 3523 quod
1460 3423 1748 3523 primordialium
1759 3448 1844 3497 cau·
1906 3463 1909 3468 ·

240 3568 363 3617 sarum
380 3546 557 3620 institutio
574 3545 621 3619 ad
639 3545 712 3620 hoc
730 3546 880 3619 minime
895 3543 1060 3618 sullicere
1075 3558 1216 3645 posset,
1237 3544 1306 3616 nisi
1323 3548 1419 3617 Deus
1436 3558 1565 3643 praeter
1579 3541 1739 3634 solitum,
1758 3566 1845 3642 pro-

241 3664 318 3761 pria
334 3664 538 3761 voluntate,
562 3667 637 3738 vim
660 3664 856 3764 quamdam
872 3663 983 3738 rebus
1009 3665 1223 3764 impertiret,
1244 3678 1286 3736 ut
1309 3664 1381 3736 hoc
1407 3662 1493 3742 iude
1509 3661 1586 3735 fieri
1607 3677 1751 3761 posset,
1771 3687 1844 3761 qua

240 3782 407 3858 videlicet
422 3785 611 3860 voluntate
628 3800 722 3859 etex
738 3784 853 3862 nihilo
879 3799 1010 3858 cuncta
1034 3785 1153 3884 potuit
1172 3807 1305 3857 creare.
1332 3783 1391 3854 Ex'
1409 3806 1483 3879 quo
1504 3780 1684 3880 liquidum
1705 3796 1775 3872 cst,
1805 3796 1845 3854 ut

234 3902 315 3998 jam
331 3929 409 3977 non
425 3906 536 3979 semel
549 3907 792 3994 meminimus,
816 3905 1131 4006 philosophorum·
1142 3918 1329 3998 tractatus,
1358 3929 1424 4004 per
1442 3927 1536 4001 quos
1551 3904 1707 3976 maxime
1724 3928 1844 3976 rerum

239 4036 376 4097 naturae
394 4027 627 4124 vestigantur,
648 4026 698 4100 ita
714 4041 960 4102 creaturarum
983 4027 1136 4118 naturis,
1165 4040 1201 4099 et
1223 4049 1348 4098 earum
1373 4050 1441 4098 usu
1464 4022 1676 4123 quotidiano
1699 4038 1844 4096 conten·

237 4157 297 4215 tos
313 4168 404 4239 esse,
427 4161 468 4218 ut
496 4170 674 4219 summam
701 4146 798 4219 illam
827 4145 955 4222 dirinae
984 4146 1154 4245 potentiae
1180 4161 1364 4234 naturam,
1390 4169 1468 4243 quae
1498 4143 1844 4244 universislimperat

235 4264 396 4357 naturis,
428 4280 464 4338 et
486 4266 588 4364 cujus
611 4266 788 4341 voluntati
816 4265 1067 4366 obtemperare
1094 4266 1241 4367 proprie
1270 4279 1434 4338 naturam
1462 4262 1657 4336 dicendum
1687 4275 1756 4356 est,
1786 4263 1845 4335 vix

235 4396 301 4454 aut
336 4409 524 4483 nunquam
551 4386 727 4482 attingere
758 4384 934 4480 audeant,
961 4385 1025 4470 sed
1054 4410 1182 4459 omnes
1209 4410 1335 4459 eorum
1361 4383 1500 4481 regulas
1530 4380 1621 4454 infra
1654 4405 1752 4470 eam,
1783 4397 1844 4454 aut

235 4516 341 4575 extra
371 4527 452 4577 eam
484 4505 627 4604 penitus
655 4505 864 4578 consistere.
897 4503 1004 4578 Unde
1034 4529 1120 4578 cum
1149 4503 1285 4602 aliquid
1319 4501 1486 4602 possibile
1511 4500 1568 4576 rel
1602 4498 1840 4599 impossihile,

236 4619 279 4694 id
302 4636 358 4694 est
374 4637 511 4697 naturae
532 4625 734 4698 consentire
752 4623 810 4697 vel
830 4649 1030 4725 repugnare
1046 4624 1189 4716 dicunt,
1207 4626 1308 4721 juxta
1328 4622 1441 4696 solam
1466 4635 1710 4694 creaturarum
1733 4618 1843 4691 sacul-

237 4757 370 4836 tatem,
390 4768 467 4816 non
491 4742 621 4816 divinae
645 4745 812 4842 potentiae
829 4746 1017 4836 uirtutem,
1043 4743 1115 4816 hoc
1140 4744 1350 4815 metiuntur.
1385 4747 1435 4813 Er
1458 4764 1531 4838 quo
1558 4754 1708 4838 apparet
1732 4761 1841 4835 quam

237 4886 368 4935 verum
401 4864 446 4936 sit
473 4862 573 4962 quod
605 4887 713 4963 supra
741 4864 988 4954 meminimus,
1015 4863 1051 4935 in
1087 4861 1149 4936 illa
1172 4860 1338 4933 videlicet
1368 4859 1668 4961 philosophorum
1700 4856 1839 4954 regula,

236 4981 343 5077 cujus
372 4982 543 5082 possibile
574 4996 626 5055 est
662 4980 894 5077 antecedens,
925 4996 962 5055 et
987 5005 1232 5081 consequens,
1262 5004 1325 5054 eos
1352 4979 1396 5053 ad
1429 4993 1673 5053 creaturarum
1703 4989 1840 5048 tantum

271 5257 381 5318 ‘Quart
396 5272 466 5323 uu,
484 5258 560 5324 Opp,
576 5267 596 5309 t.
616 5256 657 5322 Vl,
669 5260 716 5311 col.
735 5261 760 5312 6.
772 5286 802 5298 -
813 5257 908 5317 ’roim
927 5256 989 5309 uia.
