4559 6100
471 453 543 525 ato
1070 448 1201 523 Purttt
1227 446 1463 524 mabsam

469 614 626 691 potestate
641 599 809 667 hominem
824 601 855 665 ei
871 600 995 665 amorre
1008 612 1170 690 ροωετιι,
1185 600 1287 691 magis
1298 599 1420 686 ῇισιίιὶι
1430 594 1653 665 ethrmibute
1668 598 1703 663 in
1718 620 1794 663 eum
1806 614 1962 665 uteremr.
1974 600 2069 666 Alio-

467 696 547 787 quin
567 696 686 765 iuforre
704 698 737 764 ei
755 698 906 783 injuriam
921 697 1102 779 rideretur,
1126 720 1201 763 omn
1220 702 1292 784 Jure
1312 698 1478 762 hominem
1494 696 1550 785 qui
1569 718 1603 761 se
1618 694 1666 761 illi
1684 696 1938 787 mancipaverat,
1960 700 2068 788 possi-

471 795 574 863 deret.
599 796 669 885 Ego
692 818 770 861 vero
787 819 807 861 e
827 813 941 861 cenna
956 794 1043 876 dico,
1061 812 1095 861 et
1111 796 1237 861 ratione
1250 794 1417 885 irrefragili
1433 794 1550 884 probo,
1568 792 1659 883 quod
1679 792 1826 859 diabolus
1845 795 1880 859 in
1900 795 2070 861 homiuem

470 893 595 959 nullum
606 895 658 978 jus
673 892 835 959 habuerit.
854 894 967 982 Neque
983 894 1070 958 enim
1080 894 1136 981 qui
1151 916 1227 959 eum
1243 891 1433 981 decipiendo
1449 916 1470 957 a
1483 892 1680 977 subjectione
1696 891 1820 956 domini
1834 893 1883 956 sui
1898 891 2067 973 alienavit,

470 989 609 1079 aliquam
632 1006 824 1079 potestatem
845 1014 941 1080 super
962 1013 1037 1055 eum
1059 990 1172 1056 debuit
1187 991 1347 1081 acciperc3
1369 991 1488 1079 potius,
1506 990 1533 1054 si
1548 1012 1647 1078 quam
1667 990 1754 1080 prius
1769 988 1926 1071 haberet,
1954 989 2069 1055 debuit

469 1088 628 1153 amittere.
646 1087 711 1171 Qui
726 1090 813 1152 enim
829 1110 980 1153 concessa
999 1087 1060 1152 sibi
1079 1088 1222 1154 abutitur
1242 1102 1420 1177 potestate,
1441 1089 1509 1173 ejus
1528 1085 1730 1177 privilegium
1753 1102 1895 1151 mereurr
1915 1085 2068 1176 pedere.

471 1181 560 1248 Sicut
582 1185 608 1249 si
625 1201 730 1249 essent
744 1201 807 1250 tres
823 1185 904 1251 servi
920 1184 1051 1269 alicujus
1067 1183 1203 1262 domini,
1221 1207 1360 1273 quorum
1375 1184 1432 1273 uni
1450 1185 1695 1274 prerogativam
1709 1207 1805 1274 super
1827 1182 1906 1249 alios
1927 1183 2069 1250 dedisset

473 1277 641 1359 dominus,
665 1297 698 1345 et
717 1281 771 1347 ille
787 1305 805 1346 a
821 1282 965 1347 dominio
988 1281 1114 1346 domini
1132 1297 1166 1347 et
1185 1282 1382 1368 subjectione
1400 1281 1587 1347 subtrahere
1609 1282 1777 1363 niteretur,
1802 1303 1869 1345 non
1895 1304 1989 1371 super
2007 1304 2067 1346 eos

470 1394 662 1467 potestatem
675 1378 814 1468 aliquam
830 1380 987 1469 acciperet
1002 1402 1020 1444 a
1037 1379 1183 1461 domino,
1202 1379 1260 1444 sed
1275 1396 1350 1445 ante
1365 1402 1548 1445 concessam
1559 1402 1601 1444 ex
1616 1381 1756 1468 nequitia
1767 1402 1824 1443 sua
1838 1378 1997 1467 perderet.
2007 1380 2068 1445 Fst

470 1490 504 1539 et
525 1475 587 1541 alia
607 1499 720 1558 causa,
745 1500 843 1567 quare
864 1479 916 1562 jus
936 1476 1061 1542 nullum
1076 1478 1110 1541 in
1126 1500 1170 1543 eo
1182 1477 1350 1559 babuerit,
1372 1477 1448 1567 quia
1468 1476 1521 1542 ille
1537 1499 1571 1543 se
1590 1477 1622 1542 ei
1637 1477 1838 1566 emancipare
1855 1498 1922 1540 non
1944 1478 2064 1567 potuit.

471 1570 676 1663 Quamquam
697 1575 784 1640 enim
803 1574 915 1663 aliquis
929 1597 1038 1640 servus
1053 1597 1072 1639 a
1087 1573 1220 1640 domino
1235 1597 1294 1639 suo
1312 1574 1429 1666 fugiat,
1446 1598 1514 1639 non
1529 1591 1638 1639 tamen
1656 1574 1747 1639 alteri
1761 1595 1795 1638 se
1807 1576 1879 1659 jure
1894 1597 1953 1664 pro
1972 1597 2066 1641 servo

471 1669 597 1736 tradere
619 1688 735 1762 potest.
760 1674 860 1762 Igitur
882 1695 955 1737 cum
975 1695 1081 1739 servus
1097 1672 1387 1763 emancipationem
1411 1672 1461 1737 sui
1480 1672 1584 1737 facere
1607 1695 1675 1736 non
1697 1671 1814 1761 possit,
1831 1671 1931 1736 bomo
1956 1689 2066 1738 autem

472 1769 760 1859 emancipationem
778 1770 871 1834 istam
886 1769 1008 1849 lecerit,
1026 1786 1152 1835 constat
1165 1771 1331 1836 hominem
1350 1771 1410 1835 sub
1425 1785 1582 1861 potestate
1600 1766 1722 1837 diaboli
1740 1790 1807 1833 non
1822 1768 1930 1849 fuisse,
1946 1792 2006 1834 nec
2022 1768 2066 1835 de

472 1866 540 1949 ejus
555 1867 705 1933 servitute
719 1866 922 1956 redemptum
937 1889 1017 1932 esse.
1033 1866 1131 1932 Venit
1147 1890 1225 1959 ergo
1241 1867 1340 1933 Filius
1353 1868 1431 1949 Dei,
1449 1891 1516 1932 non
1533 1883 1569 1932 ut
1583 1866 1750 1932 bominem
1765 1865 1806 1932 de
1819 1882 1978 1956 potestate
1995 1866 2066 1932 dia·

473 1959 540 2026 boli
563 1961 754 2046 redimeret,
773 1987 847 2029 cum
872 1988 933 2029 nec
955 1965 1022 2055 ipse
1045 1963 1193 2030 diabolus
1210 1965 1349 2054 pretium
1378 1964 1510 2055 aliquod
1541 1964 1618 2029 inde
1639 1964 1812 2053 reciperet,
1837 1964 1937 2029 immo
1959 1965 2067 2029 bomi-
2094 2042 2108 2057 .

473 2080 548 2123 nem
572 2084 736 2151 nunquam
758 2062 999 2128 reconciliatum
1011 2064 1082 2127 Deo
1105 2062 1221 2145 vellet,
1244 2061 1303 2128 sed
1325 2078 1362 2128 ut
1383 2086 1460 2128 eum
1481 2086 1502 2127 a
1523 2062 1672 2128 servitute
1695 2061 1834 2151 peccati,
1861 2060 2067 2126 ulscaoaem

471 2176 563 2220 suam
586 2159 617 2223 ei
637 2159 828 2241 infundens,
854 2160 1039 2241 redimeret,
1061 2184 1095 2225 se
1115 2160 1221 2250 ipsum
1234 2162 1374 2251 pretium
1396 2177 1429 2226 et
1444 2160 1583 2225 hostiam
1599 2181 1713 2249 puram
1733 2159 1816 2249 patri
1840 2157 2007 2224 offerendo
2031 2175 2066 2223 et

472 2252 639 2322 solvendo.
653 2256 725 2323 Hoc
741 2257 850 2322 multis
866 2256 1005 2346 denique
1019 2256 1124 2323 modis
1140 2257 1220 2341 aliis,
1238 2259 1295 2324 sed
1306 2258 1395 2324 nullo
1410 2275 1478 2323 tam
1492 2256 1697 2323 convenienti
1712 2256 1817 2321 faoere
1832 2257 1949 2347 potuit.
1965 2256 2067 2321 Possi-

472 2349 578 2416 bilitas
586 2368 696 2419 tamen
711 2356 771 2420 ista
788 2354 830 2420 ad
847 2355 926 2443 quid
941 2355 1108 2436 referatur,
1124 2356 1200 2421 satis
1215 2380 1372 2447 superque
1388 2356 1463 2421 satis
1479 2354 1727 2420 determinatum
1741 2376 1808 2419 esse
1825 2354 1973 2418 arbitror.
1983 2353 2065 2417 Cum

473 2463 580 2515 autem
597 2451 719 2543 aliquid
734 2453 819 2518 bene
834 2450 939 2518 facere
955 2453 1048 2517 nobis
1061 2452 1213 2533 sufficiat,
1231 2478 1298 2519 non
1314 2477 1388 2519 eum
1404 2454 1459 2542 qui
1473 2474 1597 2517 summe
1612 2450 1718 2516 bonus
1733 2466 1801 2533 est,
1818 2451 1878 2515 nisi
1892 2473 1933 2515 co
1950 2450 2063 2530 modo,

374 2560 377 2567 '
472 2567 538 2631 quo
560 2548 674 2614 melius
696 2565 803 2638 potest
822 2550 967 2633 evenire,
985 2548 1162 2638 quidquam
1182 2550 1287 2616 facere
1306 2551 1457 2616 convenit
1471 2548 1521 2615 rel
1545 2548 1648 2614 decet.
1666 2546 1731 2613 Sed
1755 2547 1844 2612 nullo
1866 2547 1991 2612 meliori
2010 2565 2066 2613 aut

473 2642 570 2707 etiam
589 2660 656 2709 tam
673 2647 763 2710 bono
779 2645 879 2711 modo
900 2647 1080 2736 redemptio
1095 2646 1155 2711 ista
1170 2648 1276 2737 potuit
1291 2646 1370 2729 fieri,
1388 2647 1527 2739 quamsi
1544 2644 1641 2711 Filius
1662 2646 1723 2710 Dei
1742 2646 1842 2710 homo
1863 2644 1965 2711 lieret.
1983 2647 2064 2711 Cum

471 2737 573 2804 homo
587 2764 724 2832 namque
740 2767 760 2808 a
774 2759 906 2833 peccato
923 2758 1004 2808 esset
1014 2742 1210 2825 liberandus,
1225 2744 1408 2834 oportebat,
1418 2761 1454 2809 ut
1468 2743 1573 2811 verbis
1588 2742 1772 2833 praedicatio
1785 2759 1818 2808 et
1830 2766 1966 2833 operum
1977 2744 2065 2809 exbi-

472 2830 554 2902 bitio
569 2837 671 2906 fieret.
691 2841 770 2905 Haec
786 2857 894 2905 autem
910 2857 976 2905 tam
987 2841 1216 2923 convenienter
1231 2842 1390 2931 nequiret,
1407 2842 1468 2907 nisi
1478 2842 1575 2907 Filius
1590 2842 1651 2906 Dei
1666 2843 1767 2907 homo
1782 2842 1883 2907 factus
1896 2841 2063 2907 homiuem

473 2930 652 3004 instrueret.
666 2938 717 3004 Sic
729 2940 814 3003 enirn
826 2954 859 3004 et
873 2939 973 3005 homo
985 2938 1098 3003 melior
1113 2936 1214 3022 fieret,
1227 2955 1260 3004 et
1269 2939 1416 3005 diabolus
1431 2940 1532 3031 magis
1543 2938 1679 3021 doleret,
1694 2942 1749 3031 qui
1765 2956 1885 3029 quanto
1899 2940 2063 3007 meliorem

472 3030 638 3101 hominem
653 3037 752 3117 videt,
772 3054 863 3102 tauto
879 3037 979 3128 magis
994 3035 1132 3116 inridet,
1150 3054 1183 3103 et
1198 3055 1318 3127 quanto
1333 3038 1435 3130 magis
1449 3037 1588 3120 inridet,
1605 3054 1696 3104 tanto
1713 3039 1812 3129 magis
1829 3037 1927 3105 debet
1942 3039 2058 3129 puniri.

472 3128 528 3195 Est
543 3150 577 3198 et
591 3134 652 3200 alia
667 3135 865 3202 rationabilis
879 3159 993 3218 causa,
1012 3135 1130 3200 scilicet
1145 3136 1319 3219 humilitas,
1337 3137 1423 3227 quia,
1440 3153 1477 3202 ut
1493 3138 1528 3202 in
1543 3135 1709 3202 Ezechiele
1722 3137 1871 3218 babetur,
1888 3159 1954 3204 vox
1968 3159 2061 3225 super

472 3225 708 3298 firmamentum
729 3257 846 3299 sonans
871 3232 937 3297 alas
953 3249 1098 3299 extensas
1117 3233 1193 3300 facit
1213 3234 1377 3301 inclinare.
1402 3235 1436 3299 Si
1458 3236 1546 3300 enim
1570 3250 1724 3323 martyres
1745 3233 1928 3323 exemplum
1952 3234 2063 3299 mortis

472 3326 587 3392 Christi
603 3353 670 3395 non
682 3330 879 3410 habuissent,
896 3346 1000 3395 morte
1016 3353 1073 3395 sua
1087 3347 1213 3397 tantum
1230 3356 1290 3422 pro
1305 3334 1375 3397 Deo
1391 3330 1495 3397 facere
1512 3346 1688 3422 putassent,
1706 3354 1770 3419 quo
1787 3329 1859 3420 plus
1875 3331 1986 3419 aliquis
2002 3354 2060 3422 pro

472 3422 542 3489 Deo
560 3425 663 3502 facere
679 3449 771 3517 posse
787 3426 968 3492 nullatenus
986 3428 1156 3495 aestimaret
1174 3451 1182 3494 t
1199 3429 1274 3495 ideo
1288 3446 1378 3494 tanta
1393 3427 1555 3493 humilitas
1569 3451 1636 3493 non
1655 3445 1747 3493 esset.
1766 3426 1830 3493 Sed
1844 3427 1956 3492 vident
1970 3428 2061 3492 Chri-

472 3536 567 3601 stum,
584 3525 640 3613 qui
654 3526 763 3590 omnia
779 3526 813 3589 in
824 3546 922 3588 manu
933 3547 989 3589 sua
1005 3523 1160 3605 habehat,
1177 3527 1325 3592 universa
1340 3524 1607 3608 contumeliarum
1622 3548 1740 3615 genera
1752 3548 1892 3615 passum,
1905 3526 1962 3615 qui
1973 3541 2064 3590 nocte

472 3635 594 3707 captus,
613 3620 656 3687 ad
668 3624 809 3702 Annam,
827 3620 869 3686 ad
884 3622 1050 3710 Caipham,
1066 3622 1107 3687 ad
1117 3621 1267 3706 Pilatum,
1282 3623 1324 3689 ad
1336 3623 1501 3688 Herodem
1513 3622 1639 3705 ductus,
1653 3623 1768 3688 faciem
1780 3623 1914 3703 velatus,
1929 3646 2066 3712 conspu-

472 3728 534 3794 tus,
551 3716 677 3805 ligatus,
696 3716 888 3808 flagellatus,
907 3717 1029 3798 illusus,
1046 3719 1145 3809 spinis
1160 3736 1342 3803 coronatus,
1361 3742 1502 3810 purpura
1519 3718 1661 3801 indutus,
1678 3735 1782 3785 morte
1798 3719 1978 3808 turpissima
1995 3736 2065 3783 tan-

473 3808 548 3877 dem
561 3811 793 3879 condemnatus
808 3831 841 3880 et
856 3838 930 3880 cum
946 3816 1063 3904 iniquis
1079 3833 1127 3881 est
1136 3833 1312 3907 reputatus,
1330 3832 1363 3881 et
1380 3840 1446 3882 non
1457 3816 1561 3882 solum
1574 3817 1609 3881 in
1625 3833 1740 3896 morte,
1758 3817 1978 3882 verumetiam
1993 3833 2067 3905 post

471 3926 609 3976 mortem
625 3932 699 3975 eum
715 3909 946 3992 custodierunt,
966 3928 1000 3976 et
1015 3913 1134 3979 famam
1147 3916 1215 3999 ejus
1229 3914 1342 3978 tamin
1358 3937 1404 3995 se,
1423 3936 1520 4001 quam
1534 3915 1569 3978 iu
1585 3913 1654 3978 aliis
1667 3913 1867 4004 assunguere
1881 3911 2063 4001 cupierunt.

472 4007 570 4089 Quod
587 4023 694 4073 autem
709 4007 813 4097 passio
829 4009 888 4073 ista
904 4010 1104 4098 praecaeteris
1120 4009 1280 4076 difficilior
1290 4011 1396 4093 fuerit,
1411 4011 1500 4076 idem
1512 4032 1570 4100 per
1584 4011 1779 4076 Hieremiam
1795 4024 1940 4092 testanrr,
1956 4007 2066 4076 diceus

471 4106 516 4172 sic
535 4128 543 4171 t
563 4106 592 4170 0
612 4129 670 4171 ros
685 4128 815 4185 omnes,
832 4107 886 4194 qui
903 4106 1041 4172 transitis
1057 4131 1116 4196 per
1132 4109 1231 4182 riam,
1249 4107 1420 4189 attendite,
1438 4108 1464 4172 si
1481 4124 1529 4173 est
1544 4107 1638 4173 dolor
1653 4111 1735 4174 sicut
1754 4109 1849 4174 dolor
1863 4129 1966 4172 meus.
1985 4109 2066 4173 Huic

471 4225 548 4294 ergo
564 4204 706 4295 passioni
719 4219 836 4272 cuncta
851 4220 1030 4293 martyrum
1043 4219 1204 4271 tormenta
1220 4221 1407 4293 comparata
1421 4205 1512 4293 quasi
1529 4204 1617 4270 nulla
1633 4229 1700 4271 ease
1716 4206 1922 4282 videbuntur,
1942 4220 1975 4269 et
1992 4206 2064 4271 ideo

471 4324 537 4367 non
553 4317 659 4392 potest
674 4300 787 4390 aliquis
803 4324 836 4367 se
852 4302 886 4368 in
901 4302 1048 4391 passione
1064 4301 1110 4367 illi
1127 4303 1335 4392 equiparare.
1353 4303 1396 4366 Et
1409 4304 1473 4368 hoc
1487 4318 1593 4368 totum
1609 4302 1729 4368 factm
1743 4319 1883 4383 constat,
1902 4318 1940 4367 ut
1955 4320 2063 4368 osten·

472 4397 562 4464 dact
577 4415 731 4489 quantam
748 4397 954 4465 dilectionem
974 4399 1009 4463 in
1026 4400 1158 4465 homine
1173 4400 1320 4480 baberet,
1336 4415 1420 4465 utet
1435 4401 1600 4466 hominem
1616 4402 1717 4491 magis
1736 4400 1778 4466 ad
1795 4402 1845 4465 sui
1862 4400 2065 4466 dilectiomm

471 4496 673 4566 aoeenderet.
697 4497 793 4564 Unde
812 4520 820 4563 ε
837 4498 877 4562 ln
891 4498 955 4562 hoc
975 4511 1170 4587 cognoscent
1195 4519 1325 4577 omues,
1350 4498 1426 4587 quia
1448 4498 1513 4563 mei
1535 4500 1609 4564 estis
1630 4498 1788 4588 discipuli,
1815 4499 1840 4562 si
1861 4497 2065 4563 dilectionem

468 4591 643 4662 habueritis
660 4592 866 4659 adinvicem.
884 4593 926 4658 Et
941 4594 1113 4682 Apostolus
1133 4615 1142 4658 z
1161 4594 1206 4656 Ut
1220 4594 1300 4682 quid
1315 4596 1474 4668 Christus,
1498 4618 1574 4661 cum
1590 4594 1696 4661 adbuc
1716 4594 1834 4660 infirmi
1855 4617 1994 4660 essemus
2014 4617 2065 4658 se·

469 4691 611 4762 cundum
632 4709 757 4783 tempus
767 4715 827 4782 pro
842 4690 949 4780 impiis
968 4705 1113 4755 mortuus
1129 4690 1198 4755 est?
1213 4692 1255 4755 Et
1267 4691 1345 4758 abbi
1364 4717 1373 4758 ι
1392 4693 1444 4758 Sic
1460 4694 1546 4758 Deus
1563 4689 1676 4758 dilexit
1690 4691 1868 4774 mundum,
1886 4708 1922 4756 ut
1949 4692 2063 4757 Filium

470 4812 563 4862 suum
583 4791 784 4881 unigenitum
801 4787 905 4853 daret.
924 4788 969 4851 Ut
989 4787 1076 4852 enim
1097 4788 1236 4854 Hilarius
1253 4788 1331 4854 dicit
1349 4813 1358 4857 z
1375 4790 1479 4881 Magis
1500 4789 1611 4855 dilexit
1630 4790 1796 4856 hominem
1818 4813 1915 4878 quam
1936 4805 2066 4854 caeteras

469 4902 638 4954 creaturas.
656 4885 752 4952 Unde
769 4899 802 4951 et
821 4900 953 4976 propter
968 4907 1044 4949 eum
1063 4885 1222 4950 mundum
1238 4886 1329 4967 fecit,
1346 4904 1379 4952 et
1394 4887 1515 4969 omnia,
1536 4909 1610 4976 quas
1626 4887 1749 4952 suntin
1765 4901 1881 4952 ornatu
1901 4885 2016 4950 mundi
2032 4900 2066 4950 et

469 5006 543 5054 eum
559 4985 649 5072 quasi
662 4983 829 5048 dominum
845 4997 877 5048 et
892 5004 1106 5072 possessorem
1121 4984 1156 5049 in
1171 4981 1281 5050 medio
1294 4982 1423 5068 locarit,
1438 4985 1531 5076 eique
1548 4983 1679 5075 angelos
1693 4985 1728 5049 in
1739 4984 1949 5050 ministerium
1966 4981 2066 5073 depu-

890 5735 2244 6073 ,ᾁᾷᾼ
