4559 6100
698 583 741 656 ΙΝ
766 582 1013 656 ertsrotttt
1039 585 1098 657 AD
1124 585 1350 659 Romanos.
1752 581 1820 656 ddi

228 769 376 856 propter
391 754 464 827 hoc
478 751 727 844 damnabitur,
747 753 848 852 quod
864 754 921 826 rel
945 753 1022 827 celo
1042 755 1130 854 legis
1153 755 1320 841 abstinet,
1341 777 1387 827 ne
1410 766 1535 826 contra
1561 755 1820 830 conscientiam

231 890 365 976 peccet.
393 879 555 947 «Potens
573 888 628 947 est
645 875 785 948 enim.»
807 877 855 947 tic
873 874 902 947 si
925 874 1084 949 diceret:
1104 876 1190 949 ldeo
1211 875 1358 975 quidem
1376 873 1502 947 melius
1525 899 1601 947 csse
1617 876 1749 974 opinor
1768 881 1825 954 vel

230 999 411 1072 caritative
435 1022 569 1084 assero,
598 1000 683 1097 quia
707 999 758 1070 nil
783 998 965 1073 adremon
982 999 1125 1074 videtur
1143 1001 1230 1100 quin
1255 998 1329 1071 hoc
1352 998 1573 1098 sperandum
1596 1023 1672 1070 non
1696 1000 1753 1072 sit.
1782 1005 1825 1074 Et

229 1118 301 1191 hoc
325 1134 408 1191 est:
439 1150 457 1188 a
479 1121 608 1193 Potens
632 1134 686 1192 est
708 1124 826 1213 Deus,
853 1135 922 1193 etc.
948 1151 966 1188 u
999 1120 1087 1193 Ideo
1112 1122 1210 1194 enim
1235 1124 1334 1193 Deus
1354 1143 1459 1218 posse
1487 1118 1631 1208 dicitur,
1657 1121 1757 1217 quod
1779 1146 1825 1195 ne

231 1236 276 1309 ab
316 1263 361 1312 eo
384 1238 480 1330 liat,
511 1237 609 1312 nulla
642 1239 808 1342 impediri
843 1240 981 1313 ratione
1012 1240 1168 1335 videtur,
1208 1238 1265 1313 vel
1302 1238 1516 1312 authoritate
1551 1238 1822 1316 contradicitur.

230 1359 310 1432 Tale
333 1374 386 1432 est
410 1386 516 1458 ergo,
548 1374 715 1462 «potens
741 1375 794 1434 cst
818 1366 935 1450 Deus,
954 1393 972 1430 r
1002 1387 1044 1434 ac
1067 1364 1096 1434 si
1118 1362 1259 1436 dicatur
1284 1390 1292 1433 z
1322 1359 1424 1433 Nulla
1449 1384 1496 1432 ne
1520 1358 1593 1432 hoc
1614 1360 1717 1434 iaciat
1739 1387 1827 1436 con·

231 1479 335 1552 traire
361 1482 453 1553 ratio
477 1482 630 1555 videtur.
658 1510 676 1550 a
696 1486 785 1554 Nam
808 1483 910 1556 alius.
937 1482 1082 1554 »Unde
1107 1483 1156 1555 ita
1181 1482 1242 1554 alii
1265 1481 1355 1554 alios
1372 1478 1535 1577 judicent
1555 1473 1613 1552 vel
1636 1481 1827 1580 reprelien-

231 1597 318 1672 dant
359 1600 542 1700 subjungit
580 1602 801 1702 Apostolus,
842 1629 885 1676 ex
926 1603 1082 1703 propriis
1130 1602 1262 1675 scilicet
1300 1599 1556 1693 conscientiis,
1605 1625 1688 1672 crim
1736 1603 1826 1680 alius

231 1718 364 1794 scilicet
400 1737 542 1796 censeat
574 1720 840 1826 observandum
882 1724 918 1795 in
957 1722 1174 1797 abstinentia
1217 1721 1527 1828 supradictorum,
1562 1720 1699 1793 «diem
1734 1724 1826 1795 inter

231 1836 344 1930 diem,
364 1871 382 1907 a
410 1841 517 1914 idest
548 1841 607 1915 dic
640 1842 759 1941 aliqua
793 1843 861 1917 alia
892 1842 951 1915 die
982 1844 1212 1941 interposita,
1244 1841 1336 1913 sicut
1366 1838 1478 1911 modo
1507 1853 1637 1937 quarta·
1664 1853 1701 1913 et
1729 1855 1826 1913 sexta
1937 1831 1940 1839 ’

231 1957 333 2047 seria,
358 1960 489 2058 quibus
508 1962 662 2035 maxime
687 1962 734 2035 ab
755 1960 924 2035 omnibus
949 1987 1096 2061 quoque
1120 1960 1323 2036 carnalibus
1346 1959 1515 2032 abstineri
1539 1960 1651 2053 solet,
1681 1974 1827 2059 propter

231 2074 472 2152 edomandam
505 2080 638 2154 scilicet
673 2107 833 2173 carnem,
867 2107 943 2155 non
977 2096 1127 2182 propter
1156 2080 1304 2181 aliquod
1329 2079 1416 2178 legis
1445 2077 1676 2170 mandatum
1704 2106 1724 2147 a
1737 2077 1827 2150 alius

232 2220 377 2270 omnem
404 2198 500 2272 diem
522 2230 539 2266 r
566 2199 699 2274 scilicet
728 2200 997 2276 observandum
1024 2225 1118 2293 esse,
1140 2200 1187 2274 ab
1210 2200 1267 2272 liis
1289 2197 1454 2274 videlicet
1474 2196 1642 2270 carnibus
1661 2222 1751 2295 quas
1771 2197 1826 2269 lex

230 2316 421 2391 interdicit.
1818 2327 1821 2332 ⁴

284 2439 591 2537 «Unusquisque,
611 2470 629 2507 a
662 2441 700 2513 in
727 2439 859 2513 talibus
882 2441 939 2514 bis
969 2443 1102 2516 scilicet
1126 2439 1367 2541 dijudicandis
1397 2439 1454 2512 rel
1486 2434 1749 2528 deliberandis,
1780 2435 1827 2506 de

231 2553 363 2652 quibus
385 2559 485 2632 nulla
512 2558 633 2632 adhuc
659 2559 832 2633 discussio
857 2561 916 2634 vel
938 2564 1077 2636 ratione
1098 2557 1156 2635 rel
1182 2560 1399 2634 authoritate
1419 2559 1510 2631 lacta
1534 2570 1601 2628 est.
1632 2584 1649 2623 a
1663 2552 1828 2626 abundet

231 2667 269 2737 in
287 2691 353 2740 suo
371 2693 524 2761 sensu,u
543 2669 579 2743 id
597 2685 650 2743 est
666 2695 768 2744 suam
793 2673 906 2771 magis
928 2675 1139 2774 opinionem
1163 2695 1272 2771 quant
1295 2671 1439 2743 alterius
1458 2679 1638 2766 sequatur.
1658 2664 1828 2737 Nondum

232 2788 326 2859 enirn
344 2786 391 2860 ab
407 2790 578 2888 Apostolo
592 2791 648 2863 vel
665 2788 742 2863 aliis
756 2791 966 2866 doctoribus
977 2792 1166 2868 manifesta
1183 2790 1274 2864 ratio
1287 2789 1416 2862 tradita
1433 2786 1602 2860 Romanis
1612 2784 1686 2857 istis
1700 2784 1826 2874 luerat,

231 2930 296 2978 cur
317 2922 468 3009 propter
490 2924 709 3010 praeceptum
730 2911 818 3008 legis
842 2913 919 2986 baec
946 2912 1161 2990 abstinentia
1185 2909 1360 2988 servanda
1382 2933 1457 2982 non
1484 2920 1591 2981 esset.
1614 2905 1718 2993 «Qui
1739 2905 1830 3004 sapit

230 3022 373 3100 diem.»
393 3033 442 3101 Ac
460 3031 490 3102 si
516 3030 670 3105 diceret:
691 3030 777 3105 ldeo
796 3032 951 3131 quisque
976 3045 1141 3106 nostrum
1167 3032 1204 3105 in
1232 3029 1362 3103 talibus
1387 3028 1507 3103 adhuc
1532 3050 1678 3126 prorsus
1693 3023 1830 3123 judicio

229 3143 465 3241 relinquatur,
486 3148 572 3244 quia
589 3147 691 3220 aliter
707 3161 834 3221 contra
851 3149 1110 3221 conscientiam
1126 3145 1267 3244 agendo
1284 3161 1462 3245 peccaret,
1490 3146 1581 3217 sicut
1595 3141 1830 3242 postmodum

228 3261 363 3334 scilieet
378 3263 521 3359 dicitur,
536 3267 622 3363 quia
639 3290 749 3339 omne
765 3265 867 3365 quod
881 3291 957 3339 non
974 3282 1027 3339 est
1043 3291 1087 3339 ex
1103 3265 1189 3356 lide,
1208 3279 1396 3365 peccatum
1414 3279 1482 3337 est.
1496 3269 1541 3334 Et
1556 3261 1631 3333 boc
1643 3274 1708 3353 est,
1726 3289 1744 3327 α
1758 3261 1828 3344 Qui

229 3383 321 3483 sapit
348 3383 493 3477 diem,›r
519 3385 593 3457 boc
615 3399 669 3457 est
692 3385 806 3458 credit
830 3386 988 3484 aliquam
1014 3385 1200 3459 observari
1224 3383 1375 3475 debere,
1403 3384 1449 3456 ad
1474 3383 1666 3456 honorem
1682 3375 1829 3447 Domini

230 3499 303 3570 boc
319 3501 414 3591 lacit,
441 3505 500 3576 cui
522 3505 656 3578 scilicet
672 3531 738 3605 per
761 3504 1015 3581 abstinentiam
1038 3506 1137 3579 hano
1152 3504 1376 3577 moderatam
1390 3503 1531 3597 placere
1555 3519 1594 3568 ⁸0
1607 3493 1732 3567 credit·
1754 3522 1774 3563 a
1786 3498 1829 3566 Et

231 3619 293 3716 qui
315 3618 523 3713 manducat,
538 3650 557 3689 u
576 3621 614 3693 id
631 3639 685 3694 est
701 3625 845 3692 anuiiis
858 3625 927 3692 sibt
949 3632 1110 3718 unquam
1134 3617 1389 3692 abstinendum
1407 3615 1542 3709 credit,
1564 3637 1649 3687 cum
1665 3611 1830 3691 videlicet

230 3738 366 3811 nullam
385 3739 621 3815 rebellionem
648 3741 765 3812 carnis
788 3765 869 3838 quae
890 3738 1074 3815 domanda
1099 3740 1145 3812 sit
1171 3738 1312 3827 sentiat,
1330 3737 1388 3809 vel
1410 3735 1655 3809 infirmitatem
1675 3734 1829 3832 patiatur

231 3883 312 3961 quae
326 3858 547 3934 altstinentiae
564 3861 748 3935 contraria
770 3860 826 3931 sit.
848 3858 1019 3931 Nondum
1035 3860 1132 3931 enim
1152 3860 1189 3930 in
1212 3873 1376 3958 tempore
1401 3855 1658 3956 Apostolorum
1672 3853 1829 3952 qnadra-

231 3978 371 4074 gcsimae
384 3978 440 4051 rel
453 3994 559 4053 sertae
570 3979 665 4051 seriae
677 3979 728 4053 sic
739 3979 938 4053 institutam
950 4004 1026 4052 esse
1037 3978 1289 4052 abstinentiam
1301 3976 1358 4050 vel
1372 3974 1622 4050 confirmatam
1634 3973 1825 4048 credlmua

234 4099 427 4171 «Domino
450 4099 666 4190 manducat,
691 4098 798 4172 idest
821 4099 867 4172 ad
890 4100 1071 4172 bonorem
1094 4100 1171 4197 ejns
1195 4098 1369 4188 similiter,
1397 4111 1546 4198 propter
1569 4095 1641 4168 hoc
1664 4093 1828 4175 videlicet

232 4218 332 4319 quod
358 4220 478 4291 statim
500 4219 699 4317 subjungit,
725 4222 812 4318 quia
834 4220 990 4317 «gratias
1012 4221 1045 4293 ei
1063 4221 1150 4316 agit,
1167 4249 1186 4287 »
1204 4216 1242 4292 id
1259 4234 1313 4292 cst
1334 4217 1479 4291 laudem
1501 4215 1620 4308 refert,
1647 4215 1693 4291 de
1717 4213 1826 4287 relec-

231 4339 331 4410 tione
351 4337 486 4412 scilieet
508 4337 555 4412 ab
573 4363 617 4411 eo
634 4339 701 4412 sibi
727 4341 892 4439 praestita.
913 4345 964 4413 Es
983 4364 1058 4439 quo
1075 4338 1378 4440 perpendendum
1395 4352 1461 4428 ert,
1491 4349 1635 4434 quanm
1652 4335 1696 4405 sit
1715 4331 1827 4431 culpae
1943 4436 1946 4443 Ι

231 4456 296 4529 has
319 4471 435 4554 grates
458 4472 542 4558 post
564 4457 684 4530 cibum
709 4460 868 4533 Domino
891 4485 966 4532 non
993 4462 1140 4534 referre.
1158 4460 1236 4530 «m
1259 4444 1322 4557 qui
1347 4481 1424 4530 non
1449 4452 1659 4544 manducat,
1674 4476 1694 4520 u
1710 4449 1746 4523 id
1775 4466 1828 4523 est

231 4577 374 4672 penitus
392 4577 545 4651 abstinet
562 4594 712 4678 propter
728 4580 843 4676 legem
857 4579 904 4653 ab
921 4580 978 4652 liis
996 4606 1076 4678 quac
1098 4582 1176 4680 ipsc
1196 4576 1386 4677 probibet,
1410 4573 1458 4647 ad
1478 4574 1659 4647 honorem
1679 4571 1826 4644 Domffi

231 4718 306 4767 non
329 4695 537 4789 manducat,
556 4697 594 4770 id
611 4713 663 4771 est
679 4698 845 4771 abstinet.
866 4704 946 4772 Non
968 4701 1065 4773 enim
1087 4700 1183 4772 hanc
1203 4696 1414 4770 obedientiae
1430 4694 1668 4767 reverentiam
1684 4693 1754 4790 legi
1770 4715 1826 4763 ex·

227 4812 345 4908 hibet,
368 4817 437 4888 nisi
464 4832 613 4916 propter
630 4821 748 4890 Deum
769 4819 831 4916 qui
848 4842 928 4891 eam
951 4818 1064 4909 dedit,
1082 4833 1118 4890 et
1138 4840 1224 4891 cum
1248 4813 1426 4888 abstineat
1444 4814 1591 4912 insuper
1612 4812 1660 4887 de
1678 4832 1826 4910 percep·

228 4933 330 5006 tione
353 4934 496 5007 alterius
513 4934 584 5007 cibi
604 4937 777 5026 concessi,
796 4951 867 5010 eta
885 4942 963 5010 Deo
981 4938 1148 5037 praestiti,
1174 4939 1303 5035 gratias
1316 4935 1401 5033 agit.
1422 4937 1564 5006 «Nemo
1577 4931 1686 5005 enim.
1703 4960 1720 4997 u
1739 4926 1825 5000 Ideo

226 5067 267 5125 et
287 5054 510 5130 manducans
526 5070 561 5131 et
581 5054 764 5130 abstinens
780 5057 828 5133 ad
850 5056 1032 5131 honorem
1046 5057 1113 5135 Dei
1131 5055 1205 5128 boc
1218 5058 1304 5156 agit,
1321 5054 1406 5153 quia
1422 5075 1564 5157 semper
1580 5066 1654 5123 tam
1671 5044 1825 5121 vivendo

225 5173 368 5245 scilicet
391 5198 501 5271 quarn
521 5175 711 5249 moriendo
735 5176 838 5250 electi
861 5179 1058 5250 Dominum
1082 5177 1266 5249 honorant
1290 5190 1398 5273 atque
1423 5168 1650 5270 glorificent:
1670 5162 1825 5249 vivendo
