4559 6100
925 28 1153 107 urrunnu.
1763 27 1837 102 sos
1943 124 1948 127 ⁷
2040 24 2042 29 '

239 201 332 270 posse
348 179 563 269 conspiceres,
580 180 676 245 aliam
688 177 731 245 ad
745 202 878 247 omnem
894 179 1093 247 voluntatem
1108 196 1200 245 tuam
1215 178 1367 245 idoneam
1382 176 1515 269 eligens,
1533 201 1552 243 a
1569 174 1703 242 domino
1719 176 1838 246 abbate

240 322 281 365 ex
303 300 444 390 generali
467 298 601 364 fratrum
625 323 781 366 consensu
806 299 970 390 accepisti,
993 300 1067 382 ubi,
1093 315 1130 363 ut
1150 315 1255 364 cetera
1280 312 1461 382 taceamus,
1486 296 1629 386 undique
1645 308 1837 388 congregata

239 418 453 484 barbarorum
475 416 697 503 multitudine,
722 420 890 485 veritatem
915 419 990 483 artis
1013 419 1130 509 pupu‘m
1154 442 1194 484 ex
1215 418 1411 509 ignorantia,
1428 418 1546 508 partim
1565 440 1606 482 ex
1630 415 1778 508 superbia
1802 418 1837 481 in

240 515 344 628 nugas
360 554 576 619 commutans,
594 562 662 606 non
685 536 833 604 docenda
856 537 972 604 docere
995 562 1060 602 non
1085 537 1221 620 desinis,
1239 561 1312 602 cum
1329 552 1363 602 et
1379 535 1526 601 docenda
1548 536 1664 602 docere
1685 559 1752 601 non
1776 534 1836 601 de-

239 662 367 746 bueras,
390 680 485 752 atque
500 662 635 729 collecto
651 663 796 728 falsitatis
810 684 909 752 pram
930 662 1027 728 doces
1041 662 1157 752 pretio,
1174 677 1280 727 scorto
1295 677 1353 726 tuo
1370 660 1404 724 in
1422 660 1521 750 stupri
1537 660 1695 748 premium
1712 684 1837 749 nequa·

239 805 338 872 quam
353 783 549 865 transmittis,
559 782 615 849 sed
631 784 697 874 ipse
714 783 874 873 deportas,
890 797 923 848 et
939 781 1040 871 quod,
1052 781 1130 846 dum
1146 797 1285 871 poteras,
1297 780 1332 844 in
1347 780 1491 870 pretiumx
1502 794 1678 869 expectatae
1691 780 1839 870 volupta-

240 901 280 965 tis
299 901 410 982 dabas,
427 900 527 966 modo
543 900 600 967 das
615 903 649 966 in
665 902 835 992 premium,
852 900 924 993 plus
938 903 1048 992 utique
1062 898 1299 967 remunerando
1315 915 1460 990 stuprum
1474 896 1672 990 praeteritum
1686 922 1835 993 peccans,

240 1043 336 1109 quam
359 1019 499 1086 emendo
524 1020 684 1104 flaturum,
712 1037 744 1085 et
769 1044 832 1110 qua
858 1022 944 1110 prins
969 1044 1044 1086 cum
1068 1020 1230 1111 voluptate
1256 1018 1451 1099 abutebaris,
1478 1017 1585 1082 adhuc
1609 1041 1649 1082 ex
1673 1018 1839 1087 voluntate

240 1138 396 1223 abuteris,
415 1139 472 1205 sed
487 1141 547 1205 Dei
562 1141 664 1229 gratia
684 1161 725 1204 ex
741 1142 926 1207 necessitate
942 1165 1009 1206 non
1026 1140 1191 1231 praevales.
1210 1139 1297 1204 Audi
1316 1162 1393 1229 ergo
1410 1138 1498 1202 beati
1515 1135 1683 1227 Augustini
1710 1155 1839 1207 senten·

239 1258 340 1323 tiam:
356 1288 370 1314 α
382 1257 521 1323 Voluisti
538 1257 671 1348 aliquid,
687 1258 743 1325 sed
759 1283 827 1325 non
842 1236 986 1351 potuisti,
1004 1262 1050 1326 sic
1065 1275 1200 1325 annotat
1214 1261 1312 1340 Deus,
1329 1258 1418 1347 qirasi
1433 1257 1545 1323 feceris
1561 1255 1649 1346 quod
1666 1256 1835 1323 voluisti.»

200 1434 204 1439 ,
239 1376 333 1442 Teste
357 1378 427 1442 Deo
447 1393 481 1443 et
503 1377 611 1443 electis
636 1378 755 1469 angelis
774 1379 903 1468 loquor,
923 1380 997 1469 quia
1022 1381 1261 1444 conmonachos
1285 1394 1358 1442 tuos
1372 1376 1577 1467 perhibentes
1598 1375 1725 1456 audivi,
1748 1379 1836 1467 quia,

240 1518 315 1561 cum
329 1520 401 1561 sero
418 1495 461 1561 ad
480 1497 710 1561 monasterium
725 1495 829 1581 redis,
848 1497 1061 1587 undecunque
1081 1514 1309 1589 congregatam
1324 1498 1492 1587 pecuniam
1511 1496 1553 1561 de
1575 1496 1679 1586 pretio
1696 1495 1840 1562 falsitatis
1888 1488 1890 1493 ⁵

240 1638 337 1704 mam
354 1614 467 1697 doces,
481 1615 604 1681 calcato
623 1615 749 1705 pudore
772 1615 815 1681 ad
839 1618 1040 1682 meretricem
1060 1617 1259 1684 transvolans
1283 1618 1444 1708 deportas,
1473 1631 1680 1706 stuprumque
1700 1632 1838 1704 prseter-

236 1734 319 1803 itum
339 1735 542 1825 impudenter
562 1757 760 1801 remuneras.
784 1736 868 1819 Quia
895 1737 1003 1827 igitur,
1026 1751 1173 1827 suscepto
1193 1737 1326 1819 habitu,
1350 1736 1492 1802 doctoris
1511 1733 1654 1800 officium
1668 1731 1838 1801 mendacia

239 1853 390 1921 docendo
424 1855 597 1945 usurpasti,
629 1856 738 1944 utique
763 1857 940 1921 monachus
963 1879 1031 1921 esse
1061 1857 1209 1938 cessasti,
1239 1856 1312 1946 quia
1339 1857 1454 1922 beatus
1480 1855 1696 1943 Hieronymus
1719 1877 1838 1920 mona-

239 1973 349 2059 chum,
367 1975 545 2039 monachus
561 1975 640 2065 ipse,
659 1973 819 2040 diffiniens
838 1998 846 2040 ε
868 2005 883 2032 α
902 1974 1091 2060 Monachus,
1105 1976 1221 2065 inquit,
1233 1999 1302 2042 non
1322 1974 1463 2042 doctoris
1477 1975 1535 2041 sed
1546 1974 1725 2064 plangentis
1740 1962 1840 2040 hab'et
1874 2032 1877 2038 .

239 2091 394 2179 officium,
405 2093 460 2182 qui
476 2093 596 2189 scilicet
608 2094 767 2160 mundum
782 2094 891 2185 lugeat
905 2110 936 2160 et
951 2096 1082 2160 Domini
1098 2096 1232 2186 pavidus
1242 2096 1406 2187 praestolet
1420 2095 1605 2161 adventum.
1620 2126 1635 2154 ι
1655 2092 1719 2160 Sed
1735 2117 1840 2184 neque

239 2211 389 2279 clericum
402 2229 435 2279 te
447 2236 514 2279 esse
524 2214 654 2279 habitus
669 2215 774 2280 clerici
787 2215 949 2280 convincit
964 2203 1114 2301 abjectio,
1129 2215 1187 2280 sed
1202 2216 1304 2282 multo
1313 2219 1418 2282 minus
1430 2216 1529 2283 laicus
1541 2238 1587 2301 es,
1605 2212 1694 2304 quod
1710 2237 1839 2280 coronae

239 2348 303 2398 tuae
313 2334 395 2400 satis
411 2335 530 2424 probat
547 2336 697 2401 ostensio.
713 2335 746 2400 Si
763 2334 860 2427 igitur
877 2358 981 2424 neque
997 2334 1140 2419 clericus,
1155 2359 1260 2425 neque
1275 2335 1386 2421 laicus,
1401 2358 1505 2426 neque
1520 2336 1697 2403 monachus
1709 2357 1755 2419 es,
1773 2357 1838 2424 quo

239 2454 371 2519 nomine
397 2469 429 2518 te
456 2471 623 2539 censeam,
656 2456 795 2544 reperire
826 2478 894 2522 non
921 2454 1027 2520 valeo.
1052 2455 1116 2520 Sed
1149 2454 1232 2522 forte
1264 2457 1395 2523 Petrum
1427 2474 1459 2521 te
1487 2452 1639 2546 appellari
1674 2477 1766 2544 posse
1798 2477 1840 2520 ex

239 2570 470 2637 consuetudine
502 2574 675 2638 mentieris.
702 2575 815 2638 Certus
836 2597 912 2668 *sum
935 2589 1043 2638 autem
1073 2574 1162 2662 quod
1189 2575 1356 2640 masculini
1380 2574 1504 2665 generis
1528 2597 1665 2658 nomen,
1691 2574 1717 2637 si
1740 2597 1758 2638 a
1780 2596 1838 2639 suo

240 2711 357 2779 genere
382 2689 548 2776 deciderit,
569 2715 638 2757 rem
657 2690 783 2757 solitam
807 2691 984 2784 significare
1001 2692 1174 2758 recusabit.
1199 2692 1311 2757 Solent
1333 2693 1420 2758 enim
1437 2692 1569 2757 nomina
1587 2693 1717 2782 propria
1736 2692 1838 2783 signi·
1858 2680 1861 2685 ⁶

240 2809 423 2875 ficationem
440 2812 603 2893 amittere,
621 2833 696 2876 cum
717 2833 829 2876 eorum
849 2811 1025 2902 significata
1041 2812 1244 2902 contigerita
1261 2833 1318 2876 sua
1334 2810 1530 2901 perfectione
1546 2809 1709 2876 recedere.
1726 2810 1839 2899 Neque

239 2929 327 2994 enim
348 2928 456 2994 ablato
477 2945 562 3011 tecto
586 2929 639 2995 vel
659 2929 780 3019 pariete
806 2929 933 3016 domus,
959 2930 1016 2995 sed
1032 2930 1220 3020 imperfecta
1248 2929 1363 2995 domus
1386 2929 1565 2996 vocabitur.
1590 2927 1722 2994 Sublata
1744 2929 1841 3018 igitur

239 3065 332 3139 parte
357 3072 429 3138 quae
451 3050 618 3115 hominem
634 3050 727 3125 facit,
743 3074 810 3115 non
826 3050 954 3132 Petrus,
971 3048 1028 3115 sed
1043 3050 1249 3141 imperfectus
1265 3048 1378 3115 Petrus
1393 3046 1601 3140 appellandus
1616 3071 1661 3114 es.
1679 3044 1732 3113 Ad
1744 3050 1839 3136 hujus
1852 3081 1855 3086 ⁴

238 3167 418 3258 imperfecti
440 3168 580 3234 hominis
600 3169 785 3260 ignominiae
801 3170 964 3236 cumulum
981 3194 1058 3236 vero
1079 3171 1234 3261 pertinet,
1255 3167 1344 3259 quod
1365 3170 1400 3233 in
1421 3167 1523 3258 sigillo
1544 3191 1611 3258 quo
1629 3167 1755 3235 foetidas
1769 3168 1839 3234 illas

239 3288 358 3392 litteras
375 3288 533 3381 sigillasti,
551 3291 723 3381 imaginem
741 3288 807 3358 duo
822 3293 928 3383 capita
942 3292 1133 3374 habentem,
1151 3314 1253 3356 unum
1264 3291 1337 3376 viri,
1356 3289 1493 3355 alterum
1507 3289 1662 3372 mulieris,
1679 3290 1747 3379 ipse
1767 3289 1838 3355 lor·
1924 3359 1937 3384 N

237 3409 344 3473 masti.
371 3408 468 3475 Unda
494 3410 563 3499 quis
588 3409 726 3492 dubitet,
753 3427 874 3500 quanto
896 3409 1005 3496 adhuc
1026 3411 1061 3475 in
1083 3433 1157 3476 eam
1179 3410 1292 3477 ardeat
1317 3432 1427 3477 amore
1450 3409 1505 3499 qui
1524 3407 1581 3473 tali
1603 3430 1677 3474 eam
1697 3409 1839 3500 capitum

239 3529 467 3614 conjunctione
486 3551 554 3594 non
574 3530 704 3595 erubuit
720 3529 902 3596 honorare?
920 3530 1018 3596 Plura
1035 3529 1167 3620 quidem
1182 3531 1216 3594 in
1233 3546 1322 3595 tuam
1337 3528 1566 3596 contumeliam
1581 3549 1657 3594 vera
1674 3550 1711 3593 ac
1730 3529 1838 3593 mani·

238 3648 319 3714 festa
335 3649 456 3715 dictare
471 3647 694 3732 decreveram
714 3647 772 3717 sed
787 3650 862 3741 quia
878 3665 991 3716 canna
1005 3650 1174 3717 hominem
1188 3649 1412 3741 imperfectum
1427 3672 1505 3741 ago,
1525 3671 1605 3740 opus
1620 3648 1710 3740 quod
1729 3669 1838 3740 ooepe·
1924 3699 1929 3706 .

237 3788 309 3831 ram
324 3767 547 3858 imperiecnnn
561 3769 724 3863 relinquo.
