4559 6100
1092 1003 1456 1114 unets'tltt

586 1350 1053 1591 entur
1140 1341 1964 1591 turturum

517 1852 989 1937 couuuttttltlottuu
1009 1854 1170 1938 sutult
1190 1855 1230 1936 S.
1249 1855 1399 1937 PAULI
1419 1853 1692 1937 uulstottu
1711 1853 1778 1932 tu
1799 1852 2031 1933 Bouttos

1209 2103 1292 2161 utum
1308 2104 1338 2157 t.

517 2407 588 2473 Hoc
609 2397 842 2475 commentario
863 2409 905 2476 de
927 2409 1062 2502 epistola
1082 2411 1124 2477 D.
1148 2408 1240 2476 Patdi
1262 2406 1305 2477 ad
1326 2410 1491 2475 Romanos
1511 2405 1637 2475 orditur
1656 2406 1753 2473 series
1771 2425 1926 2496 operum,
1944 2427 2015 2494 que
2037 2403 2072 2468 in

471 2504 648 2571 Senonensi
664 2505 801 2574 coneilio
820 2505 1036 2575 condemnata
1051 2523 1137 2575 sunt.
1157 2508 1197 2574 in
1213 2508 1316 2575 sancti
1331 2504 1465 2575 Gildasii
1480 2506 1675 2573 monasterio
1690 2504 1825 2594 scriptus
1847 2501 1979 2568 fortasse
1994 2500 2070 2584 fuit3

472 2598 529 2666 sed
551 2624 592 2667 eo
615 2617 741 2671 tantum
765 2619 911 2696 tempore
934 2627 1066 2697 prorsus
1085 2603 1192 2673 editus
1216 2621 1265 2672 est
1288 2606 1323 2671 in
1344 2604 1468 2687 lucem,
1485 2626 1551 2693 quo
1569 2599 1774 2683 Abaelardus,
1797 2615 1965 2692 postquam
1987 2597 2073 2690 apud

346 2692 351 2703 ’
472 2697 639 2764 Britannos
654 2701 754 2767 abbas
767 2700 824 2768 diu
839 2701 985 2785 siluisset,
997 2701 1184 2770 incautam
1199 2724 1355 2784 reversus,
1372 2717 1474 2769 totam
1484 2701 1648 2792 Europam
1661 2721 1768 2766 rursus
1783 2698 1905 2790 seriptis
1919 2696 2073 2787 dictisque

472 2795 686 2864 conturbavit.
709 2797 821 2867 Primo
839 2815 969 2890 aspectu
984 2798 1112 2866 ridetur
1136 2814 1249 2866 auctor
1267 2822 1393 2867 merum
1415 2814 1539 2867 textum
1558 2797 1695 2868 fideliter
1713 2797 1803 2889 sequi
1823 2818 1860 2862 ac
1880 2816 2024 2874 servare,
2040 2808 2074 2859 et

472 2888 645 2958 verborum
670 2893 934 2986 significationem
957 2910 1084 2963 tantum
1107 2896 1328 2988 interpretari3
1355 2920 1432 2965 mox
1452 2919 1530 2963 vero
1552 2895 1669 2963 ardore
1684 2894 1828 2987 quodam
1846 2910 1879 2961 et
1896 2892 2073 2961 temeritate

472 2986 592 3077 ingenii
610 2987 773 3081 obreptus,
791 2991 833 3059 ab
858 2994 918 3060 iste
940 2991 1076 3062 discedit
1094 2993 1270 3082 injucunda
1293 2994 1351 3063 sed
1370 2996 1510 3061 innocua
1529 2995 1672 3076 radone,
1693 3010 1730 3062 ut
1750 2995 1785 3060 in
1799 2992 1903 3060 varias
1923 2989 2074 3059 audacius

472 3084 608 3151 exsultet
627 3087 818 3177 questiones
840 3090 882 3156 de
901 3092 986 3180 lege
1007 3090 1169 3174 Nammli,
1191 3094 1234 3159 de
1256 3090 1410 3173 Forento,
1427 3091 1470 3161 de
1488 3091 1787 3171 Proedestinationo,
1806 3106 1884 3169 eto,
1900 3102 2072 3175 utcumque

472 3202 508 3246 ea
524 3182 683 3249 tractandi
705 3183 841 3252 offertur
861 3188 1001 3255 occasio.
1023 3187 1112 3253 inter
1125 3210 1240 3255 omnes
1256 3211 1334 3279 quas
1350 3187 1485 3279 exponit
1500 3188 1690 3279 opiniones,
1712 3186 1853 3254 maxime
1868 3183 1995 3251 videtin
2014 3206 2075 3248 no-

471 3276 569 3345 tanda
584 3281 654 3346 hec
672 3282 900 3350 incarnationis
922 3285 1143 3377 interpretatio
1162 3309 1171 3352 ι
1193 3285 1338 3354 Verbum
1354 3307 1484 3353 earnem
1505 3286 1680 3378 suscepisse
1700 3301 1734 3352 et
1752 3306 1881 3376 passum
1896 3304 1983 3365 esse,
2006 3304 2072 3347 non

471 3391 507 3440 ut
524 3377 691 3445 hominem
706 3402 725 3445 a
740 3395 874 3471 peceato
889 3396 924 3448 et
937 3384 1089 3450 servitute
1105 3381 1228 3450 diaboli
1245 3383 1438 3466 redimeret,
1455 3382 1513 3450 sed
1535 3399 1660 3449 tantum
1681 3397 1717 3449 nt
1731 3382 1836 3449 verbis
1857 3381 2026 3447 instrueret
2041 3393 2073 3446 et

470 3474 635 3566 exemplis,
652 3474 772 3568 talique
785 3475 906 3546 divine
921 3479 1032 3572 gratie
1047 3500 1179 3548 accensa
1195 3480 1372 3567 beneficio,
1392 3481 1439 3548 nil
1455 3482 1525 3569 jam
1539 3480 1677 3548 tolerare
1692 3494 1825 3572 propter
1838 3480 1943 3571 ipsum
1965 3491 2073 3542 nostra

469 3571 695 3640 reformidaret
706 3576 835 3643 caritas.
849 3576 913 3643 Ista
926 3592 1034 3645 autem
1047 3579 1160 3670 opinio
1171 3578 1242 3647 aD.
1254 3577 1420 3648 Bernardo
1431 3579 1585 3647 aoerrime
1597 3578 1769 3670 exagitata,
1779 3598 1880 3668 quum
1887 3574 2073 3641 camurae

470 3664 546 3734 fidei
556 3670 773 3739 sinceritatem
783 3690 1017 3765 corrumperet,
1030 3674 1092 3743 fuit
1106 3696 1183 3746 eum
1196 3677 1360 3744 nonnrdlis
1376 3676 1445 3743 aliis
1460 3677 1494 3743 in
1504 3676 1644 3745 eoncilio
1655 3674 1833 3744 senonensi
1843 3672 2071 3742 oondemnata.

515 3765 770 3836 Commentarius
787 3768 828 3838 de
845 3772 888 3838 D.
907 3770 1010 3840 Paulo
1031 3794 1050 3839 a
1074 3773 1192 3842 Franc.
1212 3774 1388 3843 Amboesio
1403 3771 1508 3843 editus
1526 3791 1575 3844 est
1589 3798 1609 3843 e
1625 3774 1737 3844 oodioe
1758 3772 1879 3840 Montis
1893 3769 1992 3839 saneti
2008 3767 2072 3834 tti-

471 3862 600 3947 ehaelis,
617 3868 708 3952 eujus
722 3888 764 3935 ne
774 3868 907 3960 vestigia
922 3868 1056 3960 quidem
1070 3871 1235 3963 potuimus
1247 3873 1398 3966 reperire.

504 4139 508 4145 -
527 4111 581 4164 th.
596 4112 729 4177 uputoun
739 4117 772 4168 ud
782 4114 951 4169 hmoenttnn
963 4116 1106 4172 Pontidetm
1119 4121 1152 4171 de
1165 4121 1290 4173 mutunus
1303 4120 1431 4174 Mutii.
