4559 6100
475 487 522 557 92
1076 482 1204 553 Plll'ltl
1231 481 1466 555 ABAEttunt

470 633 684 706 secularium
700 627 1140 729 litterarumdisciplinoe3
1161 655 1228 703 nec
1250 646 1421 730 tanquam
1443 629 1621 729 temerarii
1633 628 1773 725 judiees
1795 634 1963 727 arguatis,
1985 660 2067 708 cum

470 751 552 826 talia
567 751 657 824 fides
673 749 784 824 verba
795 747 997 849 protulerit,
1025 774 1183 846 quorum
1196 750 1426 848 intelligentia
1441 748 1565 822 vestris
1586 748 1771 844 incognita
1786 749 1833 822 sit
1855 748 2065 852 disciplinis.

468 877 615 945 Certum
630 873 766 970 quippe
779 883 853 961 est,
876 870 1049 968 quoniam
1064 892 1287 967 unaquaeque
1302 870 1450 942 scientia
1467 882 1575 966 atque
1591 867 1781 965 cujuslibet
1796 870 1883 943 artis
1899 884 2069 947 tractatus

424 976 427 983 ⁴
468 992 621 1091 propriis
652 990 763 1063 utitur
787 988 920 1081 verbis,
948 1003 985 1063 et
1014 1011 1241 1086 unaquaeque
1267 986 1433 1061 doctrina
1460 988 1615 1087 propriis
1642 987 1888 1062 locutionibus
1913 992 2063 1088 gaudet,

468 1126 505 1183 et
528 1136 620 1211 saepe
643 1110 804 1206 ejusdem
826 1111 911 1182 artis
937 1122 1147 1181 tractatores
1170 1106 1436 1180 verbavariare
1461 1105 1628 1196 delectat,
1649 1108 1734 1205 quia
1760 1133 1902 1207 semper
1926 1110 1964 1181 in
1990 1136 2070 1184 oms

469 1228 589 1327 nibus,
613 1246 702 1302 teste
727 1229 842 1301 Tullio
854 1232 876 1315 ¹,
907 1228 1074 1317 identitas
1096 1242 1213 1301 mater
1237 1242 1290 1299 est
1311 1227 1492 1319 satietatis,
1512 1226 1585 1299 hoc
1603 1240 1657 1300 est
1678 1226 1858 1300 fastidium
1874 1252 2062 1325 generans,

467 1364 575 1447 atque
592 1350 629 1420 in
646 1363 798 1421 ‚tantum
815 1348 925 1421 etiam
946 1347 1095 1439 variare,
1122 1361 1163 1419 ut
1183 1370 1275 1445 saepe
1297 1370 1425 1419 vocem
1445 1345 1611 1419 eamdem
1636 1346 1685 1419 de
1707 1370 1781 1418 una
1803 1346 2064 1443 significatione

467 1469 518 1539 sic
539 1467 585 1540 ad
602 1468 709 1540 aliam
726 1467 958 1559 transierant,
981 1480 1023 1539 ut
1040 1467 1070 1538 si
1093 1462 1192 1538 vocis
1212 1465 1433 1539 identitatem
1459 1466 1571 1564 magis
1593 1489 1704 1564 qtram
1725 1490 1897 1539 sensuum
1922 1465 2067 1541 diversi·

469 1601 577 1660 tatem
607 1612 813 1686 sequamur,
840 1589 937 1687 ipsos
961 1586 1031 1659 sibi
1055 1587 1258 1660 contrarios
1286 1587 1521 1686 reperiamus.
1554 1590 1700 1674 Quanto
1727 1588 1840 1683 magis
1857 1611 1943 1684 ergo
1971 1585 2065 1661 illius

416 1776 421 1785 ,
468 1706 657 1803 singularis
674 1723 710 1780 et
733 1708 867 1780 summi
888 1707 976 1779 boni
989 1705 1408 1804 tractatoressingularia
1423 1705 1534 1779 verba
1549 1704 1715 1804 quaedam
1729 1704 1864 1778 habere
1882 1708 2060 1805 oportuit,

467 1839 530 1897 aut
541 1825 588 1897 ad
600 1827 795 1924 quamdam
808 1826 869 1899 illa
882 1827 1096 1924 detorquere
1105 1824 1416 1922 significationem,
1431 1824 1562 1923 quibus
1572 1823 1610 1897 id
1624 1823 1914 1922 quodsingulare
1928 1839 1982 1897 est
1989 1827 2063 1898 sin·

467 1947 635 2040 gulariter
651 1947 852 2046 profertur,¹
875 1972 943 2020 nec
958 1944 1113 2046 publicis
1132 1960 1168 2018 et
1184 1945 1391 2041 vulgaribus
1406 1944 1651 2019 locutionibus
1661 1945 1750 2018 illud
1766 1944 1957 2036 ineffabile,
1972 1947 2062 2021 illud

466 2065 832 2164 incomprehensibile
849 2082 1047 2139 coercetur.
1071 2069 1125 2138 De
1137 2090 1212 2163 quo
1227 2064 1422 2162 siquidem’
1442 2064 1562 2163 aliqua
1576 2064 1809 2138 similitudine
1829 2065 1874 2139 de
1889 2069 2061 2139 creaturis

466 2182 513 2254 ad
526 2200 724 2258 creatorem
741 2185 920 2259 vocabula
930 2185 1188 2275 transierimus,
1205 2209 1284 2281 quae
1297 2182 1446 2281 quidem
1459 2183 1635 2256 vocabula
1652 2183 1818 2257 homines
1831 2185 2061 2259 instituerunt

465 2303 511 2374 ad
528 2320 708 2378 creaturas
722 2304 958 2403 designandas
975 2328 1064 2402 quas
1083 2303 1279 2399 intelligere
1298 2318 1512 2403 potuerunt,
1528 2328 1613 2376 cum
1630 2302 1795 2377 videlieet
1815 2328 1881 2403 per
1901 2305 1960 2378 illa
1976 2329 2060 2379 suos

463 2422 664 2496 intellectus
688 2426 913 2498 manifestare
942 2422 1085 2496 vellent.
1118 2426 1211 2527 Cum
1236 2424 1359 2521 itaque
1379 2422 1493 2495 bomo
1518 2446 1648 2496 vocem
1670 2424 1846 2497 invenerit
1873 2423 1920 2497 ad
1949 2428 2061 2498 mani·

465 2541 644 2616 festaudos
665 2545 865 2618 intellectus
881 2568 984 2637 suos,
1004 2547 1122 2616 Deum
1140 2555 1261 2615 autem
1282 2542 1430 2615 minime
1449 2542 1646 2640 intelligere
1666 2540 1838 2636 sufficiat,
1857 2557 1952 2615 recte
1969 2543 2061 2617 illud

464 2662 645 2735 ineffabile
665 2663 806 2737 bonum
827 2662 927 2736 effari
947 2662 1096 2735 nomine
1117 2685 1194 2734 non
1219 2676 1274 2734 est
1291 2685 1412 2735 ausus.
1431 2661 1537 2735 Unde
1557 2663 1594 2734 in
1612 2666 1689 2735 Deo
1711 2661 1851 2735 nullum
1873 2664 2058 2761 propriam

464 2780 709 2855 inventionem
738 2782 956 2857 vocabulum
983 2805 1124 2855 servare
1154 2780 1309 2873 videtur,
1335 2780 1399 2854 sed
1425 2784 1548 2855 omnia
1575 2806 1654 2879 quae
1682 2781 1729 2855 de
1762 2786 1841 2855 Deo
1873 2781 2056 2877 dicuntur,

464 2900 756 2976 translationibus
774 2916 810 2975 et
833 2900 1049 3002 parabolicis
1069 2900 1316 2999 aenigmatibus
1339 2900 1504 2975 involuta
1525 2917 1623 2997 sunt,
1645 2918 1682 2976 et
1704 2928 1770 3002 per
1790 2901 2059 2979 similitudinem

463 3024 694 3122 vestigantur,
713 3051 757 3098 ex
773 3039 873 3124 parte
886 3024 1005 3121 aliqua
1016 3022 1217 3116 indoctam,
1231 3036 1272 3095 ut
1284 3021 1418 3121 aliquid
1434 3021 1481 3095 de
1494 3022 1666 3097 ineffabili
1680 3026 1864 3123 majestate
1876 3024 2057 3100 credendo

461 3168 561 3215 nunc
575 3148 688 3243 magis
704 3169 817 3244 quam
838 3142 1071 3242 intelligendo
1089 3143 1331 3241 degustemus.
1351 3149 1395 3215 Et
1407 3144 1582 3241 quoniam
1603 3146 1721 3221 miuus
1738 3146 1916 3245 plenarias
1931 3146 2057 3219 simili·

462 3262 605 3337 tudines
620 3265 821 3338 invenimus
837 3263 885 3337 ad
900 3262 990 3336 illud
1011 3263 1111 3361 quod
1129 3264 1309 3359 singulare
1327 3277 1380 3335 est
1397 3263 1634 3355 inducendas,
1651 3265 1771 3338 minus
1791 3264 1838 3338 de
1854 3289 1902 3342 eo
1919 3264 2056 3340 satisfa-

350 3413 353 3422 ¹
462 3382 577 3456 lacere
598 3409 790 3484 possumus
813 3409 878 3484 per
901 3384 1165 3457 similitudines.
1186 3382 1295 3472 Quod
1318 3383 1508 3482 diligenter
1527 3384 1653 3457 beatus
1681 3383 1869 3458 attendens
1892 3386 2056 3485 Augusti·

461 3528 529 3576 nus
545 3505 582 3576 in
600 3504 695 3577 libro
713 3521 839 3576 contra
858 3504 1076 3577 Feli‘ctbuum
1096 3506 1290 3594 Arcanum,
1306 3503 1353 3575 de
1368 3503 1440 3576 hoc
1456 3505 1535 3603 ipso
1553 3519 1785 3603 quaerentem,
1804 3506 1854 3578 ita
1869 3505 2052 3604 scripsit⁸z

463 3651 480 3689 a
496 3623 707 3696 Felicianus.
724 3623 852 3695 Nescio
866 3647 940 3719 quo
952 3637 1060 3721 pacto
1072 3647 1146 3694 una
1156 3621 1315 3696 creditur
1328 3647 1404 3695 esse
1415 3622 1627 3717 substantia,
1640 3649 1725 3722 oum
1738 3648 1812 3696 non
1826 3624 1965 3697 dicator
1982 3647 2054 3712 una

460 3763 536 3813 esse
548 3767 715 3839 persona,
728 3743 850 3831 velim,
869 3766 1003 3839 quaeso,
1023 3741 1187 3840 exemplo
1202 3739 1289 3814 mihi
1303 3741 1460 3816 faciliore
1471 3743 1568 3818 dicta
1578 3744 1764 3818 dilucides.
1774 3744 2002 3839 Augustinus.
2012 3746 2053 3820 ln

459 3860 568 3933 rebus
584 3862 732 3959 quidem
748 3861 1170 3960 incomprehensibilibus
1186 3862 1349 3961 exempla
1372 3888 1449 3937 non
1471 3878 1668 3964 suppetunt
1688 3863 1898 3963 disputanti.
1915 3867 2051 3937 Tamen

457 3982 690 4080 inquantum
709 3965 783 4055 lieri
808 3996 940 4082 potest,
960 3982 1069 4054 etiam
1086 3982 1126 4053 in
1142 3980 1212 4055 hac
1230 3997 1332 4080 parte
1353 4008 1428 4056 non
1445 3983 1566 4058 deero.
1587 3989 1680 4058 Εοω
1692 3984 1805 4060 bomo
1821 3998 1924 4082 pater
1940 3982 2053 4058 habet

456 4099 646 4174 hominem
663 4100 792 4193 filium,
811 4117 865 4174 est
881 4126 1076 4175 commune
1095 4102 1254 4199 utrisque
1270 4103 1372 4199 quod
1389 4103 1501 4177 homo
1518 4120 1589 4195 est,
1606 4107 1670 4177 uui
1686 4120 1806 4178 tamen
1819 4103 1920 4202 quod
1937 4102 2049 4194 filius,

458 4222 557 4293 alteri
572 4219 768 4320 proprium
781 4221 921 4295 videtur
937 4223 1126 4321 essequod
1139 4237 1240 4322 pater
1254 4240 1350 4296 est.»
1366 4229 1475 4297 ltem‘
1490 4251 1499 4295 :
1520 4255 1538 4295 a
1549 4229 1691 4297 Patrem
1698 4226 1909 4322 ingenitum,
1923 4224 2051 4297 Filium

456 4341 615 4436 genitum
644 4340 742 4440 diqo,
771 4367 816 4415 eo
840 4357 978 4416 tantum
1001 4342 1136 4416 docem
1160 4345 1359 4443 ingenitum
1387 4348 1546 4439 Patrem,
1578 4344 1679 4443 qaod
1708 4370 1784 4417 non
1812 4346 1983 4443 processit
2006 4370 2050 4420 ex

456 4460 581 4554 attero,
603 4485 647 4534 eo
666 4461 988 4560 genitumFilium,
1008 4463 1235 4562 quodetiam
1255 4464 1374 4536 existit
1390 4487 1434 4536 ex
1450 4466 1655 4563 semetipso.
1676 4469 1798 4561 ltaque
1813 4466 1843 4538 si
1861 4465 2050 4563 proprium

456 4587 550 4657 Patri
566 4586 775 4683 quaeritantes
792 4582 935 4676 sufficit,
954 4585 1038 4681 qnia
1054 4584 1153 4657 solus
1168 4609 1244 4656 uon
1259 4584 1368 4657 babet
1381 4599 1535 4684 patrem,
1554 4586 1585 4656 si
1598 4583 1675 4656 Filii
1691 4585 1778 4659 satis
1794 4599 1859 4679 est,
1875 4584 2049 4683 quianon

454 4694 564 4777 habet
577 4705 760 4804 prolema
775 4701 889 4796 Quod
897 4719 1030 4802 tamen,
1048 4719 1088 4776 ut
1099 4727 1305 4802 possumus,
1320 4704 1585 4801 aggrediamur,
1602 4704 1756 4778 maxime
1777 4718 1815 4777 ot
1830 4702 2047 4804 pseudodia·

461 5015 732 5142 b¹1telarent.,lth.
753 5018 778 5079 1,
800 5014 1142 5078 rapam-mmmmm
1165 5017 1274 5077 siquid
1297 5014 1660 5080 te.-³0pp.‚t.vttt.·u
1681 5017 1746 5080 App.
1767 5015 1807 5066 ool
1841 5017 1912 5067 tr).-
1949 5013 2046 5076 wid,

447 5093 458 5140 t
476 5094 513 5143 at.
693 5119 697 5130 ‹
729 5113 732 5124 ·
761 5103 765 5108 ·
883 5103 887 5110 ·
1582 5110 1585 5114 ’
