4559 6100
617 593 911 670 mmouuuuo
937 597 998 669 tn
1022 593 1329 671 rneonocuu.
1402 568 1406 573 ’
1700 594 1764 665 rar

178 768 363 844 nunquam
379 744 540 844 potentia
563 744 738 843 cujusque
761 745 813 817 rei
838 746 1033 882 accipitur,
1055 746 1124 818 nisi
1147 746 1184 818 in
1208 745 1266 818 his
1290 770 1369 844 quae
1394 745 1442 819 ad
1458 741 1694 817 commodum
1715 739 1773 812 vel

177 864 408 986 dignitatem
397 865 509 967 ipsius
525 864 577 936 rei
593 878 767 1000 spectapt
785 868 899 937 Nemo
918 866 1016 938 enim
1038 865 1110 937 hoc
1124 865 1295 966 potentiae
1310 865 1467 937 hominis
1481 862 1651 997 deputat,
1671 859 1772 996 quod

176 981 229 1055 ille
246 960 408 1082 supe'rari
432 982 532 1056 facile
557 997 694 1082 potest,
713 984 786 1056 imo
808 984 1029 1083 impotentiae
1045 988 1081 1058 et
1098 984 1325 1059 debilitati
1295 1009 1390 1082 ejus,
1409 982 1509 1082 quod
1527 981 1674 1054 minime
1690 981 1772 1053 resi·

175 1117 261 1176 stete
276 1128 345 1176 suo
362 1116 481 1202 potest
505 1102 759 1197 incommodo,
779 1117 816 1175 et
833 1104 1011 1202 quidquid
1030 1103 1078 1178 ad
1103 1106 1231 1205 sitium
1255 1104 1414 1178 hominis
1438 1103 1569 1200 vergit,
1588 1098 1770 1197 mag‘uque

175 1244 364 1319 personam
379 1220 563 1321 improbat
577 1246 686 1320 quam
704 1160 951 1316 commendat,
962 1200 1183 1324 impotentiae
1196 1226 1317 1325 potius
1332 1228 1442 1322 quam
1453 1219 1622 1323 potentiae
1635 1218 1769 1292 adscri-

175 1337 329 1412 bendum
348 1350 413 1414 estss
434 1340 540 1427 Unde
556 1356 592 1415 et
617 1342 819 1416 Aristoteles
842 1344 880 1415 in
897 1342 1057 1416 secundo
1081 1344 1259 1443 qualitatis
1286 1347 1446 1440 genere¹,
1473 1340 1535 1414 ubi
1562 1339 1697 1412 scilicet
1723 1337 1769 1411 de

175 1460 330 1556 potentia
346 1461 499 1534 naturali
508 1476 543 1535 et
552 1462 765 1562 impotentia
780 1463 910 1561 agitur,
927 1464 1128 1537 sanativum
1143 1478 1179 1537 et
1195 1463 1327 1536 durum
1343 1462 1391 1535 ad
1404 1461 1603 1562 potentiam
1613 1458 1766 1550 reducit,

175 1592 205 1649 et
221 1580 470 1681 aegrotativum
484 1596 521 1654 et
535 1581 645 1655 molle
660 1580 708 1654 ad
725 1582 992 1681 impotentiam,
1008 1609 1091 1656 cum
1110 1590 1230 1657 tamen
1249 1583 1495 1682 aegrotativum
1510 1580 1686 1669 dieamus,
1706 1581 1769 1676 qui

175 1697 272 1773 facile
288 1715 460 1797 egrotare
484 1708 620 1800 potest,
638 1700 710 1773 hoc
734 1715 788 1773 est
810 1727 884 1775 non
904 1703 1005 1799 facile
1021 1703 1115 1777 valet
1130 1703 1217 1777 huic
1232 1703 1391 1804 passioni
1407 1702 1587 1793 resistere,
1605 1698 1641 1772 et
1657 1698 1766 1772 molle

174 1817 268 1912 quod
285 1819 411 1892 leviter
422 1822 535 1893 secari
551 1835 613 1893 aut
628 1820 793 1921 dissipari
808 1828 940 1921 potest.
960 1825 1167 1896 sanativum
1184 1848 1272 1898 vero
1288 1838 1323 1897 et
1341 1822 1474 1895 durum
1487 1846 1508 1893 e
1524 1820 1705 1894 contrario
1719 1818 1767 1892 ad

173 1939 367 2033 potentiam
379 1938 624 2032 reducit,cum
634 1956 755 2013 tamen
765 1942 965 2016 sanativum
974 1942 1237 2042 dicatur,quod
1249 1968 1325 2016 non
1334 1956 1452 2044 potest
1465 1941 1567 2015 tacite
1576 1938 1763 2024 infirmari,

174 2070 205 2128 et
220 2056 355 2131 durum
371 2060 473 2158 quod
489 2085 564 2132 non
581 2074 700 2159 potest
712 2061 837 2134 leviter
848 2064 973 2136 secari.
990 2065 1087 2137 Sicut
1101 2090 1188 2163 ergo
1205 2065 1241 2137 in
1257 2088 1365 2163 supra
1383 2062 1521 2162 positis,
1533 2059 1570 2133 id
1584 2075 1639 2133 est
1653 2084 1767 2157 aegro·

173 2177 277 2250 tativo
293 2193 330 2251 et
346 2178 460 2270 molli,
481 2179 541 2253 illa
558 2205 665 2279 posse
681 2205 761 2278 quae
782 2181 830 2254 ad
845 2183 1120 2256 incommodum
1137 2182 1194 2256 vel
1210 2182 1431 2257 debilitatem
1448 2183 1501 2255 rei
1517 2181 1683 2270 attinent,
1699 2181 1767 2252 im·

171 2301 336 2395 potentiae
353 2313 407 2373 est
424 2301 545 2399 potius
562 2325 671 2398 quam
686 2304 874 2401 potentin,
893 2304 942 2377 ita
957 2319 993 2377 et
1006 2303 1133 2377 eadem
1149 2329 1225 2377 non
1242 2329 1349 2404 posse
1364 2328 1385 2375 e
1400 2301 1582 2375 contrario
1599 2300 1766 2399 potentiae

170 2432 226 2488 est
238 2417 525 2501 adscribendum.
544 2421 709 2518 Alioquin
724 2447 744 2495 e
757 2445 934 2495 converso
951 2424 1200 2522 impotentiam
1215 2423 1416 2496 diceremus
1429 2420 1640 2519 potentiam,
1653 2434 1688 2490 et
1702 2444 1765 2516 po·

169 2537 317 2613 tentiam
328 2540 589 2639 impotentiam.
603 2544 717 2613 Nemo
732 2542 852 2640 itaque
860 2545 978 2616 Deum
991 2543 1227 2644 impotentem
1238 2544 1276 2615 in
1291 2540 1413 2641 aliquo
1426 2540 1545 2613 dicere
1556 2542 1762 2638 praesumat,

168 2658 287 2730 sinon
305 2661 419 2769 possit
442 2685 590 2760 peccare
605 2662 699 2734 sicut
714 2686 783 2735 nos
798 2686 1008 2760 possumus,
1029 2664 1115 2761 quia
1131 2688 1199 2736 nec
1215 2664 1253 2736 in
1272 2663 1379 2735 nobis
1396 2661 1480 2761 ipsis
1503 2659 1576 2731 hoc
1596 2658 1765 2758 potentias

165 2774 399 2878 tribuendum
417 2795 491 2871 est,
516 2777 580 2853 sed
605 2779 814 2854 infirmitati.
836 2780 940 2855 Unde
967 2797 1003 2855 et
1026 2784 1255 2881 Augustinus,
1281 2782 1373 2854 libro
1395 2780 1441 2853 de
1470 2780 1646 2851 Trinimte
1669 2781 1762 2849 XV:

165 2900 336 2994 «Magna,
353 2900 483 2998 inquit,
495 2901 571 2997 ejus
587 2902 745 3000 potentia
762 2918 815 2976 est
831 2927 907 2975 non
922 2928 1027 3002 posse
1038 2904 1195 2978 mentiri.
1211 2905 1302 2976 Sunt
1315 2917 1351 2975 et
1363 2899 1528 3001 quoedam
1541 2924 1621 2998 quae
1632 2899 1670 2971 in
1688 2899 1766 2971 aliis

161 3016 271 3096 rebus
294 3020 464 3119 potentiae
480 3020 689 3120 deputanda
709 3037 814 3114 sunt,
833 3023 870 3096 in
886 3024 964 3097 aliis
984 3022 1278 3124 reprehensibilia
1300 3037 1408 3116 sunt,
1427 3024 1512 3095 cum
1527 3019 1655 3094 eadem
1670 3044 1763 3118 saepe

157 3139 315 3211 aliarum
328 3164 449 3212 rernm
466 3139 675 3239 dignitatem
691 3143 960 3238 commendent,
978 3143 1130 3218 aliarum
1147 3169 1234 3218 vero
1249 3145 1415 3233 minime3
1434 3140 1544 3213 veluti
1560 3140 1590 3212 si
1606 3140 1687 3237 quis
1700 3137 1765 3211 ho·

154 3258 304 3330 minum
317 3285 442 3334 ursumw
451 3261 588 3334 viribus
603 3286 773 3361 superare
784 3265 910 3364 possit,
923 3263 996 3337 hoc
1009 3289 1147 3363 magnae
1159 3264 1319 3338 hominis
1331 3262 1500 3363 potentiae
1510 3257 1763 3332 ascribendum

153 3391 220 3449 est.
247 3380 356 3453 Unde
374 3381 450 3480 ipse
466 3381 592 3454 ceteris
607 3381 817 3458 hominibus
831 3384 1062 3484 praecelleret,
1079 3399 1115 3458 et
1129 3382 1454 3458 commendabilior
1476 3393 1585 3469 esset,
1602 3378 1707 3488 ⁵quod
1726 3380 1762 3450 iu

146 3499 264 3573 leone
283 3516 406 3575 tamen
423 3503 513 3575 etin
530 3501 718 3604 elephante
734 3529 800 3603 pro
815 3528 947 3600 magno
960 3504 1079 3578 nullus
1096 3504 1259 3579 haberet.
1278 3502 1367 3576 Inde
1383 3501 1481 3574 enim
1496 3499 1685 3571 hominem
1698 3522 1763 3597 po·

0 3595 3 3690 l
147 3633 296 3694 tentem
313 3623 584 3721 comparatione
599 3624 753 3696 aliomm
768 3623 962 3697 hominum
978 3624 1198 3717 diceremus,
1215 3623 1277 3698 sed
1296 3647 1370 3696 non
1386 3613 1437 3694 ita
1453 3620 1597 3694 leonem
1615 3618 1673 3690 vel
1687 3617 1763 3690 ‘elc-

141 3740 346 3837 phantem.
365 3743 423 3816 Sic
436 3757 472 3815 et
489 3742 525 3814 in
539 3742 690 3816 homine
706 3742 806 3841 quod
822 3741 1010 3819 ambulare
1026 3745 1121 3818 valet
1135 3745 1305 3845 potentiae
1321 3757 1375 3816 est
1388 3738 1658 3831 ascribendum,
1675 3763 1764 3837 quo·

135 3861 245 3935 niam
268 3862 356 3960 ejus
379 3862 633 3936 necessitudini
648 3865 831 3961 congruit,
850 3888 918 3937 nec
935 3865 973 3937 in
990 3865 1111 3963 aliquo
1135 3866 1213 3962 ejus
1235 3863 1366 3936 minuit
1382 3861 1606 3959 dignitatem.
1628 3863 1666 3930 ln
1684 3861 1763 3931 Deo

135 4005 229 4054 vero
253 3983 332 4081 qui
347 3983 425 4056 sola
441 3982 767 4086 voluntatelomnia
782 3983 958 4082 complet,
979 3983 1051 4057 hoc
1067 3984 1220 4056 omnino
1236 3982 1459 4084 superfluum
1478 3993 1586 4072 esset,
1603 3977 1706 4077 'quod
1724 3980 1761 4050 in

129 4103 250 4175 nobis
272 4104 526 4175 necessarium
543 4116 614 4194 est,
633 4116 741 4201 atque
764 4102 848 4176 ideo
874 4128 947 4175 non
972 4105 1161 4203 potentiae,
1186 4102 1248 4177 sed
1273 4104 1362 4176 vitio
1385 4102 1506 4203 potius
1529 4096 1760 4171 tribuendum

122 4239 227 4297 esset
257 4224 308 4295 in
331 4246 390 4312 eo,
409 4224 604 4323 praesertim
622 4229 706 4298 cum
715 4222 787 4295 hoc
804 4223 842 4295 in
860 4222 981 4296 multis
997 4222 1214 4297 excellentiae
1230 4223 1341 4321 ipsius
1351 4221 1559 4319 derogaret,
1576 4233 1616 4291 ut
1630 4215 1759 4290 ambu'·

120 4341 201 4416 lare
221 4342 419 4416 videlicet
446 4357 579 4441 posset.
597 4346 651 4417 Ex
666 4368 741 4441 quo
764 4344 871 4417 etiam
889 4344 1027 4416 moveri
1048 4342 1209 4416 localiter
1234 4357 1378 4442 posset,
1397 4356 1433 4416 et
1457 4338 1759 4437 compositionem

115 4465 279 4561 pedum
305 4460 520 4554 admittere,
539 4478 575 4535 et
593 4477 633 4535 ut
650 4461 794 4536 mobilis
810 4478 845 4535 et
869 4462 1088 4537 dissolubilis
1104 4477 1196 4536 esset
1219 4463 1296 4559 ejus
1321 4485 1496 4561 corporea
1518 4474 1554 4532 et
1566 4467 1758 4558 'compacta

108 4583 372 4659 substantia.
392 4568 470 4684 Non
488 4581 645 4655 absurde
657 4597 776 4656 tamen
794 4583 887 4656 etde
902 4582 959 4656 his
974 4582 1145 4656 omnibus
1161 4601 1241 4679 quae
1257 4579 1398 4654 efficere
1413 4603 1623 4680 possumus,
1642 4580 1758 4653 Deum

33 4685 36 4698 ¹
107 4720 346 4801 potentem
367 4701 622 4800 praedicamus3
641 4703 764 4776 omnia
792 4727 872 4799 quae
896 4703 1035 4801 agimus
1055 4703 1133 4800 ejus
1153 4702 1323 4801 potentiae
1348 4699 1563 4792 tribuimus,
1585 4698 1661 4771 «in
1683 4723 1756 4796 quo

101 4857 119 4892 α
137 4829 365 4909 vivimus,
377 4846 580 4916 movemur,
595 4837 630 4896 et
646 4828 800 4914 sumus¹,
816 4852 832 4893 u
845 4837 880 4896 et
892 4824 956 4922 qui
973 4828 993 4892 ἰ
1007 4823 1132 4896 omnia
1149 4836 1321 4921 operatur
1335 4822 1375 4892 ‘in
1394 4815 1595 4894 omnibus‘.
1607 4839 1625 4886 l
1642 4818 1757 4890 Utitur

95 4947 206 5020 enim
234 4941 384 5020 nobis
404 4942 452 5016 ad
467 4940 696 5016 efficiendum
719 4968 799 5041 quae
816 4941 908 5035 vult,
936 4944 1037 5041 quasi
1063 4942 1326 5034 instrumentis,
1345 4955 1381 5014 et
1408 4940 1447 5013 id
1471 4963 1617 5038 quoqne
1642 4936 1757 5010 lacere

117 5225 271 5287 wareo„
288 5232 371 5282 up.
385 5231 438 5281 rm,
451 5217 468 5284 S
480 5224 503 5271 t.
517 5245 546 5257 ··
558 5223 567 5253 ¹
577 5222 630 5273 Act.
645 5223 741 5286 apost..
764 5235 817 5284 cap.
840 5233 901 5285 rm,
921 5233 945 5271 r.
969 5224 1009 5275 28.
1024 5246 1048 5257 -
1066 5222 1076 5254 ⁸
1089 5221 1100 5272 l
1114 5218 1242 5282 Corinth,
1252 5231 1307 5281 cap.
1321 5230 1370 5279 xrr,
1385 5219 1443 5269 nt.

221 5335 261 5374 11
1597 5306 1634 5362 ld
1677 5359 1682 5364 .
