4559 6100
432 516 505 589 254
1037 502 1169 577 anmi
1195 501 1429 577 suffitiant

429 662 557 737 buistis
574 662 610 732 in
630 660 699 732 illis
714 681 823 757 supra
839 655 979 755 positis,
993 653 1222 727 immunditia
1234 652 1367 725 scilicet
1380 667 1415 724 et
1429 652 1629 750 iniquitate,
1644 681 1661 717 α
1675 652 1712 723 in
1726 650 1872 747 quibus,
1884 678 1902 715 u
1915 651 1954 724 id
1967 669 2032 747 est,

430 785 477 857 de
492 806 649 882 quorum
668 777 947 879 perpetratione,
962 804 980 842 n
993 799 1093 846 nunc
1110 773 1330 846 erubescitis.
1343 801 1361 841 n
1374 777 1417 844 Et
1435 772 1495 844 hic
1508 787 1561 844 est
1574 771 1654 845 finis
1668 771 1856 862 «illorum,
1872 800 1890 840 n
1903 773 2036 848 scilicet

431 903 478 977 ad
497 900 600 1000 quod
617 899 770 989 ducunt,
789 895 847 968 vel
866 896 1014 967 ellectus
1026 895 1126 994 prior
1142 895 1193 966 eis
1215 891 1358 965 debitus
1373 916 1473 964 mors
1489 905 1554 980 est,
1568 893 1696 964 animae
1716 890 1894 981 videlicet,
1912 892 1950 964 id
1965 909 2032 986 est,

429 1035 611 1123 perpetuae
629 1019 806 1090 cruciatus
822 1040 950 1115 poenae.
973 1018 1106 1085 «Nunc
1116 1036 1204 1085 vero
1220 1012 1362 1088 liberati
1379 1036 1400 1084 a
1417 1025 1578 1110 peccato,
1599 1038 1616 1079 n
1642 1010 1678 1082 id
1702 1025 1754 1121 est
1771 1035 1792 1084 a
1809 1013 1908 1107 gravi
1934 1012 2034 1085 malae

431 1138 702 1215 consuetudinis
714 1139 815 1235 jugo,
838 1133 1029 1208 «habetis»
1046 1136 1120 1231 jam
1132 1133 1193 1205 hic
1216 1162 1234 1202 u
1253 1133 1408 1205 fructum
1425 1146 1584 1203 vestrum
1601 1132 1638 1202 in
1660 1130 1993 1225 sanctificationem,
2013 1164 2031 1201 r

427 1261 466 1334 id
483 1275 550 1348 est,
566 1261 680 1360 ipsam
699 1255 947 1328 remissionem
960 1268 1209 1352 peccatorum,
1228 1276 1299 1351 qua
1317 1248 1528 1325 sanctificati
1548 1251 1643 1343 estis,
1664 1248 1804 1322 habetis
1828 1275 1895 1349 pro
1919 1277 2036 1326 remu·

428 1381 628 1454 neratione.
650 1376 809 1447 «Finem
825 1397 925 1460 vero,
950 1402 968 1440 n
992 1372 1030 1444 id
1047 1387 1101 1446 est
1118 1373 1274 1461 exitum,
1293 1370 1340 1444 ad
1366 1395 1475 1469 quem
1496 1369 1572 1441 haec
1593 1367 1826 1443 sanctificatio
1848 1370 2030 1468 perducit,

426 1498 567 1572 habetis
579 1498 656 1595 jam
673 1494 777 1567 vobis
790 1506 1044 1592 preparatum.
1060 1520 1079 1561 u
1094 1492 1213 1564 Vitam
1227 1505 1411 1564 aeternam.
1425 1520 1443 1557 n
1458 1489 1586 1562 Merito
1602 1488 1713 1563 finem
1730 1489 1817 1561 dicit
1833 1503 1907 1562 tam
1923 1492 2035 1566 vitam

428 1643 539 1717 quam
553 1630 708 1689 mortem
722 1615 849 1687 animae
864 1628 1049 1705 aeternam,
1073 1635 1154 1710 quoe
1168 1612 1242 1684 vita
1257 1612 1324 1685 ista
1341 1610 1505 1709 corporis
1518 1623 1556 1682 et
1572 1624 1691 1682 morte
1702 1609 1891 1708 temporali
1909 1609 2031 1705 linitis,

428 1751 594 1812 extremae
610 1747 895 1832 consequuntur.
916 1761 935 1799 e
959 1729 1144 1831 Stipendia
1165 1732 1276 1803 enim.
1293 1758 1312 1800 u
1331 1730 1477 1802 Adduo
1494 1729 1555 1802 illa
1576 1729 1784 1828 praemissa:
1807 1759 1826 1796 r
1844 1734 1933 1802 Nam
1953 1729 2035 1805 finis

430 1856 622 1946 illomm,»
640 1868 700 1927 et:
718 1887 736 1923 ι
750 1854 843 1925 llinc
856 1875 942 1924 vero
955 1849 1108 1945 liberati,
1126 1865 1212 1941 eto,
1231 1880 1249 1917 r
1269 1851 1337 1923 ista
1351 1849 1426 1922 duo
1442 1848 1636 1939 subnectit,
1656 1877 1674 1918 u
1690 1849 1869 1948 stipendia
1885 1850 1997 1942 enim,
2012 1881 2033 1919 ι

428 1989 477 2069 et,
499 2005 517 2046 a
538 1978 651 2074 gratia
665 1988 787 2047 autem
813 1972 893 2064 Dei,
913 1986 999 2064 etc,
1013 1997 1032 2039 n
1051 1968 1246 2043 osteudens
1267 1969 1434 2043 videlieet
1457 1968 1611 2068 qualiter
1637 1966 1685 2041 ad
1706 1968 1801 2041 duos
1824 1968 1906 2041 illos
1928 1968 2031 2063 fines,

430 2119 523 2195 quos
539 2095 714 2188 distinxit,
734 2106 889 2165 mortem
906 2090 1098 2164 scilicetne
1113 2091 1226 2164 vitam
1240 2091 1481 2190 perveniatur.
1502 2090 1556 2162 ad
1573 2103 1729 2161 mortem
1742 2087 1891 2186 quidem
1911 2114 1956 2162 ex
1976 2090 2036 2188 ju·

428 2215 536 2309 stitia,
554 2215 602 2288 ad
621 2215 733 2287 vitam
750 2226 870 2285 antem
888 2235 930 2284 ex
947 2210 1061 2308 gratia
1078 2234 1146 2309 per
1157 2215 1279 2283 lesum
1288 2210 1524 2284 antecellata.
1544 2214 1623 2282 Non
1639 2222 1726 2281 sunt
1737 2208 1835 2283 enim
1846 2210 2036 2308 condignae

427 2336 614 2434 passiones
629 2330 738 2429 hujus
752 2329 924 2431 temporis
940 2329 988 2403 ad
1008 2331 1165 2404 suturam
1183 2330 1349 2427 gloriam,
1368 2353 1448 2427 quae
1472 2327 1692 2402 revelabitur
1713 2328 1752 2401 in
1780 2327 1901 2402 nobis.
1931 2328 2037 2405 Unde

428 2452 523 2527 bene
538 2452 870 2527 remunerationem
885 2451 1023 2550 pcccati
1040 2450 1087 2522 de
1100 2464 1218 2524 morte
1236 2465 1343 2524 vocat
1358 2448 1593 2550 stipendium,
1621 2450 1951 2523 remunerationem
1967 2475 2037 2525 au·

428 2588 502 2647 tem
519 2571 734 2646 obedientiae
749 2571 817 2642 Dei
829 2569 877 2644 de
889 2571 963 2643 vita
985 2583 1116 2643 aeterna
1131 2594 1210 2642 non
1228 2570 1462 2669 stipendium,
1489 2569 1554 2642 sed
1580 2569 1732 2667 gloriam
1756 2569 1933 2642 nominet.
1961 2571 2037 2643 Sfi·

426 2692 604 2791 pendium
627 2690 763 2789 quippe
778 2713 801 2762 a
815 2689 907 2787 stipe
923 2690 1086 2780 nomine,
1105 2703 1143 2760 et
1159 2714 1288 2786 petuo,
1302 2714 1439 2786 pensas
1463 2688 1576 2761 verbo
1601 2687 1746 2762 dicimr.
1770 2689 1887 2787 Stipes
1912 2702 2035 2762 autem

427 2811 485 2884 vel
500 2812 588 2908 stips
604 2807 741 2881 dicitur
756 2829 895 2880 memes
911 2831 992 2906 que
1007 2805 1181 2879 militibus
1192 2806 1370 2900 redditur,
1389 2823 1542 2908 pensato
1560 2833 1687 2882 eorum
1701 2806 1838 2900 labore,
1852 2806 1926 2878 sire
1942 2831 2035 2879 con·

428 2930 582 3004 siderate
599 2926 836 3000 dominorum
852 2924 1020 2998 utilitate.
1038 2929 1181 3024 Haymo
1197 2951 1284 3000 vero
1303 2928 1354 3001 sic
1368 2930 1442 3000 ait:
1465 2958 1483 2995 r
1500 2928 1700 3029 Stipendia,
1719 2926 1758 2999 id
1772 2937 1846 3021 est,
1864 2949 2038 3000 remune-

427 3048 522 3123 ratio
537 3046 759 3148 stipendium
773 3043 906 3118 dicitur
917 3068 941 3117 a
956 3045 1049 3145 stipe
1064 3044 1273 3145 pendenda,
1298 3044 1336 3120 id
1353 3062 1420 3142 est,
1438 3046 1637 3122 substantia
1659 3044 1911 3148 ponderanda.
1937 3045 2038 3120 Anti·

429 3169 552 3267 quitus
574 3168 673 3240 enim
700 3167 822 3266 potins
837 3164 1110 3266 ponderabatur
1128 3166 1285 3266 pecnnia
1308 3191 1419 3266 quam
1440 3167 1711 3242 numerabatur.
1730 3196 1749 3234 r
1768 3167 1827 3239 Sic
1846 3167 2033 3241 contiuua.

429 3289 511 3363 nixi
526 3287 612 3387 quia
623 3286 706 3359 linis
721 3287 880 3377 illenim,
901 3284 1019 3379 idest,
1038 3284 1276 3359 immunditiae
1294 3300 1331 3360 et
1346 3286 1558 3385 iniquitatis,
1576 3313 1677 3361 mors
1694 3302 1761 3381 est,
1777 3300 1815 3360 ct
1831 3284 1927 3359 bene
1950 3285 2037 3384 quia

430 3406 549 3483 omnis
565 3408 705 3508 peccati
720 3404 899 3506 stipendia
910 3419 1009 3500 sunt,
1027 3404 1145 3494 idest,
1159 3407 1255 3503 justa
1272 3421 1307 3480 et
1323 3406 1445 3481 debita
1457 3409 1701 3482 remuneratio
1715 3430 1828 3499 mors,
1857 3405 1916 3479 his
1934 3404 2037 3480 vidc-

429 3530 513 3605 licet
532 3530 595 3627 qui
612 3530 649 3601 iu
666 3552 712 3600 eo
731 3541 981 3627 perseverant,
998 3525 1064 3599 sed
1086 3527 1161 3599 vita
1184 3541 1318 3601 oetema
1333 3528 1456 3628 potius
1471 3543 1525 3601 est
1539 3529 1651 3626 gratia
1666 3528 1733 3601 Dei
1754 3524 1910 3600 dicenda
1926 3547 2037 3623 quam

428 3649 604 3750 stipendia
622 3662 761 3738 nostra,
775 3646 890 3738 idest,
904 3648 1013 3744 gratis
1030 3647 1152 3747 potius
1167 3646 1274 3721 nobis
1289 3648 1431 3741 collata,
1451 3673 1561 3748 quam
1584 3649 1720 3722 meritis
1742 3648 1875 3720 nostris
1896 3643 2034 3720 debita.

429 3774 474 3842 Et
489 3769 562 3841 hoc
578 3781 631 3840 est
646 3791 712 3867 per
728 3766 912 3839 Christum
923 3771 1059 3860 lesum,
1078 3788 1146 3866 per
1160 3790 1270 3864 quem
1286 3771 1364 3840 Deo
1376 3768 1597 3843 reconciliati
1612 3793 1751 3842 sumus.

480 3916 501 3956 u
514 3892 568 3960 An
584 3886 769 3985 ignoratis.
786 3915 804 3953 u
821 3885 968 3960 Dixerat
982 3886 1147 3985 superius
1161 3888 1353 3985 Apostolus
1373 3894 1511 3962 :eNon
1528 3889 1626 3961 enim
1651 3887 1720 3962 sub
1743 3887 1821 3985 lege
1847 3885 1946 3979 estis,
1972 3884 2038 3959 sed

429 4005 497 4082 sub
517 4007 654 4104 gratia:
671 4033 690 4075 u
708 4020 745 4078 et
757 4028 881 4079 rmsus
896 4004 957 4080 hic
976 4005 1173 4078 novissime
1188 4004 1332 4103 adjecit,
1357 4036 1376 4079 r
1397 4030 1462 4110 per
1484 4013 1605 4082 lesum
1627 4006 1812 4081 Cbr'utum
1837 4005 2038 4078 Dominum

429 4142 638 4218 nostrum,u
660 4126 907 4226 potiusquam
931 4150 997 4225 per
1021 4125 1152 4222 legem,
1183 4150 1252 4199 nos
1275 4126 1371 4201 bunc
1396 4129 1548 4227 gratiam
1570 4128 1652 4202 vitae
1671 4140 1813 4200 atemae
1838 4137 2034 4198 assecutos.

431 4247 537 4320 Unde
558 4247 644 4344 quia
661 4246 791 4345 aliquis
806 4242 920 4344 possit
931 4269 1106 4343 quaerere,
1119 4259 1204 4344 post
1218 4244 1334 4344 legem
1350 4247 1473 4322 datam
1488 4247 1697 4347 quomodo¹
1713 4246 1844 4345 aliquis
1859 4268 1938 4318 sme
1959 4243 2037 4341 ejus

431 4365 744 4440 observationibus
759 4378 879 4465 potest
894 4364 1038 4456 salvari,
1057 4364 1262 4463 cuicunque
1272 4383 1477 4466 apponatur
1490 4369 1615 4466 gratia,
1632 4365 1863 4441 convenienti
1870 4362 2039 4437 similitu·

431 4485 517 4561 dine
531 4488 722 4586 Apostolus
736 4485 844 4560 talem
869 4484 1043 4584 prevenit
1056 4498 1094 4556 ct
1109 4484 1218 4559 solvit
1232 4487 1491 4585 quaestionem
1518 4486 1715 4561 ostendens
1739 4484 1907 4558 videlicet
1935 4479 2039 4581 qnod

432 4603 743 4706 quemadmodum
758 4605 903 4695 mulier,
914 4604 1035 4704 priore
1043 4603 1123 4677 viro
1135 4604 1321 4699 defuneto,
1334 4620 1452 4706 potest
1465 4606 1513 4680 ad
1529 4609 1641 4680 alitam
1655 4603 1922 4707 inculpabiliter
1935 4615 2038 4675 trau·

431 4726 515 4819 sire,
534 4728 582 4800 ita
596 4725 753 4826 populns
770 4724 949 4825 Deiprius
961 4725 1050 4822 jugo
1067 4724 1156 4822 legis
1169 4725 1331 4825 alligatus
1348 4728 1450 4825 quasi
1467 4726 1598 4801 mulier
1616 4727 1709 4822 viro,
1733 4725 1794 4800 cui
1817 4723 1927 4799 debet
1944 4721 2038 4796 obe·

430 4846 521 4938 dire,
537 4861 656 4948 potat
668 4847 744 4943 jam
758 4845 837 4943 lege
855 4843 1083 4920 &meam
1098 4843 1303 4921 libertatem
1320 4847 1503 4948 Evangelii
1524 4849 1603 4923 sine
1625 4847 1734 4949 calpa
1756 4869 1891 4921 ruente.
1915 4848 2038 4944 Usque

469 5121 674 5175 ¹!alobmboca.
691 5121 806 5184 oriundo
