4559 6100
918 517 1148 591 utttootts.
1759 520 1823 589 iol

241 664 375 738 scilicet
390 666 572 738 'Dominus
593 661 844 762 conspiciatur,
870 688 952 736 curn
973 664 1049 761 ipse
1072 665 1269 736 aDomino
1291 665 1522 762 conspicitur,
1546 665 1646 760 quasi
1662 689 1777 739 caectts
1793 670 1829 738 in
1934 695 1937 704 ·

241 782 317 854 sole
338 783 429 856 inter
445 782 604 854 videntes
621 783 803 872 assistens,
823 805 897 854 tion
920 782 968 854 ab
985 782 1035 854 eis
1057 784 1235 880 positione
1251 783 1340 873 loci,
1359 782 1422 855 sed
1437 782 1614 854 beneficio
1630 783 1718 855 lucis
1735 788 1832 857 dissi·

242 899 345 971 dens.
371 901 478 988 Quod
507 902 602 974 enim
629 903 702 997 agit
728 900 764 973 in
790 902 928 973 visione
954 901 1151 999 corporalis
1175 902 1259 972 solis
1283 902 1435 997 qualitas
1457 924 1671 996 corporum,
1700 903 1829 977 hocin

243 1018 379 1090 visione
405 1018 570 1117 spiritalis
598 1020 682 1092 solis
707 1021 857 1116 qualitas
878 1021 1107 1108 meritorum,
1136 1033 1171 1091 et
1192 1018 1502 1116 quemadmodum
1527 1018 1585 1089 hic
1610 1019 1707 1092 trulla
1732 1021 1831 1096 dille·

241 1139 358 1208 rentia
377 1138 537 1210 consistit
558 1137 729 1209 virtutum
753 1138 790 1209 in
815 1139 982 1235 qualitate
1005 1161 1201 1235 corporum
1220 1152 1283 1209 aut
1305 1138 1484 1228 locorum,
1510 1137 1560 1209 sic
1577 1161 1644 1209 nee
1666 1138 1715 1210 ibi
1734 1143 1832 1212 retri-

245 1255 452 1346 butionum;
472 1270 508 1327 et
524 1265 624 1328 tanto
643 1256 839 1328 mirabilior
859 1257 919 1329 illa
943 1257 1072 1328 divinae
1089 1255 1208 1349 gloriae
1225 1256 1312 1328 visio
1327 1280 1401 1353 qua
1417 1255 1512 1328 beati
1535 1255 1642 1343 frunt,
1664 1275 1829 1356 apparet,

243 1388 381 1469 quanto
403 1374 557 1473 amplius
585 1375 683 1448 nulla
708 1375 778 1447 loci
802 1376 971 1473 qualitate
991 1374 1048 1447 vel
1068 1373 1270 1446 diversitate
1292 1374 1429 1446 adhoc
1453 1373 1618 1471 impediri
1641 1375 1698 1447 vel
1714 1378 1829 1472 juvari

244 1504 374 1587 potest,
396 1518 480 1568 cum
505 1495 541 1568 in
565 1494 621 1564 his
639 1495 746 1566 etiarn
766 1495 828 1590 qui
849 1494 957 1568 etiam
977 1493 1058 1566 loco
1082 1491 1249 1587 disjuncti
1274 1516 1349 1564 non
1373 1507 1472 1579 sunt,
1496 1493 1546 1564 sic
1565 1508 1658 1589 agat,
1684 1509 1726 1565 ut
1745 1495 1832 1569 alios

244 1609 481 1684 illuminando
504 1610 699 1699 beatificet,
724 1611 813 1683 alios
838 1613 874 1683 in
903 1636 968 1684 sua
996 1612 1152 1684 caecitate
1180 1611 1327 1684 miseros
1350 1611 1586 1707 derelinquat,
1618 1612 1710 1684 sicut
1735 1628 1770 1686 et
1795 1617 1830 1687 in

245 1728 313 1801 hac
331 1730 402 1802 vita
419 1754 483 1828 per
499 1731 750 1828 impertionem
766 1732 884 1825 gratiae
900 1756 971 1802 suae
985 1756 1060 1802 non
1076 1731 1211 1804 desistit
1224 1753 1341 1824 agere.
1362 1731 1426 1816 Sic⁴
1438 1733 1572 1828 quippe
1586 1734 1683 1802 Deus
1700 1731 1832 1829 ubique

244 1852 527 1947 perpotentiam
548 1875 623 1922 esse
645 1849 789 1939 dicitur,
814 1867 853 1923 ut
870 1850 1106 1922 nihilominus
1124 1850 1256 1922 alicubi
1278 1851 1511 1948 pergratiam
1533 1849 1678 1939 adesse,
1701 1852 1831 1924 alieubi

242 1967 383 2039 dicatur
399 1968 534 2041 deesse.
557 1974 782 2066 Quocunque
799 1970 906 2063 igitur
926 1968 1039 2040 modo
1054 1967 1111 2040 vel
1129 1967 1254 2041 adesse
1271 1969 1327 2040 vel
1345 1968 1486 2054 abesse,
1512 1992 1574 2040 seu
1591 1968 1763 2042 advenire
1776 1973 1829 2042 vel

243 2085 423 2178 recedere,
444 2087 637 2160 divinitatis
652 2089 764 2183 gratia
782 2087 934 2178 dicatur,
952 2112 1028 2158 non
1037 2086 1075 2160 id
1088 2087 1249 2160 localiter
1264 2086 1320 2159 vel
1331 2086 1565 2183 corporaliter
1574 2086 1628 2178 fit,
1643 2087 1708 2160 scd
1721 2091 1832 2184 magis

244 2205 448 2302 spiritaliter
469 2206 526 2288 vel
548 2230 614 2304 per
636 2207 792 2303 aliquam
813 2230 885 2277 suae
910 2207 1129 2305 operationis
1150 2206 1343 2278 efficaciam
1367 2206 1553 2301 contingit.
1575 2208 1610 2277 Si
1631 2208 1726 2280 enim
1750 2208 1834 2279 ubi-

243 2347 314 2419 que
334 2323 495 2397 localiter
515 2339 626 2416 esset,
649 2347 723 2420 quo
744 2324 915 2396 advenire
931 2325 1090 2397 localiter
1107 2324 1164 2397 vel
1189 2325 1286 2397 unde
1309 2322 1475 2396 recedere
1491 2326 1635 2423 posset?
1654 2333 1833 2399 Nonnun-

243 2467 354 2538 quam
379 2442 425 2515 ad
451 2468 518 2515 nos
539 2443 759 2516 descendere
779 2442 923 2534 dicitur,
941 2444 999 2515 vel
1017 2469 1081 2542 per
1098 2442 1246 2540 aliquod
1262 2444 1380 2539 gratiae
1399 2468 1471 2515 snae
1485 2442 1702 2517 beneficium
1724 2446 1831 2520 nobis

242 2559 428 2652 collatum,
450 2562 506 2634 vel
527 2584 592 2659 per
613 2560 771 2657 aliquam
793 2587 835 2633 ex
858 2563 961 2658 signo
982 2562 1110 2634 visibili
1129 2562 1468 2652 manifestationem,
1491 2562 1565 2634 sive
1590 2587 1673 2634 cuna
1696 2553 1829 2662 aliquid

243 2679 426 2751 insolitum
449 2680 538 2777 gerit
562 2683 598 2751 in
626 2693 732 2752 terra.
760 2683 819 2753 Sic
841 2681 896 2753 sol
922 2682 987 2752 iste
1012 2680 1231 2753 descendere
1256 2679 1303 2752 ad
1330 2703 1397 2751 nos
1422 2681 1552 2753 dicitur
1574 2682 1630 2754 vel
1654 2684 1829 2757 mundum

243 2800 362 2896 ipsum
387 2800 535 2898 implere
553 2824 627 2872 non
652 2800 812 2872 localiter
832 2799 895 2872 sed
914 2798 1117 2889 efficaciter,
1142 2797 1250 2870 idest
1272 2821 1347 2868 non
1369 2797 1473 2869 locali
1493 2800 1548 2870 sui
1568 2802 1746 2897 positione
1768 2807 1830 2876 sed

243 2917 513 2990 illuminationis
531 2919 751 3016 operatione.

296 3040 434 3109 Primos.
469 3037 579 3109 Miror
603 3053 637 3110 te
661 3037 859 3110 rationibus
894 3038 983 3129 tuis,
1011 3036 1142 3134 quibus
1168 3062 1226 3110 me
1251 3061 1398 3133 arguere
1434 3037 1575 3126 niteris,
1602 3063 1662 3111 eas
1685 3066 1831 3139 quoque

243 3158 472 3228 auctoritates
494 3180 538 3228 ex
563 3157 747 3255 scripturis
766 3158 892 3229 vestris
915 3157 1088 3255 prolerre,
1113 3156 1244 3252 quibus
1266 3182 1339 3228 non
1363 3154 1506 3228 dubitas
1530 3158 1678 3230 minime
1700 3185 1830 3254 cogen-

243 3275 333 3347 dum
351 3300 439 3347 esse.

294 3400 495 3468 Cautsrtau.
515 3397 742 3495 Propositum
758 3412 831 3487 est,
854 3395 946 3467 sicut
970 3397 1076 3487 nosti,
1100 3420 1174 3468 nou
1197 3421 1254 3468 me
1272 3395 1335 3467 tibi
1356 3398 1520 3495 proprias
1541 3396 1671 3468 inferre
1688 3412 1830 3472 senten·

245 3514 328 3604 tias,
353 3514 416 3586 sed
435 3539 666 3586 communem
689 3517 867 3611 majorum
890 3526 1099 3587 nostrorum
1123 3513 1188 3585 tibi
1212 3513 1341 3604 iidem,
1362 3538 1423 3586 seu
1450 3514 1650 3586 doctrinam
1676 3518 1827 3614 aperire.

244 3637 334 3726 Quae
350 3634 455 3729 igitur
474 3635 677 3708 testimonia
698 3634 745 3705 de
764 3633 894 3704 nostris
914 3632 1039 3716 aliero,
1063 3657 1153 3723 non,
1179 3649 1217 3705 ut
1237 3657 1301 3731 per
1324 3633 1394 3705 hoc
1415 3634 1564 3727 cogaris,
1586 3634 1749 3725 intendo,
1768 3640 1830 3709 sed

246 3766 285 3822 ut
298 3752 451 3825 aliorum
469 3754 581 3848 magis
596 3754 662 3825 ista
678 3751 852 3847 intelligas
867 3776 955 3839 esse,
975 3775 1083 3847 quarn
1102 3776 1160 3823 me
1176 3751 1293 3847 ipsum
1311 3749 1464 3823 finxisse.

296 3876 435 3943 Paisos.
464 3875 566 3943 Certe
591 3894 657 3942 nec
674 3870 769 3941 istud
789 3868 971 3967 improbo,
996 3869 1030 3943 xsi
1056 3868 1134 3941 talis
1159 3871 1371 3965 processerit
1388 3870 1553 3941 intentio.
1580 3870 1651 3942 Sed
1670 3894 1768 3943 nunc
1785 3872 1830 3943 ad

245 3988 383 4086 reliqua
399 3990 617 4061 festinemus.
633 3990 670 4058 Si
680 4012 779 4085 ergo,
797 4003 837 4059 ut
854 3988 993 4076 asseris,
1011 3999 1109 4059 tauta
1118 3989 1230 4058 virtus
1241 4001 1293 4058 est
1308 3986 1440 4059 divinae
1451 3988 1609 4075 visionis,
1626 4002 1665 4058 ut
1680 3987 1829 4061 ubicun-

245 4132 316 4204 que
332 4108 403 4179 sint
419 4109 546 4180 animae
561 4107 833 4206 participatione
852 4107 908 4177 sui
924 4129 1024 4202 aeque
1040 4104 1117 4177 illas
1132 4102 1255 4176 beatas
1271 4103 1410 4176 efficere
1426 4119 1546 4202 queat,
1566 4130 1643 4197 cur,
1664 4105 1826 4188 obsecro.

246 4251 396 4322 regnum
418 4227 593 4300 coelorum
615 4231 693 4298 Deo
715 4239 750 4298 et
770 4225 901 4298 sanctis
916 4222 1104 4295 animabus
1125 4222 1327 4320 spiritaliter
1350 4224 1585 4317 assignantur,
1614 4239 1653 4296 ut
1676 4227 1712 4295 in
1739 4227 1830 4299 coelo

245 4345 379 4416 scilicet
399 4347 574 4443 precipue
595 4345 761 4417 dicantur
777 4369 864 4435 esse,
891 4343 993 4439 quasi
1015 4341 1154 4414 beatius
1170 4341 1241 4413 illie
1256 4341 1458 4414 habeantur
1474 4342 1577 4414 esse?
1596 4341 1705 4429 Quod
1722 4345 1829 4416 etiam

247 4464 424 4534 intantum
450 4462 610 4533 Christus
634 4477 748 4535 vester
776 4463 925 4562 proprio
949 4459 1111 4532 exhibuit
1135 4460 1314 4556 exemplo,
1340 4461 1437 4530 utin
1463 4475 1658 4558 conspectu
1681 4484 1828 4533 suorum

246 4579 482 4677 corporaliter
498 4579 629 4651 coelum
643 4578 857 4669 ascenderit,
874 4593 910 4649 et
926 4579 1010 4664 illic,
1029 4592 1069 4648 ut
1084 4578 1257 4676 scriptum
1274 4589 1339 4662 est,
1357 4576 1404 4648 ad
1422 4577 1602 4649 dexteram
1619 4581 1728 4676 patris
1744 4582 1830 4652 resi-

246 4699 336 4770 dens
363 4697 447 4769 inde
473 4697 518 4768 ad
543 4696 719 4793 judicium
744 4711 914 4771 venturus
938 4695 1167 4792 promittatur
1183 4698 1220 4766 in
1249 4717 1329 4766 aera
1356 4694 1502 4768 obviarn
1528 4698 1826 4770 occurrentibus¹.

245 4822 338 4889 Cum
361 4817 468 4913 igitur
490 4815 617 4886 divinae
641 4813 852 4885 habitationi
875 4812 972 4884 nulla
1000 4813 1127 4885 mundi
1154 4813 1268 4909 regio,
1298 4814 1365 4885 nisi
1394 4814 1541 4906 coelum,
1569 4817 1771 4914 deputetur,
1799 4820 1827 4888 si

205 5084 209 5095 '
279 5091 407 5154 «soors,
423 5103 477 5152 cap.
490 5102 531 5152 nt,
545 5104 568 5140 v.
582 5092 609 5149 lt
623 5088 716 5150 iham,
729 5101 773 5150 cap
795 5102 832 5151 tv,
846 5100 871 5140 v.
886 5089 924 5139 tt.
