4559 6100
478 547 546 621 166
746 488 749 499 ¹
1079 549 1209 622 PETRI
1233 549 1468 624 tamtum

523 728 544 771 a
563 699 741 772 Omnibus
756 700 820 798 qui
834 715 917 773 sunt
932 705 1064 774 llomae.
1080 729 1099 769 »
1113 700 1432 800 Hucusquelittera
1445 716 1519 775 tota
1531 702 1711 802 praemissa
1726 699 1833 798 buJus
1848 698 2069 773 salutationis

474 820 682 920 suspensiva
699 834 771 912 est,
791 821 891 918 quasi
915 819 1055 894 dicatur
1071 823 1228 919 repetitis
1253 822 1423 894 omnibus
1439 822 1654 921 praemissis:
1680 818 1810 893 Paulus
1832 843 1974 907 servus,
1998 835 2065 892 etc.

475 939 634 1029 mandat,
655 939 808 1012 subaudi
821 940 905 1032 boc,
922 941 1093 1013 omnibus
1105 941 1169 1037 qui
1182 955 1265 1012 sunt
1284 944 1416 1030 Romae,
1429 940 1566 1014 dilectis
1581 943 1659 1026 Dei,
1671 939 1806 1012 voeatis
1821 937 1965 1024 sanctis,
1981 938 2068 1027 boc,

473 1063 640 1157 inquam,
655 1058 822 1150 mandat,
837 1089 855 1125 a
868 1060 990 1132 Gratia
1001 1061 1047 1131 sit
1064 1059 1167 1132 robis
1185 1075 1221 1133 et
1236 1083 1326 1158 pax,
1344 1076 1413 1132 etc.
1431 1059 1574 1133 Dilectis
1589 1060 1668 1132 Dei.
1683 1087 1707 1127 n
1715 1063 1763 1131 Ac
1771 1058 1800 1130 si
1816 1057 1974 1130 diceret:
1990 1062 2067 1129 Non

474 1180 557 1252 dieo
573 1177 780 1277 simpliciter
797 1178 965 1251 omnibus
982 1181 1044 1277 qui
1060 1195 1146 1251 sunt
1161 1183 1297 1272 Roma,
1310 1194 1385 1251 tam
1399 1179 1566 1252 fidelibus
1578 1179 1713 1265 scilicet
1726 1202 1836 1276 quam
1849 1170 2066 1268 infidelibus,

473 1312 546 1369 tam
562 1297 682 1370 electis
692 1322 802 1396 quarn
818 1297 1002 1397 reprobis:
1021 1298 1084 1371 sed
1101 1299 1158 1371 his
1173 1314 1312 1371 tantum
1326 1300 1389 1397 qui
1408 1324 1474 1397 per
1489 1300 1763 1371 conversionem
1774 1321 1875 1369 seram
1885 1297 1960 1394 Jam
1976 1300 2068 1370 ami·

475 1419 592 1490 citiam
606 1442 689 1490 cum
702 1422 780 1490 Deo
795 1419 970 1511 inierunt,
989 1419 1140 1516 subjecti
1154 1420 1229 1516 jam
1247 1420 1280 1491 ei
1294 1443 1396 1491 more
1413 1419 1717 1507 Christianorum,
1736 1416 1866 1506 idest,
1884 1440 1926 1487 cx
1944 1440 2068 1487 amore
2146 1474 2162 1483 „

474 1540 592 1636 potius
615 1561 723 1635 quarn
748 1538 877 1611 timore
890 1566 899 1629 3
915 1540 1047 1636 quibus
1072 1540 1220 1638 quidem
1246 1539 1382 1613 dictum
1399 1539 1488 1613 illud
1504 1539 1673 1614 convenit
1694 1568 1703 1612 ι
1723 1570 1741 1606 α
1758 1543 1839 1611 Jam
1854 1512 1930 1609 non
1949 1535 2068 1608 dicam

474 1682 540 1728 vos
556 1682 690 1730 servos.
706 1686 725 1725 n
742 1661 785 1729 Et
801 1659 930 1729 iterum
949 1685 957 1729 :
975 1687 993 1728 a
1014 1663 1088 1731 Vos
1105 1673 1225 1733 autem
1242 1658 1315 1731 diri
1331 1659 1478 1732 amicos.
1499 1687 1517 1728 a
1535 1658 1597 1732 Vel
1616 1687 1634 1728 c
1651 1657 1789 1731 dilectis
1802 1656 1887 1745 Dei,
1909 1684 1927 1725 n
1947 1654 1985 1728 id
2001 1671 2065 1748 est,

473 1781 598 1869 aDeo,
617 1778 678 1874 qui
696 1801 758 1849 eos
772 1779 870 1876 prior
885 1778 1025 1873 dilexit,
1044 1795 1085 1852 ut
1098 1780 1337 1879 praeveniente
1355 1781 1468 1877 gratia
1482 1779 1572 1876 ejus,
1590 1804 1665 1852 non
1683 1779 1819 1852 meritis
1835 1800 1963 1849 eorum
1974 1776 2070 1877 ipsos

475 1896 630 1992 eligeret.
646 1928 664 1965 a
677 1898 821 1969 Vocatis
834 1900 977 1971 sanctis.
993 1929 1011 1965 n
1025 1903 1103 1970 Hoc
1114 1912 1179 1990 est,
1197 1901 1333 1971 vocatis
1344 1924 1409 1998 per
1420 1900 1691 1997 inspirationem
1700 1900 1897 1988 internam,
1910 1920 1972 1969 seu
1981 1920 2069 1993 prae·

474 2015 662 2088 dicationis
675 2016 801 2112 gratia,
816 2016 859 2091 ad
882 2017 953 2090 hoc
969 2033 1008 2090 ut
1026 2019 1141 2090 sancti
1155 2020 1239 2090 sint.
1253 2021 1346 2090 Cum
1363 2019 1450 2091 dicit
1466 2043 1528 2091 eos
1542 2033 1690 2091 vocatos
1706 2041 1728 2089 a
1744 2021 1821 2089 Deo
1837 2040 1927 2108 esse,
1949 2016 2069 2114 potius

474 2159 584 2231 quam
602 2160 664 2208 eos
679 2138 876 2208 Dominum
889 2140 1093 2227 invocasse,
1114 2139 1264 2235 gratiam
1280 2139 1346 2212 Dei
1362 2152 1568 2236 exaggerat,
1581 2162 1659 2235 quae
1672 2158 1937 2233 nonnunquam
1951 2133 2069 2207 inritis

474 2255 529 2326 vel
547 2279 623 2329 non
640 2254 842 2354 petentibus
858 2255 1033 2329 beneficia
1051 2270 1203 2355 praestat.
1835 2236 1839 2244 ’

521 2373 593 2446 Sed
608 2397 691 2446 cum
707 2374 783 2447 baec
799 2375 965 2448 salutatio
981 2374 1027 2449 ad
1050 2400 1177 2447 omnes
1194 2375 1273 2447 illos
1290 2375 1487 2475 pertineat,
1507 2376 1552 2449 ad
1577 2400 1670 2473 quos
1697 2373 1856 2474 Epistola
1882 2372 2066 2469 dirigitur,

472 2492 660 2589 quomodo
678 2494 796 2567 dicit«
810 2494 949 2567 dilectis
963 2495 1029 2567 Dei
1044 2495 1100 2567 vel
1112 2497 1245 2567 vocatis
1261 2496 1404 2586 sanctis,
1415 2523 1434 2562 u
1446 2520 1530 2567 cum
1545 2497 1700 2567 maxime
1715 2493 1760 2567 ad
1778 2517 1841 2566 eos
1852 2491 1909 2565 vel
1924 2505 2069 2591 propter

471 2637 534 2683 eos
551 2613 783 2709 corrigendos
802 2614 956 2713 Epistola
971 2614 1016 2686 sit
1038 2614 1190 2702 directa,
1210 2615 1273 2712 qui
1295 2614 1450 2713 superba
1466 2615 1718 2706 contentione,
1734 2628 1775 2685 ut
1791 2611 1928 2684 dictum
1944 2625 2013 2703 est,
2032 2620 2069 2683 se

472 2731 516 2800 ad
534 2730 743 2803 alterutrum
760 2757 970 2831 praeponere
990 2733 1183 2805 volebant?
1200 2734 1334 2832 quippe
1349 2736 1411 2831 qui
1430 2733 1584 2832 superbe
1599 2747 1727 2829 agunt,
1747 2723 1935 2830 quomodo
1951 2728 2069 2802 dilecti

472 2850 539 2921 Dei
554 2850 751 2921 dicuntur?
770 2851 939 2949 Nunquid
966 2865 1114 2950 propter
1131 2876 1259 2923 eorum
1287 2852 1574 2926 benevolentiam
1598 2852 1813 2952 captandam
1839 2850 1983 2922 mentiri
2008 2862 2070 2920 aut

473 2968 602 3040 salsum
626 2968 781 3042 scribere
801 2968 936 3068 aliquid
954 2970 1167 3068 Apostolum
1187 2971 1415 3069 oportuerit?
1439 2971 1510 3044 Sed
1529 2972 1689 3073 prolecto
1712 2971 1761 3044 ad
1780 2992 1907 3043 omnes
1920 2965 2067 3065 quidem

470 3088 546 3160 haec
569 3088 736 3162 salutatio
755 3092 930 3188 pertinet,
953 3087 1035 3163 licet
1053 3115 1128 3162 non
1147 3115 1272 3163 omnes
1287 3091 1411 3164 adbuc
1424 3094 1495 3164 sint
1509 3094 1629 3165 dilecti
1644 3094 1731 3164 Dei:
1751 3105 1791 3165 ut
1807 3114 1890 3163 eum
1903 3085 2068 3159 videlieet

471 3231 532 3278 eos
551 3221 691 3280 tantum
709 3208 836 3282 salutet
850 3210 912 3307 qui
924 3223 1008 3281 sunt
1021 3208 1140 3281 dilecti
1150 3212 1234 3301 Dei,
1249 3235 1312 3283 eos
1328 3225 1468 3284 tantum
1479 3212 1693 3285 salutatione
1702 3235 1767 3284 sua
1780 3209 1910 3307 dignos
1918 3205 2066 3304 judicet,

470 3326 630 3424 aliosque
648 3328 694 3399 ad
714 3329 949 3401 imitationem
968 3331 1129 3428 ipsorum
1147 3329 1295 3420 invitet,
1321 3344 1361 3403 ut
1387 3346 1423 3403 et
1444 3332 1512 3430 ipsi
1531 3331 1665 3404 scilicet
1686 3329 1808 3403 dilecti
1831 3328 1896 3400 Dei
1914 3349 1993 3398 esse
2012 3325 2068 3395 ni·

470 3458 604 3517 tantur.
624 3449 888 3522 Convenicnter
903 3450 1031 3542 etiam,
1051 3450 1115 3522 etsi
1144 3448 1310 3521 nonnulli
1336 3449 1387 3521 ibi
1409 3465 1527 3523 essent
1549 3451 1616 3523 Dei
1631 3449 1773 3539 dilecti,
1792 3447 1914 3519 dicere
1929 3468 1993 3516 eos
2009 3441 2071 3515 di·

470 3564 581 3637 lectos
596 3567 663 3637 Dei
679 3569 817 3665 potuit,
832 3569 933 3665 juxta
949 3592 1076 3640 eorum
1098 3569 1310 3667 opinionem
1334 3569 1479 3666 quidem
1497 3569 1560 3667 qui
1575 3569 1648 3642 boc
1661 3567 1707 3640 de
1731 3592 1769 3639 se
1787 3563 2067 3665 profitebantur,

470 3685 561 3756 sieut
578 3684 686 3756 ctiam
702 3686 869 3758 nonnulli
885 3687 1021 3758 ironice
1039 3686 1258 3784 quaudoque
1271 3686 1482 3785 loquuntur.
1495 3693 1576 3760 Non
1589 3691 1686 3762 enim
1697 3683 1948 3774 mendacium,
1962 3681 2068 3754 beato

470 3815 659 3875 attestante
677 3807 908 3902 augustiam,
927 3804 1076 3894 dicitur,
1095 3805 1164 3878 nisi
1192 3806 1278 3878 falsa
1301 3806 1513 3905 significatio
1538 3832 1622 3880 cum
1644 3808 1829 3879 voluntate
1849 3798 2066 3901 decipiendi.

470 3919 535 3991 Hic
551 3944 637 3992 vero
654 3922 845 4021 Apostolus
861 3949 935 3996 non
952 3924 1137 4024 decipere,
1149 3925 1420 3999 sedadmonere
1436 3926 1603 3999 intendit.
1619 3955 1638 3994 e
1648 3925 1772 3998 Gratia
1782 3922 1887 3996 vobis
1903 3935 1939 3995 ct
1950 3944 2033 4019 pax·
2048 3949 2066 3985 r

467 4039 629 4111 Gratiam
644 4040 732 4113 dicit
747 4040 887 4116 donum
903 4044 1116 4141 gratuitum,
1139 4045 1264 4134 idest,
1280 4071 1354 4117 non
1371 4052 1414 4119 e'x
1433 4046 1567 4118 meritis
1583 4041 1868 4144 praecedentibus
1881 4039 2066 4114 collatum.

469 4158 591 4230 Gratia
602 4173 637 4231 et
649 4185 735 4258 pax,
751 4161 789 4234 id
805 4177 870 4254 est,
889 4163 1028 4235 donum
1038 4166 1156 4262 pacis,
1172 4188 1243 4261 qua
1260 4165 1325 4264 ipsi
1344 4167 1407 4263 qui
1424 4164 1650 4237 contendunt
1665 4160 1840 4261 superbe,
1860 4159 2015 4233 invicem
2033 4170 2071 4229 et

470 4295 554 4348 cum
569 4279 649 4377 ipso
665 4284 743 4352 Deo
761 4281 1051 4355 reconcilientur.
1072 4284 1146 4372 Qui
1161 4285 1259 4356 euim
1275 4285 1482 4382 proximum
1509 4307 1618 4380 quem
1634 4281 1733 4354 videt
1750 4304 1826 4353 non
1842 4277 1974 4373 diligit,
1992 4278 2071 4347 Do·

469 4398 609 4469 minum
618 4423 728 4496 quem
740 4425 814 4473 non
825 4401 923 4474 videt
935 4403 1122 4500 quomodo
1134 4417 1253 4502 potest
1266 4402 1436 4499 diligere?
1449 4431 1468 4472 a
1485 4406 1597 4475 dDeo
1606 4405 1710 4474 Patre
1721 4414 1847 4473 nostro
1858 4413 1894 4470 et
1905 4395 2070 4468 Domino

468 4519 552 4589 Jesu
568 4517 723 4592 Christo.
746 4549 764 4589 r
785 4525 933 4593 Donum
949 4524 1036 4615 Dei,
1052 4522 1153 4619 quod
1163 4524 1324 4620 ‘gratiam
1341 4522 1446 4615 dicit,
1466 4522 1618 4621 Spiritus
1634 4534 1778 4594 sanctus
1795 4518 1938 4591 dicitnr.
1962 4512 2071 4586 Unde

467 4649 503 4706 et
528 4662 612 4709 cum
642 4640 887 4738 septilormem
913 4643 1078 4740 spiritum
1110 4642 1281 4735 dicimus,
1310 4642 1369 4715 rel
1393 4656 1530 4740 septem
1553 4642 1704 4741 Spiritus
1726 4640 1795 4712 Dei
1817 4636 2068 4726 nominamus,

470 4771 605 4856 septem
623 4759 752 4833 divinae
770 4763 889 4858 gratiae
903 4761 1001 4835 dona
1018 4763 1319 4835 demonstramus.
1341 4765 1446 4836 Recte
1462 4787 1549 4858 ergo
1563 4760 1703 4834 donum
1720 4760 1786 4832 Dei
1803 4757 1905 4856 quod
1919 4754 2070 4854 Spiritus

470 4890 616 4952 sanctus
631 4878 781 4973 dicitur,
801 4886 940 4955 aPatre
956 4897 991 4955 et
1016 4883 1104 4957 Filio
1126 4882 1233 4955 simul
1257 4881 1335 4956 dari
1358 4882 1533 4982 postulat,
1553 4878 1724 4979 aquibus
1738 4878 1847 4951 simul
1871 4872 2071 4975 procedere

504 5155 509 5183 ¹
523 5153 621 5206 domm
635 5156 876 5220 inertissimam.
890 5170 934 5208 xri.
947 5158 1023 5223 opp,
1038 5166 1058 5208 t.
1071 5155 1170 5222 Vl,cot.
1185 5161 1239 5210 tta.
