4559 6100
440 420 513 494 680
1031 418 1161 495 Putat
1186 418 1420 496 ABAELARDI

439 571 580 644 bonum
597 570 749 664 censeri,
769 571 829 644 cui
845 571 959 644 virtus
973 571 1094 671 aliqua
1110 571 1216 663 desit,
1234 594 1277 645 ac
1295 594 1361 671 per
1373 570 1446 644 boc
1462 571 1628 644 omnium
1645 566 1828 644 bonorum
1845 568 2042 643 bominum

439 714 507 762 nec
531 691 569 761 in
595 690 732 762 meritis
754 691 834 762 vitae
857 715 925 763 nec
951 691 989 763 in
1014 690 1247 764 beatitudiuis
1272 692 1563 764 remuneratione
1586 689 1696 763 ullam
1718 714 1795 762 esse
1817 689 2037 763 distantiam.

439 808 549 897 Quod
570 810 600 881 si
624 809 715 883 forte
737 810 787 883 ita
802 811 861 898 sit,
885 809 1012 884 eadem
1032 810 1202 883 omnibus
1218 810 1404 884 beatitudo
1423 809 1643 903 retribuitur,
1664 823 1701 882 et
1715 833 1842 881 omnes
1857 808 2042 906 equaliter

440 953 623 1001 summum
649 927 791 1002 bouum
807 929 929 1028 adepti
953 931 1086 1028 pariter
1102 930 1195 1002 fiunt
1216 928 1324 1004 beati.
1345 933 1463 1019 Quam
1485 943 1651 1030 patenter
1673 928 1887 1001 sententiam
1905 928 2042 1001 Tullius

440 1048 479 1119 in
496 1048 658 1121 secundo
672 1048 717 1121 de
733 1051 879 1149 Officiis
897 1048 992 1122 libro
1008 1049 1064 1122 hia
1079 1048 1199 1122 verbis
1215 1048 1420 1150 profitetur¹
1437 1076 1445 1120 ι
1466 1048 1632 1122 «lustitia
1651 1072 1734 1120 cum
1753 1046 1831 1119 sine
1847 1045 2041 1145 prudentia

442 1169 527 1240 satis
540 1168 672 1241 habeat
686 1170 917 1262 auctoritatis,
935 1168 1126 1268 prudentia
1144 1170 1220 1242 sine
1234 1169 1371 1266 justitia
1389 1167 1479 1241 nibil
1493 1169 1609 1242 valeat
1628 1167 1676 1242 ad
1694 1166 1805 1240 fidem
1824 1165 2037 1240 faciendam.

443 1291 527 1375 Quo
561 1289 658 1361 enim
695 1289 776 1385 quis
805 1289 983 1361 versutior
1012 1302 1048 1361 et
1082 1287 1258 1382 callidior,
1292 1286 1364 1361 hoc
1390 1289 1540 1361 invisior
1570 1304 1609 1361 et
1639 1289 1850 1386 suspectior,
1883 1285 2041 1360 detracta

444 1409 617 1505 opinione
648 1403 851 1508 probitatis.
889 1414 1008 1498 Quam
1043 1407 1093 1481 ob
1124 1432 1202 1480 rem
1235 1407 1474 1504 intelligentia
1503 1407 1640 1505 justitia
1671 1406 1888 1504 conjuncta,
1925 1429 2042 1503 quan-

443 1543 521 1600 tum
541 1527 658 1619 volet,
678 1527 827 1601 habebit
844 1527 892 1602 ad
915 1528 1114 1603 faciendam
1133 1527 1244 1601 fidem
1263 1528 1407 1601 virium.
1429 1528 1568 1601 lustitia
1586 1529 1661 1600 sine
1680 1525 1872 1625 prudentia
1886 1526 2042 1598 multum

443 1649 594 1745 poterit;
626 1649 705 1721 sine
730 1648 867 1745 justitia
892 1648 981 1721 nihil
1004 1647 1137 1720 valebit
1160 1647 1364 1747 prudentia.
1390 1646 1461 1720 Sed
1486 1672 1532 1720 nc
1561 1649 1642 1744 quis
1664 1647 1711 1719 sit
1731 1645 1940 1736 admiratus,
1960 1670 2039 1738 cur,

444 1792 559 1864 quum
584 1769 677 1839 inter
701 1792 828 1840 omnes
855 1767 1093 1866 philosophos
1117 1781 1278 1860 constet,
1306 1791 1328 1841 a
1352 1790 1484 1866 meque
1510 1768 1588 1867 ipso
1612 1765 1833 1866 disputatum
1858 1788 1952 1864 saepe
1974 1766 2041 1854 sit,

445 1889 508 1983 qui
534 1912 644 1960 unam
669 1886 838 1981 haberet,
866 1911 993 1959 omnes
1017 1886 1152 1959 habere
1176 1887 1345 1980 virtutes,
1371 1910 1471 1959 nunc
1496 1886 1546 1959 ita
1569 1887 1772 1983 sejungam,
1802 1884 1904 1982 quasi
1931 1885 2045 1982 possit

446 2007 651 2104 quisquam,
670 2008 825 2104 quinon
843 2006 938 2080 idem
954 2007 1115 2107 prudens
1129 2006 1188 2096 sit,
1204 2007 1322 2103 justus
1342 2031 1418 2080 esse
1437 2033 1446 2078 ι
1470 2005 1538 2078 alia
1556 2020 1610 2079 est
1624 2004 1701 2098 illa,
1720 2029 1804 2077 curn
1821 2004 1952 2076 veritas
1967 2003 2045 2101 ipsa

445 2126 592 2199 limatur
607 2129 643 2199 in
660 2126 915 2226 disputatione,
940 2126 1129 2218 subtilitas,
1157 2127 1238 2216 alia,
1261 2116 1347 2198 cunr
1365 2126 1415 2199 ad
1434 2126 1644 2225 opinionem
1668 2146 1902 2198 communem
1927 2123 2045 2195 omnis

446 2247 743 2320 accommodatur
761 2249 890 2320 oratio.
916 2252 1035 2336 Quam
1061 2246 1110 2319 ob
1133 2270 1224 2335 rem,
1245 2261 1285 2318 ut
1304 2245 1452 2343 vulgus,
1477 2248 1525 2318 ita
1550 2269 1620 2317 nos
1644 2244 1821 2318 hocloco
1847 2242 2043 2340 loquimur,

448 2384 488 2440 ut
511 2366 750 2454 abusiones,
775 2365 865 2439 alios
888 2367 985 2439 viros
1005 2365 1146 2457 bonos,
1171 2367 1263 2439 alios
1286 2365 1483 2467 prudentes
1506 2364 1781 2438 essedicamus.
1809 2360 2047 2460 Popularibus

447 2489 545 2560 enim
569 2485 688 2558 verbis
709 2499 763 2557 est
784 2484 966 2582 agendum
991 2502 1028 2560 et
1047 2488 1185 2560 usitatis
1202 2512 1317 2584 quum
1342 2486 1528 2584 loquimur
1552 2485 1599 2559 de
1619 2485 1792 2584 opinione
1814 2481 2012 2583 populari¹.
2026 2511 2044 2549 ιι

448 2610 518 2696 Qui
539 2607 648 2680 etiam
672 2606 710 2676 in
732 2604 937 2677 Paradoair
955 2630 1030 2677 non
1052 2606 1170 2679 solum
1193 2608 1231 2678 in
1254 2607 1445 2681 virtutibus
1469 2606 1602 2700 bonos,
1624 2605 1877 2679 verumetiam
1900 2602 1938 2674 in
1963 2626 2048 2701 pec-

448 2728 537 2799 catis
560 2726 609 2797 ita
630 2737 747 2821 aequat
767 2723 895 2817 malos,
916 2740 957 2796 ut
976 2726 1100 2797 omnia
1117 2741 1266 2824 peccata
1282 2728 1383 2826 paria
1408 2752 1486 2801 esse
1511 2740 1657 2799 astruat.

499 2850 703 2918 Cnmsruu.
723 2848 825 2916 Nunc
842 2844 962 2944 primo
979 2859 1015 2917 te
1032 2845 1281 2944 importunum
1297 2861 1333 2919 et
1345 2847 1517 2919 corrixari
1528 2847 1661 2945 magis,
1674 2869 1784 2944 quarn
1798 2841 2046 2944 philosophari

449 2967 569 3040 video.
589 2965 733 3064 Quippe
748 2987 795 3036 ne
817 2963 865 3035 ad
886 2964 1150 3038 confessionem
1172 2966 1368 3041 manifestae
1391 2967 1549 3040 veritatis
1568 2967 1651 3066 cogi
1664 2966 1830 3056 videaris,
1855 2962 1902 3037 ad
1923 2974 2050 3062 pateu-

450 3089 593 3161 tissimae
602 3083 760 3159 falsitatis
771 3085 947 3159 insaniam
962 3099 996 3158 te
1013 3087 1206 3180 convertis,
1222 3103 1263 3159 ut
1277 3112 1404 3161 omnes
1414 3086 1580 3162 videlicet
1594 3086 1712 3160 bonos
1722 3079 2047 3184 aequaliterbonos,

450 3230 578 3281 omnes
598 3229 680 3277 reos
701 3219 738 3277 ct
758 3204 942 3302 aqualiter
969 3229 1050 3279 reos
1061 3259 1071 3296 ,
1098 3231 1226 3280 omnes
1247 3209 1381 3307 pariter
1399 3207 1526 3281 eadem
1554 3207 1668 3304 gloria
1688 3206 1745 3279 vel
1768 3223 1877 3304 poena
1905 3223 2051 3274 censeas

455 3326 598 3426 dignos.

501 3452 642 3519 Panos.
674 3446 860 3544 Siquidem
888 3448 925 3519 in
952 3472 991 3519 re
1013 3447 1154 3519 nonin
1182 3446 1374 3520 bominum
1400 3448 1573 3546 opinione
1599 3448 1779 3539 consistit,
1806 3449 1870 3546 qui
1898 3471 2052 3549 operum

446 3567 622 3642 ellectum
648 3567 759 3664 magis
782 3589 894 3663 quam
917 3591 1061 3639 morum
1084 3566 1292 3665 qualitatem
1313 3567 1513 3665 dijudicant
1536 3583 1646 3667 atque
1667 3583 1922 3656 remunerant,
1941 3583 1978 3643 et
1999 3593 2052 3641 se·

453 3685 614 3760 cundum
636 3707 678 3759 ea
708 3710 788 3784 quaa
814 3687 888 3784 geri
914 3688 1069 3759 exterius
1093 3686 1274 3780 videntur,
1297 3687 1388 3760 alios
1410 3688 1578 3785 justiores
1599 3690 1657 3761 vel
1681 3688 1847 3763 fortiores
1873 3691 1950 3762 sive
1975 3713 2052 3761 me·

452 3806 560 3878 liores
574 3804 632 3877 rel
654 3804 851 3879 deteriores
867 3806 944 3879 aliis
960 3807 1138 3905 judicant.
1159 3812 1187 3879 Α
1205 3830 1279 3904 qua
1295 3807 1459 3908 prolecto
1477 3809 1652 3882 sententia
1679 3833 1827 3882 necros
1852 3808 1958 3906 longe
1976 3832 2054 3880 csse

454 3925 623 4017 arbitror,
641 3925 670 3997 si
686 3940 841 3999 vestram
859 3925 1048 4023 diligenter
1069 3926 1305 3999 consideretis
1326 3927 1566 4028 disciplinam.
1584 3932 1720 4002 Omnes
1739 3930 1874 4030 quippe
1889 3930 2050 4018 virtutes,

455 4060 496 4117 ut
514 4046 569 4118 vir
590 4045 650 4117 ille
669 4046 846 4117 maximus
865 4047 991 4119 astruit
1011 4044 1250 4146 philosophus
1271 4049 1509 4146 Augustinus,
1545 4073 1621 4122 uno
1640 4050 1792 4122 nornine
1808 4049 1934 4122 carius
1950 4071 2055 4119 com-

455 4164 664 4266 prehendit,
683 4185 764 4262 quae
785 4165 877 4258 sola,
902 4180 943 4239 ut
964 4166 1115 4265 ipsemet
1138 4167 1206 4259 ait,
1232 4167 1326 4238 inter
1343 4163 1436 4241 filios
1451 4168 1517 4241 Dei
1538 4183 1574 4243 et
1594 4168 1688 4242 filios
1710 4167 1847 4242 diaboli
1868 4167 2052 4244 discernit.

457 4285 562 4359 Unde
586 4301 623 4359 et
644 4285 774 4359 merito
796 4285 958 4382 quodam
980 4285 1063 4358 loco
1082 4284 1247 4358 meminit
1265 4312 1273 4356 :
1292 4315 1312 4355 α
1327 4286 1396 4358 Ubi
1419 4301 1474 4361 est
1487 4290 1616 4362 caritas
1632 4285 1798 4387 quidem,
1817 4288 1918 4388 quod
1944 4290 2057 4387 possit

458 4404 607 4477 deesse?
633 4405 824 4480 Plenitudo
849 4407 985 4506 quippe
1006 4405 1094 4501 legis
1116 4418 1171 4477 est
1194 4404 1386 4478 dilectio.»
1412 4411 1530 4496 Quam
1549 4400 1638 4508 'ipsc
1666 4410 1729 4507 qni
1752 4408 1825 4482 boc
1851 4406 1939 4480 dicit
1967 4430 2055 4505 apo·

454 4525 596 4617 stolm’,
615 4522 879 4623 plenitudinem
901 4548 1124 4626 prosequens
1148 4538 1185 4597 et
1210 4539 1283 4597 tam
1306 4526 1400 4600 mala
1425 4527 1510 4600 inde
1535 4551 1726 4602 removens
1742 4552 1864 4627 vquam
1886 4526 1938 4600 ibi
1959 4525 2058 4599 bona

456 4644 783 4746 comprehendens,
802 4647 869 4718 ait⁸
889 4647 1055 4719 «Caritas
1078 4647 1217 4745 patiens
1237 4660 1307 4740 est,
1330 4647 1487 4746 benigna
1507 4663 1574 4741 est,
1601 4650 1731 4723 caritas
1757 4671 1834 4720 non
1855 4646 2054 4737 aemulatur,

491 4877 544 4929 ¹122
556 4875 644 4943 omn,
656 4876 701 4928 ΙΙΙ).
710 4875 747 4940 ΙΙ,
758 4891 813 4943 cap.
824 4887 851 4930 x.
863 4879 911 4917 -Ι
919 4877 1011 4929 bocum
1022 4879 1088 4930 hunc
1098 4877 1235 4931 Cloaronta·
1286 4878 1442 4947 ausurus,
1451 4891 1555 4946 qouque
1564 4889 1635 4934 arsat
1643 4881 1780 4946 supplenda
1791 4839 1963 4945 autuma-
1972 4879 2055 4931 'Rom

457 4970 515 5007 ιιιιιιι
531 4960 556 5008 tu
570 4956 660 5009 Codice
671 4957 716 5010 us.
728 4960 860 5012 admodum
873 4966 1016 5022 eonuptum
1027 4965 1102 5021 atque
1120 4973 1233 5011 mancum
1286 4973 1341 5024 cap.
1356 4974 1415 5027 xm,
1427 4976 1453 5014 r.
1469 4965 1506 5015 to.
1517 4962 1565 5000 -⁴
1578 4961 1694 5014 centa.
1707 4961 1727 5024 t,
1737 4974 1793 5025 cap.
1804 4973 1859 5023 uu,
1870 4960 1928 5013 nt.

457 5049 488 5087 es
515 5036 804 5091 momentanearum
828 5051 931 5102 operum
953 5036 1075 5091 uulnus
1095 5041 1235 5092 emendavit
