4559 6100
746 553 999 627 Tflssotoott
1025 556 1298 632 oflaffittatta.
1744 557 1810 629 451

229 739 304 789 non
329 710 449 786 rerba.
467 709 564 799 Quid
587 709 683 781 enim
703 703 850 805 prodest
872 700 983 776 clanis
998 727 1118 798 aurea,
1147 708 1178 777 si
1194 706 1332 806 aperire
1347 704 1447 802 quod
1464 704 1630 778 volumus
1652 729 1726 778 non
1751 727 1818 806 poi

230 832 319 907 testi
340 846 403 905 aut
424 830 514 928 quid
532 828 634 901 obest
658 827 787 924 lignea,
807 823 837 895 si
861 819 933 894 boc
954 839 1084 921 potest,
1103 824 1252 923 quando
1275 823 1367 897 nihil
1389 825 1592 922 quaerimus,
1612 825 1680 897 nisi
1696 840 1817 924 patere

229 951 329 1047 quod
345 952 506 1025 clausum
524 948 604 1021 est?
623 975 640 1013 ι

279 1079 321 1143 et
336 1072 427 1143 siem
442 1089 630 1141 erroneam
652 1067 863 1167 penitusque
880 1065 1160 1145 irrationabilem
1177 1089 1254 1138 esse
1270 1063 1393 1137 talium
1412 1062 1727 1162 reprehensionem
1743 1089 1817 1138 uon

229 1190 463 1287 ambigimus,
490 1190 539 1262 ita
565 1202 752 1262 eteorum
782 1189 1001 1293 impietatem
1026 1187 1219 1259 maximam
1246 1183 1471 1284 profitemur,
1500 1184 1561 1282 qui
1589 1181 1729 1255 donum
1754 1186 1820 1256 Dei

230 1311 426 1384 maximum
454 1309 553 1408 quod
583 1334 625 1382 ex
652 1310 844 1386 collatione
871 1313 1027 1386 scientiae
1051 1320 1303 1407 susceperunt,
1333 1305 1563 1405 improbitate
1590 1328 1655 1377 sua
1683 1304 1820 1403 culpari

231 1429 366 1504 iaciunt
387 1444 494 1528 atque
518 1431 699 1522 vilescere,
729 1446 765 1504 et
784 1434 999 1507 immeritam
1023 1444 1131 1529 atque
1157 1431 1387 1503 innocentem
1410 1441 1523 1499 artem
1549 1427 1586 1497 in
1608 1450 1680 1498 suae
1705 1423 1820 1525 culpa¹

230 1549 376 1621 trahunt
404 1549 737 1648 participationem,
765 1553 866 1649 quod
894 1551 1079 1651 quondam
1108 1564 1144 1622 et
1178 1548 1224 1621 de
1247 1547 1425 1620 rhetorica
1460 1546 1650 1642 contigisse
1677 1547 1714 1616 in
1743 1545 1819 1645 ipsa

230 1668 350 1740 naum
373 1667 509 1739 Tullius
525 1668 712 1740 Rhetorica
731 1670 907 1760 meminit,
926 1686 962 1744 et
983 1694 1051 1742 nos
1074 1667 1238 1767 quotidie
1253 1666 1365 1739 modo
1382 1664 1428 1737 de
1444 1664 1627 1738 dialectica
1649 1662 1725 1735 lieri
1744 1688 1818 1735 oon

229 1786 448 1882 ignoramus.
472 1787 615 1887 Quippe
641 1789 732 1860 sicut
758 1789 854 1863 illam
877 1790 1137 1862 malitiosorum
1169 1801 1355 1861 oratorum
1381 1784 1527 1858 solertia
1553 1782 1723 1856 omuibus
1748 1782 1820 1856 lere

229 1902 336 1977 bonis
357 1905 566 1977 hominibus
587 1905 751 1979 odiosam
778 1908 928 2002 lecerat,
956 1922 1103 2008 propter
1118 1904 1350 1979 incommoda
1376 1904 1509 1976 scilicet
1527 1900 1728 1974 civitatibus
1753 1925 1819 2000 per

229 2045 311 2095 eam
334 2022 540 2122 frequenter
564 2024 681 2118 illata;
710 2027 815 2100 itaet
839 2028 914 2124 jam
944 2029 1017 2100 lere
1042 2026 1213 2099 omnibus
1228 2024 1398 2122 religiosis
1414 2021 1721 2120 contemptibilem
1738 2021 1819 2094 red·

231 2140 322 2215 didit
341 2141 562 2216 dialecticam
587 2144 850 2242 impudentium
871 2146 1088 2220 scholarium
1110 2145 1187 2242 ejus
1204 2144 1274 2218 vita
1295 2156 1331 2215 et
1347 2141 1546 2239 garrulitas,
1573 2155 1732 2216 sanctam
1755 2142 1821 2215 Dei

230 2261 423 2348 civitatem,
449 2285 528 2359 quse
551 2274 604 2334 est
628 2263 798 2357 Ecclesia,
829 2264 1025 2363 plurimum
1053 2262 1368 2348 conturbantium,
1398 2258 1575 2357 quidum
1604 2258 1819 2331 intolerabili

231 2377 445 2451 verbositate
466 2380 615 2476 gloriam
639 2381 707 2454 sibi
732 2407 941 2483 comparere
966 2383 1142 2472 nituntur,
1168 2404 1243 2453 non
1262 2380 1347 2452 sinit
1363 2379 1515 2452 miseros
1537 2377 1821 2451 animadvertere

231 2496 418 2593 singularis
444 2521 570 2570 cortun
593 2499 772 2598 superbia,
797 2502 835 2573 iu
855 2514 1026 2599 quantam
1046 2524 1169 2572 secum
1185 2498 1418 2597 ignominiam
1443 2499 1558 2597 ipsam
1578 2495 1624 2568 de
1645 2519 1717 2593 qua
1737 2496 1821 2594 glo·

231 2616 368 2688 riantur
392 2629 506 2688 artem
529 2615 709 2712 dejiciant.
730 2619 909 2694 Adversus
930 2618 1191 2718 impudentiam
1216 2642 1373 2717 quorum
1392 2631 1429 2689 et
1447 2616 1582 2688 Tullius
1600 2617 1636 2687 iu
1659 2615 1820 2688 secundo

232 2732 423 2806 Rhetorice
447 2735 495 2807 ad
519 2737 738 2808 Herennium
762 2736 924 2812 invectus
944 2740 1012 2832 ait,
1037 2738 1084 2812 de
1107 2759 1214 2810 causa
1235 2734 1368 2809 scilicet
1386 2734 1546 2832 ambigui
1567 2735 1688 2834 scripti
1710 2734 1821 2830 disse·

231 2875 314 2923 rens
337 2851 409 2925 hoc
434 2853 564 2926 modo¹
592 2881 601 2925 ι
628 2857 752 2928 «Sunt
776 2857 839 2954 qui
864 2855 1080 2930 arbitrentur
1104 2854 1151 2929 ad
1175 2855 1271 2929 hanc
1292 2878 1438 2928 oausam
1463 2853 1687 2928 tractandam
1715 2852 1822 2926 rebe-

232 2984 370 3044 menter
381 2973 562 3071 pertinere
574 2975 817 3071 cognitionem
832 2975 1183 3076 amphibologiarum
1195 2998 1276 3048 eam
1289 2997 1370 3073 quae
1385 2996 1406 3045 a
1422 2971 1615 3046 dialecticis
1627 2972 1820 3074 profertur.

232 3092 305 3162 Nos
326 3113 414 3162 vero
437 3090 654 3165 arbitramur
669 3118 744 3167 non
763 3094 875 3167 modo
893 3095 994 3169 nullo
1011 3095 1222 3192 adjumento
1242 3118 1332 3184 esse,
1355 3092 1419 3165 sed
1435 3094 1556 3190 potius
1577 3093 1733 3165 maximo
1755 3095 1822 3165 im-

232 3207 452 3307 pedimento.
471 3212 608 3283 Omnes
632 3212 729 3283 enim
746 3213 797 3284 illi
813 3213 1100 3311 amphibologias
1116 3227 1342 3311 aucupantur
1363 3235 1422 3282 eas
1438 3212 1545 3283 etiam
1561 3236 1641 3308 quse
1660 3225 1760 3309 parte
1780 3235 1822 3283 ex

232 3328 342 3400 altera
364 3328 576 3400 sententiam
600 3329 735 3403 nullam
752 3345 903 3428 possunt
918 3331 1158 3430 interpretari.
1180 3335 1303 3426 ltaque
1319 3342 1356 3402 et
1369 3328 1477 3400 alieni
1493 3328 1669 3401 sermonis
1683 3328 1823 3400 molesti

232 3444 533 3543 interpellatores,
561 3459 598 3519 et
621 3446 745 3545 scripti
770 3461 848 3518 tum
874 3447 1012 3539 adimi,
1041 3463 1117 3520 tum
1143 3447 1289 3521 obscuri
1313 3448 1525 3545 interpretes
1551 3459 1652 3536 sunt3
1676 3460 1712 3518 et
1735 3444 1823 3520 dum

231 3577 336 3636 mute
359 3578 396 3637 et
413 3563 582 3663 expedite
603 3565 704 3664 loqui
728 3567 876 3656 volunt,
897 3567 1124 3640 infantissimi
1150 3568 1390 3667 reperiuntur.
1417 3570 1467 3639 lta
1493 3564 1580 3638 dum
1604 3579 1768 3637 metuunt
1785 3567 1822 3638 in

232 3680 389 3755 dicendo
417 3706 464 3755 ne
488 3683 577 3781 quid
601 3685 810 3782 ambiguum
834 3684 968 3774 dicant,
996 3710 1131 3759 nomeu
1157 3710 1263 3757 suum
1289 3686 1530 3785 pronunciare
1557 3708 1631 3756 non
1659 3698 1820 3784 possunt.

235 3803 368 3875 Verum
390 3800 522 3873 horum
545 3804 699 3901 pueriles
717 3804 907 3901 opiniones
922 3804 1127 3877 rectissimis
1139 3804 1359 3895 rationibus,
1378 3828 1461 3876 cum
1476 3804 1587 3895 voles,
1607 3802 1821 3875 refellemus.-

234 3922 274 3990 ln
308 3919 493 4018 praesentia
522 3919 593 3993 boe
622 3921 837 3997 interdicere
873 3946 948 3994 non
982 3922 1138 3997 alienum
1162 3923 1248 4015 luit,
1275 3936 1316 3993 ut
1340 3922 1447 4018 hujus
1468 3920 1846 4019 inlantiae‘garrulam''

234 4037 459 4137 disciplinam
481 4053 838 4114 contemneremus.»
856 4041 928 4114 Sed
944 4066 1012 4115 neo
1032 4043 1108 4141 ipse
1133 4041 1311 4114 maximus
1332 4064 1460 4114 eorum
1482 4054 1680 4139 praeoeptor
1696 4041 1826 4112 Aristo·

235 4157 321 4229 teles
348 4157 558 4255 sophisticas
579 4160 740 4258 ipsorum
758 4162 1047 4260 importunitates
1067 4161 1209 4234 reticuit
1227 4160 1353 4233 dicens
1371 4160 1409 4231 in
1433 4160 1553 4259 primo
1576 4163 1665 4231 Peri
1685 4158 1825 4235 berrue-

236 4277 345 4347 m'as:
368 4280 710 4375 «thuaecumque,
735 4280 871 4377 inquit,
894 4294 1011 4353 cetera
1036 4280 1163 4353 talium
1185 4279 1466 4352 determinamus
1486 4293 1614 4352 contra
1634 4302 1825 4375 argumen-

234 4406 355 4467 totum
371 4395 582 4494 sophisticas
601 4398 935 4497 importunitates.»
960 4399 1023 4470 llis
1047 4413 1082 4471 et
1105 4397 1165 4470 illa
1179 4398 1412 4475 saluberrima
1429 4412 1503 4469 tam
1527 4396 1682 4495 apostoli
1707 4396 1823 4485 Pauli,

235 4535 345 4607 quam
367 4517 406 4587 B.
425 4512 601 4588 Ambrosii
622 4515 828 4589 adhortatio
845 4530 1021 4589 consonat
1044 4515 1138 4589 libro
1154 4520 1185 4587 ll
1201 4515 1246 4587 de
1263 4515 1351 4588 mue
1372 4514 1424 4586 ad
1438 4518 1653 4588 Graecianum
1669 4518 1826 4613 impera·

236 4645 394 4703 retorem
412 4632 464 4705 sic
486 4635 719 4708 continens'':
741 4637 949 4735 «Scriptum
972 4637 1057 4729 ew,
1077 4639 1234 4711 «Cavete
1257 4659 1305 4708 ne
1328 4636 1409 4733 quis
1433 4659 1498 4708 ros
1520 4633 1746 4734 depraedetur
1764 4658 1827 4733 per

240 4749 541 4850 «philosophiam
569 4768 607 4827 et
633 4755 779 4831 inanem
801 4754 1063 4845 seductionem,
1090 4753 1292 4827 secundum
1320 4754 1549 4829 traditionem
1575 4754 1764 4825 hominum
1791 4766 1827 4824 et

239 4898 257 4937 a
277 4869 477 4943 secundum
493 4872 669 4946 elementa
683 4873 790 4972 hujus
805 4873 945 4962 muudi,
957 4887 993 4945 et
1008 4897 1083 4946 non
1099 4871 1299 4946 secundum
1313 4873 1508 4946 Christum.
1526 4906 1543 4940 r
1555 4875 1710 4943 Omnem
1727 4875 1825 4943 enim

270 5147 343 5212 'Gap
357 5162 392 5201 ιι.
408 5152 803 5215 *murmurationum
815 5152 840 5217 l,
853 5167 907 5216 cap.
921 5165 986 5207 r.-
1002 5151 1185 5215 ‘comma
1197 5163 1264 5215 n,r.
1276 5155 1301 5207 t.
