4559 6100
443 591 517 666 att
624 629 632 636 ·
1045 595 1173 670 mitt
1199 592 1434 669 Amator

444 763 513 814 mc
528 738 592 814 ulli
604 740 667 839 qtn'
682 756 767 816 ante
777 744 892 842 legem
908 744 1065 840 simunt,
1084 770 1106 820 a
1121 759 1270 845 peccato
1279 709 1461 817 immunes
1476 743 1695 835 exstiterint,
1715 744 1761 818 de
1776 744 1907 842 quibus
1921 746 2025 842 magis
2086 820 2090 826 ,

444 860 637 954 rideretur,
648 885 732 940 cum
747 862 868 936 adhuc
882 865 1017 938 nullius
1031 866 1170 965 scripte
1184 865 1474 962 urnsgressicuis
1486 888 1551 937 ecs
1566 887 1648 938 reos
1663 863 1805 936 heere.
1819 892 1837 932 u
1854 868 1972 962 Usque
1984 863 2025 935 ad

443 978 571 1076 legem,
584 1012 601 1047 s
620 982 658 1054 id
674 996 728 1054 est
742 997 818 1058 tcto
833 997 999 1083 tempore
1015 984 1077 1060 illc
1094 999 1289 1083 autequam
1305 984 1361 1057 lex
1376 1008 1442 1083 per
1454 986 1614 1082 Moysem
1630 982 1789 1077 daretur,
1810 1009 1829 1051 c
1845 996 2028 1082 peceatum

443 1114 518 1174 erat
532 1101 571 1172 in
586 1101 741 1194 mundo,
755 1130 774 1172 o
792 1103 876 1177 licet
890 1129 965 1177 nou
982 1106 1234 1205 imputaretur,
1254 1105 1292 1180 id
1305 1119 1361 1177 est
1374 1105 1421 1177 sb
1432 1102 1643 1177 hominibus
1655 1116 1875 1200 argueretur,
1893 1103 1950 1175 rel
1965 1126 2028 1201 pu·

444 1220 580 1293 niuem
592 1246 658 1321 per
674 1222 829 1321 aliquam
845 1224 975 1323 legem,
994 1251 1079 1299 oum
1091 1225 1258 1300 uidelicet
1272 1226 1329 1298 lex
1349 1225 1514 1299 nondum
1534 1224 1665 1323 scripta
1684 1236 1793 1312 esset,
1811 1220 1875 1294 sed
1891 1235 2029 1295 tantum

444 1339 627 1436 naturalis,
651 1366 716 1446 per
733 1367 844 1441 quam
859 1344 949 1432 bopi
966 1346 1022 1418 rel
1046 1344 1132 1418 mali
1154 1343 1408 1418 discretionem
1427 1341 1641 1417 nonnullam
1665 1339 1866 1428 habebant,
1890 1364 1934 1413 es
1960 1361 2033 1438 qua

444 1485 660 1559 cognoscere
677 1479 864 1563 peecatum
881 1481 1039 1565 possent.
1066 1472 1187 1539 Potest
1212 1465 1318 1539 etiam
1342 1466 1392 1538 sic
1409 1463 1481 1538 diei
1505 1477 1693 1564 peccatum
1713 1475 1797 1534 ante
1819 1461 1933 1559 legem
1955 1484 2029 1533 non

444 1580 612 1679 imputari
627 1580 675 1654 ab
688 1581 912 1678 homiuibus,
932 1585 968 1656 id
986 1600 1039 1658 est
1056 1609 1078 1658 a
1093 1583 1201 1657 nullis
1215 1585 1273 1657 rel
1290 1584 1415 1683 paucis
1434 1583 1606 1680 cognosci
1621 1579 1710 1680 quid
1726 1594 1816 1654 esset
1830 1594 2031 1680 peccalum,

442 1713 633 1797 antequam
653 1701 785 1775 scilicet
797 1704 1125 1804 concupiscentiam
1132 1705 1190 1777 lex
1199 1718 1370 1802 tanquam
1382 1718 1570 1803 peccatum
1581 1700 1823 1791 interdiceret,
1837 1713 1874 1771 et
1888 1697 2037 1772 doceret

442 1819 479 1889 in
499 1818 609 1892 corde
624 1821 747 1918 potius
756 1844 868 1919 qiam
883 1822 922 1894 in
933 1847 1044 1923 opere
1059 1839 1248 1923 peccatum
1269 1823 1476 1897 consistere.
1495 1820 1606 1910 Quod
1628 1819 1776 1918 quidem
1792 1819 1829 1891 in
1854 1817 2037 1915 sequenti·

440 1936 509 2010 hus
524 1952 687 2037 patenter
701 1941 890 2039 Apostolus
907 1942 1065 2017 edocens
1074 1944 1148 2017 ait¹
1168 1972 1176 2015 :
1199 1972 1217 2012 c
1229 1945 1301 2016 lex
1315 1955 1503 2042 pmcatum
1521 1939 1605 2013 est?
1629 1938 1734 2012 absit.
1760 1937 1833 2011 Sed
1847 1950 2040 2037 peccatum

442 2080 519 2129 non
531 2058 686 2156 cognovi
697 2059 765 2131 nisi
781 2084 847 2159 per
861 2061 991 2159 legem.
1014 2067 1104 2136 Nam
1120 2062 1450 2162 concupiscentiam
1472 2059 1691 2152 nesciebam,
1711 2072 1782 2131 etc.
1803 2084 1821 2125 s
1844 2061 2042 2130 Peccatum

443 2176 561 2275 itaque
574 2201 650 2250 ιιοιι
664 2178 910 2277 imputabatur
926 2182 1000 2255 sire
1015 2182 1190 2279 mginale
1204 2184 1280 2256 sire
1295 2182 1503 2282 proprium,
1527 2178 1566 2251 id
1583 2193 1637 2254 est
1660 2176 1893 2275 ignorabatur
1907 2173 1955 2247 ab
1973 2174 2042 2247 bo·

443 2295 601 2368 minibus
618 2296 738 2371 donec
751 2299 870 2398 ipsum
884 2299 939 2373 ier
954 2300 1100 2375 diceret.
1120 2306 1211 2375 Nam
1225 2316 1262 2375 et
1277 2304 1395 2403 ipsum
1412 2301 1614 2401 primorum
1633 2312 1823 2397 parentum
1846 2308 2044 2395 peccatum

442 2416 594 2490 etiamin
606 2419 897 2520 concupiscentia
907 2420 985 2515 iuit,
1002 2422 1093 2495 sicut
1106 2424 1279 2522 scriptum
1293 2425 1389 2495 est¹r
1408 2452 1427 2488 α
1440 2420 1540 2496 Vidit
1552 2441 1639 2518 ergo
1651 2415 1888 2513 mulierquod
1895 2414 2043 2488 bonum

441 2535 682 2633 essetlignum
696 2537 744 2610 ad
759 2539 993 2634 vescendum,
1012 2555 1049 2613 et
1068 2540 1263 2640 pulchrum
1282 2539 1396 2614 oeulis
1415 2553 1635 2638 aspectuque
1657 2535 1880 2625 delectabile,
1900 2548 1937 2607 et
1959 2532 2046 2606 tulit

441 2655 487 2727 de
497 2655 616 2728 fructu
632 2656 738 2750 illius,
757 2673 794 2731 et
809 2660 981 2734 eomedit.
997 2689 1014 2729 r
1029 2665 1073 2731 Et
1087 2659 1172 2733 licet
1186 2676 1375 2759 peccatum
1391 2674 1474 2731 acte
1490 2659 1620 2754 legem,
1644 2669 1685 2727 ut
1709 2654 1846 2728 dmum
1869 2667 1934 2746 est,
1962 2677 2046 2727 no·

441 2776 637 2875 imputetur
653 2776 702 2851 ab
724 2776 947 2872 hominibus,
974 2795 1094 2852 umen
1117 2779 1226 2851 etiam
1252 2793 1339 2851 tunc
1361 2775 1604 2877 imputabatur
1624 2801 1646 2850 a
1667 2779 1759 2860 Deo,
1777 2772 1953 2871 quoniam
1967 2797 2046 2871 pro

442 2895 520 2993 ipsc
537 2919 682 2995 poenam
698 2897 897 2997 corporalis
914 2899 1038 2971 mortis
1052 2897 1221 2970 omnibus
1233 2897 1423 2992 inserebat,
1438 2897 1626 2969 insinuans
1639 2920 1703 2993 per
1718 2894 1790 2968 hoc
1800 2890 1907 2964 nobis
1919 2914 1941 2963 ι
1953 2915 2048 2989 pro·

442 3014 527 3113 priis
544 3015 700 3089 maxime
713 3016 867 3115 peccatis
882 3041 960 3091 esse
975 3015 1193 3109 carendum,
1205 3042 1296 3099 ,cum
1316 3018 1389 3090 hoc
1411 3015 1669 3089 sustineremus
1692 3027 1840 3114 propter
1862 3009 2045 3084 alienum.

445 3138 488 3206 Et
508 3133 666 3208 hooest:
693 3135 793 3209 «sed
807 3138 967 3235 regnauit
983 3162 1095 3230 mors,
1116 3165 1135 3206 n
1161 3138 1295 3210 scilieet
1318 3134 1530 3236 corporalis,
1559 3134 1599 3206 id
1621 3149 1676 3207 est
1697 3134 1862 3232 quietum
1882 3129 2055 3203 obtinuit

442 3252 661 3348 dominium,
676 3269 714 3327 et
725 3270 810 3329 ante
821 3254 952 3353 legem,
971 3255 1011 3328 id
1026 3271 1095 3348 est,
1113 3284 1131 3325 c
1147 3256 1194 3328 ab
1209 3256 1321 3329 Adam
1336 3279 1448 3354 usque
1459 3254 1506 3327 ad
1521 3255 1680 3351 lloysem
1706 3253 1816 3326 ειὶιιιι
1837 3250 1876 3322 ἱιι
1893 3272 1959 3321 ecs
1982 3251 2055 3348 qui

442 3398 517 3446 non
536 3392 819 3473 peccaverunt,»
835 3376 987 3449 amenter
998 3375 1298 3472 transgrediendo
1310 3375 1402 3449 sicin
1415 3372 1531 3447 Adam
1551 3373 1645 3459 iecit,
1669 3371 1707 3444 id
1724 3384 1791 3464 est,
1810 3371 1848 3441 in
1870 3368 2055 3468 parrulos

442 3490 499 3565 vel
516 3493 697 3590 quoslihet
713 3496 935 3571 iunocenter.
952 3496 1025 3584 Qui
1044 3496 1179 3569 scilieet
1199 3494 1312 3568 Adam
1328 3509 1432 3566 retus
1446 3506 1501 3564 est
1520 3522 1538 3559 c
1551 3490 1667 3564 forma
1686 3490 1842 3584 lutari»
1865 3488 1903 3561 id
1920 3503 1978 3561 est
2005 3490 2057 3562 si·

444 3610 610 3684 militudo
627 3613 714 3684 nori
731 3614 829 3705 lde,
848 3614 887 3686 id
902 3630 957 3687 eet
971 3614 1104 3688 Christi
1118 3630 1202 3715 post
1225 3640 1309 3688 eum
1331 3613 1454 3686 bituri.
1482 3611 1595 3684 Adam
1613 3611 1705 3684 sicut
1720 3609 1834 3682 homo
1848 3632 2058 3682 comumue

445 3753 579 3801 nomen
596 3743 649 3801 oet
664 3744 737 3800 mm
754 3731 822 3802 riri
834 3756 945 3828 quam
962 3731 1115 3804 femine.
1140 3734 1226 3805 ldec
1250 3758 1335 3806 eum
1357 3733 1488 3806 dicitur
1510 3755 1627 3804 nouus
1649 3729 1778 3820 Adam,
1797 3727 1868 3801 tale
1888 3742 1943 3801 est
1955 3753 2008 3802 ae
2025 3730 2059 3802 si

443 3845 622 3918 diceretur
644 3870 761 3918 ncrus
779 3847 905 3939 homo,
929 3860 966 3919 et
988 3850 1098 3922 reteri
1121 3849 1263 3922 homiui
1284 3874 1348 3948 per
1371 3848 1618 3923 obedientiam
1647 3848 1798 3922 omnino
1824 3849 2057 3921 contrarius.

445 3962 722 4073 similitudinem
739 3965 823 4039 Adae
838 3981 874 4040 st
884 3965 1016 4040 Christi
1027 3967 1105 4067 ipse
1121 3967 1313 4068 Apostolus
1329 3969 1456 4067 aperit,
1476 3968 1669 4042 ostendens
1689 3968 1854 4042 videlicet
1872 3969 1921 4040 ita
1939 3968 2061 4042 Chri·

446 4101 542 4160 stum
553 4084 719 4157 omnium
733 4086 971 4185 qriritualium
996 4112 1072 4161 esse
1095 4103 1249 4188 patrem,
1268 4090 1359 4162 sieut
1377 4105 1429 4162 est
1445 4089 1557 4163 Adam
1575 4091 1787 4184 eumalium,
1809 4089 1881 4161 hoc
1900 4101 1971 4177 eet,
1996 4089 2059 4162 ita

446 4228 594 4306 praeesse
619 4204 787 4280 omnihus
817 4207 865 4279 ad
891 4207 1137 4306 generandum
1165 4207 1203 4280 in
1233 4213 1334 4304 Deo,
1360 4209 1454 4283 sieut
1478 4210 1538 4282 ille
1561 4226 1690 4310 praeest
1718 4212 1765 4285 ad
1794 4207 2059 4308 generandum

449 4323 587 4398 mundo
601 4351 609 4396 ι
623 4339 658 4397 et
673 4324 773 4398 hune
789 4327 840 4400 sic
853 4325 901 4401 ad
918 4326 1077 4401 vitamet
1092 4327 1254 4434 requiem
1268 4353 1345 4402 esse
1362 4344 1561 4422 auctorem,
1583 4331 1675 4404 sicut
1688 4331 1748 4405 ille
1760 4344 1812 4404 est
1825 4330 1871 4403 ad
1885 4340 2061 4401 mortem

448 4459 659 4544 etpoenam.
679 4449 800 4517 Potest
814 4445 922 4519 etiam
937 4445 986 4519 ad
1008 4445 1104 4520 hane
1126 4446 1411 4543 similitudinem,
1432 4449 1516 4522 Adue
1535 4449 1701 4523 videlicet
1724 4465 1761 4524 et
1784 4448 1933 4542 Christi,
1951 4445 2063 4527 illud

448 4563 570 4638 reduci
590 4564 691 4662 quod
708 4563 793 4637 alibi
815 4564 913 4637 idem
928 4568 1116 4666 hpmtolus
1129 4566 1329 4667 intelligens
1344 4569 1415 4641 rit·
1432 4596 1442 4641 ι
1457 4572 1759 4647 «Sacramentum
1780 4592 1953 4667 maguum
1977 4592 2068 4665 ego

450 4683 532 4759 dico
549 4684 587 4758 in
603 4683 748 4756 Christo
767 4698 803 4756 et
818 4683 856 4755 in
873 4685 1043 4781 Ecclesia,
1057 4717 1075 4754 r
1090 4686 1155 4760 sed
1176 4688 1299 4761 litterae
1316 4690 1481 4788 presenti
1501 4689 1630 4763 strfficit
1649 4690 1845 4764 similitudo
1859 4685 2063 4788 praedicte,

450 4830 559 4903 quam
577 4805 652 4904 ipsc
668 4801 859 4901 Apostolus
876 4807 1116 4904 prosequitur,
1138 4806 1185 4882 de
1197 4808 1332 4889 carnali
1347 4809 1480 4883 scilicet
1495 4823 1533 4884 et
1543 4811 1716 4910 spirituali
1730 4809 1976 4908 generatione.

502 4955 520 4996 c
539 4924 611 5000 Sed
622 4948 698 4997 non
715 4923 807 5017 sicut
822 4921 1024 4998 delictum»
1043 4925 1140 5020 Adae,
1162 4930 1242 5000 «ita
1260 4943 1362 5002 estet
1377 4928 1546 5003 donum»
1562 4929 1706 5026 Christi,
1725 4930 1762 5004 id
1776 4944 1850 5024 est,
1867 4952 1943 5001 non
1960 4943 2073 5002 sunt

497 5200 579 5262 item,
590 5214 645 5264 erp.
659 5213 700 5260 us,
712 5215 735 5252 r.
746 5206 770 5255 t.
783 5227 813 5241 -
823 5202 938 5268 'Gensm
950 5214 1005 5267 erp.
1019 5214 1057 5266 ut,
1074 5215 1096 5255 r.
1109 5204 1133 5255 θ.
1142 5229 1171 5241 -
1184 5201 1310 5268 Ἐριιιιη
1327 5217 1382 5268 cap.
1395 5218 1423 5271 r,
1436 5218 1459 5255 r.
1473 5209 1512 5258 tt.

2255 1263 2261 1340 ¹.

2256 1357 2262 1506 t

2260 1541 2264 1600 r
