4559 6100
738 543 993 618 THEOLOGIA
1018 545 1290 621 CHRISTIANA.
1743 549 1808 624 561

217 698 375 776 Platonis
397 698 581 772 verissima
605 697 711 787 ratio,
737 721 810 793 qua
831 696 998 770 videlicet
1018 696 1150 795 probat
1171 701 1288 769 Deum
1310 696 1513 769 nullatenus
1537 697 1714 771 muudum
1737 722 1813 771 me·

215 822 343 894 liorem
359 807 516 919 potuisse
540 817 672 908 facere,
691 840 800 915 quam
822 816 926 913 fecit,
939 816 997 888 Sic
1019 816 1155 915 quippe
1184 818 1222 889 in
1243 820 1373 890 Timeo
1392 818 1442 890 ait
1460 844 1469 888 z
1489 847 1507 884 α
1522 816 1726 890 Dicendum
1748 842 1814 889 cur

215 942 397 1031 conditor,
415 955 483 1012 eto.
498 969 516 1005 n
533 938 622 1027 Quis
638 938 746 1010 etiam
765 952 872 1035 neget
885 961 1183 1034 unumquemque
1204 950 1344 1010 tautum
1360 936 1450 1011 velle
1464 937 1558 1010 bene
1579 961 1682 1034 agere
1698 962 1814 1036 quan-

216 1075 292 1133 turn
322 1073 455 1160 potest,
480 1072 542 1132 aut
569 1082 844 1156 unumqumque
869 1072 1010 1131 tantum
1034 1057 1168 1132 debere
1194 1058 1288 1132 hene
1314 1082 1438 1158 agere,
1465 1070 1643 1156 quantum
1672 1059 1813 1156 potest?

215 1168 325 1268 Quod
352 1180 382 1251 si
410 1178 482 1250 hoo
512 1178 550 1249 in
580 1178 686 1251 nobis
711 1178 886 1273 judicium
916 1193 1102 1270 tenemus3
1134 1193 1271 1276 quanto
1299 1180 1412 1276 magis
1442 1179 1480 1250 in
1508 1202 1552 1250 eo
1585 1177 1648 1276 qui
1673 1202 1812 1249 summe

215 1315 266 1372 est
302 1299 444 1388 bouus,
482 1311 518 1370 et
550 1323 661 1396 quem
697 1298 817 1371 nullus
850 1299 1071 1397 operationis
1108 1298 1213 1371 labor
1248 1322 1396 1398 gravare
1433 1295 1583 1398 potest?
1615 1295 1811 1385 Quomodo

214 1433 335 1492 autem
357 1418 433 1490 vult
453 1433 489 1490 et
513 1432 632 1518 potest
656 1422 769 1508 Deus,
793 1419 823 1491 si
848 1443 923 1491 uon
945 1418 1111 1517 perlicit?
1131 1424 1201 1491 Aut
1222 1418 1410 1517 quomodo
1427 1419 1546 1517 justus
1570 1431 1641 1508 est,
1664 1415 1811 1514 siquod

214 1537 322 1611 debet
346 1553 382 1610 et
397 1539 505 1611 etiam
521 1553 639 1637 potest
661 1563 735 1611 non
753 1537 858 1611 iacit?
881 1537 953 1610 Sed
969 1553 1005 1611 et
1022 1540 1051 1610 si
1068 1540 1188 1611 minus
1202 1538 1429 1612 benefaceret
1446 1562 1554 1635 quam
1571 1549 1709 1635 posset,
1727 1560 1813 1635 per·

214 1657 304 1730 secte
327 1658 447 1731 bonus
469 1683 545 1730 uon
571 1674 675 1732 esset.
702 1660 799 1731 Facit
820 1660 940 1756 itaque
964 1658 1090 1731 ‘omnia
1114 1684 1193 1757 quae
1211 1672 1330 1758 potest
1351 1663 1469 1749 Deus,
1492 1671 1529 1730 et
1552 1670 1692 1729 tantum
1716 1654 1810 1728 bene

213 1793 389 1874 quantum
415 1791 544 1878 potest.
572 1779 642 1851 Sed
663 1803 738 1851 non
758 1803 897 1852 cessare
916 1777 964 1851 ab
988 1780 1030 1851 iis
1049 1794 1168 1878 potest
1184 1804 1263 1877 quae
1284 1778 1388 1868 facit,
1411 1792 1451 1848 ut
1471 1776 1637 1849 videlicet
1661 1800 1703 1847 ea
1722 1790 1809 1847 tunc

214 1920 288 1968 non
313 1898 416 1971 faciat
439 1898 586 1997 quando
610 1897 774 1972 iacienda
795 1913 891 1971 sunt.
911 1899 1054 1998 Quippe
1077 1901 1106 1971 si
1128 1914 1281 1972 cessaret
1300 1923 1322 1972 a
1342 1897 1450 1969 bonis
1466 1920 1547 1995 quae
1570 1910 1702 1995 posset,
1724 1919 1809 1967 cnm

213 2040 256 2088 ea
279 2016 355 2090 fieri
376 2032 579 2117 oporteret,
602 2018 765 2117 prolecto
788 2032 824 2090 et
846 2042 890 2089 ex
912 2017 985 2089 hoo
1006 2042 1080 2091 non
1104 2042 1181 2092 esse
1199 2019 1355 2119 perfecte
1377 2016 1517 2089 bonum
1540 2013 1811 2089 convincendus

212 2152 316 2208 esset.
337 2142 505 2210 Praenres
524 2162 759 2235 quaecumque
775 2138 808 2209 ei
835 2136 1041 2209 naturaliter
1063 2138 1204 2227 insunt,
1223 2163 1344 2211 carere
1361 2162 1435 2209 non
1453 2149 1582 2236 potest.
1603 2136 1658 2206 ΕΡ
1673 2148 1807 2223 autem,

212 2280 322 2352 quem
337 2282 480 2330 necesse
497 2272 550 2330 est
572 2282 713 2330 summe
726 2257 868 2330 bonum
888 2280 964 2330 esse
980 2271 1089 2356 atque
1111 2258 1324 2355 benignum,
1349 2283 1415 2330 nec
1438 2258 1475 2329 in
1492 2280 1556 2329 sna
1573 2256 1687 2328 minui
1704 2279 1810 2354 posse

212 2374 389 2470 bonitate,
417 2376 516 2449 bona
544 2376 710 2449 voluntas
734 2377 943 2449 naturaliter
967 2402 1010 2451 ac
1033 2377 1313 2451 substantialiter
1338 2379 1449 2466 inest,
1476 2401 1551 2449 uon
1585 2376 1677 2447 sicut
1704 2372 1810 2447 nobis

214 2516 277 2591 per
294 2494 484 2586 accidens,
503 2496 598 2569 unde
624 2520 705 2568 eam
724 2520 833 2594 quam
854 2496 963 2570 babet
985 2497 1121 2570 bonam
1136 2497 1358 2570 voluntatem
1379 2497 1562 2595 deponere
1583 2519 1659 2567 non
1675 2508 1806 2593 potest,

212 2637 322 2709 qnam
338 2628 374 2685 et
390 2617 509 2686 Deum
526 2639 602 2688 esse
618 2616 771 2690 concedi
784 2620 966 2692 convenit.
983 2623 1258 2718 Quamcumque
1272 2620 1393 2715 itaque
1409 2616 1547 2689 bonam
1564 2613 1674 2686 habet
1687 2613 1811 2686 volun·

213 2746 322 2805 tatem
332 2788 343 2825 ,
361 2758 484 2809 carere
501 2760 576 2809 non
594 2751 724 2836 potest.
746 2743 896 2812 Necesse
918 2755 971 2812 est
985 2742 1108 2837 igitur,
1128 2755 1169 2813 ut
1187 2739 1310 2811 omnia
1325 2763 1405 2835 quae
1421 2735 1511 2826 vult,
1534 2736 1610 2835 ipse
1626 2734 1727 2826 velit3
1747 2732 1811 2806 sed

213 2876 279 2925 nec
304 2854 470 2928 inefficax
495 2858 572 2954 ejus
593 2856 759 2931 voluntas
784 2883 862 2932 esse
886 2874 1037 2958 potest:
1066 2884 1212 2933 necesse
1234 2874 1288 2932 est
1310 2883 1395 2957 ergo
1419 2871 1460 2930 ut
1478 2880 1714 2954 quaecumque
1735 2853 1813 2925 vult

211 2973 287 3070 ipse
309 2973 482 3074 perficiat,
508 3002 592 3050 curn
609 3002 690 3051 eam
716 2978 882 3052 videlicet
899 3004 1084 3054 sumamus
1101 2980 1342 3073 voluntatem,
1361 3002 1441 3078 quae
1462 2976 1509 3051 ad
1531 2975 1642 3076 ipsius
1659 2975 1813 3074 pertinet

211 3094 492 3169 ordinationem.
513 3099 591 3170 lstis
607 3122 693 3195 ergo
709 3099 909 3172 rationibus
922 3100 1158 3173 astruendum
1177 3101 1331 3193 videtur,
1350 3099 1450 3197 quod
1467 3098 1571 3196 plura
1587 3100 1684 3167 Deus
1701 3095 1812 3169 nulla·

211 3226 315 3285 tenus
344 3214 459 3289 lacere
484 3218 598 3316 possit
623 3243 735 3314 qnam
765 3218 890 3311 laciat3
919 3233 983 3290 aut
1006 3219 1134 3292 melius
1165 3219 1297 3312 lacere,
1327 3234 1390 3291 aut
1414 3216 1461 3290 ab
1488 3217 1546 3289 his
1569 3238 1725 3307 cessare,
1748 3215 1810 3285 sed

210 3332 335 3406 omnia
344 3336 392 3406 ita
403 3349 442 3407 nt
458 3335 542 3408 iacit
557 3338 761 3410 necessario
771 3338 900 3411 facere.
914 3338 984 3410 Sed
997 3363 1120 3411 rursus
1135 3339 1282 3435 singulis
1297 3339 1369 3410 istis
1383 3334 1600 3409 difficillimae
1616 3347 1813 3405 occurrunt

210 3450 452 3547 objectiones,
482 3470 523 3527 ut
560 3471 714 3554 utroque
739 3481 853 3529 cornu
883 3458 1038 3554 graviter
1061 3456 1171 3530 fidem
1195 3471 1355 3530 nostram
1383 3468 1569 3555 oppugnet
1591 3451 1808 3551 complexio.

210 3572 299 3659 Quis
322 3573 420 3646 enim
436 3598 569 3671 negare
590 3574 741 3668 audeat,
761 3576 862 3675 quod
883 3601 958 3648 non
976 3577 1089 3676 possit
1104 3581 1202 3649 Deris
1219 3601 1305 3650 eum
1324 3576 1386 3674 qui
1409 3572 1637 3647 damnandus
1660 3586 1714 3644 est
1740 3570 1811 3644 sal-

209 3717 306 3783 vare,
326 3707 389 3766 aut
404 3694 592 3767 meliorem
614 3694 716 3769 illum
737 3697 801 3794 qui
823 3695 1016 3769 salvandus
1032 3712 1084 3768 est
1107 3696 1235 3787 facere,
1255 3678 1364 3793 quam
1382 3696 1458 3794 ipse
1481 3693 1620 3765 futurus
1636 3692 1681 3764 sit
1699 3690 1813 3764 colla-

210 3813 308 3882 tione
322 3837 471 3885 suorum
489 3812 684 3905 donorum,
705 3829 767 3888 aut
785 3818 936 3888 omnino
953 3817 1127 3889 dimisisse
1143 3841 1190 3888 ne
1205 3841 1291 3889 eum
1304 3838 1479 3913 umquam
1494 3810 1654 3885 crearet?
1668 3809 1812 3908 Quippe

209 3931 238 4001 si
256 3953 331 4000 non
349 3943 466 4027 potest
482 3936 579 4006 Deus
594 3932 695 4007 hunc
710 3933 862 4028 salvare,
877 3936 1001 4034 utique
1017 3960 1085 4009 nec
1097 3939 1174 4036 ipse
1188 3936 1316 4009 salvari
1332 3961 1353 4008 a
1369 3939 1447 4004 Deo
1460 3944 1590 4029 potest.
1608 3931 1811 4004 Necessaria

209 4050 344 4148 quippe
369 4064 424 4122 est
447 4049 523 4122 haec
542 4050 838 4150 reciprocationis
863 4056 1090 4144 consecutio,
1116 4053 1216 4150 quod
1238 4053 1267 4125 si
1288 4052 1352 4124 iste
1371 4052 1527 4124 salvatur
1553 4074 1574 4122 a
1596 4053 1687 4141 Deo,
1713 4053 1812 4122 Deus

210 4168 308 4241 hunc
325 4168 449 4242 salvat.
469 4169 573 4242 Unde
592 4171 622 4242 si
641 4170 810 4270 possibile
826 4185 880 4244 est
902 4171 1002 4245 hunc
1023 4170 1153 4245 salvari
1175 4176 1305 4266 aDeo,
1325 4170 1494 4271 possibile
1510 4185 1564 4243 est
1578 4173 1697 4243 Deum
1711 4171 1811 4244 bunc

208 4363 371 4443 termittit3
392 4378 487 4451 atque
499 4366 544 4429 ita
550 4367 618 4451 jam
630 4365 664 4430 in
678 4368 913 4458 suprapositum
925 4369 1155 4434 inconveniens
1165 4365 1358 4432 relabemur.
1373 4367 1428 4432 Sin
1443 4382 1551 4431 autem
1560 4363 1647 4430 dicas
1659 4363 1700 4429 de
1710 4363 1809 4429 altero

208 4458 297 4544 quod
309 4457 429 4523 factum
439 4483 504 4525 non
518 4478 576 4544 est,
592 4463 667 4552 quia
678 4488 747 4528 uon
763 4481 833 4531 erat
846 4467 972 4532 bonum
987 4483 1024 4532 ut
1035 4467 1165 4547 faceret,
1181 4465 1242 4529 nisi
1253 4464 1295 4528 ita
1309 4481 1345 4529 ut
1353 4463 1489 4529 alterum
1500 4479 1648 4542 cessaret,
1665 4461 1810 4551 profecto

207 4549 323 4618 eadem
335 4556 460 4621 ratione
474 4557 515 4623 de
529 4559 630 4625 altero
645 4560 734 4649 quod
748 4562 869 4628 factum
881 4580 929 4630 est
940 4588 1007 4629 non
1018 4566 1079 4629 erit
1093 4561 1277 4653 simpliciter
1290 4559 1535 4626 concedendum
1546 4576 1583 4625 ut
1592 4559 1717 4622 bonum
1729 4574 1811 4623 esset

208 4647 289 4715 illud
312 4647 399 4732 fieri,
417 4676 491 4718 cum
508 4679 598 4745 teque
615 4680 802 4724 concessum
817 4661 857 4724 sit
877 4677 945 4727 tam
964 4663 1030 4728 hoo
1046 4685 1145 4751 qnam
1160 4658 1241 4724 illud
1263 4657 1331 4723 ficri
1347 4657 1471 4722 bonum
1491 4678 1571 4722 esse.
1589 4655 1680 4721 Fecit
1701 4656 1809 4744 itaque

208 4749 295 4814 Deus
310 4747 400 4837 quod
409 4773 477 4815 non
487 4769 557 4817 erat
572 4753 696 4820 bonum
707 4754 793 4820 lieri?
808 4758 912 4824 Absit.
925 4759 1024 4842 Quod
1036 4761 1063 4822 si
1078 4759 1159 4823 illud
1170 4756 1275 4822 solum
1291 4753 1381 4845 quod
1395 4755 1482 4837 facit,
1493 4753 1562 4820 fieri
1577 4753 1668 4820 abeo
1684 4753 1808 4819 bonum

208 4847 434 5008 1⁰5⁵t'·}{,r⁰fe⁰t⁰
448 4848 527 4915 illud
541 4851 645 4916 solum
662 4852 751 4942 quod
765 4854 840 4920 iacit
855 4854 959 4921 facere
975 4871 1092 4945 potest,
1108 4858 1163 4946 qui
1180 4853 1258 4920 nihil
1275 4856 1379 4921 facere
1391 4868 1507 4944 potest,
1529 4853 1590 4918 nisi
1605 4851 1693 4940 quod
1711 4848 1752 4916 ab
1769 4873 1810 4915 eo

203 4979 206 4984 ·
231 4966 277 5008 err
318 4968 419 5010 onum
435 4963 494 5012 est.

243 5196 249 5223 ¹
259 5191 321 5243 llale
333 5195 358 5244 tn
370 5196 443 5246 odins
453 5195 478 5245 ει·
489 5207 535 5258 pro
545 5197 577 5246 ei.

327 5306 352 5344 n
