4559 6100
527 474 600 544 tot
1125 475 1253 548 PETlll
1279 476 1513 548 tamtan!

528 625 604 718 ejus
625 622 832 702 ascensione
855 625 1091 721 praemittitur,
1121 627 1285 721 quamvis
1312 626 1349 696 in
1372 651 1411 697 re
1435 628 1485 698 ita
1509 626 1743 723 corporaliter
1759 628 1805 700 sit
1822 627 1969 720 laetum,
1986 654 2127 727 quem-

529 741 615 813 dam
642 755 761 814 tamen
787 742 863 838 ejus
893 768 1080 816 ascensum
1105 746 1142 816 in
1167 743 1348 816 mentibus
1373 744 1532 850 fidelium
1556 746 1741 819 meliorem
1764 747 1938 845 designat.
1964 754 2018 820 De
2043 776 2123 848 qno

530 860 695 932 videlicet
726 885 873 932 ascensu
903 863 979 960 ipse
1011 864 1058 936 ad
1089 864 1238 936 Mariam
1256 863 1331 959 jam
1363 878 1466 935 autea
1497 864 1652 936 dixerat¹
1681 895 1690 936 :
1721 894 1740 933 u
1771 865 1851 937 Noli
1876 893 1934 940 tne
1957 883 2119 963 tangere,

531 979 693 1051 nondum
721 982 817 1052 enim
845 981 988 1060 ascendi
1012 982 1057 1053 ad
1082 986 1222 1054 Patrem
1249 1007 1382 1053 meum.
1399 1012 1418 1050 u
1446 987 1546 1058 Tunc
1570 983 1668 1055 enim
1694 999 1870 1081 tanquam
1894 987 1930 1056 iu
1954 986 2055 1058 nube
2076 989 2122 1060 ab

530 1099 643 1170 oculis
661 1099 851 1171 bominum
873 1100 1070 1173 sustollitur
1091 1100 1253 1172 Christus
1268 1101 1314 1173 ad
1335 1102 1481 1193 coelnm,
1504 1117 1543 1174 ut
1560 1102 1606 1174 ad
1621 1102 1805 1176 dexteram
1823 1105 1934 1176 Patris
1951 1105 2119 1196 resideat,

530 1217 678 1312 quando
701 1218 951 1316 praedicatione
969 1234 1175 1291 sauctorum
1200 1218 1246 1291 ab
1270 1235 1416 1317 aspectu
1437 1220 1623 1294 labou'osre
1642 1223 1720 1293 vitae
1743 1222 1964 1315 subtractus,
1990 1225 2120 1322 praedi-

532 1351 633 1408 catur
657 1338 705 1408 ita
727 1338 763 1408 in
786 1337 898 1432 gloria
920 1336 1149 1429 sublimatus,
1176 1353 1214 1410 nt
1237 1340 1330 1411 Patri
1351 1338 1600 1435 corregnando
1615 1341 1748 1438 pariter
1772 1342 1945 1413 universis
1965 1343 2117 1441 imperet
2238 1421 2239 1424 ,

529 1471 564 1525 et
594 1469 765 1552 tanquam
784 1456 972 1552 coaeqnalis
994 1456 1214 1548 substantia,
1240 1457 1309 1530 nel¹
1323 1457 1430 1530 Filius
1445 1484 1545 1556 teque
1571 1459 1778 1531 dominetur
1796 1460 1978 1536 omnibus.
2008 1462 2116 1549 Quod

529 1599 613 1645 rero
631 1576 677 1647 de
695 1575 886 1673 splendore
904 1577 997 1649 lunae
1013 1577 1069 1648 vel
1090 1576 1174 1648 solis
1193 1577 1462 1675 multiplicando
1479 1578 1676 1673 subjecisti,
1698 1593 1869 1677 tanquam
1884 1580 2117 1678 corporaliter

530 1693 604 1765 lteri
632 1694 679 1767 ad
707 1694 862 1768 suturam
886 1694 1159 1785 beatitudinem,
1188 1695 1288 1767 facile
1312 1711 1367 1770 est
1390 1711 1462 1768 tam
1486 1721 1529 1769 rx
1550 1700 1759 1770 auctoritate
1781 1699 1892 1796 ipsius
1909 1698 2114 1797 propbeta,

528 1815 590 1909 qui
614 1813 702 1885 illud
722 1813 823 1900 ditit,
843 1837 953 1911 quam
969 1840 1010 1888 er
1029 1815 1168 1887 ratione
1187 1816 1372 1887 manifesta
1388 1815 1511 1887 refelli.
1532 1817 1708 1896 [lominus
1725 1818 1860 1915 quippe
1881 1818 2112 1914 postmodum

529 1958 594 2029 per
624 1932 792 2006 eumdem
816 1934 967 2005 Jesaiam
994 1933 1041 2004 ad
1066 1934 1336 2005 Hierosolimam
1362 1933 1514 2030 loquens
1542 1949 1576 2006 et
1608 1936 1640 2005 ei
1667 1935 1794 2008 lotura·
1817 1936 1898 2008 vitae
1922 1935 2114 2009 claritatem

527 2054 740 2149 promittens
757 2054 852 2124 ait²:
876 2083 893 2120 u
907 2058 984 2126 Nou
1006 2053 1071 2126 erit
1093 2052 1157 2124 tibi
1173 2053 1325 2150 amplius
1342 2052 1396 2124 sol
1417 2053 1463 2126 ad
1483 2053 1676 2126 lucendum
1699 2080 1763 2151 per
1780 2054 1890 2138 diem,
1913 2079 1982 2126 nec
1997 2056 2112 2153 splen·

528 2171 598 2243 dor
614 2173 705 2246 lunae
722 2172 936 2246 illuminabit
958 2186 1005 2264 te,
1029 2171 1092 2244 sed
1115 2173 1183 2244 erit
1204 2173 1379 2244 Dominus
1396 2173 1431 2243 in
1453 2173 1570 2245 luceru
1593 2174 1846 2271 sempiternam
1864 2188 1900 2245 et
1921 2178 2018 2246 Dens
2036 2191 2113 2246 tons

529 2296 564 2365 iu
590 2292 740 2388 gloriam
767 2308 879 2366 tuam.
909 2296 989 2363 Non
1014 2292 1153 2366 occidet
1175 2291 1268 2362 ultra
1293 2292 1347 2362 sol
1370 2311 1453 2368 tnus
1476 2304 1510 2363 et
1534 2290 1620 2366 luna
1644 2307 1706 2365 tua
1727 2317 1800 2364 nou
1830 2294 2012 2365 minuetur
2038 2294 2110 2366 tibi.

526 2414 596 2494 Sed
622 2414 798 2484 Dominus
816 2414 881 2485 erit
900 2412 965 2483 tibi
986 2412 1023 2482 in
1045 2411 1161 2483 lucem
1181 2412 1436 2508 sempiternam
1453 2425 1489 2481 et
1509 2410 1785 2508 complebuntur
1805 2411 1882 2483 dies
1897 2411 2015 2484 luctus
2035 2416 2107 2485 tui:

526 2537 682 2633 populus
697 2548 817 2606 autem
842 2547 923 2603 tuus
939 2555 1065 2604 omnes
1077 2533 1163 2626 justi
1185 2530 1438 2602 hereditabunt
1457 2545 1605 2624 terram,
1629 2545 1697 2603 etc.
1712 2562 1730 2599 u
1750 2536 1836 2620 Quae
1854 2549 1908 2604 est
1923 2532 1989 2605 ista
2005 2549 2107 2625 terra,

527 2654 573 2725 ab
595 2654 669 2742 his,
695 2652 758 2748 qui
780 2654 1047 2750 inperpetuum
1066 2651 1152 2746 justi
1172 2651 1243 2721 sint
1265 2650 1512 2737 lrereditanda,
1529 2665 1566 2722 et
1579 2654 1765 2750 prasentia
1786 2653 1915 2724 divinar
1932 2652 2107 2741 claritatis,

528 2788 697 2866 tanquam
723 2771 816 2856 sole,
837 2772 896 2865 qui
917 2793 1102 2865 uunquam
1119 2770 1274 2856 occidat,
1298 2767 1545 2862 illuminanda,
1570 2771 1637 2841 nisi
1660 2771 1719 2844 illa
1741 2772 1867 2843 loturae
1887 2770 2110 2844 beatitudinis

525 2887 735 2968 eternitas?
768 2892 856 2975 Quae
883 2886 1045 2985 prolecto
1070 2887 1210 2959 claritas
1237 2911 1321 2958 cum
1347 2901 1445 2959 tanta
1473 2888 1537 2977 sit,
1571 2902 1610 2959 ut
1639 2889 1738 2961 nullo
1763 2888 1811 2962 ad
1837 2890 2107 2962 illuminandum

527 3024 627 3106 egeat
647 3008 874 3105 adjumento,
895 3022 989 3082 recte
1006 3010 1060 3081 sol
1080 3008 1146 3081 iste
1166 3007 1319 3106 amplius
1343 3006 1567 3082 illuminandi
1591 3007 1751 3083 officium
1780 3010 1940 3084 amittere
1962 3009 2103 3101 dicitnr,

527 3112 719 3227 postquam
742 3128 906 3201 videlicet
931 3153 1006 3200 non
1026 3128 1100 3224 Jam
1117 3127 1307 3219 animales,
1336 3127 1398 3199 sed
1424 3127 1597 3226 spiritales
1620 3129 1738 3201 effecti
1762 3130 1850 3200 illud
1873 3130 2106 3229 experiemur,

525 3250 623 3346 quod
636 3250 857 3346 praemissum
874 3263 962 3320 estu
980 3251 1143 3320 Mensura
1159 3247 1424 3344 hominisque
1441 3260 1477 3318 et
1493 3248 1640 3342 angeli³.
1664 3281 1682 3314 »
1703 3252 1791 3336 Quis
1802 3250 1958 3347 deniqne
1974 3252 2107 3345 ignoret

527 3373 665 3442 minora
693 3368 889 3443 ,luminaria
925 3368 1102 3462 majorum
1130 3369 1290 3465 apposita
1325 3365 1403 3438 luce
1431 3367 1550 3438 statim
1579 3367 1828 3458 obtenebrari,
1864 3384 1924 3440 ant
1953 3370 2106 3464 rigorem

525 3490 675 3585 perdere
697 3485 951 3561 illuminandi?
966 3487 1075 3574 Quod
1098 3488 1205 3582 igitur
1228 3485 1388 3557 ollicium
1411 3486 1634 3558 illuminandi
1656 3486 1716 3558 lux
1734 3488 1784 3558 ibi
1807 3513 1980 3587 corporea
2002 3489 2107 3585 possit

526 3609 676 3694 babere,
696 3607 760 3679 ubi
783 3606 911 3677 divinae
933 3606 1101 3677 claritatis
1122 3605 1309 3704 praesentia
1331 3607 1381 3676 sie
1404 3604 1616 3677 illuminabit
1638 3605 1850 3679 abscondita
1867 3607 2103 3691 tenebrarum,

527 3742 564 3797 ut
580 3729 657 3823 ipsa
672 3727 781 3798 etiam
795 3726 995 3797 manifestet
1011 3724 1159 3796 consilia
1176 3723 1350 3795 cordium.
1373 3723 1576 3794 «Videmus
1592 3750 1702 3816 nunc,
1720 3754 1738 3793 u
1758 3726 1872 3822 inquit
1889 3727 2103 3824 Apostolus,

526 3876 544 3910 te
557 3870 620 3942 per
636 3846 820 3942 speculum
833 3846 916 3916 etin
933 3846 1130 3940 aenigmate,
1154 3860 1239 3914 tunc
1265 3858 1384 3915 autern
1410 3842 1496 3914 lacie
1521 3841 1569 3913 ad
1586 3842 1724 3915 lacietu.
1739 3848 1842 3917 Nunc
1866 3870 2046 3941 cognosco
2067 3869 2104 3914 er

523 3979 646 4062 parte,
662 3977 748 4035 tunc
762 3977 881 4035 autem
895 3987 1123 4058 cognoscam,
1146 3963 1236 4033 sicut
1249 3964 1413 4058 cognitus
1429 3986 1522 4033 sum.
1539 3990 1558 4027 u
1576 3966 1675 4034 Tunc
1691 3963 1825 4062 qnippe
1841 3964 2012 4062 perfecte,
2026 3977 2106 4036 tunc

525 4084 704 4155 verissime
722 4094 850 4153 cuncta
866 4097 1128 4176 cognoscentur
1148 4079 1303 4172 anobis,
1323 4081 1414 4152 sicut
1427 4096 1462 4153 et
1474 4081 1522 4153 ab
1537 4082 1671 4176 angelis
1686 4106 1752 4179 per
1760 4082 1886 4155 oeulos
1903 4082 2035 4170 cordis,
2048 4080 2104 4152 ubi

523 4202 687 4293 omnium
710 4200 1080 4288 sensnum,·omuiutu
1095 4199 1445 4271 administrationum
1463 4198 1654 4272 cessabunt
1671 4199 1809 4293 officia,
1831 4226 1914 4272 cnm
1930 4204 1997 4273 erit
2013 4205 2107 4273 Dens

523 4322 644 4394 omnia
666 4322 704 4393 iu
726 4317 906 4391 omnibns.
930 4317 1011 4413 Ejus
1031 4319 1165 4416 quippe
1181 4319 1270 4389 visio
1292 4319 1343 4389 sio
1363 4317 1531 4391 omnibus
1550 4318 1681 4390 nostris
1697 4344 1761 4416 per
1781 4322 1905 4393 omnia
1925 4320 2106 4392 satisfaciet

522 4439 727 4529 desideriis,
760 4453 798 4509 ut
823 4438 900 4535 ipsa
925 4461 989 4535 per
1014 4462 1052 4509 se
1078 4438 1200 4508 omnia
1226 4434 1332 4507 nobis
1358 4435 1538 4526 conferat,
1567 4462 1646 4533 quae
1671 4461 1762 4511 verae
1778 4438 1999 4511 beatitudini
2025 4454 2105 4510 suut

522 4560 731 4631 necessaria.
752 4564 829 4656 lpsa
846 4559 907 4630 illa
927 4558 1056 4628 divinae
1079 4557 1268 4652 majestatis
1285 4557 1374 4626 visio
1390 4554 1495 4627 nobis
1519 4556 1588 4628 erit
1611 4557 1672 4628 lux
1688 4556 1914 4649 indeficiens,
1941 4561 2105 4631 sanctitas

520 4701 678 4770 summa,
699 4678 800 4774 quies
822 4690 1014 4774 perpetua,
1035 4700 1102 4774 pax
1130 4699 1277 4747 omnem
1302 4698 1447 4746 sensnm
1470 4698 1705 4773 exsuperans,
1730 4700 1839 4749 omne
1858 4677 2014 4774 denique
2037 4676 2106 4748 bo-

520 4823 626 4887 num,
649 4797 767 4869 omnis
782 4796 912 4887 virtus,
933 4818 1041 4866 omne
1060 4794 1242 4891 gaudium.
1262 4797 1353 4864 Cum
1371 4795 1490 4891 itaque
1510 4798 1606 4865 Deos
1628 4796 1694 4866 erit
1715 4796 1836 4868 omnia
1858 4798 1894 4867 in
1914 4796 2101 4884 omnibus,

555 5075 644 5133 noan,
656 5087 767 5135 capax,
781 5087 805 5119 r.
819 5074 902 5123 tt.-¹
914 5072 981 5132 tut,
995 5085 1047 5134 cap.
1063 5084 1102 5132 tr,
1116 5085 1138 5120 r.
1153 5074 1190 5129 ta,
1203 5073 1436 5135 tunt-Upon,
1448 5085 1502 5134 cap.
1519 5084 1572 5134 nn,
1583 5086 1597 5120 r
1625 5074 1844 5133 tumuerint,
1859 5073 1942 5136 keep.
1957 5088 2012 5134 rur,
2026 5086 2049 5122 r.
2065 5078 2093 5125 12
