4559 6100
21 4974 26 5167 l

22 5224 28 5281 l

689 613 734 683 lN
760 609 1003 683 uttst'OLttt
1027 612 1088 685 Ab
1120 611 1344 684 ROMANOS.
1740 609 1813 683 273

222 758 346 829 sancti.
371 785 390 826 c
405 760 495 831 Nam
508 758 712 857 prudentia.
732 789 750 827 >r
770 764 861 832 Vere
883 761 945 857 qui
969 759 1168 834 secundum
1192 784 1338 839 carnem
1360 773 1462 849 sunt,
1476 783 1569 857 ,φη
1593 758 1712 832 carnis
1730 774 1814 832 sunt

221 877 377 975 sapiunt,
394 878 478 975 quia
495 894 649 952 mortem
667 879 799 952 scilicet
820 881 959 972 anima,
986 879 1023 952 id
1047 895 1101 953 est
1117 880 1402 973 damnationem,
1427 903 1493 978 per
1515 879 1592 976 ipsa
1617 879 1837 952 carnalium·

222 993 479 1069 desideriorum
494 998 736 1096 experimenta
749 1024 829 1097 quac
847 987 915 1071 nos
936 998 1109 1088 alliciunt,
1124 1000 1344 1099 acquirimus
1361 1027 1369 1070 :
1389 999 1482 1071 sicut
1496 1022 1516 1070 e
1531 997 1711 1069 contrario
1727 1021 1813 1096 pru·

222 1112 340 1186 dentia
368 1116 533 1213 spiritns,
561 1117 598 1190 id
622 1132 674 1190 est
696 1119 942 1216 experimenta
966 1120 1140 1192 virtutum
1162 1133 1196 1191 et
1228 1117 1410 1190 bonorum
1430 1117 1497 1189 Dei
1526 1144 1544 1184 r«
1575 1116 1647 1188 vita
1674 1145 1693 1182 a
1723 1113 1816 1187 liunt

222 1232 326 1303 nobis
344 1248 508 1333 stupas,
527 1264 545 1302 »
562 1236 600 1308 id
616 1252 682 1327 est,
699 1239 857 1333 quietam
871 1237 918 1311 ab
935 1238 1036 1310 omni
1051 1237 1323 1336 perturbatione
1338 1236 1531 1309 conferunt
1545 1235 1672 1306 vitam:
1685 1238 1817 1322 cono·
1840 1267 1844 1274 ¹

223 1352 318 1424 niam
332 1355 551 1451 sapientia.»
566 1356 652 1428 ldeo
668 1357 858 1455 pmdentia
872 1360 990 1430 carnis
1002 1373 1155 1431 mortem
1171 1358 1335 1456 acquirit,
1352 1356 1438 1454 quia
1454 1359 1532 1428 Deo
1545 1355 1729 1427 contraria
1745 1368 1813 1443 est,

223 1485 256 1541 et
269 1474 422 1545 omnino
444 1474 636 1574 displicens
657 1503 665 1546 τ
685 1492 720 1549 et
739 1502 851 1575 quare
873 1476 1058 1576 displiceat
1076 1479 1194 1550 statim
1214 1478 1384 1570 annectit,
1401 1476 1485 1574 quia
1501 1473 1569 1572 legi
1586 1474 1653 1545 Dei
1672 1497 1746 1546 non
1764 1488 1825 1546 est·

221 1589 393 1687 subjecta,
409 1593 516 1667 idest
541 1598 728 1696 praeceptis
746 1596 877 1669 divinis
894 1597 1043 1670 obedire
1061 1623 1137 1670 non
1157 1599 1253 1670 sinit.
1273 1601 1425 1692 «Neque
1440 1595 1542 1668 enim
1554 1607 1673 1692 potest
1692 1623 1710 1661 »
1729 1592 1818 1666 obe·

221 1709 393 1783 dientiam
408 1714 475 1785 Dei
487 1738 645 1814 servare,
663 1747 680 1782 α
694 1717 764 1804 Qui
778 1731 912 1790 autem.
929 1745 947 1784 »
975 1719 1130 1815 Exponit
1145 1716 1234 1814 quid
1259 1716 1470 1815 sapientiam
1488 1714 1608 1786 carnis
1623 1711 1718 1786 dicat
1738 1717 1816 1785 Dec
1845 1733 1848 1752 ²

222 1828 418 1918 inimicam,
437 1831 509 1905 lroc
524 1848 576 1905 est
595 1859 671 1906 esse
689 1836 727 1906 in
745 1858 866 1929 carne,
887 1834 923 1907 id
946 1837 1053 1908 estin
1073 1835 1277 1908 carnalibus
1302 1834 1471 1908 delectari
1496 1832 1754 1932 voluptatibus,
1780 1847 1825 1904 et¹

222 1971 284 2045 per
299 1948 372 2021 hoc
389 1949 589 2050 displicere.
611 1954 857 2026 Continuatio.
876 1955 957 2026 Dixi
975 1955 1187 2053 sapientiam
1202 1957 1320 2028 camis
1343 1954 1525 2027 inimicam
1542 1957 1633 2041 Dec,
1652 1977 1721 2024 neo
1740 1953 1818 2026 siue

222 2090 341 2156 causa,
361 2070 424 2142 sed
442 2071 524 2143 ideo
542 2072 625 2169 quia
647 2075 741 2171 «qui
759 2075 796 2146 in
815 2099 924 2148 carne
940 2088 1037 2167 suut,
1060 2089 1128 2147 etc.
1150 2104 1167 2141 u
1190 2104 1207 2142 u
1222 2078 1297 2148 Vos
1312 2089 1447 2148 autem.
1468 2106 1486 2140 n
1511 2077 1562 2146 Ne
1586 2071 1850 2169 desperarent*

224 2188 394 2280 Romani,
414 2190 546 2287 quibus
562 2191 755 2282 scribebat,
779 2194 966 2266 audientes
981 2193 1081 2292 quod
1101 2196 1163 2291 qui
1184 2196 1222 2267 iu
1238 2219 1347 2267 carne
1369 2208 1454 2266 sunt
1477 2197 1554 2264 Deo
1579 2191 1721 2290 placere
1741 2215 1819 2263 non

222 2324 387 2405 possunt,
401 2313 502 2408 qnasi
514 2321 663 2410 propter
678 2338 717 2385 se
730 2315 838 2386 etiam
852 2314 989 2387 dictum
1004 2329 1108 2406 esset,
1129 2314 1337 2388 consolatur
1352 2339 1415 2386 eos
1431 2312 1554 2385 dicens
1570 2340 1579 2382 ι
1594 2316 1666 2383 Vos
1681 2325 1815 2398 autem,

222 2429 335 2520 gratia
350 2430 428 2519 Dei,
442 2430 518 2526 jam
540 2462 556 2497 s
579 2456 654 2504 non
669 2434 753 2506 estis
769 2433 806 2503 in
824 2456 946 2525 carne,
964 2432 1027 2505 sed
1044 2434 1080 2505 in
1095 2434 1236 2531 spiritu,
1247 2462 1274 2501 -u
1296 2434 1333 2505 id
1362 2448 1415 2505 est
1438 2456 1513 2503 uon
1538 2432 1576 2502 in
1598 2428 1816 2515 carnalibus,

222 2545 284 2617 sed
296 2547 542 2645 spiritualibus
556 2550 756 2624 desideriis.
767 2556 810 2624 Et
827 2577 875 2625 ne
885 2554 1014 2625 iterum
1027 2553 1073 2626 de
1084 2553 1156 2626 hoc
1170 2552 1268 2650 quod
1284 2567 1447 2640 testatur,
1464 2551 1567 2650 quasi
1581 2563 1699 2621 certus
1710 2558 1815 2640 esan,

178 2665 194 2694 ⁹
224 2665 331 2737 nimis
352 2665 595 2741 confidereut¹
615 2684 652 2742 et
674 2672 722 2743 ad
747 2670 953 2770 superbiam
980 2671 1134 2770 amplius
1156 2671 1401 2762 incitarentur,
1432 2668 1565 2767 quibus
1590 2669 1746 2740 maxime
1770 2666 1817 2739 ad
1910 2697 1914 2708 ·

223 2782 416 2858 elationem
433 2812 560 2861 eorum
578 2790 842 2890 reprimendam
859 2790 993 2880 scribit,
1015 2793 1115 2889 quasi
1128 2791 1325 2865 dubitative
1340 2792 1413 2863 hoc
1425 2788 1632 2888 seproliterl
1647 2789 1824 2877 insinuat,

224 2902 345 2977 dicens
366 2934 374 2978 :
397 2934 417 2975 «
433 2909 471 2980 Si
485 2923 605 2981 tamen
624 2912 780 3009 spiritus,
800 2925 885 3002 etc,
900 2939 919 2979 n
933 2912 1006 2984 hoc
1022 2927 1088 3001 est,
1107 2907 1323 3011 si‘spiritum
1342 2910 1408 2983 Dei
1422 2909 1563 2982 habetis
1577 2906 1819 2981 habitatorem

224 3025 342 3121 potius
359 3052 472 3125 quam
487 3027 687 3128 hospitem,
707 3030 745 3104 id
762 3046 815 3104 est
830 3046 1100 3130 permanentem
1117 3033 1155 3105 in
1172 3031 1275 3104 vobis
1299 3057 1365 3131 per
1386 3029 1645 3104 inhabitantem
1658 3027 1820 3126 gratiam

223 3168 337 3236 suam,
350 3171 427 3219 non
442 3147 579 3220 avobis
595 3151 823 3224 recedentem
840 3152 896 3224 vel
913 3177 979 3251 per
994 3176 1059 3224 vos
1076 3166 1334 3225 transeuntem.
1347 3154 1531 3238 Quantum
1545 3163 1665 3221 autem
1675 3148 1719 3221 sit
1733 3149 1821 3246 peri-

223 3265 345 3338 culum
364 3268 488 3365 spirito
506 3268 573 3341 Dei
599 3293 721 3343 carere
746 3271 903 3344 annectit
929 3270 1052 3345 dicens
1074 3300 1082 3342 :
1104 3270 1248 3361 «Quod
1272 3272 1302 3343 si
1326 3271 1498 3365 quianon
1523 3266 1633 3340 habet
1655 3267 1820 3364 spiritum

223 3384 366 3477 Christi,
386 3387 446 3459 hic
463 3413 539 3460 non
556 3403 610 3462 est
626 3389 715 3485 ejus,
734 3418 753 3457 »
772 3389 938 3463 videlicet
953 3391 1178 3482 membrum,
1197 3390 1280 3488 quia
1298 3389 1442 3488 spiritus
1457 3388 1534 3482 ejus
1548 3387 1624 3483 ipse
1647 3398 1701 3456 est
1718 3408 1821 3456 amor

223 3518 258 3576 et
282 3506 485 3602 vinculum,
510 3533 585 3607 quo
608 3509 694 3582 huic
722 3511 829 3609 capiti
855 3509 1018 3582 membra
1041 3534 1105 3581 sua
1132 3509 1326 3582 colraerent.
1348 3511 1401 3580 De
1426 3530 1500 3605 quo
1525 3503 1671 3602 quidem
1694 3502 1819 3602 spiritu

223 3624 424 3722 specialiter
440 3625 584 3718 dicitur,
598 3629 682 3727 quia
698 3633 795 3701 Deus
806 3630 934 3702 caritas
948 3644 1013 3702 est.
1025 3633 1115 3702 Cum
1132 3644 1254 3703 autem
1268 3628 1393 3725 primo·
1403 3625 1491 3698 dixit
1508 3624 1672 3723 spiritum
1687 3623 1766 3711 Dei,
1784 3638 1821 3694 et

223 3757 393 3840 praeterea
410 3745 557 3835 Christi,
577 3748 696 3846 ipsum
714 3748 875 3847 prolecto
892 3749 1087 3837 Christum,
1108 3749 1210 3846 cujus
1232 3749 1340 3820 etiam
1358 3745 1444 3819 dicit
1460 3745 1621 3817 divinm
1640 3743 1821 3841 spiritum,

225 3860 362 3935 dictum
392 3889 469 3937 esse
493 3865 730 3939 demonstrat.
752 3896 771 3936 c
794 3869 829 3940 si
854 3883 988 3941 autem.
1012 3900 1030 3935 a
1049 3876 1099 3941 Ac
1120 3871 1150 3941 si
1177 3867 1331 3956 diceret,
1358 3868 1387 3938 si
1413 3865 1579 3964 spiritum
1601 3862 1732 3934 Christi
1756 3863 1821 3934 Dei

225 3980 399 4055 habemus
420 4012 427 4054 :
445 3985 545 4082 quod
566 4000 618 4058 est
644 3986 785 4081 dicere,
803 3988 832 4060 si
848 3988 1010 4061 Christus
1032 3990 1277 4088 perspiritum
1304 4010 1423 4073 suum,
1451 3985 1489 4057 id
1513 3998 1565 4057 est
1578 4007 1656 4083 ‘per
1671 3982 1821 4079 gratiam

225 4100 406 4175 donorum
424 4128 586 4198 suorum,
608 4121 732 4205 utpote
749 4109 996 4181 remissionem
1013 4121 1247 4207 peccatorum
1262 4121 1298 4179 et
1318 4106 1549 4178 collationem
1570 4105 1756 4191 virtutum,
1782 4103 1820 4173 in

227 4220 331 4294 nobis
353 4238 421 4296 est.
447 4228 623 4324 «Corpus
646 4224 793 4323 quidem
822 4242 985 4299 nostrum
1016 4242 1200 4301 mortuum
1222 4240 1296 4320 est,
1324 4255 1342 4292 s
1368 4224 1404 4297 id
1432 4237 1485 4296 est
1512 4222 1692 4322 corporali
1714 4220 1823 4292 morti

227 4338 438 4414 obnoxium.
457 4371 475 4411 c
489 4347 638 4443 Propter
655 4360 843 4444 peccatum
857 4378 875 4414 ι
895 4348 1028 4421 scilicet
1041 4349 1241 4446 primorum
1255 4359 1460 4445 parentum,
1476 4344 1549 4415 sive
1568 4340 1719 4414 carnalis
1737 4363 1823 4413 con·

226 4458 453 4557 cupiscentiae
470 4460 666 4548 maculam,
686 4463 724 4532 in
744 4487 816 4559 qua
831 4476 886 4535 est
901 4476 1132 4562 conceptum.
1156 4460 1260 4533 «Sed
1275 4460 1421 4558 spiritus
1435 4472 1558 4530 noster
1574 4458 1660 4531 vivit
1673 4464 1822 4554 propter
1947 4466 1952 4471 '

223 4576 533 4674 justificationem,
550 4608 569 4649 u
586 4579 625 4652 id
641 4594 692 4654 est
707 4606 749 4654 ex
767 4581 959 4655 virtutibus
976 4606 1054 4679 quae
1071 4605 1155 4653 eum
1170 4576 1385 4676 justificant,
1407 4590 1561 4649 mortem
1581 4574 1824 4650 dannationis

195 4694 205 4708 '
228 4694 351 4768 evitat.
370 4704 416 4769 Ac
432 4698 462 4771 si
477 4715 602 4797 aperte
618 4699 734 4792 dicat,
756 4701 838 4773 licet
863 4703 901 4773 in
918 4701 1060 4773 Christo
1077 4698 1324 4773 remissionem
1349 4696 1457 4771 etiam
1475 4694 1629 4768 carnalis
1643 4692 1823 4791 orig'malis

229 4816 366 4912 peccmi
382 4841 659 4917 consequamur,
677 4823 779 4917 cujus
800 4821 949 4920 quidem
973 4821 1110 4921 peccati
1136 4843 1234 4892 mors
1255 4818 1365 4890 etiam
1390 4817 1508 4888 camis
1523 4831 1577 4890 est
1595 4837 1721 4916 poena,
1747 4833 1823 4884 non

229 4948 346 5008 tamen
366 4935 459 5012 banc
475 4939 621 5017 abstulit
637 4965 781 5040 poenam
798 4943 860 5039 qui
877 4943 1031 5015 removit
1046 4965 1204 5016 causam.

261 5215 423 5269 'ammes
434 5218 516 5279 Queri
528 5226 612 5272 certus
624 5228 686 5272 esset
697 5222 785 5281 nimir,
799 5221 951 5287 mandente·
964 5229 988 5274 et
1000 5223 1034 5274 nd
1047 5223 1202 5288 superbiam,

348 5327 372 5365 u
