4559 6100
320 417 323 425 “
417 388 422 396 ’
483 440 556 510 aaa
1087 434 1216 507 esaar
1243 434 1477 508 aemesam

487 587 556 659 nsi
574 586 684 674 enim,
705 598 744 655 ut
760 583 896 657 dietum
913 597 979 673 est,
997 607 1105 681 poena
1123 583 1183 656 illa
1198 585 1243 655 sit
1257 583 1367 672 bona,
1382 607 1457 656 non
1475 583 1557 656 ideo
1577 582 1716 657 bonnm
1734 585 1954 685 simpliciter,
1972 590 2008 661 id
2026 604 2085 661 est

484 708 580 779 laona
598 731 655 777 res
671 718 724 778 est
741 704 909 777 dicenda.

531 829 733 898 Cnnrsnan.
754 828 839 895 Esto
855 823 981 913 modo,
1004 837 1041 895 ut
1057 823 1159 908 dicis,
1180 837 1214 894 te
1232 822 1396 896 videlieet
1412 848 1454 895 ex
1473 826 1651 897 concessis
1669 849 1744 896 non
1765 850 1870 925 posse
1887 830 1999 923 argui,
2022 845 2080 920 nt,

484 945 585 1040 quod
609 944 749 1015 bonnm
772 958 844 1031 est,
871 941 1048 1015 concedas
1073 966 1257 1013 summum
1281 942 1439 1014 hominis
1463 942 1598 1015 malum
1624 968 1719 1034 esse,
1745 947 1910 1043 quamvis
1935 971 2082 1045 poenam

486 1065 582 1137 illam
597 1117 606 1152 ,
623 1086 702 1159 quae
719 1061 816 1134 bona
831 1076 883 1133 est
897 1077 932 1133 et
944 1063 1052 1157 justa,
1071 1086 1252 1133 summum
1266 1061 1354 1135 illud
1368 1062 1502 1134 malum
1516 1087 1592 1135 esse
1606 1087 1681 1135 non
1696 1063 1846 1137 abnuas.
1863 1065 1932 1137 Sed
1949 1063 2081 1139 iterem

486 1207 607 1282 quaero
626 1207 708 1254 cum
728 1197 801 1255 tam
817 1182 922 1279 culpa
945 1180 1150 1281 praecedens
1172 1205 1281 1278 quam
1298 1205 1406 1279 poena
1422 1180 1507 1254 inde
1521 1183 1734 1279 proveniens
1752 1183 1886 1255 malum
1903 1185 1961 1273 sit,
1977 1187 2080 1282 quod

487 1307 619 1375 horum
637 1302 793 1375 deterius
817 1326 859 1374 ac
876 1302 991 1398 majus
1010 1300 1170 1373 hominis
1187 1301 1322 1372 malum
1344 1300 1539 1374 dicendum
1557 1302 1620 1388 sit,
1648 1317 1768 1375 utrum
1787 1303 1952 1377 videlieet
1972 1307 2080 1403 culpa

486 1425 575 1519 epis,
606 1446 684 1520 qnae
713 1421 899 1492 hominem
926 1420 1061 1492 malum
1094 1418 1223 1514 efficit,
1247 1444 1294 1491 an
1316 1443 1423 1518 prena
1447 1444 1526 1517 quae
1552 1445 1572 1493 a
1596 1424 1673 1493 Deo
1697 1419 1791 1494 illata
1814 1423 1949 1518 justum
1970 1424 2007 1496 in
2033 1450 2081 1496 eo

484 1543 660 1639 judicium
679 1541 771 1636 agit?

537 1653 677 1733 Panos.
693 1665 810 1752 Certe,
830 1673 869 1732 ut
884 1660 1035 1752 vestime,
1054 1658 1212 1731 deterius
1225 1657 1384 1730 hominis
1400 1657 1534 1729 malum
1548 1673 1600 1731 est
1615 1661 1720 1758 culpa
1737 1664 1826 1757 ejus,
1845 1687 1955 1759 quam
1972 1690 2079 1762 poena

487 1783 610 1878 ipsius.
631 1784 722 1853 Cum
739 1779 837 1850 enim
854 1778 946 1850 inter
962 1777 1129 1874 quaelibet
1147 1776 1238 1850 mala
1256 1776 1345 1850 illud
1361 1777 1431 1849 alio
1448 1777 1564 1873 majus
1579 1802 1656 1850 esse
1671 1804 1746 1851 non
1761 1779 1956 1875 dubitetur,
1978 1786 2078 1881 qnod

497 1898 652 1999 amplius
681 1902 759 1970 Deo
775 1897 937 1995 displicet
951 1911 988 1969 et
1009 1921 1118 1996 poena
1136 1897 1285 1994 dignum
1307 1913 1378 1988 est,
1400 1898 1580 1992 quisnam¹
1599 1897 1739 1971 dubitet
1761 1901 1906 2000 culpam
1924 1902 2082 1977 deterius

488 2041 695 2115 essequam
719 2040 862 2116 poenam
887 2015 1026 2115 culpae?
1045 2020 1093 2086 Ex
1117 2015 1223 2115 culpa
1250 2016 1384 2115 quippe
1406 2015 1518 2088 homo
1542 2020 1619 2089 Deo
1637 2017 1820 2117 displicet,
1843 2020 1941 2094 unde
1966 2023 2083 2095 malus

487 2139 630 2228 dicitnr,
654 2160 729 2208 non
750 2161 793 2207 ex
818 2158 925 2234 poena
947 2159 1025 2232 quae
1054 2160 1121 2234 pro
1144 2136 1250 2235 culpa
1266 2137 1455 2231 irrogatur.
1481 2135 1543 2208 llla
1563 2137 1697 2237 quippe
1717 2136 1890 2234 injustitia
1912 2158 1985 2230 est,
2005 2144 2080 2215 haec

485 2259 626 2353 justitiae
643 2255 786 2328 debitus
805 2254 952 2328 effectus
972 2270 1006 2327 et
1028 2281 1069 2328 ex
1094 2256 1295 2327 intentione
1317 2269 1412 2327 recte
1437 2256 1664 2353 proveniens.
1687 2263 1787 2331 Patet
1808 2260 1929 2357 itaque
1953 2263 1989 2333 in
2012 2263 2080 2335 ho·

489 2363 586 2448 mine
602 2374 640 2446 id
657 2374 814 2448 deterius
832 2398 921 2462 esse,
941 2373 1040 2471 quod
1057 2399 1141 2447 enm
1158 2398 1261 2445 reum
1275 2375 1479 2463 constituit,
1498 2399 1607 2473 quam
1625 2377 1725 2474 quod
1743 2379 1931 2477 puniendo
1943 2383 2079 2477 justum

489 2499 525 2568 in
542 2519 587 2568 eo
600 2494 776 2591 judiciam
796 2493 879 2588 agit.
1731 2559 1739 2570 ,

536 2620 737 2687 Cumania.
756 2617 848 2684 Cum
874 2614 980 2709 igitur
1002 2614 1108 2711 culpa
1129 2614 1289 2685 hominis
1315 2612 1428 2709 majus
1445 2613 1491 2684 sit
1511 2612 1668 2686 hominis
1690 2616 1823 2690 malum
1842 2643 1951 2717 quam
1974 2645 2081 2718 poena

488 2735 619 2832 ipsius,
647 2730 837 2828 quomodo
870 2756 1016 2831 poenam
1042 2732 1199 2803 hominis
1223 2755 1407 2803 summum
1431 2730 1509 2827 ejus
1534 2732 1668 2806 malum
1692 2760 1901 2835 nuncupas,
1926 2762 2010 2836 qua,
2040 2757 2081 2813 ιιι

489 2855 626 2926 dictum
644 2867 711 2942 est,
733 2851 846 2948 majus
863 2851 997 2924 malum
1014 2864 1066 2924 est
1082 2850 1215 2949 culpa?

540 2978 679 3045 Panes.
703 2968 820 3042 Placet
838 2970 971 3069 itaque,
996 2971 1026 3042 si
1051 2983 1211 3042 nostram
1233 2970 1269 3040 in
1289 2968 1360 3040 hoc
1382 2969 1567 3070 improbas
1591 2974 1821 3071 opinionem,
1850 2990 1945 3048 tuam
1970 3000 2083 3077 snper

488 3096 558 3171 lroc
582 3092 707 3166 audire
729 3090 956 3183 sententiam,
982 3090 1070 3188 quid
1087 3089 1251 3163 videlicet
1271 3114 1453 3165 summum
1470 3090 1627 3165 hominis
1644 3093 1779 3166 malam
1796 3119 1941 3168 censeas
1956 3099 2081 3197 appel·

489 3211 663 3286 landum?

535 3338 737 3404 Cnarsrran.
759 3328 849 3401 lllad
870 3330 1002 3425 itaque,
1019 3330 1216 3426 quodcum
1232 3328 1449 3403 deteriorem
1465 3328 1605 3401 ellioere
1621 3344 1750 3429 potest,
1764 3334 1855 3404 sicut
1866 3359 1887 3405 e
1898 3339 2080 3407 contrario

478 3467 670 3524 'summum
687 3451 763 3545 ejus
779 3449 917 3521 bonum
935 3473 999 3546 per
1015 3447 1116 3545 qnod
1132 3472 1216 3519 eum
1237 3447 1421 3521 meliorem
1438 3446 1530 3520 effici
1547 3462 1700 3520 constat.

538 3576 680 3643 Parnes.
705 3574 748 3640 Et
762 3593 842 3666 qnae
858 3566 1009 3639 obsecro
1025 3565 1210 3638 sentilla?

536 3695 739 3762 Camsrmn.
756 3692 944 3759 Summum
962 3686 1038 3781 ejus
1053 3683 1193 3774 odium,
1211 3709 1351 3757 summa
1368 3683 1513 3757 dilectio
1530 3686 1567 3757 in
1586 3691 1719 3778 Denm3
1740 3713 1803 3786 per
1821 3714 1901 3787 quae
1916 3690 2078 3763 videlicet

489 3808 562 3879 duo
585 3808 618 3879 ei
645 3808 706 3904 qui
726 3806 933 3904 simpliciter
955 3827 998 3877 ac
1022 3804 1167 3902 proprie
1187 3828 1368 3876 summum
1390 3803 1529 3875 Ιιοιιιιιιι
1553 3805 1696 3892 dicitur,
1716 3805 1905 3904 displicere
1926 3808 2081 3907 amplius

490 3924 544 3998 vel
566 3920 706 4022 plaeere
728 3938 880 3996 constat.
897 3928 1063 4011 Quorum
1080 3921 1241 4020 prolecto
1257 3935 1450 4020 utrumque
1469 3936 1550 4020 post
1570 3923 1663 3996 lianc
1682 3926 1790 3997 vitam
1813 3927 1986 4024 sequitur.
2006 3929 2078 4014 Qui

488 4046 585 4115 enim
609 4042 790 4141 perpetuis
814 4056 849 4113 et
876 4042 1038 4113 maximis
1063 4043 1270 4113 cruciantur
1294 4042 1426 4140 poenis,
1455 4056 1592 4140 quanto
1617 4067 1656 4115 se
1682 4043 1835 4142 amplius
1859 4043 1916 4116 his
1940 4049 2077 4141 gravari

488 4162 657 4253 sentiunt,
681 4173 783 4232 tanto
800 4160 837 4231 in
856 4184 941 4231 eum
956 4159 1058 4255 cujus
1071 4158 1432 4258 puniunturjndiciO,
1447 4184 1491 4232 ex
1505 4160 1583 4260 ipsa
1597 4159 1848 4261 desperatione
1861 4165 1973 4237 veoiae
1987 4163 2075 4237 odio

490 4283 617 4378 majori
643 4278 887 4354 inardescunt.
907 4285 1024 4367 Quem
1040 4279 1183 4378 penitus
1200 4302 1275 4349 non
1292 4301 1368 4349 esse
1384 4278 1535 4372 vellent,
1555 4296 1594 4353 ut
1611 4282 1662 4354 sic
1677 4281 1803 4355 saltem
1820 4308 1841 4356 a
1859 4308 1967 4383 poena
1984 4283 2078 4355 libe·

489 4404 560 4474 rari
576 4414 739 4499 possent,
761 4415 796 4472 et
817 4400 865 4470 ita
882 4397 988 4494 longe
1003 4397 1199 4470 deteriores
1215 4394 1266 4467 ibi
1286 4410 1371 4468 sunt
1385 4396 1546 4472 odiendo
1562 4423 1673 4496 quam
1689 4399 1750 4473 hic
1764 4404 1971 4476 exstiterunt
1987 4426 2078 4476 con·

489 4520 699 4592 temnendo.
726 4518 784 4591 Sic
810 4518 1031 4590 econtrario
1058 4516 1265 4613 quicunque
1285 4514 1346 4587 illa
1369 4517 1435 4589 Dei
1463 4518 1601 4593 visione
1625 4520 1806 4614 fruuntur,
1829 4521 1876 4594 de
1899 4546 1973 4621 qua
1992 4522 2079 4594 dicit

490 4639 710 4740 psalmista⁸z
726 4667 743 4699 α
756 4638 920 4711 satiabor
928 4662 1009 4708 cum
1019 4635 1225 4734 apparuerit
1240 4635 1354 4731 gloria
1364 4651 1436 4727 tua,
1452 4637 1518 4710 »id
1535 4653 1589 4712 est
1604 4655 1794 4738 postquam
1807 4642 2000 4715 divinitatis
2010 4656 2079 4714 tuae

489 4761 707 4856 majestatem
729 4780 794 4855 por
815 4756 1039 4853 temetipsum
1059 4753 1150 4826 mihi
1171 4751 1463 4846 manifestaveris,
1480 4758 1569 4831 nihil
1584 4758 1732 4833 ulterius
1747 4760 1944 4859 indigendo
1960 4762 2081 4858 requi·

522 5036 528 5063 ³
545 5029 579 5079 Ιιι
591 5033 690 5093 eonjtctt
703 5027 851 5082 lthelnrratvl.
865 5026 925 5078 cod.
940 5026 1002 5087 Qaa's
1013 5040 1072 5078 aaa.
1083 5052 1112 5065 -·
1124 5028 1133 5057 ¹
1146 5025 1242 5078 Ριιιῑιιι.
1256 5039 1320 5089 svn,
1335 5040 1357 5077 r.
1369 5031 1408 5080 15.
