4559 6100
941 491 1171 566 ntltootJS.
1786 489 1858 562 ote

267 647 374 723 nobis
390 673 411 721 a
425 653 503 720 Deo
519 648 573 720 lex
590 646 673 719 data
689 644 746 715 sit.
766 648 819 715 De
836 666 920 740 qua,
939 643 969 714 si
985 667 1076 738 quos
1094 642 1186 714 forte
1202 666 1276 713 non
1292 665 1482 740 possumus
1498 638 1702 712 incredulos
1715 660 1856 734 cogere,

269 791 377 841 nemo
396 782 514 839 tamen
532 779 598 858 est,
619 765 682 862 qui
696 762 787 854 bo'c,
806 760 905 859 quod
927 761 1124 850 credimus,
1145 761 1284 834 ratione
1300 761 1414 858 possit
1430 759 1547 854 aliqua
1565 757 1735 829 refellere.
1755 756 1858 825 Pium
1957 791 1958 795 =

270 888 403 985 quippe
430 898 483 957 est
517 884 649 956 sentire
677 895 713 954 et
742 882 893 954 omnino
921 882 1053 953 rationi
1080 893 1363 953 consentaneum
1387 893 1423 949 et
1453 892 1525 949 tam
1551 875 1680 948 divinar
1708 874 1860 946 bonitati

270 1029 380 1102 quam
398 1003 562 1074 humanae
585 1026 786 1099 congruum
809 1000 932 1092 saluti,
951 1004 1067 1071 Deum
1084 1000 1122 1070 in
1138 1013 1280 1070 tantum
1301 1021 1426 1068 curam
1447 996 1638 1068 hominum
1663 1017 1801 1090 gerere,
1822 1009 1862 1066 ut

270 1153 333 1200 eos
363 1151 509 1224 quoque
539 1125 626 1221 legis
655 1125 788 1223 scripto
816 1125 1024 1221 dignaretur
1053 1124 1253 1213 instruere,
1285 1136 1317 1192 et
1350 1122 1480 1193 timore
1512 1119 1638 1192 saltem
1674 1140 1862 1215 pernarum

271 1263 431 1319 nostram
458 1245 628 1318 malitiam
652 1245 857 1342 reprimere.
878 1244 915 1314 Si
939 1244 1036 1315 euim
1062 1241 1251 1313 salubriter
1268 1238 1403 1312 adhoc
1423 1238 1637 1311 secularium
1658 1238 1862 1337 principum

271 1372 366 1467 leges
398 1371 563 1441 institutae
589 1383 692 1457 sunt,
720 1369 800 1465 quis
827 1391 1009 1440 summum
1035 1366 1199 1437 omnium
1224 1363 1517 1460 benignissimum
1546 1364 1746 1461 principem
1773 1384 1862 1432 con·

272 1488 421 1561 tradicat
448 1489 494 1561 de
516 1487 588 1560 hoc
610 1511 755 1584 quoque
772 1510 896 1559 curam
919 1485 1139 1583 suscepisse?
1156 1483 1352 1571 Quomodo
1371 1483 1469 1554 enim
1487 1482 1567 1579 quis
1589 1482 1666 1552 sine
1685 1478 1761 1575 lege
1779 1477 1863 1551 sub·

269 1606 403 1702 jectum
428 1607 603 1706 populum
627 1605 827 1701 gubernare
849 1606 993 1703 poterit,
1020 1604 1049 1675 si
1073 1601 1236 1675 videlicet
1252 1603 1403 1699 quisque
1424 1625 1490 1672 suo
1508 1601 1673 1672 dimissus
1692 1597 1861 1687 arbitrio,

273 1727 373 1823 quod
396 1727 552 1824 elegerit,
571 1726 765 1821 sequatur?
780 1731 848 1796 Aut
866 1723 1053 1821 quomodo
1063 1724 1174 1819 juste,
1192 1722 1378 1820 puniendo
1396 1722 1529 1806 matos,
1551 1744 1677 1792 eorum
1695 1717 1863 1791 malitiam

274 1848 481 1945 compescit,
501 1846 567 1917 uisi
591 1847 690 1944 prius
704 1846 760 1917 lex
775 1859 902 1916 statuta
922 1845 979 1932 sit,
1003 1867 1082 1940 quae
1098 1843 1192 1914 mala
1209 1841 1284 1914 lieri
1301 1840 1422 1914 vetet?
1440 1846 1515 1912 Hac
1532 1841 1671 1912 ratione
1688 1837 1865 1935 liquidum

274 1989 351 2037 esse
377 1965 500 2055 crede,
526 1963 687 2035 divinam
713 1963 828 2059 legem
855 1963 891 2033 in
917 1961 1127 2032 hominibus
1152 1961 1379 2059 praecessisse,
1411 1973 1451 2031 ut
1474 1960 1581 2057 hujus
1607 1983 1752 2057 quoque
1778 1957 1866 2029 boni

276 2085 433 2156 mundus
454 2081 642 2155 exordium
662 2097 696 2154 et
714 2083 996 2155 auctoritatema
1014 2086 1089 2153 Deo
1107 2095 1282 2168 sumeret,
1302 2105 1385 2152 cum
1409 2079 1606 2177 aliquarum
1624 2081 1744 2175 legum
1763 2079 1867 2150 insti-

276 2204 416 2275 tutione
454 2201 625 2274 malitiam
653 2201 832 2274 refrenare
864 2200 971 2272 vellet
979 2229 990 2288 ς
1021 2199 1182 2297 alioquin
1218 2199 1318 2272 facile
1344 2199 1457 2271 videri
1491 2213 1633 2298 posset,
1661 2203 1778 2270 Deum
1811 2220 1867 2270 res

276 2322 454 2393 humanas
475 2344 550 2391 non
571 2344 710 2412 curare,
729 2336 765 2392 et
781 2321 899 2419 ipsum
916 2318 1043 2389 mundi
1063 2331 1195 2389 statum
1214 2317 1361 2390 fortuitu
1378 2319 1496 2415 potius
1512 2320 1587 2414 agi,
1613 2342 1722 2414 quam
1745 2318 1868 2415 provi·

278 2440 401 2512 dentia
425 2440 511 2536 regi.
538 2440 575 2510 Si
600 2462 671 2534 qua
693 2462 780 2511 vero
803 2440 861 2510 lex
885 2464 906 2509 a
931 2442 1008 2510 Deo
1032 2437 1115 2510 data
1137 2462 1214 2509 esse
1238 2437 1395 2533 ereditur
1418 2437 1570 2530 mundo,
1594 2437 1640 2509 de
1664 2460 1737 2535 qua
1757 2438 1869 2533 magis

278 2558 595 2649 consentiendum,
620 2580 730 2652 quam
752 2558 797 2629 de
814 2571 936 2629 nostra
959 2579 1039 2652 quae
1061 2554 1207 2657 tandem
1231 2579 1274 2627 ex
1296 2569 1468 2627 vetustate
1489 2570 1525 2629 et
1544 2559 1729 2628 communi
1751 2554 1869 2627 bomi-

279 2702 367 2749 num
393 2677 566 2775 opinione
589 2690 695 2748 nacta
711 2689 764 2748 est
789 2674 1065 2748 auctoritatem?
1083 2674 1135 2746 Sit
1152 2673 1309 2772 denique
1324 2673 1474 2746 dubium
1499 2674 1587 2746 mibi
1610 2676 1701 2747 sicut
1723 2689 1759 2746 et
1779 2673 1868 2768 tibi,

280 2796 380 2895 quod
396 2795 491 2867 hanc
513 2798 610 2866 Deus
626 2793 740 2890 legem
758 2795 960 2883 instituerit,
980 2793 1079 2890 qnod
1096 2807 1151 2864 tot
1167 2808 1285 2867 tamen
1306 2794 1517 2866 testimoniis
1533 2809 1568 2865 et
1585 2795 1722 2866 ratione
1743 2793 1874 2866 confir-

283 2929 413 3003 matur,
436 2915 574 3010 cogeris
597 2928 717 2985 tamen
735 2914 935 2986 secundum
959 2913 1153 3012 suppositae
1175 2913 1415 2985 similitudinis
1431 2913 1690 3000 inductionem,
1716 2913 1754 2985 id
1785 2914 1873 2985 mibi

282 3032 493 3120 consulere,
527 3047 566 3104 ut
595 3033 662 3131 ipsi
688 3032 878 3126 obediam,
910 3033 1062 3104 maxime
1096 3057 1181 3104 cum
1207 3031 1349 3104 adhoc
1376 3034 1524 3132 propria
1552 3059 1610 3105 me
1636 3034 1762 3105 invitet
1785 3059 1874 3106 con·

285 3151 445 3225 scientia.
464 3151 587 3222 Fidem
607 3166 726 3222 tecum
754 3151 801 3222 de
825 3152 932 3223 unius
957 3152 1022 3224 Dei
1042 3154 1189 3224 veritate
1211 3177 1443 3225 communem
1468 3151 1599 3241 habeo,
1627 3178 1727 3251 aeque
1756 3153 1874 3251 ipsum

284 3270 455 3359 fortassis,
473 3285 513 3341 ut
530 3284 587 3358 tu,
607 3268 731 3364 diligo,
756 3283 793 3342 et
814 3294 858 3341 ex
874 3268 1056 3369 operibus,
1075 3295 1154 3368 quae
1171 3284 1211 3342 tu
1230 3297 1305 3343 non
1323 3271 1452 3362 habes,
1477 3271 1515 3342 id
1538 3271 1684 3369 insuper
1707 3271 1872 3344 exhibeo.

286 3390 384 3478 Quid
400 3388 489 3460 mihi
505 3389 581 3460 haec
596 3413 719 3487 opera,
738 3390 767 3463 si
785 3414 859 3461 non
877 3390 1028 3489 prosint,
1048 3389 1222 3480 officiunt,
1241 3391 1394 3463 etiamsi
1412 3415 1485 3461 non
1503 3391 1574 3462 sint
1589 3406 1776 3490 praecepta,
1793 3393 1877 3488 quia

286 3533 360 3582 non
395 3523 479 3580 sunt
502 3507 709 3606 prohibita?
738 3511 826 3596 Quis
854 3534 913 3581 me
948 3511 1054 3582 etiam
1082 3534 1230 3607 arguere
1264 3510 1393 3609 possit,
1424 3510 1453 3610 si
1479 3509 1579 3581 nullo
1607 3522 1643 3581 et
1666 3512 1878 3582 constrictus

286 3642 464 3727 praecepto
485 3628 638 3727 amplius
660 3654 727 3726 pro
744 3630 901 3700 Domino
922 3628 1076 3702 laboro?
1097 3631 1186 3718 Quis
1202 3629 1297 3703 hanc
1319 3630 1476 3727 arguerit
1499 3629 1608 3701 fidem
1623 3654 1703 3728 quae
1718 3629 1878 3703 divinam

286 3747 485 3850 bonitatem
507 3748 675 3835 maxime,
700 3763 739 3820 ut
762 3747 899 3821 dictum
922 3763 992 3842 est,
1017 3750 1248 3823 commendat
1271 3764 1308 3821 et
1331 3748 1525 3848 plurimum
1550 3764 1709 3823 nostram
1733 3751 1769 3821 in
1795 3776 1878 3823 eum

287 3866 469 3939 caritatem
486 3866 670 3959 accendit,
689 3869 753 3964 qui
769 3868 861 3940 adeo
877 3867 924 3940 de
939 3884 1063 3940 nostra
1080 3869 1252 3941 sollicitus
1268 3870 1314 3941 sit
1329 3871 1461 3959 salute,
1482 3884 1521 3941 ut
1537 3894 1605 3942 nos
1620 3871 1726 3941 etiam
1749 3871 1880 3969 scripto

288 3984 374 4082 legis
399 3985 564 4082 dignetur
589 3987 792 4059 instruere?
817 3992 884 4059 Aut
908 3987 1015 4083 igitur
1038 3987 1173 4082 aliquid
1198 3988 1235 4058 in
1259 3986 1327 4061 hae
1350 3988 1426 4085 lege
1448 4013 1576 4085 argue,
1606 4003 1686 4079 aut,
1713 4014 1779 4060 cur
1802 4015 1882 4062 eam

288 4126 493 4199 sequamur,
521 4104 700 4200 inquirere
726 4103 875 4177 desiste!
900 4104 1191 4178 Crudelissimum
1209 4110 1326 4182 Deum
1348 4108 1474 4178 astruit
1492 4131 1580 4200 esse,
1599 4108 1760 4205 quisquis
1775 4108 1882 4205 hujus

291 4222 356 4294 reli
372 4225 486 4295 nostri
509 4226 822 4321 perseverantiam,
850 4239 948 4298 tanta
973 4226 1227 4315 sustinentem,
1248 4250 1270 4299 a
1291 4226 1456 4298 mercede
1478 4249 1628 4298 vacuam
1648 4251 1724 4299 esse
1747 4244 1880 4300 censet.

291 4340 393 4412 Nulla
409 4341 543 4440 quippe
559 4366 646 4436 gens
658 4367 820 4440 unquam
835 4357 935 4416 tanta
950 4368 1018 4441 pro
1031 4348 1109 4416 Deo
1123 4343 1308 4442 pertulisse
1324 4346 1496 4432 noscitur,
1513 4345 1694 4417 autetiam
1708 4345 1881 4440 creditur,

290 4473 425 4554 quanta
447 4482 515 4529 nos
535 4459 666 4555 jugiter
686 4485 751 4558 pro
777 4463 856 4558 ipso
879 4462 1116 4555 sustinemus,
1145 4461 1313 4559 nullaque
1339 4461 1466 4560 rubigo
1489 4464 1623 4560 peccati
1648 4489 1722 4536 esse
1747 4479 1882 4564 potest,

291 4597 401 4672 quam
431 4599 506 4647 non
534 4601 749 4649 consumere
776 4578 959 4651 fornacem
985 4579 1092 4676 hujus
1118 4580 1321 4653 afflictionis
1345 4579 1493 4651 concedi
1520 4580 1663 4654 debeat.
1692 4587 1819 4655 Nonne
1846 4584 1883 4655 in

292 4716 419 4766 omnes
442 4694 592 4791 dispersi
617 4696 782 4767 nationes
800 4694 867 4767 soli
887 4698 963 4770 sine
979 4719 1070 4795 vrege
1086 4699 1142 4770 vel
1159 4699 1324 4798 principe
1342 4714 1484 4772 terreno
1510 4702 1617 4773 tantis
1642 4702 1886 4784 exactionibus

293 4836 496 4910 gravamur,
515 4828 555 4885 ut
571 4813 719 4910 singulis
736 4812 808 4887 fere
823 4813 951 4886 diebus
966 4816 1047 4888 vitae
1060 4832 1190 4889 nostrae
1203 4817 1338 4890 miserae
1361 4818 1644 4918 redemptionem
1662 4823 1887 4896 exsolvamus

293 4930 578 5004 intolerabilem?
602 4936 715 5004 Tanto
741 4933 875 5033 quippe
900 4959 968 5007 nos
994 4949 1203 5035 contemptu
1227 4949 1263 5008 et
1286 4937 1372 5010 odio
1398 4937 1498 5034 digni
1520 4962 1708 5012 censemur
1734 4941 1781 5014 ab
1806 4965 1886 5014 om·

294 5048 420 5144 nibus,
439 5065 479 5123 ut
492 5052 653 5150 quisquis
669 5051 775 5125 nobis
793 5053 949 5151 aliquam
974 5053 1101 5126 inferat
1115 5055 1301 5152 injuriam,
1317 5055 1355 5127 id
1372 5057 1564 5128 maximam
1579 5057 1704 5131 credat
1714 5059 1888 5157 justitiam

462 5190 487 5229 ¹1
1152 5216 1153 5219 =
1689 5180 1728 5238 82
