4559 6100
328 510 334 517 ⁴
451 521 522 596 525
1054 525 1183 599 l'E'l‘lll
1210 528 1446 602 ABAELARDI

449 674 486 746 id
512 674 612 771 quod
636 698 714 747 non
739 676 783 747 sit
805 642 914 748 cerea*
930 676 1072 772 imag03
1091 691 1127 750 et
1149 678 1281 752 animal
1302 694 1376 752 tam
1397 679 1444 752 ad
1466 678 1652 752 hominem
1674 701 1784 776 quam
1809 675 1856 748 ad
1877 699 1952 746 non
1969 674 2044 747 bo-

449 794 596 867 minem.
612 799 673 868 Est
685 796 804 893 itaque
820 794 947 867 Filium
958 797 1087 892 gignia
1103 801 1206 870 Patre
1220 798 1379 872 divinam
1396 800 1614 899 Sapientiam
1628 799 1688 889 ita,
1707 812 1745 870 ut
1763 795 2044 868 determinatum

334 988 338 995 ,
448 929 521 1005 est,
543 939 586 987 er
610 914 732 987 divina
755 915 917 988 Potentia
943 940 1032 1005 esse,
1060 940 1144 988 cum
1169 918 1257 1016 ipsa,
1284 932 1324 990 ut
1349 918 1486 992 dictum
1513 932 1582 1009 est,
1610 917 1790 1016 Sapientia
1814 914 1979 1013 quaedam
2002 916 2045 986 sit

453 1034 627 1129 potentia,
646 1046 756 1131 atque
770 1035 881 1132 ipsius
898 1036 1069 1109 Potentiae
1086 1037 1153 1108 Dei
1167 1062 1247 1135 que
1264 1053 1318 1110 cst
1335 1039 1612 1137 omnipotentia,
1630 1037 1731 1134 quasi
1747 1036 1867 1134 portio
1881 1033 2044 1132 quaedam

453 1153 530 1249 ipsa
554 1153 600 1225 sit
622 1153 813 1252 Sapientia,
840 1155 1028 1252 quomodo
1049 1169 1085 1229 et
1100 1156 1269 1252 quislibet
1289 1157 1382 1229 iilius
1403 1158 1524 1257 portio
1544 1156 1709 1254 quaedam
1734 1169 1924 1255 parentum
1949 1176 2045 1251 quo·

452 1270 651 1345 dammodo
679 1272 822 1347 dicitur.
856 1273 942 1348 Ideo
974 1290 1094 1348 antem
1124 1278 1228 1374 quasi
1254 1281 1410 1377 partern¹
1441 1276 1710 1375 omnipotentiae
1735 1287 1772 1346 et
1795 1296 1872 1346 non
1903 1274 2046 1371 proprie

454 1406 592 1489 mrtem
618 1391 771 1465 dicimus
796 1395 1036 1493 Sapientiam,
1064 1396 1162 1493 quod
1190 1397 1287 1469 nulla
1312 1399 1359 1469 sit
1382 1422 1502 1469 rerum
1528 1395 1723 1468 multitudo
1748 1396 1784 1465 in
1810 1392 1871 1465 illa
1895 1392 2044 1490 simplici

454 1511 597 1607 penitus
620 1512 815 1585 divinitatis
840 1527 981 1603 natura,
1008 1538 1162 1611 quarum
1185 1532 1364 1588 conventu
1383 1516 1563 1612 quantitas
1588 1513 1737 1610 alicujus
1761 1513 1871 1584 totius
1896 1534 2045 1609 compo-

453 1644 572 1722 natur,
596 1644 763 1730 utsupra
781 1632 858 1728 jam
881 1634 1007 1733 saepius
1032 1635 1274 1707 meminimus.
1299 1638 1339 1707 ln
1362 1660 1407 1707 eo
1430 1651 1549 1707 tamen
1568 1634 1669 1731 quasi
1693 1647 1829 1731 partem
1851 1630 2044 1728 qnamdam

453 1752 733 1849 Ornnipotsntiae
757 1751 910 1825 dicimus
928 1754 1162 1852 Sapientiam,
1185 1755 1286 1852 quod
1313 1781 1397 1828 cum
1420 1757 1496 1855 ipse
1519 1760 1618 1827 Deus
1633 1779 1675 1826 ex
1696 1751 1958 1849 omnipotentia
1984 1773 2046 1823 sna

452 1869 498 1943 ad
516 1869 656 1944 infinita
671 1871 810 1968 agenda
830 1897 868 1945 se
885 1872 1027 1966 lrabeat,
1046 1899 1090 1947 er
1105 1875 1285 1973 Sapientia
1301 1874 1349 1947 ad
1364 1874 1642 1957 discernendum
1662 1884 1802 1946 tantum
1822 1894 1898 1943 sese
1914 1867 2043 1957 habet3

453 2003 491 2062 et
513 2014 597 2065 cum
615 1989 778 2063 dicamus
794 1994 1096 2090 omnipotentiam
1118 1994 1185 2065 Dei
1201 1994 1303 2091 quasi
1324 2019 1473 2068 omnem
1493 1995 1694 2094 potentiam
1716 1992 1805 2089 ejus,
1828 1989 1951 2090 plures
1973 1990 2047 2087 ejus

455 2109 633 2206 potentias
647 2107 921 2207 quodammodo
939 2110 1105 2200 dicimus,
1125 2127 1301 2209 quantum
1318 2114 1367 2185 ad
1381 2114 1508 2186 ellecta
1533 2114 1679 2199 scilicet,
1706 2111 1779 2183 boe
1794 2124 1848 2182 cst
1865 2108 1914 2182 ad
1931 2108 2046 2183 diver·

453 2230 592 2303 sitatem
611 2253 738 2303 eorum
758 2254 839 2327 quae
855 2253 960 2326 agere
982 2245 1115 2331 potest,
1137 2232 1337 2304 secundum
1361 2232 1462 2330 quod
1484 2233 1637 2306 dicimus
1661 2255 1746 2304 eum
1767 2229 1911 2301 diversa
1929 2253 2046 2326 agere,

453 2372 538 2421 eum
562 2372 656 2421 tanus
680 2363 790 2446 atque
808 2348 906 2422 idem
923 2352 1075 2424 omnino
1095 2367 1312 2450 perseveret.
1332 2353 1437 2424 Unde
1453 2367 1490 2424 et
1508 2376 1622 2424 uuum
1641 2365 1677 2424 et
1694 2348 1864 2422 eumdem
1878 2348 2048 2448 Spiritum

452 2482 617 2543 sanetum
634 2468 868 2568 multiplicem
885 2470 1051 2560 dicimus,
1070 2495 1132 2543 seu
1152 2472 1261 2544 etiam
1279 2487 1419 2570 septem>
1433 2473 1600 2570 Spiritus,
1619 2468 1819 2543 secundum
1836 2466 2049 2567 septiformis

451 2589 572 2683 gratie
598 2588 867 2687 operationem,
897 2613 972 2661 non
1000 2591 1200 2663 secundum
1227 2590 1476 2664 substantiam.
1508 2596 1554 2663 Et
1573 2590 1716 2663 attende
1745 2588 1846 2687 quod
1871 2588 2049 2685 quemad·

454 2707 606 2783 modum
624 2707 663 2780 in
679 2708 913 2806 suprapositis
929 2708 1234 2803 generationibus,
1254 2708 1301 2782 de
1317 2711 1474 2808 imagine
1488 2710 1622 2782 scilicet
1635 2723 1671 2780 et
1687 2708 1819 2807 specie,
1836 2704 1964 2778 licebm
1979 2705 2047 2777 sibi

452 2852 519 2926 per
544 2827 836 2926 praedicationem
858 2827 988 2899 sociari
1007 2828 1158 2900 nomina
1179 2828 1240 2900 illa
1263 2830 1466 2925 generantis
1490 2831 1542 2901 rei
1562 2844 1599 2901 et
1616 2829 1756 2925 genitae,
1784 2851 1864 2924 quae
1884 2824 2049 2898 absolute

451 2946 687 3039 dicebantur,
708 2945 773 3019 sed
791 2970 867 3018 non
888 2944 948 3019 illa
968 2946 1118 3019 nomina
1141 2973 1221 3046 quse
1243 2949 1388 3021 relative
1406 2949 1451 3022 ad
1472 2950 1626 3022 invicem
1646 2947 1827 3037 dicuntur,
1850 2945 2049 3018 secundum

453 3067 660 3166 hujusmodi
675 3068 944 3165 generationem
961 3094 970 3138 :
990 3068 1039 3141 ita
1059 3069 1168 3141 etiam
1183 3070 1219 3140 in
1237 3070 1306 3143 hac
1322 3071 1399 3169 ipsa
1416 3071 1645 3167 generatione
1663 3068 1798 3140 divina.
1822 3070 1903 3163 lpsa
1917 3068 2049 3165 quippe

452 3191 572 3286 imago
589 3212 693 3261 cerea
708 3201 762 3261 cst
785 3211 889 3277 cera,
918 3201 954 3260 et
978 3187 1055 3286 ipse
1073 3187 1187 3262 homo
1211 3204 1265 3262 est
1288 3190 1435 3284 animal,
1461 3205 1496 3262 et
1522 3215 1543 3262 e
1563 3190 1781 3278 converso'3
1807 3186 1871 3259 sed
1897 3210 1973 3258 non
2001 3186 2050 3257 ihi

452 3310 572 3408 ipsum
588 3309 814 3382 materiatum
839 3322 893 3380 est
909 3309 1072 3400 materia,
1090 3308 1146 3381 vel
1169 3311 1246 3409 ipsa
1264 3312 1412 3383 materia
1427 3323 1481 3382 cst
1496 3310 1682 3383 materiata
1697 3332 1719 3380 a
1734 3331 1786 3380 se.
1812 3310 1897 3378 llaec
1917 3307 2050 3406 quippe

454 3432 604 3504 nomina
631 3430 782 3502 materia
808 3444 844 3502 et
872 3432 1100 3503 materiatum
1126 3430 1274 3502 relative
1299 3431 1347 3502 ad
1374 3432 1530 3503 invicem
1555 3430 1738 3519 dicuntur,
1769 3428 1862 3500 sicut
1886 3431 1991 3500 Pater
2018 3441 2051 3498 et

454 3551 574 3624 Filius.
609 3550 672 3623 llla
699 3574 787 3623 vero
813 3550 1041 3650 supraposita
1072 3549 1272 3621 secundum
1300 3550 1536 3623 substantiam
1562 3550 1684 3648 potius
1710 3572 1820 3647 quam
1852 3546 2051 3620 secundum

455 3670 665 3744 relationem
681 3670 933 3768 predicantur.
958 3669 1142 3742 Materiam
1162 3668 1311 3764 quidem
1328 3669 1482 3742 dicimus
1498 3669 1697 3742 secundum
1710 3668 1783 3739 hoc
1799 3666 1901 3765 quod
1916 3666 2051 3764 aliquid

454 3811 497 3858 es
522 3789 599 3885 ipsa
621 3803 703 3861 est:
729 3789 954 3860 materiatum
978 3811 1064 3859 vero
1084 3788 1284 3859 secundum
1308 3789 1345 3861 id
1368 3789 1469 3887 quod
1494 3814 1537 3861 ex
1555 3790 1678 3885 aliquo
1701 3788 1823 3886 ipsum
1841 3801 1907 3858 est.
1934 3788 1992 3858 Sic
2017 3803 2052 3858 et

456 3910 560 3978 Pater
583 3920 619 3977 et
643 3906 751 3978 Filius
768 3907 916 3979 relative
932 3907 1088 3978 invicem
1104 3906 1287 4001 dicuntur,
1307 3909 1505 3981 secundum
1532 3908 1568 3980 id
1591 3908 1723 3980 scilicet
1744 3904 1847 4004 quod
1868 3905 1930 3977 hic
1951 3905 2049 3976 illuni

455 4039 622 4121 generat,
650 4039 758 4124 atque
790 4050 834 4097 ex
861 4025 933 4097 hoc
960 4024 1019 4097 ille
1042 4049 1108 4123 per
1136 4028 1403 4122 generationem
1432 4028 1568 4122 existit,
1601 4029 1691 4100 sicut
1714 4025 1805 4098 illud
1829 4049 1870 4097 ex
1900 4023 1960 4097 illa
1986 4049 2052 4123 per

456 4145 750 4218 constitutionem
783 4145 1023 4234 materialem
1059 4145 1186 4218 eadem
1212 4148 1333 4245 itaque
1360 4149 1499 4221 ratione
1532 4173 1603 4246 qua
1629 4173 1703 4219 nou
1738 4146 1821 4218 licet
1848 4145 1921 4218 dici
1952 4145 2051 4242 quod

456 4266 605 4340 materia
630 4289 674 4338 ex
699 4265 814 4363 seipsa
829 4265 875 4336 sit
898 4267 1101 4358 materiata,
1122 4265 1179 4337 vel
1198 4269 1425 4340 materiatum
1446 4270 1499 4341 sui
1516 4270 1627 4368 ipsius
1644 4270 1689 4340 sit
1705 4267 1864 4358 materia,
1884 4265 1942 4338 vel
1964 4290 2052 4338 con·

456 4385 606 4459 stituens
627 4386 673 4458 sit
695 4385 931 4457 constitutum
953 4409 997 4456 ex
1021 4410 1078 4474 se,
1107 4384 1163 4459 rel
1189 4387 1367 4485 posterius
1390 4414 1446 4477 se,
1472 4388 1528 4460 vel
1542 4410 1724 4486 ,generans
1741 4411 1779 4457 se
1804 4386 1996 4482 :quamvis
2013 4386 2050 4456 in

457 4503 585 4577 talibus
601 4503 698 4576 idem
716 4505 761 4576 sit
780 4503 991 4601 generaliter
1012 4507 1162 4579 materia
1184 4506 1285 4603 quod
1310 4510 1550 4600 materiatum,
1571 4507 1670 4580 velut
1685 4505 1758 4577 hoc
1776 4527 1823 4577 aes
1838 4504 1935 4576 idem
1952 4504 2052 4602 quod

456 4622 531 4696 lucc
555 4638 684 4714 statua,
709 4638 745 4695 et
767 4622 865 4696 idern
890 4626 1111 4697 constituens
1131 4626 1232 4723 quod
1252 4629 1501 4720 constitutum,
1525 4642 1561 4699 et
1580 4627 1676 4699 idem
1693 4625 1794 4725 prius
1817 4622 1917 4721 quod
1933 4637 2053 4722 postc-

455 4746 542 4835 rius,
561 4758 598 4816 et
618 4768 791 4840 generans
806 4743 907 4840 quod
926 4760 1156 4840 generatum3
1172 4747 1313 4838 cadem,
1334 4749 1500 4845 inquam,
1519 4746 1766 4847 proportionis
1786 4744 1939 4836 ratione,
1961 4758 1997 4815 et
2016 4744 2052 4814 in

454 4864 584 4937 divinis
605 4863 768 4963 personis
791 4887 910 4961 neque
934 4869 1038 4936 Pater
1061 4880 1116 4938 est
1137 4867 1263 4958 Filius,
1288 4868 1361 4939 hoc
1384 4884 1437 4940 est
1458 4872 1555 4940 Deus
1582 4871 1685 4939 Pater
1702 4865 1842 4964 genitus
1865 4888 1887 4937 a
1908 4863 2049 4962 seipso:

485 5139 627 5191 'lncodos
639 5141 752 5193 Paneas.
765 5140 895 5192 -²Edn.
908 5138 1157 5203 {attaminandum
1167 5150 1458 5205 puutnonreonssrso.
