4559 6100
563 620 724 693 B'l'lllCA
748 620 830 694 SEU
854 621 983 695 LlBER
1009 621 1163 695 uterus
1190 648 1201 694 a
1226 620 1350 697 SGlTO
1374 622 1574 695 TEll’SUll.
1798 625 1864 698 631

285 778 391 851 minis
402 835 411 871 ,
422 779 621 851 remittetur
638 779 671 850 ei
688 806 698 868 3
716 779 779 875 qui
793 794 913 850 autem
923 775 1053 849 dixerit
1070 791 1196 849 contra
1203 776 1373 875 Spiritum
1396 776 1579 863 Sanctum,
1591 797 1666 844 non
1673 774 1873 846 remittetur

284 897 330 987 ei,
340 920 458 995 neque
475 899 511 969 in
527 897 599 969 hoc
615 897 749 987 seculo,
760 922 878 994 neque
898 898 936 968 iu
956 894 1103 968 suturol
1119 924 1138 964 »
1159 895 1268 983 Quod
1287 916 1398 990 quare
1413 892 1560 983 diceret,
1579 894 1717 963 Marcus
1734 896 1875 991 aperuit

284 1013 424 1088 dicens¹
444 1043 452 1085 ε
483 1016 696 1103 «Quoniam
714 1017 883 1088 dicebant
899 1046 907 1086 :
926 1015 1098 1113 Spiritum
1114 1013 1345 1086 immundum
1361 1010 1484 1083 habet.
1501 1039 1519 1078 u
1543 1013 1621 1081 Hoc
1642 1025 1760 1082 autem
1784 1038 1873 1110 pec·

283 1149 402 1206 catum
414 1134 561 1231 quidem
578 1134 862 1233 desperationem
876 1133 1145 1223 veniaedicun13
1159 1157 1250 1225 cum,
1257 1132 1336 1227 quis
1349 1129 1515 1202 videlicet
1527 1127 1576 1199 ob
1591 1128 1873 1223 magnitudinem

284 1269 515 1351 peccatorum
533 1251 662 1324 diffidit
681 1256 823 1350 penitus
843 1278 864 1325 a
884 1251 1043 1324 bonitate
1063 1252 1143 1342 Dei,
1169 1275 1248 1347 quae
1271 1274 1336 1349 per
1358 1248 1529 1347 Spiritum
1553 1251 1725 1319 Sanctum
1749 1249 1876 1320 intelli·

284 1373 391 1467 gitur,
419 1386 458 1444 ut
473 1396 541 1445 uec
564 1372 793 1470 poenitendo,
812 1373 868 1446 vel
891 1372 1009 1470 aliqua
1027 1369 1267 1444 satisfactione
1283 1370 1424 1440 veniam
1443 1368 1555 1465 possit
1577 1367 1781 1466 impetrare.
1804 1370 1874 1441 Sed

282 1490 313 1561 si
336 1490 407 1564 hoc
431 1491 583 1563 dicimus
606 1516 755 1590 peccare
772 1493 829 1564 vel
851 1491 1100 1590 blasphemare
1115 1490 1154 1560 in
1175 1489 1362 1586 Spiritum,
1381 1487 1470 1583 quid
1488 1487 1651 1559 dicemus
1669 1510 1819 1584 peccare
1837 1490 1875 1559 in

283 1609 410 1681 Filium
443 1610 623 1683 bominis?
652 1616 836 1698 Quantum
867 1636 954 1683 vero
985 1608 1072 1681 mihi
1103 1608 1258 1699 videtur,
1290 1630 1440 1704 peccare
1468 1606 1526 1678 vel
1559 1604 1809 1704 blasphemare
1838 1609 1875 1678 in
1970 1654 1974 1657 -

282 1728 412 1801 Filium
444 1729 603 1801 bominis
629 1729 701 1801 hoc
738 1730 821 1802 loco
854 1731 983 1803 dicitur
1012 1727 1226 1802 excellentia
1258 1726 1489 1799 humanitatis
1518 1726 1647 1798 Christi
1680 1724 1872 1820 derogare,

282 1862 454 1945 tanquam
490 1873 572 1921 eam
605 1873 817 1945 negaremus
847 1852 925 1922 sine
952 1864 1099 1949 peccato
1134 1862 1367 1947 conceptam,
1394 1846 1452 1918 vel
1484 1871 1507 1918 a
1543 1850 1620 1918 Deo
1655 1860 1875 1943 assumptam

282 1980 430 2064 propter
454 1965 631 2039 visibilem
658 1969 777 2040 carnis
798 1966 1053 2041 infirmitatem.
1083 1965 1123 2038 ld
1147 1967 1281 2064 quippe
1306 1963 1407 2036 nulla
1427 1964 1585 2037 bumana
1608 1964 1748 2036 ratione
1773 1988 1876 2036 com·

282 2084 358 2179 peri
373 2099 526 2181 poterat,
545 2086 609 2158 sed
624 2090 703 2158 Deo
716 2102 857 2160 tanturn
881 2087 1052 2160 revelanti
1072 2084 1183 2158 credi.
1209 2083 1292 2156 Tale
1313 2097 1368 2155 est
1384 2107 1468 2179 ergo
1485 2081 1585 2179 quod
1604 2082 1671 2154 ait¹
1692 2109 1701 2151 ς
1727 2112 1744 2149 u
1757 2084 1875 2155 Omne

281 2218 470 2298 peccatum
490 2220 526 2276 et
540 2204 763 2302 blasphemia
779 2207 981 2279 remittetur
997 2204 1206 2278 hominibus
1224 2231 1231 2272 :
1251 2202 1401 2302 Spiritus
1418 2217 1539 2274 autem
1559 2200 1782 2300 blasphemia
1800 2228 1875 2274 nou

281 2323 499 2415 remittetur;
512 2352 530 2390 u
547 2336 720 2421 tanquam
741 2326 772 2396 si
792 2324 952 2397 diceret:
973 2324 1020 2397 de
1041 2322 1138 2396 nulla
1158 2321 1227 2395 alia
1251 2321 1473 2419 blasphemia
1493 2321 1688 2393 diffinitum
1709 2337 1763 2394 est
1779 2324 1876 2421 apud

281 2443 415 2534 Βειιω,
446 2443 545 2540 quod
570 2443 677 2516 nullis
704 2444 913 2517 bominibus
935 2445 1147 2529 dimittatur,
1173 2443 1242 2514 nisi
1267 2442 1313 2515 de
1336 2443 1420 2531 ista;
1448 2455 1484 2514 et
1510 2443 1728 2540 quicumque
1749 2442 1876 2515 dixerit

281 2559 431 2632 verbnm
452 2576 578 2635 contra
602 2562 729 2634 Filium
755 2562 933 2654 hominis,
969 2562 1249 2652 remitteturei,
1279 2561 1350 2633 boc
1375 2576 1450 2648 est,
1473 2560 1593 2633 nullus
1619 2564 1680 2659 qui
1704 2566 1875 2663 assumpti

282 2677 439 2752 bominis
461 2679 638 2776 dignitati,
665 2696 705 2752 ut
731 2682 904 2774 diximus,
923 2681 1083 2779 deroget,
1111 2695 1260 2779 propter
1284 2680 1356 2753 boc
1379 2679 1621 2771 damnabitur,
1648 2682 1678 2751 si
1701 2680 1777 2753 aliae
1800 2706 1875 2754 uon

281 2798 520 2871 interveniant
536 2800 777 2873 damnationis
797 2824 924 2872 causae.
946 2806 1025 2873 Non
1042 2802 1138 2872 enim
1161 2802 1198 2872 in
1220 2800 1292 2893 boc
1309 2799 1435 2896 aliquis
1449 2813 1659 2897 contemptu
1676 2802 1743 2872 Dei
1759 2804 1875 2873 notari

280 2930 410 3013 potest,
439 2921 469 2990 si
494 2921 680 2994 veritatem
707 2945 772 3018 per
800 2945 960 2992 errorem
983 2919 1222 3007 contradicat,
1249 2943 1316 2990 nec
1340 2932 1466 2989 contra
1489 2919 1747 2992 conscientiam
1772 2938 1873 3017 agat,

279 3039 435 3110 maxime
456 3063 540 3111 cum
560 3038 597 3111 id
619 3038 688 3112 tale
704 3041 763 3130 sit,
782 3037 881 3136 quod
897 3039 1057 3113 bumana
1073 3039 1212 3111 ratione
1229 3038 1430 3136 investigari
1448 3062 1522 3110 non
1540 3040 1666 3138 possit,
1686 3039 1749 3112 sed
1766 3044 1877 3137 magis

281 3157 418 3227 ratione
432 3157 595 3230 videatur
616 3162 850 3230 contrarium.
871 3158 1122 3257 blasphemare
1144 3173 1264 3230 autem
1280 3160 1318 3229 in
1339 3158 1525 3255 Spiritum,
1544 3175 1597 3230 est
1608 3162 1656 3230 ita
1673 3184 1784 3258 opera
1802 3185 1878 3233 ma-

279 3274 412 3344 nifestae
444 3276 561 3367 gratiae
584 3278 650 3348 Dei
675 3277 898 3365 calumniari,
925 3291 964 3347 ut
983 3277 1043 3348 illa
1068 3301 1148 3373 quae
1174 3276 1371 3347 credebaut
1393 3300 1457 3374 per
1482 3276 1655 3373 Spiritum
1680 3279 1873 3370 Sanctum,

279 3392 350 3464 boc
378 3408 453 3483 est,
477 3392 599 3467 divina
625 3393 787 3470 bonitate
811 3396 1088 3468 misericorditer
1116 3394 1211 3486 lieri,
1237 3419 1302 3493 per
1325 3393 1511 3468 diabolum
1533 3410 1652 3468 tamen
1679 3414 1876 3470 assererent

279 3514 350 3608 agi,
376 3527 548 3609 tanquam
572 3514 601 3583 si
623 3514 783 3588 dicerent
802 3514 904 3589 illum
931 3539 1039 3612 quem
1061 3514 1234 3614 Spiritum
1257 3514 1323 3586 Dei
1349 3512 1561 3606 credebant,
1596 3538 1672 3586 esse
1703 3516 1875 3612 Spiritum

280 3655 450 3727 nequam,
469 3647 505 3704 et
522 3633 574 3706 sie
590 3638 706 3706 Deum
724 3658 800 3706 esse
816 3633 1015 3708 diabolum.

329 3751 555 3849 Quicumque
565 3752 672 3848 igitur
683 3753 733 3824 sic
744 3755 783 3824 in
791 3753 972 3826 Christum
981 3768 1233 3851 peccaverunt,
1245 3753 1402 3828 dicendo
1413 3752 1877 3829 scilicetcontraconscien·

280 3871 367 3944 tiam
384 3894 468 3944 eum
484 3873 522 3945 in
536 3868 733 3946 Beelzebub
746 3873 908 3971 principe
922 3871 1142 3946 daemonium
1156 3873 1282 3969 ejicere
1294 3872 1486 3962 demonia,
1504 3875 1554 3947 ita
1567 3898 1716 3972 prorsus
1730 3899 1751 3947 a
1763 3898 1875 3972 regno

279 3989 345 4061 Dei
361 4003 445 4062 sunt
460 3992 664 4090 proscripti,
688 4007 723 4064 et
744 3992 791 4066 ab
813 3993 889 4088 ejus
902 3993 1014 4089 gratia
1028 3994 1172 4089 penitus
1188 3993 1333 4086 exclusi,
1353 4007 1393 4064 ut
1410 3992 1530 4066 nullus
1546 3993 1695 4068 illorum
1707 3994 1876 4093 deinceps

279 4131 344 4204 per
353 4110 599 4206 poenitentiam
615 4127 813 4187 mereretur
826 4111 1099 4207 indulgentiam.
1118 4117 1191 4186 Nec
1204 4112 1353 4211 quidem
1367 4135 1540 4211 negamus
1553 4137 1617 4186 eos
1629 4112 1759 4186 salvari
1769 4138 1875 4212 possa

279 4228 543 4325 sipoeniterent,
560 4229 623 4304 sed
637 4231 867 4306 solummodo
882 4254 945 4305 eos
962 4230 1114 4307 dicimus
1124 4259 1191 4308 nec
1207 4234 1537 4334 poenitentiaeactus
1549 4249 1774 4307 assecuturos
1783 4259 1872 4307 esse.

313 4534 416 4598 'llarc.‚
434 4550 487 4600 cap.
500 4552 542 4602 ur,
555 4553 579 4587 v.
592 4542 632 4590 30.
646 4566 674 4575 -
687 4542 696 4569 ²
708 4537 805 4601 aaran,
817 4555 871 4603 cap.
884 4554 931 4604 xu,
947 4556 970 4592 v.
985 4547 1024 4594 to.
