4559 6100
665 607 712 676 lN
736 605 983 694 EPlS'l'OLAM
1008 607 1070 680 AD
1095 603 1323 681 ROMANOS.
1720 603 1790 680 l79

195 754 299 842 bitin,
311 775 385 850 qua
393 765 572 851 exspectat
584 767 632 826 te.
651 753 848 845 «Adducit,
862 784 880 823 u
897 769 1073 854 quantum
1088 756 1125 827 in
1134 756 1211 853 ipsa
1223 768 1290 847 est,
1299 753 1337 825 id
1348 766 1412 846 est,
1428 747 1568 844 invitat,
1581 743 1790 826 adhortatur

195 873 242 948 ad
258 872 506 971 poenitentiam
524 887 755 972 peccatorum
772 890 920 948 tuorum
940 876 1060 974 potius
1081 900 1192 975 quam
1214 873 1261 946 ad
1280 885 1528 970 contemptum
1541 873 1787 971 exspectantis.

198 1022 217 1063 e
235 991 306 1066 Sed
322 1005 363 1063 tu
378 991 578 1064 secundum
601 992 768 1065 duritiem
794 1009 891 1067 tuam
908 1008 944 1067 et
957 1019 1022 1067 cor
1045 994 1288 1094 impoenitens,
1309 991 1526 1065 thesaurizas
1544 989 1621 1082 tibi,
1638 1020 1656 1056 a
1679 991 1718 1062 id
1739 1006 1792 1063 est

195 1110 354 1185 studiose
381 1124 553 1207 tanquam
578 1114 752 1210 pretiosas
776 1114 917 1188 divitias
942 1113 1149 1189 accumulas
1171 1112 1258 1203 tibi,
1279 1140 1296 1180 a
1317 1112 1420 1203 iram,
1440 1139 1458 1178 u
1477 1109 1514 1182 id
1531 1125 1582 1182 est
1594 1108 1789 1185 vindictam

195 1230 433 1305 exercendam
450 1232 489 1303 in
505 1246 554 1323 te,
575 1261 593 1300 a
613 1232 651 1306 in
669 1232 741 1325 die,
763 1264 781 1302 »
800 1233 838 1306 id
854 1236 960 1308 estin
978 1249 1142 1333 ternpore
1159 1234 1219 1304 irae
1242 1245 1279 1304 et
1303 1230 1544 1323 revelationis,
1566 1229 1604 1301 id
1631 1243 1684 1301 est
1711 1230 1789 1300 vin·

195 1350 297 1424 dictae
312 1351 377 1424 Dei
392 1352 431 1423 in
445 1365 480 1424 te
497 1349 709 1444 revelandae,
729 1367 764 1426 et
780 1369 821 1426 ut
833 1355 886 1430 ira
906 1354 966 1427 illa
986 1354 1106 1452 potius
1128 1353 1272 1450 justitiae
1297 1377 1408 1449 quam
1421 1349 1644 1423 ¹crudelitatis
1659 1347 1790 1421 intelli·

194 1484 311 1567 gatur,
329 1485 365 1543 et
380 1471 647 1546 deliberationis
663 1474 775 1570 magis
788 1497 898 1570 quam
908 1473 1209 1573 praesumptionis,
1229 1472 1349 1545 addit:
1363 1503 1380 1538 α
1391 1471 1481 1543 lusti
1492 1469 1636 1566 judicis,
1652 1497 1670 1536 u
1689 1469 1727 1540 id
1738 1484 1792 1541 est

194 1590 253 1663 irae
272 1590 370 1684 dico,
390 1590 428 1662 id
452 1605 507 1664 est
522 1590 688 1664 vindictae
710 1593 953 1690 provenientis
979 1617 1020 1665 er
1041 1592 1180 1691 judicio
1203 1593 1306 1690 justae
1332 1589 1598 1662 deliberationis
1621 1588 1700 1674 Dei,
1727 1589 1790 1685 qui

63 1798 66 1801 q
194 1708 324 1806 injuste
350 1735 455 1809 agere
479 1735 555 1784 non
578 1726 709 1811 potest.
737 1716 855 1800 Quam
886 1707 974 1785 vero
995 1713 1134 1810 justum
1162 1714 1206 1784 sit
1232 1711 1395 1784 divinum
1417 1707 1592 1805 judicium
1618 1708 1790 1806 supponit

195 1827 318 1901 dicens
338 1856 348 1900 z
374 1858 393 1900 u
407 1830 478 1917 Qui
492 1828 619 1902 reddet
635 1831 842 1929 unicuique,
856 1859 874 1900 a
891 1831 991 1929 quod
1006 1831 1171 1905 videlicet
1185 1831 1369 1916 meruerit,
1384 1857 1402 1898 a
1414 1825 1611 1900 secundum
1629 1850 1753 1924 opera,
1769 1856 1786 1895 u

195 1946 231 2020 id
252 1962 308 2022 est
331 1948 538 2046 qualitatem
567 1973 742 2049 operum,
762 1976 841 2049 quae
864 1951 976 2047 magis
992 1951 1028 2021 in
1046 1952 1245 2027 intentione
1260 1973 1370 2048 quam
1390 1950 1428 2020 in
1450 1948 1593 2022 actione
1615 1947 1787 2019 consistit.

194 2066 400 2140 Secundum
434 2069 642 2166 qualitatem
682 2094 836 2172 operum
872 2083 924 2141 est
956 2068 1106 2167 qualitas
1143 2069 1409 2162 retributionis,
1442 2068 1527 2164 quia
1557 2066 1675 2165 qualia
1706 2082 1790 2139 sunt

194 2209 324 2283 opera,
348 2186 429 2259 talis
449 2201 485 2259 et
508 2187 717 2282 retributio,
736 2213 804 2287 pro
830 2188 930 2261 bono
955 2190 1087 2262 scilicet
1110 2189 1279 2283 bonum,
1308 2213 1375 2289 pro
1401 2186 1497 2259 malo
1519 2186 1676 2277 malum3
1704 2210 1788 2258 cum

193 2304 293 2403 apud
318 2309 437 2378 Deum
460 2306 626 2380 voluntas
654 2309 733 2407 ipsa
762 2334 830 2408 pro
858 2333 969 2407 opere
996 2309 1078 2382 facti
1104 2322 1304 2408 reputetur.
1330 2305 1433 2379 Unde
1455 2320 1491 2378 et
1520 2307 1597 2405 ipse
1616 2305 1789 2407 probator

194 2422 317 2496 cordis
347 2440 381 2497 et
411 2450 541 2499 renum
570 2428 607 2498 in
641 2426 854 2500 abscondito
881 2426 1001 2500 videre
1032 2428 1179 2504 dicitur.
1210 2432 1313 2527 Opus
1342 2427 1414 2498 hoc
1443 2425 1537 2501 loco
1557 2450 1625 2525 pro
1660 2427 1788 2499 aflectu

191 2542 314 2639 operis
336 2545 455 2642 ponit,
481 2545 529 2622 ab
549 2546 676 2618 ellectu
694 2545 859 2619 videlicet
882 2545 930 2618 ad
953 2571 1097 2619 causam
1113 2546 1291 2619 vocabulo
1313 2544 1495 2617 translato.
1522 2545 1688 2641 Alioquin
1712 2570 1786 2617 non

192 2661 442 2737 ostenderetur
461 2690 604 2763 aequum
630 2690 707 2738 esse
730 2665 906 2763 judicium
936 2668 1024 2761 Dei,
1052 2692 1137 2740 cum
1164 2690 1275 2765 opera
1303 2664 1543 2738 indifferentia
1568 2665 1639 2737 sint
1664 2667 1701 2736 in
1729 2691 1785 2758 se,

190 2778 322 2853 seilicet
338 2808 408 2856 nec
420 2784 531 2878 bona,
550 2811 618 2859 nec
635 2785 748 2875 mala,
768 2787 842 2859 sive
855 2788 1143 2860 remuneratione
1158 2785 1265 2881 digna
1281 2783 1484 2877 videantur,
1504 2784 1572 2856 nisi
1588 2784 1787 2859 secundum

190 2898 347 2974 radicem
382 2903 610 2997 intentionis,
644 2928 725 3003 quae
754 2920 808 2979 est
836 2904 946 2978 arbor
974 2906 1115 2978 bonurn
1146 2904 1202 2977 vel
1234 2903 1369 2976 malurn
1396 2903 1584 3002 proferens
1618 2903 1784 2978 fructum.

190 3018 273 3092 Tale
299 3035 353 3093 est
379 3046 466 3120 ergo
485 3023 586 3120 quod
612 3026 690 3098 ait:
714 3054 732 3094 «
756 3025 962 3099 Secundum
978 3050 1098 3125 ¹opera
1126 3025 1223 3123 ejus,
1245 3055 1263 3090 »
1282 3024 1372 3097 acsi
1388 3022 1523 3096 diceret
1549 3051 1557 3095 ε
1580 3015 1788 3098 Secundum

189 3137 413 3214 voluntatem
430 3167 555 3216 eorum
575 3170 655 3242 quoe
669 3144 748 3218 fieri
767 3146 825 3219 vel
843 3170 919 3218 non
941 3144 1019 3217 fieri
1037 3160 1226 3245 appetunt.
1253 3144 1417 3242 Alioquin
1443 3143 1612 3243 superbia
1633 3143 1786 3239 diaboli,

190 3256 248 3330 vel
265 3261 443 3358 cupiditas
472 3264 647 3358 Simonis,
672 3291 752 3364 quae
772 3289 847 3338 non
868 3265 1102 3338 obtinuerunt
1124 3265 1244 3363 operis
1259 3263 1445 3357 ellectum,
1463 3264 1511 3336 ad
1527 3264 1599 3335 hoc
1610 3264 1786 3360 judicium

189 3379 366 3475 pertinere
381 3407 458 3456 non
475 3383 696 3458 viderentur.
725 3385 866 3459 Parvuli
881 3400 1001 3459 autem
1019 3386 1082 3483 qui
1096 3386 1190 3457 intra
1207 3407 1322 3459 anuos
1336 3382 1560 3455 discretionis
1577 3383 1785 3476 morientes,

182 3497 362 3593 judicium
389 3501 523 3575 babere
550 3528 625 3576 non
647 3504 826 3597 videntur,
851 3505 900 3579 ad
922 3505 1030 3601 hujus
1053 3503 1180 3600 judicii
1205 3501 1460 3575 revelationem
1484 3525 1560 3574 non
1585 3502 1784 3601 pertinent,

186 3640 260 3714 qua
275 3618 444 3692 videlicet
459 3620 590 3694 dicitur
607 3650 615 3694 :
638 3654 656 3690 α
676 3623 813 3697 Reddet
828 3625 1025 3722 unicuique
1041 3622 1240 3696 secundum
1260 3646 1373 3720 opera
1387 3621 1477 3718 ejus,
1496 3651 1514 3688 a
1534 3619 1573 3692 id
1585 3634 1638 3693 est
1653 3619 1787 3694 tribuet

186 3738 218 3810 ei
244 3738 347 3837 quod
370 3743 553 3815 meruerit.
576 3743 772 3842 Diligenter
794 3746 914 3843 itaque
940 3745 1110 3843 expressit
1137 3740 1328 3841 Apostolus
1356 3741 1444 3840 quid
1467 3743 1512 3813 sit
1535 3740 1787 3839 accipiendum

180 3856 362 3953 judicium
383 3861 467 3955 Dei,
491 3886 575 3935 cum
595 3863 644 3936 ait
671 3863 927 3937 revelationem
949 3862 1087 3962 judicii.
1113 3867 1192 3934 Non
1212 3862 1310 3934 enim
1330 3861 1467 3953 verbis,
1483 3860 1547 3933 sed
1568 3859 1787 3934 exhibitione

184 3978 306 4075 operis
336 3980 488 4078 quisque
516 3981 569 4054 ibi
596 3982 836 4079 judicabitur,
867 3983 905 4055 id
933 3996 1005 4073 cst,
1035 3980 1319 4057 manifestabitur
1343 4005 1391 4053 an
1419 3980 1567 4080 praemio
1594 3979 1651 4053 vel
1681 4003 1788 4078 poena

183 4094 319 4194 dignus
338 4097 456 4171 fuerit.
484 4101 594 4198 Cujus
616 4101 766 4199 quidem
786 4103 875 4176 dum
895 4103 1052 4193 viveret,
1073 4101 1235 4174 occultus
1258 4101 1366 4173 etiam
1387 4101 1518 4173 sanctis
1540 4101 1654 4173 exitus
1674 4097 1787 4172 habe·

181 4213 308 4303 batur,
336 4216 435 4291 unde
460 4219 626 4293 videlicet
648 4220 916 4320 predestinatus
936 4235 1028 4294 esset
1051 4220 1098 4294 ad
1120 4221 1232 4292 vitam
1250 4218 1308 4292 vel
1330 4243 1421 4292 non.
1448 4223 1526 4291 Hoc
1551 4234 1671 4291 autem
1690 4216 1787 4314 judi·

184 4335 305 4426 dum,
321 4335 359 4408 id
379 4353 433 4410 est
449 4338 525 4411 haec
538 4340 709 4414 revelatio
727 4365 790 4413 seu
812 4340 985 4413 discusdo
1001 4340 1114 4413 divini
1129 4338 1315 4433 examinis,
1334 4354 1371 4412 et
1387 4337 1612 4438 singulariter
1625 4335 1787 4436 quotidie

182 4454 223 4526 lit
246 4456 291 4528 in
317 4456 413 4529 exitu
440 4457 665 4554 singulorum
688 4461 932 4551 morientium,
960 4475 997 4533 et
1019 4460 1230 4558 generaliter
1248 4459 1286 4530 in
1305 4456 1377 4531 fine
1399 4458 1517 4531 saecrrli
1537 4455 1700 4530 facienda
1716 4470 1783 4529 est.

184 4574 256 4647 Ubi
275 4574 427 4672 quidem
451 4601 579 4651 omnes
602 4579 774 4652 omnibus
794 4579 1059 4673 revelabuntur,
1083 4579 1207 4677 quales
1232 4577 1397 4651 videlicet
1427 4592 1532 4651 antea
1557 4578 1701 4672 fuerint,
1736 4600 1783 4650 an

185 4694 340 4790 praemio
354 4695 489 4771 scilicet
507 4721 554 4771 an
572 4723 681 4798 poena
694 4699 806 4796 digni.
828 4706 869 4771 ln
885 4699 946 4772 illa
962 4723 1049 4772 vero
1066 4698 1223 4797 generali
1236 4697 1458 4771 discussione
1476 4694 1554 4771 bini
1566 4699 1603 4771 iu
1621 4697 1786 4771 electiset

185 4811 354 4910 reprobis
368 4814 517 4890 ordines
529 4843 608 4893 esse
620 4819 804 4893 dicuntur.
824 4818 979 4909 Quidam
994 4821 1091 4892 euim
1104 4820 1315 4911 electorum,
1328 4818 1366 4893 id
1376 4831 1430 4893 est
1441 4816 1783 4917 predestinatorum,

187 4927 240 5001 ibi
251 4931 469 5028 judicabunt
484 4951 625 5010 tanturn
641 4953 676 5011 et
692 4963 767 5012 non
781 4938 1052 5036 judicabuntur.
1079 4940 1136 5012 Sic
1164 4953 1199 5011 et
1226 4938 1466 5038 reproborum
1493 4935 1569 5010 duo
1599 4949 1704 5009 erunt
1726 4954 1784 5003 or·

186 5047 308 5144 dines,
324 5077 408 5126 curn
421 5056 482 5129 alii
500 5080 627 5129 eorum
642 5057 828 5154 judicandi
840 5059 912 5131 sint
926 5073 1080 5152 tautum,
1095 5058 1154 5131 alii
1172 5057 1320 5129 minime
1329 5054 1517 5153 judicandi
1530 5056 1613 5126 sint.
1624 5052 1786 5141 Quicun-

188 5192 260 5264 que
276 5173 374 5244 euim
393 5174 498 5248 electi
511 5178 651 5276 purgati
669 5190 751 5251 ante
769 5176 866 5253 diem
875 5177 999 5275 judicii
1012 5203 1087 5250 non
1100 5177 1340 5271 invenientur,
1355 5173 1555 5273 judicandi,
1572 5171 1611 5245 id
1623 5185 1677 5245 est
1689 5195 1787 5246 reve·
