4559 6100
878 501 1108 574 statuum.
1719 509 1789 580 703

200 656 469 753 distinguuntur
487 654 627 740 animae,
655 667 837 750 tamquam
860 673 903 722 ex
927 651 1061 722 meritis
1086 652 1159 723 suis
1183 654 1387 750 superiores
1408 668 1444 723 et
1464 653 1789 731 inferioressssonre

201 778 320 871 itaque
345 777 486 866 animae,
513 787 685 870 tanquam
710 770 885 869 templum
911 769 987 866 ejus
1007 794 1071 842 seu
1099 770 1231 842 coelum
1258 770 1440 862 dicuntur,
1464 772 1564 865 justa
1587 774 1676 846 illud
1696 778 1790 849 Psal-

202 895 313 966 mistae
322 898 344 986 ¹,
365 926 382 960 «
393 893 570 965 Dominus
585 890 769 989 intemplo
784 905 907 962 sancto
924 912 1003 979 suo,
1023 890 1201 961 Dominus
1213 890 1250 960 in
1265 889 1358 961 coelo
1374 890 1476 961 sedes
1485 892 1574 987 ejus,
1592 924 1609 958 r>
1628 918 1673 965 eo
1691 898 1790 991 quod

201 1014 287 1111 ipsis
311 1014 475 1110 quisunt
495 1011 629 1084 meritis
652 1009 830 1102 celsiores,
855 1008 1041 1108 praesideat
1058 1023 1094 1080 et
1116 1009 1219 1105 quasi
1236 1010 1272 1078 in
1295 1009 1442 1106 propria
1466 1009 1577 1082 domo
1595 1026 1631 1082 et
1656 1014 1790 1109 templa

203 1133 271 1204 sibi
300 1132 520 1205 sanctificato
553 1155 618 1230 per
646 1131 794 1226 gratiam
825 1127 1011 1200 inhabitet.
1049 1128 1217 1200 Gamales
1243 1151 1329 1199 vero
1354 1128 1491 1201 animas
1522 1155 1602 1226 quae
1629 1132 1791 1205 videlicet

203 1253 352 1324 terrenis
377 1266 412 1324 et
434 1250 567 1323 infimis
588 1250 727 1322 inhiant
745 1247 946 1339 desideriis,
969 1248 1068 1343 quasi
1092 1245 1287 1319 scabellum
1308 1247 1460 1345 pedibus
1474 1249 1680 1343 conculcat,
1709 1255 1792 1348 quia

203 1394 266 1441 eos
288 1395 382 1467 quos
397 1369 547 1469 despicit
568 1393 636 1442 nec
661 1370 704 1442 ad
727 1391 766 1442 se
782 1365 1056 1440 misericorditer
1072 1365 1214 1455 attollit,
1236 1380 1406 1462 tanquam
1433 1367 1580 1442 inferius
1606 1370 1794 1443 derelictos

205 1490 334 1586 premit
358 1503 394 1561 et
420 1488 668 1563 conculcando
684 1489 839 1561 conterit
859 1501 896 1558 et
917 1486 1018 1583 quasi
1044 1486 1081 1556 iu
1101 1484 1286 1584 pulverem
1303 1485 1517 1558 dissolutum
1543 1489 1682 1584 redigit.
1703 1493 1792 1564 Cum
1908 1507 1910 1512 ’

205 1631 291 1703 ergo
314 1608 432 1704 inquit
452 1610 655 1680 Dominus:
676 1608 747 1695 Qui
772 1608 808 1676 in
833 1629 941 1676 rnauu
967 1603 1065 1677 factis
1092 1627 1165 1676 non
1193 1603 1336 1695 babitu,
1364 1619 1399 1675 et
1427 1605 1474 1675 ita
1500 1607 1731 1681 excellentem
1757 1612 1792 1681 in

205 1723 337 1798 sanctis
356 1725 543 1799 animabus
566 1726 748 1798 babitare'
767 1724 908 1813 sedern,
934 1738 969 1794 et
989 1737 1088 1795 tanto
1109 1721 1291 1821 despectui
1315 1719 1475 1795 carnales
1497 1738 1531 1795 et
1547 1738 1706 1798 terrenos
1729 1729 1793 1801 ba-

206 1842 310 1916 bearn
328 1845 507 1938 homines,
530 1871 596 1917 cur
616 1846 703 1917 mibi
725 1844 856 1917 terreni
872 1841 1013 1914 edificii
1038 1843 1140 1939 quasi
1163 1842 1398 1914 necessariam
1422 1859 1629 1917 construere
1645 1847 1794 1919 domurn

205 1965 374 2060 querius,
399 1979 436 2036 et
458 1987 533 2037 non
553 1964 673 2063 potius
696 1963 794 2061 apud
813 1977 955 2034 vosmet
974 1962 1071 2059 ipsos
1087 1961 1238 2032 domum
1261 1961 1350 2031 mihi
1371 1959 1566 2059 spiritalem
1588 1964 1794 2038 aedificatis?

208 2082 372 2179 Alioquin
388 2105 487 2155 cassa
510 2097 563 2154 est
586 2081 798 2181 significatio
822 2081 946 2178 templi
970 2079 1131 2169 visibilis,
1158 2081 1187 2151 si
1215 2078 1401 2151 invisibilis
1425 2080 1528 2153 desit.
1557 2086 1649 2154 Cum
1678 2083 1796 2183 itaque

206 2200 337 2272 coelum
349 2200 405 2272 rel
423 2225 572 2298 regnum
585 2201 759 2273 coelorum
773 2201 929 2272 futuram
945 2198 1204 2272 beatitudinem
1221 2198 1324 2270 audis
1337 2197 1520 2296 appellari,
1540 2201 1793 2276 sublimitatem

207 2319 333 2391 future
358 2319 438 2390 vitae
464 2321 577 2415 magis
603 2343 712 2417 quam
739 2318 964 2417 corporalem
990 2317 1071 2390 coeli
1106 2318 1321 2416 positionem
1348 2317 1524 2414 intellige,
1551 2345 1660 2417 quam
1688 2324 1793 2394 etiam

209 2461 472 2535 nonnunquam
499 2439 647 2510 nomine
673 2454 775 2510 terrae
801 2452 949 2536 propter
981 2436 1209 2510 stabilitatem
1247 2435 1323 2532 ejus
1350 2437 1440 2509 sieut
1476 2454 1511 2510 et
1540 2442 1688 2512 nomine
1717 2443 1794 2514 coeli

208 2571 355 2655 propter
372 2558 482 2654 ipsius
495 2557 705 2653 dignitatern
720 2569 860 2629 constat
879 2556 1068 2653 designari.
1089 2554 1192 2626 Unde
1209 2570 1246 2626 et
1266 2555 1462 2628 l'salmista³
1480 2584 1488 2626 ε
1508 2559 1658 2631 «Credo
1676 2560 1796 2632 ridere

208 2675 304 2747 bona
322 2678 467 2748 Domini
485 2678 522 2747 in
542 2691 634 2749 terra
648 2678 858 2748 viventium.
875 2702 893 2743 n
911 2680 956 2747 Et
971 2699 1037 2773 per
1051 2674 1288 2746 Ereebielem⁸
1305 2675 1378 2773 ipse
1395 2678 1572 2748 Dominus
1585 2694 1666 2776 post
1682 2705 1796 2751 resur-

208 2796 403 2867 rectionem
428 2795 550 2868 electis
574 2797 647 2868 suis
668 2796 823 2868 futuram
844 2794 1104 2868 beatimdinem
1125 2793 1361 2892 promittens:
1383 2823 1402 2859 α
1418 2797 1508 2866 Ecce
1528 2820 1608 2892 ego,
1627 2825 1645 2863 n
1666 2799 1793 2895 inquit,

212 2944 229 2978 u
244 2914 401 3012 aperiam
423 2916 580 2988 tumulos
603 2929 741 2988 vestros
765 2930 800 2987 et
823 2914 975 2987 educam
991 2937 1057 2985 vos
1077 2913 1123 2985 do
1146 2912 1337 3011 sepulturis
1354 2915 1490 3005 vestris,
1510 2917 1666 3015 populus
1683 2943 1796 3004 meus,

210 3047 246 3104 et
267 3033 434 3106 inducam
460 3060 524 3106 vos
545 3036 580 3105 iu
605 3051 736 3106 terram
755 3034 881 3125 lsrael,
909 3047 945 3106 et
963 3034 1185 3129 requiescere
1203 3054 1267 3103 ros
1290 3034 1417 3104 faciam
1443 3059 1550 3132 super
1568 3035 1719 3108 birinum
1737 3063 1800 3109 ve-

211 3166 369 3224 stram.»
399 3154 508 3240 Quod
528 3170 650 3225 autem
674 3155 852 3224 Dominus
878 3167 1000 3224 noster
1018 3152 1180 3222 Christus
1198 3153 1405 3249 corporales
1432 3153 1541 3224 coelos
1567 3157 1801 3252 corporaliter

211 3285 247 3341 et
270 3269 454 3342 visibiliter
474 3271 644 3360 ascendit,
666 3294 740 3342 non
760 3271 836 3366 ejus
853 3270 986 3366 gloriae,
1008 3271 1044 3340 in
1064 3293 1138 3365 quo
1156 3268 1341 3366 plenitudo
1358 3270 1552 3343 divinitatis
1567 3273 1801 3371 corporaliter

211 3388 407 3478 inhabitat,
426 3388 488 3462 sed
511 3389 744 3461 fideimcstrae
765 3388 900 3487 profuit
908 3392 931 3459 ⁸.
953 3388 1023 3475 Qui
1044 3412 1129 3484 ergo
1144 3388 1244 3486 prius
1257 3388 1387 3459 clausis
1402 3388 1522 3484 januis
1544 3390 1591 3461 ad
1610 3390 1802 3490 discipulos

212 3508 381 3580 intrando
407 3508 734 3581 resuscitandorum
761 3531 957 3606 corporum
977 3506 1229 3597 subtilitatem,
1257 3532 1327 3603 qua
1353 3506 1518 3580 videlicet
1539 3524 1667 3581 cuncta
1693 3534 1801 3607 pene·

213 3641 306 3701 trare
322 3642 468 3725 queant,
488 3652 532 3700 ex
548 3629 624 3726 ipsa
640 3650 704 3700 sua
721 3626 981 3699 resurrectione
994 3640 1268 3713 monstraverat,
1287 3626 1519 3723 postmodum
1535 3629 1611 3725 ipse
1627 3630 1663 3700 in
1680 3654 1801 3701 ascen·

214 3749 314 3819 sione
339 3771 404 3821 sua
431 3762 565 3819 tautam
594 3749 755 3845 ipsorum
781 3747 936 3818 suturam
962 3745 1140 3816 levitatem
1169 3743 1351 3831 exhibuit,
1379 3760 1420 3815 ut
1445 3747 1656 3818 terrenitatis
1682 3747 1799 3836 mole,

213 3892 285 3964 qua
309 3868 408 3965 prius
435 3868 688 3965 gravabantur,
715 3869 807 3939 sicut
828 3868 1002 3965 scriptum
1023 3866 1095 3936 est'
1114 3890 1122 3933 :
1144 3868 1315 3962 «Corpus
1336 3865 1436 3960 quod
1461 3869 1717 3964 corrumpitur,
1741 3891 1802 3963 ag·

214 4001 337 4081 gravat
361 3987 541 4075 animam,
560 4014 578 4053 n
598 4006 782 4083 quoquam
803 3986 968 4058 ulterius*
984 3982 1243 4082 propediantur
1266 3984 1472 4074 ascendere,
1498 3985 1562 4056 sed
1586 4010 1803 4083 quocunque

215 4106 346 4177 animae
368 4106 478 4178 velint
496 4106 572 4177 sine
597 4104 669 4177 ulla
691 4102 899 4176 difficultate
922 4103 1041 4174 rtatim
1064 4126 1111 4173 eo
1131 4102 1325 4174 transferri.
1345 4103 1455 4191 Quod
1477 4118 1599 4176 tamen
1620 4105 1667 4176 ad
1683 4104 1803 4177 dexte
1847 4179 1850 4189 ,

219 4246 296 4294 ram
310 4226 423 4295 Patris
445 4248 586 4296 narsum
608 4222 858 4295 conscendisse
881 4235 1122 4322 memoratur,
1147 4221 1198 4292 sic
1222 4245 1290 4292 neo
1318 4221 1442 4293 dextra
1468 4224 1577 4294 Patris
1601 4224 1806 4315 intelligitur

215 4343 427 4438 corporalis,
446 4343 496 4413 ita
514 4367 580 4414 nec
596 4343 661 4415 ista
677 4333 799 4432 sessio,
823 4365 894 4438 qua
916 4341 992 4439 ipse
1013 4344 1117 4412 Pater
1134 4339 1268 4425 sedeat,
1286 4354 1339 4410 est
1361 4338 1483 4411 localis
1498 4341 1638 4436 positia,
1661 4340 1723 4410 sed
1742 4365 1805 4437 per

217 4458 288 4528 boc
312 4458 445 4554 pariter
466 4482 549 4529 cum
566 4464 669 4531 Patre
686 4459 900 4532 dominandi
916 4472 1073 4558 potestas
1088 4472 1125 4529 et
1144 4457 1287 4553 aequalis
1304 4456 1459 4552 dignitas
1479 4457 1702 4554 exprimitur,
1720 4483 1803 4530 cum

216 4578 251 4648 ei
271 4575 519 4647 collateraliter
538 4575 729 4648 adexterls
751 4577 956 4649 consedisse
972 4576 1115 4669 dicitur,
1134 4573 1234 4673 quod
1252 4574 1398 4670 quidem
1414 4574 1537 4648 sedere
1557 4576 1604 4648 ad
1621 4576 1804 4649 dexteram

215 4719 300 4767 curn
328 4695 562 4793 corporaliter
582 4693 629 4767 ad
654 4694 793 4767 literam
814 4710 907 4767 stare
926 4719 1000 4766 non
1024 4697 1149 4792 possit,
1179 4694 1217 4766 id
1243 4717 1407 4792 quoque,
1436 4695 1536 4792 quod
1562 4695 1608 4768 de
1628 4696 1804 4793 corporali

249 4921 398 4983 'Prcln.x‚
409 4935 433 4971 r.
445 4920 585 4984 t-2con1.
597 4921 748 4984 lihelnrrald,
762 4923 832 4984 male,
841 4925 983 4986 utoptnorz
1036 4924 1099 4973 wald
1110 4923 1223 4987 praefuit.
1238 4949 1267 4960 -
1278 4924 1373 4986 ‘Scp.‚
1388 4937 1442 4986 cap.
1463 4936 1499 4983 rx,
1518 4937 1540 4971 r.
1556 4926 1594 4975 15.
1607 4949 1635 4959 -
1647 4925 1655 4954 ²
1666 4921 1738 4973 Forte
1755 4926 1803 4985 reg.

219 5004 337 5055 dubitem
356 5017 399 5052 scu
417 5002 525 5054 hebrom
540 5017 586 5065 pro
599 5002 725 5053 babitare.
739 5003 986 5062 aprunum,
1037 5015 1090 5051 nnn
1113 5004 1320 5068 propediantur,
1353 5010 1396 5052 aut
1424 5015 1552 5065 nusquam
1579 5001 1688 5052 alterim
1713 5017 1802 5067 propr·

220 5095 242 5134 u
258 5081 473 5146 ra-⁴1tnu.,
496 5094 550 5145 erp.
568 5083 805 5147 rrxru,r.tl.tt.
827 5105 857 5125 ε·
879 5079 988 5133 ΠΜ·
1040 5080 1155 5133 emetur.
