4559 6100
759 547 1015 622 THEOLOGlA
1040 549 1314 625 CHRIS'l'lANA.
1763 551 1830 625 tot

232 666 460 793 sacribcium,
487 699 560 771 hoc
577 714 632 773 est
656 700 838 773 orationes
859 714 896 773 et
917 699 1100 799 lacrymam
1121 701 1224 799 cujus
1241 700 1405 775 videlicet
1430 726 1500 776 ane
1522 717 1556 775 et
1580 703 1713 776 Statius
1731 704 1768 776 in
1787 729 1837 776 ιη

234 818 420 911 meminit,
449 818 617 891 dicens¹:

477 1028 567 1094 Urbe
584 1027 646 1093 fuit
658 1028 765 1096 media
782 1028 861 1096 nulli
876 1052 1026 1096 concessa
1041 1046 1212 1122 potentum

479 1132 545 1195 llra
560 1132 685 1214 Deum,
704 1132 791 1198 mitis
806 1133 914 1223 posuit
930 1134 1106 1200 Clementia
1123 1132 1247 1213 sedem,
1265 1148 1329 1199 eto.

233 1341 330 1430 Quid
355 1341 498 1415 adhaec
520 1344 727 1442 responsuri
749 1359 833 1418 sunt
852 1345 1072 1444 professores
1098 1345 1311 1437 dialecticae,
1333 1347 1363 1418 si
1390 1344 1481 1417 illud
1503 1345 1642 1419 ratione
1659 1361 1840 1420 conantur

231 1460 422 1551 discutere,
442 1462 543 1561 quod
564 1464 734 1562 praecipui
758 1464 926 1538 doctores
946 1490 1075 1538 corum
1095 1465 1289 1565 perhibent
1314 1466 1485 1565 explicari
1508 1488 1585 1537 non
1608 1466 1741 1563 posse?
1760 1469 1840 1541 lrn‘·

233 1581 373 1657 debunt
398 1583 565 1656 doctores
592 1608 698 1677 snos,
727 1585 813 1683 quia
835 1584 1045 1685 inspiratam
1071 1585 1139 1658 sibi
1162 1610 1184 1658 a
1207 1588 1285 1657 Deo
1305 1586 1492 1659 veritatem
1519 1609 1595 1657 non
1618 1599 1835 1659 tacuerunt:

232 1727 344 1800 quam
369 1719 491 1777 tamen
518 1705 662 1804 ipsimet
683 1704 830 1778 edisseri
853 1731 929 1778 non
955 1730 1061 1805 posse
1086 1705 1317 1806 profitentur,
1349 1721 1386 1780 et
1410 1720 1511 1779 tanto
1536 1706 1574 1778 id
1598 1706 1840 1780 venerabilius

232 1822 448 1918 habuerunt,
471 1839 608 1923 quanto
623 1825 778 1925 amplius
792 1826 912 1925 ipsum
929 1851 1078 1899 omnem
1098 1827 1267 1899 humanae
1291 1825 1531 1923 intelligentiae
1547 1842 1737 1925 exsuperat
1756 1852 1838 1899 sen·

119 1956 124 1965 ·
233 1966 327 2015 sum.
351 1949 432 2017 Non
453 1944 614 2044 pudebat
637 1970 701 2018 eos
716 1946 880 2045 profiteri
902 1970 940 2018 se
956 1947 1070 2021 multa
1092 1947 1218 2021 audire
1239 1946 1421 2020 ueletiam
1443 1946 1577 2039 dicere,
1598 1960 1634 2020 et
1649 1970 1735 2020 vera
1751 1972 1839 2046 pro·

233 2060 344 2155 fiteri,
369 2089 448 2162 quae
471 2090 547 2136 non
569 2065 775 2138 sufficerent
803 2065 999 2161 disserere;
1032 2069 1095 2166 qtri
1120 2069 1228 2141 etiam
1253 2067 1347 2141 adeo
1364 2066 1583 2140 obscuritate
1608 2067 1838 2165 aenigmatum

231 2182 451 2279 gaudebant,
466 2184 560 2255 sicut
575 2208 682 2283 supra
696 2186 940 2277 meminimus,
957 2199 998 2258 ut
1013 2187 1051 2260 in
1066 2187 1123 2260 bis
1138 2210 1287 2284 quoque
1301 2211 1380 2284 quae
1394 2184 1498 2258 sacile
1514 2202 1662 2285 possent
1674 2186 1835 2278 edisseri,

232 2300 358 2374 litterae
387 2301 550 2375 velamen
577 2302 822 2395 obducerent,
850 2329 897 2377 ne
924 2304 1058 2378 scilicet
1087 2307 1188 2378 nuda
1212 2306 1270 2379 vel
1295 2319 1419 2405 aperta
1445 2306 1576 2380 veritas
1602 2330 1645 2378 ex
1671 2305 1838 2380 facilitate

232 2420 472 2518 intelligentiae
497 2438 802 2497 contemneretur.
822 2424 928 2497 Unde
954 2438 991 2496 et
1016 2424 1250 2519 Macrobius¹,
1269 2426 1308 2498 in
1326 2439 1579 2523 argumentum
1605 2425 1837 2524 mysticarum

230 2538 460 2613 locutionum
486 2542 789 2643 pbilosophorum
820 2543 911 2617 illud
944 2546 1135 2618 assumsit:
1169 2543 1359 2643 quomodo
1396 2545 1576 2617 Numenio
1612 2544 1837 2645 philosopho

232 2662 323 2733 irata
344 2686 409 2760 per
433 2663 617 2735 somnium
642 2665 874 2763 apparuerint
897 2665 1061 2754 numina,
1082 2666 1237 2763 ipsaeque
1260 2663 1433 2737 Eleusina
1455 2664 1531 2737 deae
1551 2666 1590 2737 in
1608 2663 1736 2737 habitu
1760 2690 1837 2738 me·

233 2781 375 2853 retrioio
389 2782 471 2854 visae
490 2783 562 2856 sint
581 2784 614 2855 ei
630 2798 713 2855 ante
730 2785 883 2883 lupanar
899 2785 1107 2876 consistere,
1125 2798 1163 2856 et
1177 2798 1371 2882 querentes
1386 2783 1433 2856 ab
1449 2785 1529 2883 ipso
1547 2809 1585 2856 se
1602 2785 1713 2881 adyto
1730 2785 1837 2883 pudi-

233 2900 323 2973 citiae
338 2926 405 3000 per
421 2927 506 2975 eum
523 2904 561 2975 vi
576 2903 684 2976 luisse
698 2904 908 2994 abstractas,
934 2928 979 2976 eo
999 2903 1167 2979 videlicet
1185 2904 1287 3003 quod
1305 2904 1351 2978 de
1373 2905 1424 2977 eis
1442 2904 1502 2977 ille
1518 2919 1642 3003 aperta
1662 2905 1708 2976 sit
1727 2905 1838 2977 inter·

233 3034 393 3120 pretatus
412 3023 655 3123 expositione,
675 3038 711 3096 et
732 3048 808 3097 non
825 3023 918 3097 sicut
935 3022 995 3096 alii
1012 3022 1058 3097 de
1079 3024 1131 3097 eis
1154 3025 1304 3122 mystice
1327 3038 1365 3097 et
1384 3023 1546 3096 involute
1569 3024 1615 3095 sit
1629 3024 1784 3097 locutus.
1804 3028 1838 3097 Ο

230 3141 369 3214 utinam
384 3142 442 3214 vel
458 3167 523 3240 per
546 3143 731 3215 somnium
748 3156 784 3214 et
798 3144 869 3235 isti,
889 3144 952 3240 qui
970 3168 1008 3214 se
1027 3142 1265 3242 philosophos
1283 3142 1513 3244 profitentur,
1538 3166 1560 3214 a
1576 3145 1835 3242 praesumtione

232 3283 300 3331 sua
315 3273 645 3359 compescerentur,
664 3275 705 3333 ut
718 3262 795 3334 veri
813 3276 848 3333 et
866 3261 998 3332 summi
1017 3262 1181 3334 numinis
1198 3259 1600 3360 incomprehensibilem
1617 3263 1838 3357 majestatem

233 3403 310 3452 esse
335 3404 411 3452 non
434 3395 620 3479 negarent,
646 3382 715 3453 nisi
737 3405 818 3454 eam
843 3396 967 3479 aperte
994 3380 1123 3454 discuti
1151 3379 1361 3484 audirent⁸l
1382 3381 1454 3454 Sed
1476 3381 1624 3453 sortasse
1647 3382 1834 3479 inquiunt,

233 3497 324 3596 quid
347 3524 429 3573 eam
454 3501 641 3574 veritatem
664 3500 738 3573 dici
759 3500 886 3573 attinet
911 3499 959 3573 ab
982 3499 1117 3598 aliquo,
1144 3525 1256 3599 quam
1276 3502 1353 3600 ipse
1373 3524 1448 3572 non
1466 3500 1561 3573 valet
1583 3499 1775 3598 explicare,
1797 3516 1839 3574 ut

234 3617 383 3715 intelligi
404 3619 538 3718 possit?
554 3620 706 3693 Multum
727 3618 897 3718 equidem
921 3618 1139 3719 respondeo.
1167 3625 1261 3693 Cum
1285 3621 1384 3692 enim
1401 3621 1548 3694 auditur
1566 3620 1614 3693 de
1636 3624 1714 3692 Deo
1735 3620 1838 3718 quod

233 3760 310 3809 non
326 3737 548 3836 intelligitur,
569 3741 698 3812 excitat
710 3740 913 3812 auditorem
922 3717 980 3813 'ad
1003 3740 1296 3837 inquisitionem3
1318 3739 1418 3837 quod
1436 3763 1504 3811 nec
1520 3738 1635 3828 fieret,
1653 3739 1722 3811 nisi
1739 3738 1834 3812 audi·

233 3872 344 3929 retur.
368 3860 556 3957 Inquisitio
582 3884 669 3932 vero
694 3859 796 3933 facile
820 3858 1092 3957 intelligentiam
1114 3860 1222 3959 parit,
1243 3863 1273 3930 si
1294 3857 1442 3931 devotio
1464 3858 1569 3931 adsit.
1589 3861 1656 3931 Cui
1678 3884 1717 3931 se
1742 3863 1839 3932 Deus

235 3976 394 4051 revelare
419 3978 604 4076 dignatur,
631 3995 669 4052 et
692 4005 785 4079 saepe
807 3978 909 4076 quod
932 3979 1056 4052 divina
1081 3979 1315 4078 inspiratione
1341 3978 1491 4072 dicitur,
1517 3978 1574 4051 vel
1599 3978 1722 4051 divina
1749 4005 1840 4079 ope·

233 4098 373 4170 ratione
398 4100 545 4196 geritur,
572 4124 649 4171 non
672 4100 718 4171 ad
736 4125 830 4199 opus
852 4123 980 4171 eornm
1004 4098 1056 4190 lit,
1085 4123 1152 4198 per
1172 4123 1266 4199 quos
1288 4100 1418 4195 agitur,
1446 4098 1510 4172 sed
1532 4097 1581 4172 ad
1602 4099 1841 4171 commodum

233 4215 388 4291 aliorum
411 4218 623 4313 intenditur,
647 4220 739 4292 sicut
761 4218 807 4291 de
825 4218 1005 4292 miraculis
1027 4241 1138 4318 supra
1164 4220 1407 4292 meminimus.
1434 4218 1519 4291 Aliis
1543 4220 1665 4316 itaque
1692 4218 1839 4292 dicendi

279 4471 478 4561 ‘Gregorius
494 4471 527 4535 in
545 4470 731 4536 Pastorali⁸
752 4495 760 4537 ε
779 4502 793 4529 a
806 4472 888 4537 Sunt
898 4470 1047 4538 nonnulli
1063 4472 1131 4562 qui,
1151 4471 1230 4537 dum
1247 4471 1396 4537 aestimari
1411 4470 1543 4537 hebetes
1559 4469 1686 4553 nolunt,
1703 4491 1788 4559 saepe
1805 4470 1840 4534 in

234 4566 428 4657 quibusdam
436 4568 694 4657 inquisitionibus
700 4568 870 4659 plusquam
880 4591 1009 4636 necesse
1016 4586 1064 4636 est
1073 4593 1107 4636 se
1118 4586 1305 4636 exercentes
1314 4592 1354 4633 ex
1359 4567 1458 4634 nimia
1465 4568 1639 4634 subtilitate
1645 4567 1809 4634 falluntur.
1821 4598 1834 4623 ν

232 4664 332 4731 Unde
352 4665 405 4730 hic
428 4688 555 4755 quoquc
576 4667 737 4732 subditur.
751 4666 811 4733 Vel
828 4665 967 4758 «grandi
981 4666 1034 4732 vel
1055 4683 1143 4733 torto
1164 4690 1256 4734 naso.
1272 4697 1285 4724 a
1306 4665 1410 4731 Nasus
1433 4668 1520 4732 enim
1536 4666 1666 4757 grandn
1688 4681 1721 4731 et
1736 4680 1838 4728 tortus

234 4778 282 4829 est
304 4762 503 4829 discretionis
525 4764 682 4830 subtilitas
703 4762 915 4830 immoderata
934 4787 943 4830 :
962 4787 1034 4854 quae
1058 4763 1137 4830 dum
1159 4764 1232 4856 plus
1252 4786 1350 4855 quam
1373 4762 1467 4829 decet
1489 4765 1678 4846 excreverit,
1704 4761 1838 4826 actionis

235 4882 300 4926 suae
315 4860 542 4927 rectitudinem
558 4864 625 4952 ipsa
640 4861 822 4928 confundit.

272 5166 422 5233 'thoboid.‚
433 5169 478 5222 ΙΙΙ).
490 5166 548 5234 llll,
559 5181 583 5222 v.
595 5169 640 5222 tet
656 5174 683 5219 et
693 5169 751 5222 tet.
761 5191 793 5206 -
809 5168 862 5219 'la
872 5167 959 5220 Some.
972 5166 1117 5233 Scipionis,
1128 5169 1173 5219 tu.
1185 5168 1212 5231 l,
1224 5181 1279 5233 esp.
1293 5181 1320 5220 n.
1333 5194 1364 5206 -
1375 5169 1385 5201 ⁸
1396 5169 1484 5232 Pom,
1497 5167 1525 5220 P.
1536 5167 1560 5233 l,
1574 5181 1630 5232 cap.
1642 5181 1678 5220 u.
