<?xml version="1.0" encoding="UTF-8"?>
<!DOCTYPE html PUBLIC "-//W3C//DTD XHTML 1.0 Transitional//EN"
    "http://www.w3.org/TR/xhtml1/DTD/xhtml1-transitional.dtd">
<html xmlns="http://www.w3.org/1999/xhtml" xml:lang="en" lang="en">
 <head>
  <title>
</title>
<meta http-equiv="Content-Type" content="text/html;charset=utf-8" />
  <meta name='ocr-system' content='tesseract 3.04.00' />
  <meta name='ocr-capabilities' content='ocr_page ocr_carea ocr_par ocr_line ocrx_word'/>
</head>
<body>
  <div class='ocr_page' id='page_1' title='image "./petriablardiope00despgoog_0101.png"; bbox 0 0 4559 6100; ppageno 0'>
   <div class='ocr_carea' id='block_1_1' title="bbox 10 4641 12 4736">
    <p class='ocr_par' dir='ltr' id='par_1_1' title="bbox 10 4641 12 4790">
     <span class='ocr_line' id='line_1_1' title="bbox 10 4641 12 4736; baseline 0 36"><span class='ocrx_word' id='word_1_1' title='bbox 10 4641 12 4736; x_wconf 80' lang='lat' dir='ltr'><strong>l</strong></span> 
     </span>
    </p>
   </div>
   <div class='ocr_carea' id='block_1_2' title="bbox 631 456 1912 555">
    <p class='ocr_par' dir='ltr' id='par_1_2' title="bbox 631 456 1912 555">
     <span class='ocr_line' id='line_1_2' title="bbox 631 456 1912 555; baseline 0.008 -9"><span class='ocrx_word' id='word_1_2' title='bbox 631 470 922 549; x_wconf 78' lang='lat' dir='ltr'><strong>tmuonocno</strong></span> <span class='ocrx_word' id='word_1_3' title='bbox 948 462 1008 550; x_wconf 79' lang='lat' dir='ltr'><strong>tn</strong></span> <span class='ocrx_word' id='word_1_4' title='bbox 1033 477 1337 552; x_wconf 80' lang='lat' dir='ltr'><strong>ruaouootur.</strong></span> <span class='ocrx_word' id='word_1_5' title='bbox 1739 456 1779 555; x_wconf 76' lang='lat' dir='ltr'><strong>at</strong></span> <span class='ocrx_word' id='word_1_6' title='bbox 1909 458 1912 461; x_wconf 77' lang='grc'><strong>’</strong></span> 
     </span>
    </p>
   </div>
   <div class='ocr_carea' id='block_1_3' title="bbox 184 612 1808 3731">
    <p class='ocr_par' dir='ltr' id='par_1_3' title="bbox 184 612 1808 3731">
     <span class='ocr_line' id='line_1_3' title="bbox 190 612 1785 729; baseline 0.005 -30"><span class='ocrx_word' id='word_1_7' title='bbox 190 651 263 729; x_wconf 88' lang='lat' dir='ltr'><strong>quo</strong></span> <span class='ocrx_word' id='word_1_8' title='bbox 277 624 428 724; x_wconf 90' lang='lat' dir='ltr'><strong>quidem</strong></span> <span class='ocrx_word' id='word_1_9' title='bbox 443 637 481 696; x_wconf 90' lang='lat' dir='ltr'><strong>et</strong></span> <span class='ocrx_word' id='word_1_10' title='bbox 497 648 696 724; x_wconf 76' lang='lat' dir='ltr'><strong>congruam</strong></span> <span class='ocrx_word' id='word_1_11' title='bbox 707 627 825 699; x_wconf 84' lang='lat' dir='ltr'><strong>statim</strong></span> <span class='ocrx_word' id='word_1_12' title='bbox 842 612 1112 701; x_wconf 70' lang='lat' dir='ltr'><strong>similitudinem</strong></span> <span class='ocrx_word' id='word_1_13' title='bbox 1130 629 1307 702; x_wconf 85' lang='lat' dir='ltr'><strong>inducens</strong></span> <span class='ocrx_word' id='word_1_14' title='bbox 1324 631 1410 702; x_wconf 83' lang='lat' dir='ltr'><strong>ait¹:</strong></span> <span class='ocrx_word' id='word_1_15' title='bbox 1434 658 1452 697; x_wconf 75' lang='grc' dir='ltr'>α</span> <span class='ocrx_word' id='word_1_16' title='bbox 1470 634 1557 719; x_wconf 85' lang='lat' dir='ltr'><strong>Quae</strong></span> <span class='ocrx_word' id='word_1_17' title='bbox 1573 632 1649 704; x_wconf 89' lang='lat' dir='ltr'><strong>sine</strong></span> <span class='ocrx_word' id='word_1_18' title='bbox 1665 635 1785 708; x_wconf 89' lang='lat' dir='ltr'><strong>anima</strong></span> 
     </span>
     <span class='ocr_line' id='line_1_4' title="bbox 190 744 1782 844; baseline 0.005 -26"><span class='ocrx_word' id='word_1_19' title='bbox 190 760 272 819; x_wconf 85' lang='lat' dir='ltr'><strong>sunt</strong></span> <span class='ocrx_word' id='word_1_20' title='bbox 282 769 411 819; x_wconf 84' lang='lat' dir='ltr'><strong>vocem</strong></span> <span class='ocrx_word' id='word_1_21' title='bbox 423 744 559 839; x_wconf 86' lang='lat' dir='ltr'><strong>dantia,</strong></span> <span class='ocrx_word' id='word_1_22' title='bbox 574 745 647 818; x_wconf 88' lang='lat' dir='ltr'><strong>sive</strong></span> <span class='ocrx_word' id='word_1_23' title='bbox 665 744 766 837; x_wconf 88' lang='lat' dir='ltr'><strong>tibia,</strong></span> <span class='ocrx_word' id='word_1_24' title='bbox 783 748 857 824; x_wconf 87' lang='lat' dir='ltr'><strong>sive</strong></span> <span class='ocrx_word' id='word_1_25' title='bbox 869 746 1017 839; x_wconf 86' lang='lat' dir='ltr'><strong>cithara,</strong></span> <span class='ocrx_word' id='word_1_26' title='bbox 1037 749 1106 821; x_wconf 91' lang='lat' dir='ltr'><strong>nisi</strong></span> <span class='ocrx_word' id='word_1_27' title='bbox 1122 748 1389 822; x_wconf 83' lang='lat' dir='ltr'><strong>distinctionem</strong></span> <span class='ocrx_word' id='word_1_28' title='bbox 1404 749 1588 823; x_wconf 85' lang='lat' dir='ltr'><strong>sonituum</strong></span> <span class='ocrx_word' id='word_1_29' title='bbox 1604 750 1782 844; x_wconf 82' lang='lat' dir='ltr'><strong>dederint,</strong></span> 
     </span>
     <span class='ocr_line' id='line_1_5' title="bbox 190 864 1785 966; baseline 0.006 -28"><span class='ocrx_word' id='word_1_30' title='bbox 190 865 376 966; x_wconf 90' lang='lat' dir='ltr'><strong>quomodo</strong></span> <span class='ocrx_word' id='word_1_31' title='bbox 393 867 524 938; x_wconf 87' lang='lat' dir='ltr'><strong>scietur</strong></span> <span class='ocrx_word' id='word_1_32' title='bbox 539 864 640 963; x_wconf 92' lang='lat' dir='ltr'><strong>quod</strong></span> <span class='ocrx_word' id='word_1_33' title='bbox 654 867 808 960; x_wconf 89' lang='lat' dir='ltr'><strong>canitur,</strong></span> <span class='ocrx_word' id='word_1_34' title='bbox 826 882 888 940; x_wconf 90' lang='lat' dir='ltr'><strong>aut</strong></span> <span class='ocrx_word' id='word_1_35' title='bbox 907 865 1159 943; x_wconf 70' lang='lat' dir='ltr'><strong>citharizatur?</strong></span> <span class='ocrx_word' id='word_1_36' title='bbox 1176 870 1316 943; x_wconf 86' lang='lat' dir='ltr'><strong>Etenim</strong></span> <span class='ocrx_word' id='word_1_37' title='bbox 1337 870 1367 942; x_wconf 92' lang='lat' dir='ltr'><strong>si</strong></span> <span class='ocrx_word' id='word_1_38' title='bbox 1391 872 1564 942; x_wconf 87' lang='lat' dir='ltr'><strong>incertam</strong></span> <span class='ocrx_word' id='word_1_39' title='bbox 1580 895 1707 944; x_wconf 84' lang='lat' dir='ltr'><strong>vocem</strong></span> <span class='ocrx_word' id='word_1_40' title='bbox 1724 873 1785 947; x_wconf 91' lang='lat' dir='ltr'><strong>det</strong></span> 
     </span>
     <span class='ocr_line' id='line_1_6' title="bbox 189 985 1784 1088; baseline 0.004 -30"><span class='ocrx_word' id='word_1_41' title='bbox 189 987 289 1077; x_wconf 82' lang='lat' dir='ltr'><strong>tuba,</strong></span> <span class='ocrx_word' id='word_1_42' title='bbox 312 987 394 1085; x_wconf 87' lang='lat' dir='ltr'><strong>quis</strong></span> <span class='ocrx_word' id='word_1_43' title='bbox 412 985 554 1086; x_wconf 85' lang='lat' dir='ltr'><strong>parabit</strong></span> <span class='ocrx_word' id='word_1_44' title='bbox 574 1010 612 1060; x_wconf 86' lang='lat' dir='ltr'><strong>se</strong></span> <span class='ocrx_word' id='word_1_45' title='bbox 638 986 685 1059; x_wconf 87' lang='lat' dir='ltr'><strong>ad</strong></span> <span class='ocrx_word' id='word_1_46' title='bbox 705 985 871 1062; x_wconf 69' lang='lat' dir='ltr'><strong>bellum?</strong></span> <span class='ocrx_word' id='word_1_47' title='bbox 892 993 943 1061; x_wconf 91' lang='lat' dir='ltr'><strong>lta</strong></span> <span class='ocrx_word' id='word_1_48' title='bbox 962 1014 1047 1088; x_wconf 88' lang='lat' dir='ltr'><strong>ergo</strong></span> <span class='ocrx_word' id='word_1_49' title='bbox 1071 1004 1108 1062; x_wconf 87' lang='lat' dir='ltr'><strong>et</strong></span> <span class='ocrx_word' id='word_1_50' title='bbox 1128 1014 1196 1062; x_wconf 87' lang='lat' dir='ltr'><strong>vos</strong></span> <span class='ocrx_word' id='word_1_51' title='bbox 1221 1014 1286 1088; x_wconf 90' lang='lat' dir='ltr'><strong>per</strong></span> <span class='ocrx_word' id='word_1_52' title='bbox 1302 989 1458 1088; x_wconf 80' lang='lat' dir='ltr'><strong>linguam</strong></span> <span class='ocrx_word' id='word_1_53' title='bbox 1471 990 1538 1063; x_wconf 91' lang='lat' dir='ltr'><strong>nisi</strong></span> <span class='ocrx_word' id='word_1_54' title='bbox 1556 991 1784 1065; x_wconf 77' lang='lat' dir='ltr'><strong>manifestum</strong></span> 
     </span>
     <span class='ocr_line' id='line_1_7' title="bbox 191 1105 1786 1208; baseline 0.004 -29"><span class='ocrx_word' id='word_1_55' title='bbox 191 1131 394 1179; x_wconf 88' lang='lat' dir='ltr'><strong>sermonem</strong></span> <span class='ocrx_word' id='word_1_56' title='bbox 410 1105 592 1197; x_wconf 89' lang='lat' dir='ltr'><strong>dederitis,</strong></span> <span class='ocrx_word' id='word_1_57' title='bbox 611 1106 800 1205; x_wconf 90' lang='lat' dir='ltr'><strong>quomodo</strong></span> <span class='ocrx_word' id='word_1_58' title='bbox 819 1108 950 1182; x_wconf 88' lang='lat' dir='ltr'><strong>scietur</strong></span> <span class='ocrx_word' id='word_1_59' title='bbox 965 1109 1004 1183; x_wconf 93' lang='lat' dir='ltr'><strong>id</strong></span> <span class='ocrx_word' id='word_1_60' title='bbox 1016 1108 1117 1208; x_wconf 89' lang='lat' dir='ltr'><strong>quod</strong></span> <span class='ocrx_word' id='word_1_61' title='bbox 1134 1107 1291 1182; x_wconf 71' lang='lat' dir='ltr'><strong>dicitur?</strong></span> <span class='ocrx_word' id='word_1_62' title='bbox 1313 1110 1419 1183; x_wconf 88' lang='lat' dir='ltr'><strong>Eritis</strong></span> <span class='ocrx_word' id='word_1_63' title='bbox 1438 1110 1536 1185; x_wconf 89' lang='lat' dir='ltr'><strong>enim</strong></span> <span class='ocrx_word' id='word_1_64' title='bbox 1560 1111 1596 1183; x_wconf 93' lang='lat' dir='ltr'><strong>in</strong></span> <span class='ocrx_word' id='word_1_65' title='bbox 1624 1135 1706 1184; x_wconf 90' lang='lat' dir='ltr'><strong>aera</strong></span> <span class='ocrx_word' id='word_1_66' title='bbox 1728 1112 1786 1185; x_wconf 86' lang='lat' dir='ltr'><strong>lo·</strong></span> 
     </span>
     <span class='ocr_line' id='line_1_8' title="bbox 191 1226 1785 1326; baseline 0.006 -29"><span class='ocrx_word' id='word_1_67' title='bbox 191 1240 352 1323; x_wconf 89' lang='lat' dir='ltr'><strong>quentes.</strong></span> <span class='ocrx_word' id='word_1_68' title='bbox 372 1257 390 1292; x_wconf 74' lang='lat' dir='ltr'><strong>s</strong></span> <span class='ocrx_word' id='word_1_69' title='bbox 415 1227 525 1315; x_wconf 82' lang='lat' dir='ltr'><strong>Quasi</strong></span> <span class='ocrx_word' id='word_1_70' title='bbox 551 1226 725 1300; x_wconf 88' lang='lat' dir='ltr'><strong>inutiliter</strong></span> <span class='ocrx_word' id='word_1_71' title='bbox 750 1252 870 1302; x_wconf 86' lang='lat' dir='ltr'><strong>aerem</strong></span> <span class='ocrx_word' id='word_1_72' title='bbox 895 1228 1013 1302; x_wconf 90' lang='lat' dir='ltr'><strong>solum</strong></span> <span class='ocrx_word' id='word_1_73' title='bbox 1037 1229 1192 1304; x_wconf 84' lang='lat' dir='ltr'><strong>exterius</strong></span> <span class='ocrx_word' id='word_1_74' title='bbox 1214 1229 1335 1326; x_wconf 87' lang='lat' dir='ltr'><strong>lingua</strong></span> <span class='ocrx_word' id='word_1_75' title='bbox 1357 1230 1597 1320; x_wconf 84' lang='lat' dir='ltr'><strong>verberantes,</strong></span> <span class='ocrx_word' id='word_1_76' title='bbox 1624 1255 1699 1303; x_wconf 90' lang='lat' dir='ltr'><strong>nou</strong></span> <span class='ocrx_word' id='word_1_77' title='bbox 1721 1257 1785 1305; x_wconf 91' lang='lat' dir='ltr'><strong>cor</strong></span> 
     </span>
     <span class='ocr_line' id='line_1_9' title="bbox 191 1345 1784 1447; baseline 0.007 -31"><span class='ocrx_word' id='word_1_78' title='bbox 191 1348 337 1419; x_wconf 89' lang='lat' dir='ltr'><strong>interius</strong></span> <span class='ocrx_word' id='word_1_79' title='bbox 359 1372 426 1446; x_wconf 91' lang='lat' dir='ltr'><strong>per</strong></span> <span class='ocrx_word' id='word_1_80' title='bbox 442 1345 711 1442; x_wconf 85' lang='lat' dir='ltr'><strong>intelligentiam</strong></span> <span class='ocrx_word' id='word_1_81' title='bbox 727 1349 987 1447; x_wconf 88' lang='lat' dir='ltr'><strong>contingentes.</strong></span> <span class='ocrx_word' id='word_1_82' title='bbox 1011 1353 1055 1421; x_wconf 88' lang='lat' dir='ltr'><strong>Et</strong></span> <span class='ocrx_word' id='word_1_83' title='bbox 1071 1353 1213 1422; x_wconf 84' lang='lat' dir='ltr'><strong>rursus¹</strong></span> <span class='ocrx_word' id='word_1_84' title='bbox 1232 1376 1241 1420; x_wconf 75' lang='grc' dir='ltr'><strong><em>ε</em></strong></span> <span class='ocrx_word' id='word_1_85' title='bbox 1264 1354 1370 1447; x_wconf 82' lang='lat' dir='ltr'><strong>«Ego</strong></span> <span class='ocrx_word' id='word_1_86' title='bbox 1387 1350 1417 1421; x_wconf 91' lang='lat' dir='ltr'><strong>si</strong></span> <span class='ocrx_word' id='word_1_87' title='bbox 1437 1350 1598 1423; x_wconf 84' lang='lat' dir='ltr'><strong>nesciero</strong></span> <span class='ocrx_word' id='word_1_88' title='bbox 1616 1351 1784 1427; x_wconf 83' lang='lat' dir='ltr'><strong>virtutem</strong></span> 
     </span>
     <span class='ocr_line' id='line_1_10' title="bbox 190 1465 1780 1568; baseline 0.004 -31"><span class='ocrx_word' id='word_1_89' title='bbox 190 1466 298 1558; x_wconf 83' lang='lat' dir='ltr'><strong>vocis,</strong></span> <span class='ocrx_word' id='word_1_90' title='bbox 318 1491 383 1539; x_wconf 88' lang='lat' dir='ltr'><strong>cro</strong></span> <span class='ocrx_word' id='word_1_91' title='bbox 399 1467 432 1539; x_wconf 91' lang='lat' dir='ltr'><strong>ei</strong></span> <span class='ocrx_word' id='word_1_92' title='bbox 447 1468 506 1539; x_wconf 90' lang='lat' dir='ltr'><strong>cui</strong></span> <span class='ocrx_word' id='word_1_93' title='bbox 520 1465 666 1566; x_wconf 88' lang='lat' dir='ltr'><strong>loquor,</strong></span> <span class='ocrx_word' id='word_1_94' title='bbox 684 1467 873 1561; x_wconf 81' lang='lat' dir='ltr'><strong>barbarus,</strong></span> <span class='ocrx_word' id='word_1_95' title='bbox 892 1483 928 1541; x_wconf 90' lang='lat' dir='ltr'><strong>et</strong></span> <span class='ocrx_word' id='word_1_96' title='bbox 943 1469 1008 1567; x_wconf 89' lang='lat' dir='ltr'><strong>qui</strong></span> <span class='ocrx_word' id='word_1_97' title='bbox 1021 1466 1181 1568; x_wconf 88' lang='lat' dir='ltr'><strong>loquitur</strong></span> <span class='ocrx_word' id='word_1_98' title='bbox 1204 1468 1293 1540; x_wconf 93' lang='lat' dir='ltr'><strong>mihi</strong></span> <span class='ocrx_word' id='word_1_99' title='bbox 1308 1468 1495 1560; x_wconf 89' lang='lat' dir='ltr'><strong>barbarus,</strong></span> <span class='ocrx_word' id='word_1_100' title='bbox 1512 1470 1563 1542; x_wconf 91' lang='lat' dir='ltr'><strong>sic</strong></span> <span class='ocrx_word' id='word_1_101' title='bbox 1579 1484 1614 1543; x_wconf 89' lang='lat' dir='ltr'><strong>ot</strong></span> <span class='ocrx_word' id='word_1_102' title='bbox 1630 1495 1696 1543; x_wconf 89' lang='lat' dir='ltr'><strong>vos</strong></span> <span class='ocrx_word' id='word_1_103' title='bbox 1710 1486 1780 1545; x_wconf 88' lang='lat' dir='ltr'><strong>etc.</strong></span> 
     </span>
     <span class='ocr_line' id='line_1_11' title="bbox 189 1586 1784 1689; baseline 0.006 -34"><span class='ocrx_word' id='word_1_104' title='bbox 189 1586 315 1658; x_wconf 90' lang='lat' dir='ltr'><strong>Omnis</strong></span> <span class='ocrx_word' id='word_1_105' title='bbox 332 1588 395 1684; x_wconf 89' lang='lat' dir='ltr'><strong>qui</strong></span> <span class='ocrx_word' id='word_1_106' title='bbox 410 1588 572 1686; x_wconf 86' lang='lat' dir='ltr'><strong>loquitur</strong></span> <span class='ocrx_word' id='word_1_107' title='bbox 586 1588 729 1685; x_wconf 85' lang='lat' dir='ltr'><strong>lingua,</strong></span> <span class='ocrx_word' id='word_1_108' title='bbox 749 1601 827 1661; x_wconf 91' lang='lat' dir='ltr'><strong>oret</strong></span> <span class='ocrx_word' id='word_1_109' title='bbox 843 1603 884 1661; x_wconf 90' lang='lat' dir='ltr'><strong>ut</strong></span> <span class='ocrx_word' id='word_1_110' title='bbox 900 1589 1167 1689; x_wconf 80' lang='lat' dir='ltr'><strong>interpretetur.</strong></span> <span class='ocrx_word' id='word_1_111' title='bbox 1186 1617 1205 1658; x_wconf 79' lang='lat' dir='ltr'><strong>a</strong></span> <span class='ocrx_word' id='word_1_112' title='bbox 1224 1588 1334 1684; x_wconf 88' lang='lat' dir='ltr'><strong>Quid,</strong></span> <span class='ocrx_word' id='word_1_113' title='bbox 1352 1612 1488 1688; x_wconf 86' lang='lat' dir='ltr'><strong>quaeso,</strong></span> <span class='ocrx_word' id='word_1_114' title='bbox 1503 1589 1673 1665; x_wconf 84' lang='lat' dir='ltr'><strong>virtutem</strong></span> <span class='ocrx_word' id='word_1_115' title='bbox 1685 1593 1784 1665; x_wconf 86' lang='lat' dir='ltr'><strong>vocis</strong></span> 
     </span>
     <span class='ocr_line' id='line_1_12' title="bbox 188 1705 1783 1810; baseline 0.004 -35"><span class='ocrx_word' id='word_1_116' title='bbox 188 1705 286 1796; x_wconf 90' lang='lat' dir='ltr'><strong>dicit,</strong></span> <span class='ocrx_word' id='word_1_117' title='bbox 305 1706 374 1779; x_wconf 91' lang='lat' dir='ltr'><strong>nisi</strong></span> <span class='ocrx_word' id='word_1_118' title='bbox 397 1708 476 1805; x_wconf 87' lang='lat' dir='ltr'><strong>ejus</strong></span> <span class='ocrx_word' id='word_1_119' title='bbox 493 1706 764 1804; x_wconf 82' lang='lat' dir='ltr'><strong>intelligentiam</strong></span> <span class='ocrx_word' id='word_1_120' title='bbox 784 1723 932 1809; x_wconf 82' lang='lat' dir='ltr'><strong>propter</strong></span> <span class='ocrx_word' id='word_1_121' title='bbox 947 1733 1058 1807; x_wconf 89' lang='lat' dir='ltr'><strong>quam</strong></span> <span class='ocrx_word' id='word_1_122' title='bbox 1074 1722 1130 1782; x_wconf 88' lang='lat' dir='ltr'><strong>est</strong></span> <span class='ocrx_word' id='word_1_123' title='bbox 1144 1707 1307 1810; x_wconf 71' lang='lat' dir='ltr'><strong>reperta?</strong></span> <span class='ocrx_word' id='word_1_124' title='bbox 1320 1708 1429 1799; x_wconf 92' lang='lat' dir='ltr'><strong>Quod</strong></span> <span class='ocrx_word' id='word_1_125' title='bbox 1453 1710 1563 1785; x_wconf 84' lang='lat' dir='ltr'><strong>etiam</strong></span> <span class='ocrx_word' id='word_1_126' title='bbox 1585 1708 1723 1803; x_wconf 85' lang='lat' dir='ltr'><strong>beatus,</strong></span> <span class='ocrx_word' id='word_1_127' title='bbox 1744 1727 1783 1785; x_wconf 87' lang='lat' dir='ltr'><strong>ut</strong></span> 
     </span>
     <span class='ocr_line' id='line_1_13' title="bbox 189 1824 1783 1929; baseline 0.006 -34"><span class='ocrx_word' id='word_1_128' title='bbox 189 1848 294 1922; x_wconf 88' lang='lat' dir='ltr'><strong>supra</strong></span> <span class='ocrx_word' id='word_1_129' title='bbox 320 1824 564 1919; x_wconf 91' lang='lat' dir='ltr'><strong>meminimus,</strong></span> <span class='ocrx_word' id='word_1_130' title='bbox 593 1826 783 1901; x_wconf 86' lang='lat' dir='ltr'><strong>attendens</strong></span> <span class='ocrx_word' id='word_1_131' title='bbox 800 1829 1013 1928; x_wconf 73' lang='lat' dir='ltr'><strong>Augustinus</strong></span> <span class='ocrx_word' id='word_1_132' title='bbox 1035 1857 1043 1902; x_wconf 76' lang='grc' dir='ltr'><strong>ε</strong></span> <span class='ocrx_word' id='word_1_133' title='bbox 1067 1829 1203 1918; x_wconf 78' lang='lat' dir='ltr'><strong>«Quid</strong></span> <span class='ocrx_word' id='word_1_134' title='bbox 1227 1829 1397 1929; x_wconf 90' lang='lat' dir='ltr'><strong>prodest,</strong></span> <span class='ocrx_word' id='word_1_135' title='bbox 1424 1829 1558 1927; x_wconf 91' lang='lat' dir='ltr'><strong>inquit,</strong></span> <span class='ocrx_word' id='word_1_136' title='bbox 1589 1829 1783 1904; x_wconf 88' lang='lat' dir='ltr'><strong>locutionis</strong></span> 
     </span>
     <span class='ocr_line' id='line_1_14' title="bbox 190 1944 1784 2047; baseline 0.006 -32"><span class='ocrx_word' id='word_1_137' title='bbox 190 1944 369 2042; x_wconf 85' lang='lat' dir='ltr'><strong>integritas</strong></span> <span class='ocrx_word' id='word_1_138' title='bbox 386 1970 498 2045; x_wconf 87' lang='lat' dir='ltr'><strong>quam</strong></span> <span class='ocrx_word' id='word_1_139' title='bbox 515 1970 591 2019; x_wconf 89' lang='lat' dir='ltr'><strong>non</strong></span> <span class='ocrx_word' id='word_1_140' title='bbox 606 1948 768 2045; x_wconf 88' lang='lat' dir='ltr'><strong>sequitur</strong></span> <span class='ocrx_word' id='word_1_141' title='bbox 789 1947 990 2023; x_wconf 87' lang='lat' dir='ltr'><strong>intellectus</strong></span> <span class='ocrx_word' id='word_1_142' title='bbox 1009 1949 1201 2041; x_wconf 89' lang='lat' dir='ltr'><strong>audientis,</strong></span> <span class='ocrx_word' id='word_1_143' title='bbox 1224 1974 1308 2022; x_wconf 89' lang='lat' dir='ltr'><strong>oum</strong></span> <span class='ocrx_word' id='word_1_144' title='bbox 1327 1949 1502 2047; x_wconf 91' lang='lat' dir='ltr'><strong>loquendi</strong></span> <span class='ocrx_word' id='word_1_145' title='bbox 1517 1950 1669 2022; x_wconf 90' lang='lat' dir='ltr'><strong>omnino</strong></span> <span class='ocrx_word' id='word_1_146' title='bbox 1687 1950 1784 2024; x_wconf 86' lang='lat' dir='ltr'><strong>nulla</strong></span> 
     </span>
     <span class='ocr_line' id='line_1_15' title="bbox 190 2064 1784 2171; baseline 0.008 -35"><span class='ocrx_word' id='word_1_147' title='bbox 190 2064 232 2135; x_wconf 91' lang='lat' dir='ltr'><strong>sit</strong></span> <span class='ocrx_word' id='word_1_148' title='bbox 246 2088 366 2159; x_wconf 87' lang='lat' dir='ltr'><strong>causa,</strong></span> <span class='ocrx_word' id='word_1_149' title='bbox 386 2067 416 2138; x_wconf 90' lang='lat' dir='ltr'><strong>si</strong></span> <span class='ocrx_word' id='word_1_150' title='bbox 433 2065 535 2164; x_wconf 89' lang='lat' dir='ltr'><strong>quod</strong></span> <span class='ocrx_word' id='word_1_151' title='bbox 552 2066 736 2166; x_wconf 92' lang='lat' dir='ltr'><strong>loquimur</strong></span> <span class='ocrx_word' id='word_1_152' title='bbox 756 2094 831 2142; x_wconf 92' lang='lat' dir='ltr'><strong>non</strong></span> <span class='ocrx_word' id='word_1_153' title='bbox 852 2068 1054 2167; x_wconf 91' lang='lat' dir='ltr'><strong>intelligunt</strong></span> <span class='ocrx_word' id='word_1_154' title='bbox 1079 2085 1227 2171; x_wconf 89' lang='lat' dir='ltr'><strong>propter</strong></span> <span class='ocrx_word' id='word_1_155' title='bbox 1251 2096 1358 2168; x_wconf 89' lang='lat' dir='ltr'><strong>quos,</strong></span> <span class='ocrx_word' id='word_1_156' title='bbox 1378 2084 1417 2141; x_wconf 91' lang='lat' dir='ltr'><strong>ut</strong></span> <span class='ocrx_word' id='word_1_157' title='bbox 1438 2070 1649 2166; x_wconf 89' lang='lat' dir='ltr'><strong>intelligant,</strong></span> <span class='ocrx_word' id='word_1_158' title='bbox 1668 2071 1784 2171; x_wconf 88' lang='lat' dir='ltr'><strong>loqui·</strong></span> 
     </span>
     <span class='ocr_line' id='line_1_16' title="bbox 190 2186 1782 2290; baseline 0.007 -36"><span class='ocrx_word' id='word_1_159' title='bbox 190 2186 289 2257; x_wconf 81' lang='lat' dir='ltr'><strong>mur?</strong></span> <span class='ocrx_word' id='word_1_160' title='bbox 308 2214 326 2254; x_wconf 80' lang='lat' dir='ltr'><strong>n</strong></span> <span class='ocrx_word' id='word_1_161' title='bbox 351 2187 424 2274; x_wconf 91' lang='lat' dir='ltr'><strong>Qui</strong></span> <span class='ocrx_word' id='word_1_162' title='bbox 449 2189 559 2261; x_wconf 88' lang='lat' dir='ltr'><strong>etiam</strong></span> <span class='ocrx_word' id='word_1_163' title='bbox 582 2201 658 2261; x_wconf 88' lang='lat' dir='ltr'><strong>tam</strong></span> <span class='ocrx_word' id='word_1_164' title='bbox 679 2188 874 2263; x_wconf 79' lang='lat' dir='ltr'><strong>verborum</strong></span> <span class='ocrx_word' id='word_1_165' title='bbox 895 2189 1165 2290; x_wconf 89' lang='lat' dir='ltr'><strong>intelligentiam</strong></span> <span class='ocrx_word' id='word_1_166' title='bbox 1187 2192 1225 2263; x_wconf 92' lang='lat' dir='ltr'><strong>in</strong></span> <span class='ocrx_word' id='word_1_167' title='bbox 1246 2189 1402 2263; x_wconf 86' lang='lat' dir='ltr'><strong>Ecclesia</strong></span> <span class='ocrx_word' id='word_1_168' title='bbox 1423 2192 1658 2264; x_wconf 88' lang='lat' dir='ltr'><strong>necessariam</strong></span> <span class='ocrx_word' id='word_1_169' title='bbox 1679 2192 1782 2282; x_wconf 91' lang='lat' dir='ltr'><strong>dicit,</strong></span> 
     </span>
     <span class='ocr_line' id='line_1_17' title="bbox 190 2306 1783 2409; baseline 0.005 -33"><span class='ocrx_word' id='word_1_170' title='bbox 190 2320 231 2376; x_wconf 92' lang='lat' dir='ltr'><strong>ut</strong></span> <span class='ocrx_word' id='word_1_171' title='bbox 245 2329 331 2377; x_wconf 88' lang='lat' dir='ltr'><strong>cum</strong></span> <span class='ocrx_word' id='word_1_172' title='bbox 345 2306 395 2378; x_wconf 92' lang='lat' dir='ltr'><strong>ibi</strong></span> <span class='ocrx_word' id='word_1_173' title='bbox 412 2306 823 2409; x_wconf 83' lang='lat' dir='ltr'><strong>aliquaebenedictiones</strong></span> <span class='ocrx_word' id='word_1_174' title='bbox 838 2309 943 2402; x_wconf 86' lang='lat' dir='ltr'><strong>fiunt,</strong></span> <span class='ocrx_word' id='word_1_175' title='bbox 962 2336 1039 2384; x_wconf 90' lang='lat' dir='ltr'><strong>non</strong></span> <span class='ocrx_word' id='word_1_176' title='bbox 1062 2310 1192 2385; x_wconf 86' lang='lat' dir='ltr'><strong>debeat</strong></span> <span class='ocrx_word' id='word_1_177' title='bbox 1208 2315 1317 2384; x_wconf 82' lang='lat' dir='ltr'><strong>Amen</strong></span> <span class='ocrx_word' id='word_1_178' title='bbox 1335 2309 1557 2409; x_wconf 86' lang='lat' dir='ltr'><strong>responderi,</strong></span> <span class='ocrx_word' id='word_1_179' title='bbox 1579 2312 1649 2385; x_wconf 89' lang='lat' dir='ltr'><strong>nisi</strong></span> <span class='ocrx_word' id='word_1_180' title='bbox 1664 2311 1711 2383; x_wconf 88' lang='lat' dir='ltr'><strong>ab</strong></span> <span class='ocrx_word' id='word_1_181' title='bbox 1728 2313 1783 2384; x_wconf 91' lang='lat' dir='ltr'><strong>in·</strong></span> 
     </span>
     <span class='ocr_line' id='line_1_18' title="bbox 191 2422 1784 2529; baseline 0.005 -34"><span class='ocrx_word' id='word_1_182' title='bbox 191 2422 449 2523; x_wconf 87' lang='lat' dir='ltr'><strong>telligentibus,</strong></span> <span class='ocrx_word' id='word_1_183' title='bbox 478 2428 540 2526; x_wconf 90' lang='lat' dir='ltr'><strong>qui</strong></span> <span class='ocrx_word' id='word_1_184' title='bbox 560 2427 726 2507; x_wconf 84' lang='lat' dir='ltr'><strong>uidelicet</strong></span> <span class='ocrx_word' id='word_1_185' title='bbox 748 2430 950 2504; x_wconf 88' lang='lat' dir='ltr'><strong>discernere</strong></span> <span class='ocrx_word' id='word_1_186' title='bbox 976 2431 1114 2529; x_wconf 90' lang='lat' dir='ltr'><strong>possint</strong></span> <span class='ocrx_word' id='word_1_187' title='bbox 1133 2455 1180 2504; x_wconf 89' lang='lat' dir='ltr'><strong>an</strong></span> <span class='ocrx_word' id='word_1_188' title='bbox 1200 2429 1463 2504; x_wconf 88' lang='lat' dir='ltr'><strong>benedictionis</strong></span> <span class='ocrx_word' id='word_1_189' title='bbox 1483 2427 1592 2501; x_wconf 89' lang='lat' dir='ltr'><strong>verba</strong></span> <span class='ocrx_word' id='word_1_190' title='bbox 1621 2431 1709 2521; x_wconf 90' lang='lat' dir='ltr'><strong>sint,</strong></span> <span class='ocrx_word' id='word_1_191' title='bbox 1737 2455 1784 2503; x_wconf 88' lang='lat' dir='ltr'><strong>an</strong></span> 
     </span>
     <span class='ocr_line' id='line_1_19' title="bbox 189 2544 1781 2650; baseline 0.001 -31"><span class='ocrx_word' id='word_1_192' title='bbox 189 2544 461 2620; x_wconf 77' lang='lat' dir='ltr'><strong>maledictionis.</strong></span> <span class='ocrx_word' id='word_1_193' title='bbox 479 2549 723 2641; x_wconf 75' lang='lat' dir='ltr'><strong>«Quomodo,</strong></span> <span class='ocrx_word' id='word_1_194' title='bbox 741 2551 921 2650; x_wconf 74' lang='lat' dir='ltr'><strong>»inquit⁸,</strong></span> <span class='ocrx_word' id='word_1_195' title='bbox 944 2581 961 2616; x_wconf 81' lang='lat' dir='ltr'><strong>r</strong></span> <span class='ocrx_word' id='word_1_196' title='bbox 978 2550 1073 2623; x_wconf 90' lang='lat' dir='ltr'><strong>dicet</strong></span> <span class='ocrx_word' id='word_1_197' title='bbox 1091 2554 1202 2623; x_wconf 74' lang='lat' dir='ltr'><strong>Amen</strong></span> <span class='ocrx_word' id='word_1_198' title='bbox 1228 2573 1336 2650; x_wconf 86' lang='lat' dir='ltr'><strong>super</strong></span> <span class='ocrx_word' id='word_1_199' title='bbox 1359 2563 1459 2622; x_wconf 90' lang='lat' dir='ltr'><strong>tuam</strong></span> <span class='ocrx_word' id='word_1_200' title='bbox 1477 2547 1781 2640; x_wconf 86' lang='lat' dir='ltr'><strong>benedictionem,</strong></span> 
     </span>
     <span class='ocr_line' id='line_1_20' title="bbox 190 2664 1786 2766; baseline 0.005 -30"><span class='ocrx_word' id='word_1_201' title='bbox 190 2664 334 2763; x_wconf 86' lang='lat' dir='ltr'><strong>quando</strong></span> <span class='ocrx_word' id='word_1_202' title='bbox 351 2692 431 2765; x_wconf 86' lang='lat' dir='ltr'><strong>quae</strong></span> <span class='ocrx_word' id='word_1_203' title='bbox 443 2667 543 2747; x_wconf 81' lang='lat' dir='ltr'><strong>dicas</strong></span> <span class='ocrx_word' id='word_1_204' title='bbox 558 2668 698 2743; x_wconf 70' lang='lat' dir='ltr'><strong>nescit?</strong></span> <span class='ocrx_word' id='word_1_205' title='bbox 711 2699 730 2740; x_wconf 81' lang='lat' dir='ltr'><strong>n</strong></span> <span class='ocrx_word' id='word_1_206' title='bbox 751 2673 795 2743; x_wconf 88' lang='lat' dir='ltr'><strong>Et</strong></span> <span class='ocrx_word' id='word_1_207' title='bbox 809 2673 995 2744; x_wconf 78' lang='lat' dir='ltr'><strong>rursum⁸:</strong></span> <span class='ocrx_word' id='word_1_208' title='bbox 1017 2702 1035 2737; x_wconf 73' lang='grc' dir='ltr'><strong>ιι</strong></span> <span class='ocrx_word' id='word_1_209' title='bbox 1052 2672 1193 2744; x_wconf 89' lang='lat' dir='ltr'><strong>Gratias</strong></span> <span class='ocrx_word' id='word_1_210' title='bbox 1209 2693 1276 2765; x_wconf 88' lang='lat' dir='ltr'><strong>ago</strong></span> <span class='ocrx_word' id='word_1_211' title='bbox 1292 2673 1372 2741; x_wconf 90' lang='lat' dir='ltr'><strong>Deo</strong></span> <span class='ocrx_word' id='word_1_212' title='bbox 1399 2693 1495 2755; x_wconf 91' lang='lat' dir='ltr'><strong>meo,</strong></span> <span class='ocrx_word' id='word_1_213' title='bbox 1517 2670 1691 2766; x_wconf 87' lang='lat' dir='ltr'><strong>quoniam</strong></span> <span class='ocrx_word' id='word_1_214' title='bbox 1712 2695 1786 2745; x_wconf 87' lang='lat' dir='ltr'><strong>om·</strong></span> 
     </span>
     <span class='ocr_line' id='line_1_21' title="bbox 191 2787 1785 2890; baseline 0.004 -34"><span class='ocrx_word' id='word_1_215' title='bbox 191 2787 289 2859; x_wconf 91' lang='lat' dir='ltr'><strong>nium</strong></span> <span class='ocrx_word' id='word_1_216' title='bbox 305 2801 464 2861; x_wconf 85' lang='lat' dir='ltr'><strong>vestrum</strong></span> <span class='ocrx_word' id='word_1_217' title='bbox 478 2787 601 2887; x_wconf 88' lang='lat' dir='ltr'><strong>lingua</strong></span> <span class='ocrx_word' id='word_1_218' title='bbox 629 2790 773 2890; x_wconf 89' lang='lat' dir='ltr'><strong>loquor.</strong></span> <span class='ocrx_word' id='word_1_219' title='bbox 801 2791 873 2864; x_wconf 90' lang='lat' dir='ltr'><strong>Sed</strong></span> <span class='ocrx_word' id='word_1_220' title='bbox 902 2792 939 2864; x_wconf 93' lang='lat' dir='ltr'><strong>in</strong></span> <span class='ocrx_word' id='word_1_221' title='bbox 968 2788 1125 2867; x_wconf 85' lang='lat' dir='ltr'><strong>Ecclesia</strong></span> <span class='ocrx_word' id='word_1_222' title='bbox 1144 2790 1228 2863; x_wconf 76' lang='lat' dir='ltr'><strong>volo</strong></span> <span class='ocrx_word' id='word_1_223' title='bbox 1254 2790 1412 2887; x_wconf 88' lang='lat' dir='ltr'><strong>quinque</strong></span> <span class='ocrx_word' id='word_1_224' title='bbox 1431 2788 1541 2862; x_wconf 83' lang='lat' dir='ltr'><strong>uerba</strong></span> <span class='ocrx_word' id='word_1_225' title='bbox 1569 2814 1676 2862; x_wconf 87' lang='lat' dir='ltr'><strong>seusu</strong></span> <span class='ocrx_word' id='word_1_226' title='bbox 1703 2814 1785 2862; x_wconf 90' lang='lat' dir='ltr'><strong>meo</strong></span> 
     </span>
     <span class='ocr_line' id='line_1_22' title="bbox 189 2904 1785 3011; baseline 0.004 -36"><span class='ocrx_word' id='word_1_227' title='bbox 189 2904 300 3004; x_wconf 90' lang='lat' dir='ltr'><strong>loqui,</strong></span> <span class='ocrx_word' id='word_1_228' title='bbox 315 2921 356 2979; x_wconf 87' lang='lat' dir='ltr'><strong>ut</strong></span> <span class='ocrx_word' id='word_1_229' title='bbox 368 2923 404 2981; x_wconf 88' lang='lat' dir='ltr'><strong>et</strong></span> <span class='ocrx_word' id='word_1_230' title='bbox 417 2908 506 2983; x_wconf 85' lang='lat' dir='ltr'><strong>alios</strong></span> <span class='ocrx_word' id='word_1_231' title='bbox 523 2910 714 3005; x_wconf 86' lang='lat' dir='ltr'><strong>instruam,</strong></span> <span class='ocrx_word' id='word_1_232' title='bbox 730 2936 841 3011; x_wconf 88' lang='lat' dir='ltr'><strong>quam</strong></span> <span class='ocrx_word' id='word_1_233' title='bbox 858 2910 984 2984; x_wconf 91' lang='lat' dir='ltr'><strong>decem</strong></span> <span class='ocrx_word' id='word_1_234' title='bbox 1000 2909 1197 2982; x_wconf 81' lang='lat' dir='ltr'><strong>verborum</strong></span> <span class='ocrx_word' id='word_1_235' title='bbox 1214 2908 1324 2982; x_wconf 91' lang='lat' dir='ltr'><strong>millia</strong></span> <span class='ocrx_word' id='word_1_236' title='bbox 1348 2909 1384 2981; x_wconf 91' lang='lat' dir='ltr'><strong>in</strong></span> <span class='ocrx_word' id='word_1_237' title='bbox 1406 2907 1571 3006; x_wconf 83' lang='lat' dir='ltr'><strong>lingua.»</strong></span> <span class='ocrx_word' id='word_1_238' title='bbox 1601 2913 1644 2981; x_wconf 83' lang='lat' dir='ltr'><strong>Et</strong></span> <span class='ocrx_word' id='word_1_239' title='bbox 1666 2911 1785 2982; x_wconf 86' lang='lat' dir='ltr'><strong>statim</strong></span> 
     </span>
     <span class='ocr_line' id='line_1_23' title="bbox 188 3026 1783 3130; baseline 0.003 -32"><span class='ocrx_word' id='word_1_240' title='bbox 188 3026 233 3098; x_wconf 88' lang='lat' dir='ltr'><strong>ad</strong></span> <span class='ocrx_word' id='word_1_241' title='bbox 257 3026 514 3126; x_wconf 88' lang='lat' dir='ltr'><strong>perlectionem</strong></span> <span class='ocrx_word' id='word_1_242' title='bbox 535 3029 776 3130; x_wconf 80' lang='lat' dir='ltr'><strong>intelligentiae</strong></span> <span class='ocrx_word' id='word_1_243' title='bbox 805 3056 989 3106; x_wconf 89' lang='lat' dir='ltr'><strong>sacrorum</strong></span> <span class='ocrx_word' id='word_1_244' title='bbox 1013 3028 1210 3104; x_wconf 86' lang='lat' dir='ltr'><strong>verborum</strong></span> <span class='ocrx_word' id='word_1_245' title='bbox 1238 3054 1306 3103; x_wconf 88' lang='lat' dir='ltr'><strong>nos</strong></span> <span class='ocrx_word' id='word_1_246' title='bbox 1328 3028 1556 3123; x_wconf 83' lang='lat' dir='ltr'><strong>adhortans⁸,</strong></span> <span class='ocrx_word' id='word_1_247' title='bbox 1587 3058 1606 3098; x_wconf 79' lang='lat' dir='ltr'><strong>r</strong></span> <span class='ocrx_word' id='word_1_248' title='bbox 1632 3032 1783 3117; x_wconf 85' lang='lat' dir='ltr'><strong>Fratres,</strong></span> 
     </span>
     <span class='ocr_line' id='line_1_24' title="bbox 188 3147 1785 3252; baseline 0.003 -34"><span class='ocrx_word' id='word_1_249' title='bbox 188 3147 318 3246; x_wconf 88' lang='lat' dir='ltr'><strong>inqult,</strong></span> <span class='ocrx_word' id='word_1_250' title='bbox 340 3150 452 3223; x_wconf 92' lang='lat' dir='ltr'><strong>nolite</strong></span> <span class='ocrx_word' id='word_1_251' title='bbox 469 3153 573 3252; x_wconf 91' lang='lat' dir='ltr'><strong>pueri</strong></span> <span class='ocrx_word' id='word_1_252' title='bbox 598 3150 692 3225; x_wconf 88' lang='lat' dir='ltr'><strong>ellici</strong></span> <span class='ocrx_word' id='word_1_253' title='bbox 710 3151 889 3248; x_wconf 89' lang='lat' dir='ltr'><strong>sensibus,</strong></span> <span class='ocrx_word' id='word_1_254' title='bbox 917 3151 979 3226; x_wconf 91' lang='lat' dir='ltr'><strong>sed</strong></span> <span class='ocrx_word' id='word_1_255' title='bbox 1004 3151 1138 3225; x_wconf 86' lang='lat' dir='ltr'><strong>malitia</strong></span> <span class='ocrx_word' id='word_1_256' title='bbox 1160 3150 1298 3251; x_wconf 88' lang='lat' dir='ltr'><strong>parvuli</strong></span> <span class='ocrx_word' id='word_1_257' title='bbox 1328 3164 1453 3240; x_wconf 89' lang='lat' dir='ltr'><strong>estote,</strong></span> <span class='ocrx_word' id='word_1_258' title='bbox 1479 3149 1643 3222; x_wconf 87' lang='lat' dir='ltr'><strong>sensibus</strong></span> <span class='ocrx_word' id='word_1_259' title='bbox 1664 3163 1785 3224; x_wconf 89' lang='lat' dir='ltr'><strong>autem</strong></span> 
     </span>
     <span class='ocr_line' id='line_1_25' title="bbox 188 3267 1787 3373; baseline 0.002 -32"><span class='ocrx_word' id='word_1_260' title='bbox 188 3267 350 3365; x_wconf 77' lang='lat' dir='ltr'><strong>perfecti.</strong></span> <span class='ocrx_word' id='word_1_261' title='bbox 372 3301 391 3336; x_wconf 75' lang='lat' dir='ltr'><strong>r</strong></span> <span class='ocrx_word' id='word_1_262' title='bbox 413 3273 485 3360; x_wconf 91' lang='lat' dir='ltr'><strong>Qui</strong></span> <span class='ocrx_word' id='word_1_263' title='bbox 504 3272 614 3346; x_wconf 88' lang='lat' dir='ltr'><strong>etiam</strong></span> <span class='ocrx_word' id='word_1_264' title='bbox 635 3274 781 3371; x_wconf 86' lang='lat' dir='ltr'><strong>eosqui</strong></span> <span class='ocrx_word' id='word_1_265' title='bbox 805 3298 884 3372; x_wconf 82' lang='lat' dir='ltr'><strong>quae</strong></span> <span class='ocrx_word' id='word_1_266' title='bbox 900 3272 1096 3373; x_wconf 88' lang='lat' dir='ltr'><strong>praedicant</strong></span> <span class='ocrx_word' id='word_1_267' title='bbox 1118 3295 1302 3370; x_wconf 87' lang='lat' dir='ltr'><strong>exponere</strong></span> <span class='ocrx_word' id='word_1_268' title='bbox 1322 3294 1397 3341; x_wconf 92' lang='lat' dir='ltr'><strong>non</strong></span> <span class='ocrx_word' id='word_1_269' title='bbox 1421 3268 1615 3360; x_wconf 87' lang='lat' dir='ltr'><strong>sufficiunt,</strong></span> <span class='ocrx_word' id='word_1_270' title='bbox 1643 3285 1787 3367; x_wconf 68' lang='lat' dir='ltr'><strong>quantae</strong></span> 
     </span>
     <span class='ocr_line' id='line_1_26' title="bbox 186 3387 1787 3488; baseline 0.004 -31"><span class='ocrx_word' id='word_1_271' title='bbox 186 3387 345 3462; x_wconf 85' lang='lat' dir='ltr'><strong>irrisioni</strong></span> <span class='ocrx_word' id='word_1_272' title='bbox 367 3391 438 3465; x_wconf 90' lang='lat' dir='ltr'><strong>sint</strong></span> <span class='ocrx_word' id='word_1_273' title='bbox 455 3390 634 3487; x_wconf 87' lang='lat' dir='ltr'><strong>habendi,</strong></span> <span class='ocrx_word' id='word_1_274' title='bbox 656 3418 732 3467; x_wconf 91' lang='lat' dir='ltr'><strong>non</strong></span> <span class='ocrx_word' id='word_1_275' title='bbox 760 3394 884 3466; x_wconf 90' lang='lat' dir='ltr'><strong>reticet</strong></span> <span class='ocrx_word' id='word_1_276' title='bbox 907 3392 1071 3466; x_wconf 78' lang='lat' dir='ltr'><strong>dicens‘:</strong></span> <span class='ocrx_word' id='word_1_277' title='bbox 1094 3421 1112 3458; x_wconf 81' lang='lat' dir='ltr'><strong>r</strong></span> <span class='ocrx_word' id='word_1_278' title='bbox 1132 3392 1169 3462; x_wconf 91' lang='lat' dir='ltr'><strong>Si</strong></span> <span class='ocrx_word' id='word_1_279' title='bbox 1196 3414 1281 3488; x_wconf 90' lang='lat' dir='ltr'><strong>ergo</strong></span> <span class='ocrx_word' id='word_1_280' title='bbox 1306 3390 1498 3462; x_wconf 87' lang='lat' dir='ltr'><strong>conveniat</strong></span> <span class='ocrx_word' id='word_1_281' title='bbox 1528 3390 1694 3462; x_wconf 86' lang='lat' dir='ltr'><strong>universa</strong></span> <span class='ocrx_word' id='word_1_282' title='bbox 1720 3393 1787 3464; x_wconf 83' lang='lat' dir='ltr'><strong>Ec·</strong></span> 
     </span>
     <span class='ocr_line' id='line_1_27' title="bbox 184 3506 1808 3614; baseline 0.002 -36"><span class='ocrx_word' id='word_1_283' title='bbox 184 3507 296 3581; x_wconf 85' lang='lat' dir='ltr'><strong>clesia</strong></span> <span class='ocrx_word' id='word_1_284' title='bbox 319 3511 357 3586; x_wconf 83' lang='lat' dir='ltr'><strong>in</strong></span> <span class='ocrx_word' id='word_1_285' title='bbox 384 3535 511 3606; x_wconf 89' lang='lat' dir='ltr'><strong>uuum,</strong></span> <span class='ocrx_word' id='word_1_286' title='bbox 541 3537 669 3586; x_wconf 89' lang='lat' dir='ltr'><strong>omnes</strong></span> <span class='ocrx_word' id='word_1_287' title='bbox 693 3512 823 3610; x_wconf 91' lang='lat' dir='ltr'><strong>linguis</strong></span> <span class='ocrx_word' id='word_1_288' title='bbox 842 3512 1054 3611; x_wconf 88' lang='lat' dir='ltr'><strong>loquantur,</strong></span> <span class='ocrx_word' id='word_1_289' title='bbox 1079 3513 1214 3584; x_wconf 91' lang='lat' dir='ltr'><strong>intrent</strong></span> <span class='ocrx_word' id='word_1_290' title='bbox 1238 3523 1360 3584; x_wconf 89' lang='lat' dir='ltr'><strong>autem</strong></span> <span class='ocrx_word' id='word_1_291' title='bbox 1381 3508 1500 3581; x_wconf 81' lang='lat' dir='ltr'><strong>idiotae</strong></span> <span class='ocrx_word' id='word_1_292' title='bbox 1522 3521 1585 3581; x_wconf 87' lang='lat' dir='ltr'><strong>aut</strong></span> <span class='ocrx_word' id='word_1_293' title='bbox 1609 3506 1783 3601; x_wconf 82' lang='lat' dir='ltr'><strong>infideles,</strong></span> <span class='ocrx_word' id='word_1_294' title='bbox 1802 3597 1808 3614; x_wconf 31' lang='grc' dir='ltr'><strong>ι</strong></span> 
     </span>
     <span class='ocr_line' id='line_1_28' title="bbox 184 3627 1783 3731; baseline 0.001 -32"><span class='ocrx_word' id='word_1_295' title='bbox 184 3652 312 3702; x_wconf 89' lang='lat' dir='ltr'><strong>nonne</strong></span> <span class='ocrx_word' id='word_1_296' title='bbox 326 3630 447 3704; x_wconf 87' lang='lat' dir='ltr'><strong>dicent</strong></span> <span class='ocrx_word' id='word_1_297' title='bbox 458 3631 760 3730; x_wconf 78' lang='lat' dir='ltr'><strong>quodinsanitis?</strong></span> <span class='ocrx_word' id='word_1_298' title='bbox 778 3661 796 3702; x_wconf 80' lang='lat' dir='ltr'><strong>a</strong></span> <span class='ocrx_word' id='word_1_299' title='bbox 812 3631 917 3705; x_wconf 88' lang='lat' dir='ltr'><strong>Unde</strong></span> <span class='ocrx_word' id='word_1_300' title='bbox 933 3646 970 3705; x_wconf 90' lang='lat' dir='ltr'><strong>et</strong></span> <span class='ocrx_word' id='word_1_301' title='bbox 985 3645 1068 3731; x_wconf 90' lang='lat' dir='ltr'><strong>post</strong></span> <span class='ocrx_word' id='word_1_302' title='bbox 1081 3632 1203 3729; x_wconf 86' lang='lat' dir='ltr'><strong>aliqua</strong></span> <span class='ocrx_word' id='word_1_303' title='bbox 1213 3630 1260 3703; x_wconf 92' lang='lat' dir='ltr'><strong>de</strong></span> <span class='ocrx_word' id='word_1_304' title='bbox 1273 3628 1335 3702; x_wconf 94' lang='lat' dir='ltr'><strong>illo</strong></span> <span class='ocrx_word' id='word_1_305' title='bbox 1347 3630 1410 3726; x_wconf 88' lang='lat' dir='ltr'><strong>qui</strong></span> <span class='ocrx_word' id='word_1_306' title='bbox 1420 3628 1600 3728; x_wconf 65' lang='lat' dir='ltr'><strong>predicat,</strong></span> <span class='ocrx_word' id='word_1_307' title='bbox 1614 3627 1783 3725; x_wconf 70' lang='lat' dir='ltr'><strong>adjecit¹2</strong></span> 
     </span>
    </p>
   </div>
   <div class='ocr_carea' id='block_1_4' title="bbox 185 3746 1899 3853">
    <p class='ocr_par' dir='ltr' id='par_1_4' title="bbox 185 3746 1899 3853">
     <span class='ocr_line' id='line_1_29' title="bbox 185 3746 1899 3853; baseline -0.001 -38"><span class='ocrx_word' id='word_1_308' title='bbox 185 3778 207 3814; x_wconf 74' lang='grc' dir='ltr'><strong>α</strong></span> <span class='ocrx_word' id='word_1_309' title='bbox 229 3749 266 3820; x_wconf 89' lang='lat' dir='ltr'><strong>Si</strong></span> <span class='ocrx_word' id='word_1_310' title='bbox 281 3763 403 3823; x_wconf 89' lang='lat' dir='ltr'><strong>autem</strong></span> <span class='ocrx_word' id='word_1_311' title='bbox 418 3776 493 3825; x_wconf 90' lang='lat' dir='ltr'><strong>non</strong></span> <span class='ocrx_word' id='word_1_312' title='bbox 510 3753 618 3827; x_wconf 75' lang='lat' dir='ltr'><strong>luerit</strong></span> <span class='ocrx_word' id='word_1_313' title='bbox 631 3755 820 3853; x_wconf 85' lang='lat' dir='ltr'><strong>interpres,</strong></span> <span class='ocrx_word' id='word_1_314' title='bbox 839 3765 954 3825; x_wconf 89' lang='lat' dir='ltr'><strong>taceat</strong></span> <span class='ocrx_word' id='word_1_315' title='bbox 970 3753 1007 3823; x_wconf 92' lang='lat' dir='ltr'><strong>in</strong></span> <span class='ocrx_word' id='word_1_316' title='bbox 1022 3750 1193 3841; x_wconf 86' lang='lat' dir='ltr'><strong>Ecclesia,</strong></span> <span class='ocrx_word' id='word_1_317' title='bbox 1211 3747 1278 3822; x_wconf 90' lang='lat' dir='ltr'><strong>sibi</strong></span> <span class='ocrx_word' id='word_1_318' title='bbox 1295 3761 1418 3821; x_wconf 87' lang='lat' dir='ltr'><strong>autem</strong></span> <span class='ocrx_word' id='word_1_319' title='bbox 1429 3746 1600 3846; x_wconf 86' lang='lat' dir='ltr'><strong>loquatur</strong></span> <span class='ocrx_word' id='word_1_320' title='bbox 1615 3760 1650 3820; x_wconf 90' lang='lat' dir='ltr'><strong>et</strong></span> <span class='ocrx_word' id='word_1_321' title='bbox 1662 3752 1754 3822; x_wconf 87' lang='lat' dir='ltr'><strong>Deo.</strong></span> <span class='ocrx_word' id='word_1_322' title='bbox 1766 3779 1784 3814; x_wconf 69' lang='lat' dir='ltr'><strong>s</strong></span> <span class='ocrx_word' id='word_1_323' title='bbox 1894 3823 1899 3828; x_wconf 55' lang='grc'>,</span> 
     </span>
    </p>
   </div>
   <div class='ocr_carea' id='block_1_5' title="bbox 175 3867 1789 4331">
    <p class='ocr_par' dir='ltr' id='par_1_5' title="bbox 175 3867 1789 4331">
     <span class='ocr_line' id='line_1_30' title="bbox 179 3867 1788 3973; baseline 0.001 -33"><span class='ocrx_word' id='word_1_324' title='bbox 179 3871 240 3940; x_wconf 72' lang='lat' dir='ltr'><strong>Ac</strong></span> <span class='ocrx_word' id='word_1_325' title='bbox 258 3871 288 3941; x_wconf 90' lang='lat' dir='ltr'><strong>si</strong></span> <span class='ocrx_word' id='word_1_326' title='bbox 313 3885 434 3969; x_wconf 88' lang='lat' dir='ltr'><strong>aperte</strong></span> <span class='ocrx_word' id='word_1_327' title='bbox 454 3870 549 3946; x_wconf 87' lang='lat' dir='ltr'><strong>dicat</strong></span> <span class='ocrx_word' id='word_1_328' title='bbox 565 3900 574 3943; x_wconf 75' lang='grc' dir='ltr'><strong><em>ε</em></strong></span> <span class='ocrx_word' id='word_1_329' title='bbox 593 3896 668 3945; x_wconf 91' lang='lat' dir='ltr'><strong>non</strong></span> <span class='ocrx_word' id='word_1_330' title='bbox 692 3886 884 3973; x_wconf 71' lang='lat' dir='ltr'><strong>praesumat</strong></span> <span class='ocrx_word' id='word_1_331' title='bbox 909 3870 1011 3969; x_wconf 89' lang='lat' dir='ltr'><strong>loqui</strong></span> <span class='ocrx_word' id='word_1_332' title='bbox 1028 3868 1254 3962; x_wconf 91' lang='lat' dir='ltr'><strong>hominihus,</strong></span> <span class='ocrx_word' id='word_1_333' title='bbox 1273 3869 1337 3965; x_wconf 90' lang='lat' dir='ltr'><strong>qui</strong></span> <span class='ocrx_word' id='word_1_334' title='bbox 1352 3867 1400 3941; x_wconf 87' lang='lat' dir='ltr'><strong>ad</strong></span> <span class='ocrx_word' id='word_1_335' title='bbox 1422 3867 1678 3966; x_wconf 85' lang='lat' dir='ltr'><strong>exponendum</strong></span> <span class='ocrx_word' id='word_1_336' title='bbox 1709 3893 1788 3966; x_wconf 83' lang='lat' dir='ltr'><strong>quae</strong></span> 
     </span>
     <span class='ocr_line' id='line_1_31' title="bbox 178 3985 1788 4089; baseline 0.002 -30"><span class='ocrx_word' id='word_1_337' title='bbox 178 3988 287 4081; x_wconf 89' lang='lat' dir='ltr'><strong>dicit,</strong></span> <span class='ocrx_word' id='word_1_338' title='bbox 307 4013 384 4062; x_wconf 90' lang='lat' dir='ltr'><strong>non</strong></span> <span class='ocrx_word' id='word_1_339' title='bbox 401 3989 552 4084; x_wconf 79' lang='lat' dir='ltr'><strong>sullicit3</strong></span> <span class='ocrx_word' id='word_1_340' title='bbox 571 3990 635 4064; x_wconf 90' lang='lat' dir='ltr'><strong>sed</strong></span> <span class='ocrx_word' id='word_1_341' title='bbox 651 3994 765 4089; x_wconf 84' lang='lat' dir='ltr'><strong>magis</strong></span> <span class='ocrx_word' id='word_1_342' title='bbox 780 3992 827 4065; x_wconf 88' lang='lat' dir='ltr'><strong>ad</strong></span> <span class='ocrx_word' id='word_1_343' title='bbox 844 3996 974 4078; x_wconf 85' lang='lat' dir='ltr'><strong>Deum,</strong></span> <span class='ocrx_word' id='word_1_344' title='bbox 994 3991 1059 4089; x_wconf 93' lang='lat' dir='ltr'><strong>qui</strong></span> <span class='ocrx_word' id='word_1_345' title='bbox 1073 3990 1297 4088; x_wconf 78' lang='lat' dir='ltr'><strong>expositione</strong></span> <span class='ocrx_word' id='word_1_346' title='bbox 1309 4012 1384 4060; x_wconf 87' lang='lat' dir='ltr'><strong>uon</strong></span> <span class='ocrx_word' id='word_1_347' title='bbox 1400 3986 1549 4083; x_wconf 89' lang='lat' dir='ltr'><strong>indiget,</strong></span> <span class='ocrx_word' id='word_1_348' title='bbox 1570 3988 1608 4060; x_wconf 91' lang='lat' dir='ltr'><strong>in</strong></span> <span class='ocrx_word' id='word_1_349' title='bbox 1617 4012 1690 4060; x_wconf 88' lang='lat' dir='ltr'><strong>suae</strong></span> <span class='ocrx_word' id='word_1_350' title='bbox 1703 3985 1788 4063; x_wconf 83' lang='lat' dir='ltr'><strong>fidei</strong></span> 
     </span>
     <span class='ocr_line' id='line_1_32' title="bbox 178 4106 1786 4210; baseline 0.001 -30"><span class='ocrx_word' id='word_1_351' title='bbox 178 4109 415 4184; x_wconf 76' lang='lat' dir='ltr'><strong>confessione</strong></span> <span class='ocrx_word' id='word_1_352' title='bbox 444 4111 555 4184; x_wconf 86' lang='lat' dir='ltr'><strong>verba</strong></span> <span class='ocrx_word' id='word_1_353' title='bbox 586 4126 787 4204; x_wconf 85' lang='lat' dir='ltr'><strong>convertat,</strong></span> <span class='ocrx_word' id='word_1_354' title='bbox 814 4136 924 4210; x_wconf 82' lang='lat' dir='ltr'><strong>quam</strong></span> <span class='ocrx_word' id='word_1_355' title='bbox 951 4109 998 4184; x_wconf 89' lang='lat' dir='ltr'><strong>ad</strong></span> <span class='ocrx_word' id='word_1_356' title='bbox 1025 4110 1219 4188; x_wconf 88' lang='lat' dir='ltr'><strong>hominum</strong></span> <span class='ocrx_word' id='word_1_357' title='bbox 1247 4109 1452 4182; x_wconf 89' lang='lat' dir='ltr'><strong>doctrinam</strong></span> <span class='ocrx_word' id='word_1_358' title='bbox 1477 4106 1587 4180; x_wconf 85' lang='lat' dir='ltr'><strong>verba</strong></span> <span class='ocrx_word' id='word_1_359' title='bbox 1617 4111 1697 4206; x_wconf 82' lang='lat' dir='ltr'><strong>quae</strong></span> <span class='ocrx_word' id='word_1_360' title='bbox 1712 4133 1786 4182; x_wconf 90' lang='lat' dir='ltr'><strong>non</strong></span> 
     </span>
     <span class='ocr_line' id='line_1_33' title="bbox 175 4226 1789 4331; baseline 0 -32"><span class='ocrx_word' id='word_1_361' title='bbox 175 4229 446 4326; x_wconf 85' lang='lat' dir='ltr'><strong>intelligantur,</strong></span> <span class='ocrx_word' id='word_1_362' title='bbox 459 4231 588 4304; x_wconf 89' lang='lat' dir='ltr'><strong>frustra</strong></span> <span class='ocrx_word' id='word_1_363' title='bbox 598 4231 769 4331; x_wconf 82' lang='lat' dir='ltr'><strong>proferat.</strong></span> <span class='ocrx_word' id='word_1_364' title='bbox 789 4232 825 4303; x_wconf 86' lang='lat' dir='ltr'><strong>si</strong></span> <span class='ocrx_word' id='word_1_365' title='bbox 839 4245 962 4303; x_wconf 90' lang='lat' dir='ltr'><strong>autem</strong></span> <span class='ocrx_word' id='word_1_366' title='bbox 976 4253 1039 4302; x_wconf 89' lang='lat' dir='ltr'><strong>eos</strong></span> <span class='ocrx_word' id='word_1_367' title='bbox 1055 4230 1119 4327; x_wconf 92' lang='lat' dir='ltr'><strong>qui</strong></span> <span class='ocrx_word' id='word_1_368' title='bbox 1134 4227 1343 4328; x_wconf 78' lang='lat' dir='ltr'><strong>pradicant,</strong></span> <span class='ocrx_word' id='word_1_369' title='bbox 1361 4252 1443 4300; x_wconf 92' lang='lat' dir='ltr'><strong>cum</strong></span> <span class='ocrx_word' id='word_1_370' title='bbox 1456 4226 1516 4298; x_wconf 87' lang='lat' dir='ltr'><strong>illa</strong></span> <span class='ocrx_word' id='word_1_371' title='bbox 1524 4252 1604 4324; x_wconf 85' lang='lat' dir='ltr'><strong>quae</strong></span> <span class='ocrx_word' id='word_1_372' title='bbox 1619 4227 1789 4301; x_wconf 90' lang='lat' dir='ltr'><strong>dicuutur</strong></span> 
     </span>
    </p>
   </div>
   <div class='ocr_carea' id='block_1_6' title="bbox 100 4346 1789 4448">
    <p class='ocr_par' dir='ltr' id='par_1_6' title="bbox 100 4346 1789 4448">
     <span class='ocr_line' id='line_1_34' title="bbox 100 4346 1789 4448; baseline 0 -26"><span class='ocrx_word' id='word_1_373' title='bbox 100 4416 105 4422; x_wconf 88' lang='lat'><strong>.</strong></span> <span class='ocrx_word' id='word_1_374' title='bbox 174 4374 372 4448; x_wconf 79' lang='lat' dir='ltr'><strong>exponere</strong></span> <span class='ocrx_word' id='word_1_375' title='bbox 385 4375 459 4422; x_wconf 91' lang='lat' dir='ltr'><strong>non</strong></span> <span class='ocrx_word' id='word_1_376' title='bbox 470 4349 665 4445; x_wconf 84' lang='lat' dir='ltr'><strong>sufficiunt,</strong></span> <span class='ocrx_word' id='word_1_377' title='bbox 684 4375 822 4425; x_wconf 85' lang='lat' dir='ltr'><strong>cessare</strong></span> <span class='ocrx_word' id='word_1_378' title='bbox 840 4349 1013 4422; x_wconf 83' lang='lat' dir='ltr'><strong>convenit</strong></span> <span class='ocrx_word' id='word_1_379' title='bbox 1029 4373 1048 4422; x_wconf 92' lang='lat' dir='ltr'><strong>a</strong></span> <span class='ocrx_word' id='word_1_380' title='bbox 1063 4348 1329 4448; x_wconf 80' lang='lat' dir='ltr'><strong>praedicatione,</strong></span> <span class='ocrx_word' id='word_1_381' title='bbox 1348 4346 1609 4445; x_wconf 86' lang='lat' dir='ltr'><strong>quantomagis</strong></span> <span class='ocrx_word' id='word_1_382' title='bbox 1620 4369 1705 4419; x_wconf 90' lang='lat' dir='ltr'><strong>cum</strong></span> <span class='ocrx_word' id='word_1_383' title='bbox 1720 4370 1789 4424; x_wconf 88' lang='lat' dir='ltr'><strong>nec</strong></span> 
     </span>
    </p>
   </div>
   <div class='ocr_carea' id='block_1_7' title="bbox 166 4465 1789 4805">
    <p class='ocr_par' dir='ltr' id='par_1_7' title="bbox 166 4465 1789 4805">
     <span class='ocr_line' id='line_1_35' title="bbox 174 4465 1788 4571; baseline -0.001 -30"><span class='ocrx_word' id='word_1_384' title='bbox 174 4470 257 4568; x_wconf 86' lang='lat' dir='ltr'><strong>ipsi</strong></span> <span class='ocrx_word' id='word_1_385' title='bbox 274 4470 481 4567; x_wconf 84' lang='lat' dir='ltr'><strong>intelligunt</strong></span> <span class='ocrx_word' id='word_1_386' title='bbox 504 4495 547 4544; x_wconf 89' lang='lat' dir='ltr'><strong>ea</strong></span> <span class='ocrx_word' id='word_1_387' title='bbox 567 4495 648 4568; x_wconf 81' lang='lat' dir='ltr'><strong>quae</strong></span> <span class='ocrx_word' id='word_1_388' title='bbox 676 4470 884 4571; x_wconf 83' lang='lat' dir='ltr'><strong>proferunt,</strong></span> <span class='ocrx_word' id='word_1_389' title='bbox 911 4482 947 4542; x_wconf 91' lang='lat' dir='ltr'><strong>et</strong></span> <span class='ocrx_word' id='word_1_390' title='bbox 973 4482 1051 4540; x_wconf 87' lang='lat' dir='ltr'><strong>tota</strong></span> <span class='ocrx_word' id='word_1_391' title='bbox 1073 4491 1204 4542; x_wconf 86' lang='lat' dir='ltr'><strong>eorum</strong></span> <span class='ocrx_word' id='word_1_392' title='bbox 1228 4465 1318 4539; x_wconf 84' lang='lat' dir='ltr'><strong>fides</strong></span> <span class='ocrx_word' id='word_1_393' title='bbox 1335 4467 1372 4538; x_wconf 94' lang='lat' dir='ltr'><strong>in</strong></span> <span class='ocrx_word' id='word_1_394' title='bbox 1399 4489 1462 4538; x_wconf 86' lang='lat' dir='ltr'><strong>ore</strong></span> <span class='ocrx_word' id='word_1_395' title='bbox 1485 4466 1608 4563; x_wconf 88' lang='lat' dir='ltr'><strong>potius</strong></span> <span class='ocrx_word' id='word_1_396' title='bbox 1624 4490 1735 4564; x_wconf 89' lang='lat' dir='ltr'><strong>quam</strong></span> <span class='ocrx_word' id='word_1_397' title='bbox 1750 4466 1788 4540; x_wconf 91' lang='lat' dir='ltr'><strong>in</strong></span> 
     </span>
     <span class='ocr_line' id='line_1_36' title="bbox 171 4583 1785 4689; baseline 0.001 -29"><span class='ocrx_word' id='word_1_398' title='bbox 171 4588 302 4663; x_wconf 86' lang='lat' dir='ltr'><strong>corde</strong></span> <span class='ocrx_word' id='word_1_399' title='bbox 316 4590 500 4683; x_wconf 87' lang='lat' dir='ltr'><strong>consistat,</strong></span> <span class='ocrx_word' id='word_1_400' title='bbox 513 4615 596 4663; x_wconf 88' lang='lat' dir='ltr'><strong>cum</strong></span> <span class='ocrx_word' id='word_1_401' title='bbox 610 4615 631 4663; x_wconf 92' lang='lat' dir='ltr'><strong>e</strong></span> <span class='ocrx_word' id='word_1_402' title='bbox 647 4592 830 4664; x_wconf 86' lang='lat' dir='ltr'><strong>contrario</strong></span> <span class='ocrx_word' id='word_1_403' title='bbox 845 4590 943 4663; x_wconf 88' lang='lat' dir='ltr'><strong>dicat</strong></span> <span class='ocrx_word' id='word_1_404' title='bbox 959 4586 1190 4689; x_wconf 76' lang='lat' dir='ltr'><strong>Apostolus⁸z</strong></span> <span class='ocrx_word' id='word_1_405' title='bbox 1212 4616 1228 4656; x_wconf 84' lang='lat' dir='ltr'><strong>u</strong></span> <span class='ocrx_word' id='word_1_406' title='bbox 1244 4583 1532 4659; x_wconf 87' lang='lat' dir='ltr'><strong>Cordeoreditur</strong></span> <span class='ocrx_word' id='word_1_407' title='bbox 1545 4585 1785 4686; x_wconf 87' lang='lat' dir='ltr'><strong>adjustitiam,</strong></span> 
     </span>
     <span class='ocr_line' id='line_1_37' title="bbox 166 4705 1789 4805; baseline -0.002 -25"><span class='ocrx_word' id='word_1_408' title='bbox 166 4734 246 4781; x_wconf 88' lang='lat' dir='ltr'><strong>ore</strong></span> <span class='ocrx_word' id='word_1_409' title='bbox 265 4723 390 4781; x_wconf 88' lang='lat' dir='ltr'><strong>autem</strong></span> <span class='ocrx_word' id='word_1_410' title='bbox 406 4709 585 4784; x_wconf 77' lang='lat' dir='ltr'><strong>confessio</strong></span> <span class='ocrx_word' id='word_1_411' title='bbox 598 4710 637 4784; x_wconf 84' lang='lat' dir='ltr'><strong>fit</strong></span> <span class='ocrx_word' id='word_1_412' title='bbox 651 4710 697 4788; x_wconf 86' lang='lat' dir='ltr'><strong>ad</strong></span> <span class='ocrx_word' id='word_1_413' title='bbox 709 4710 883 4785; x_wconf 76' lang='lat' dir='ltr'><strong>salutem?</strong></span> <span class='ocrx_word' id='word_1_414' title='bbox 895 4738 914 4781; x_wconf 80' lang='lat' dir='ltr'><strong>n</strong></span> <span class='ocrx_word' id='word_1_415' title='bbox 930 4709 1003 4798; x_wconf 90' lang='lat' dir='ltr'><strong>Qui</strong></span> <span class='ocrx_word' id='word_1_416' title='bbox 1019 4709 1116 4781; x_wconf 91' lang='lat' dir='ltr'><strong>enim</strong></span> <span class='ocrx_word' id='word_1_417' title='bbox 1133 4705 1235 4803; x_wconf 90' lang='lat' dir='ltr'><strong>quod</strong></span> <span class='ocrx_word' id='word_1_418' title='bbox 1251 4705 1339 4779; x_wconf 91' lang='lat' dir='ltr'><strong>dicit</strong></span> <span class='ocrx_word' id='word_1_419' title='bbox 1348 4731 1423 4779; x_wconf 91' lang='lat' dir='ltr'><strong>non</strong></span> <span class='ocrx_word' id='word_1_420' title='bbox 1438 4705 1613 4803; x_wconf 86' lang='lat' dir='ltr'><strong>intelligit,</strong></span> <span class='ocrx_word' id='word_1_421' title='bbox 1626 4705 1789 4805; x_wconf 87' lang='lat' dir='ltr'><strong>prolecto</strong></span> 
     </span>
    </p>
   </div>
   <div class='ocr_carea' id='block_1_8' title="bbox 159 5016 1789 5249">
    <p class='ocr_par' dir='ltr' id='par_1_8' title="bbox 159 5016 1789 5249">
     <span class='ocr_line' id='line_1_38' title="bbox 200 5016 1789 5092; baseline 0 -18"><span class='ocrx_word' id='word_1_422' title='bbox 200 5031 207 5056; x_wconf 90' lang='lat'><strong>¹</strong></span> <span class='ocrx_word' id='word_1_423' title='bbox 226 5022 239 5072; x_wconf 95' lang='grc' dir='ltr'>Ι</span> <span class='ocrx_word' id='word_1_424' title='bbox 260 5023 383 5075; x_wconf 66' lang='lat' dir='ltr'><strong>cuium</strong></span> <span class='ocrx_word' id='word_1_425' title='bbox 394 5068 398 5082; x_wconf 89' lang='lat'><strong>,</strong></span> <span class='ocrx_word' id='word_1_426' title='bbox 411 5037 464 5088; x_wconf 83' lang='lat' dir='ltr'><strong>cap.</strong></span> <span class='ocrx_word' id='word_1_427' title='bbox 479 5039 528 5085; x_wconf 80' lang='lat' dir='ltr'><strong>riv,</strong></span> <span class='ocrx_word' id='word_1_428' title='bbox 548 5041 570 5077; x_wconf 85' lang='lat' dir='ltr'><strong>r.</strong></span> <span class='ocrx_word' id='word_1_429' title='bbox 593 5031 689 5091; x_wconf 79' lang='lat' dir='ltr'><strong>tetro.</strong></span> <span class='ocrx_word' id='word_1_430' title='bbox 709 5051 737 5065; x_wconf 90' lang='lat'>-</span> <span class='ocrx_word' id='word_1_431' title='bbox 751 5027 850 5092; x_wconf 63' lang='grc' dir='ltr'><strong>ΠΜ,</strong></span> <span class='ocrx_word' id='word_1_432' title='bbox 864 5041 888 5080; x_wconf 78' lang='lat' dir='ltr'><strong>r,</strong></span> <span class='ocrx_word' id='word_1_433' title='bbox 902 5028 938 5080; x_wconf 88' lang='lat' dir='ltr'><strong>tt.</strong></span> <span class='ocrx_word' id='word_1_434' title='bbox 954 5051 981 5065; x_wconf 85' lang='lat'><strong>··</strong></span> <span class='ocrx_word' id='word_1_435' title='bbox 994 5026 1076 5078; x_wconf 63' lang='lat' dir='ltr'><strong>trita.</strong></span> <span class='ocrx_word' id='word_1_436' title='bbox 1091 5039 1114 5075; x_wconf 86' lang='lat' dir='ltr'><strong>r.</strong></span> <span class='ocrx_word' id='word_1_437' title='bbox 1129 5027 1209 5077; x_wconf 67' lang='lat' dir='ltr'><strong>ld·-</strong></span> <span class='ocrx_word' id='word_1_438' title='bbox 1220 5025 1227 5054; x_wconf 84' lang='lat'>‘</span> <span class='ocrx_word' id='word_1_439' title='bbox 1239 5023 1306 5074; x_wconf 73' lang='lat' dir='ltr'><strong>ibid.</strong></span> <span class='ocrx_word' id='word_1_440' title='bbox 1322 5037 1344 5073; x_wconf 86' lang='lat' dir='ltr'><strong>r.</strong></span> <span class='ocrx_word' id='word_1_441' title='bbox 1360 5023 1397 5074; x_wconf 82' lang='lat' dir='ltr'><strong>ts.</strong></span> <span class='ocrx_word' id='word_1_442' title='bbox 1409 5019 1544 5080; x_wconf 81' lang='lat' dir='ltr'><strong>-⁸lbt&#39;d.‚</strong></span> <span class='ocrx_word' id='word_1_443' title='bbox 1556 5031 1579 5071; x_wconf 83' lang='lat' dir='ltr'><strong>t.</strong></span> <span class='ocrx_word' id='word_1_444' title='bbox 1592 5022 1632 5072; x_wconf 79' lang='lat'><strong>²0.</strong></span> <span class='ocrx_word' id='word_1_445' title='bbox 1646 5043 1675 5057; x_wconf 89' lang='lat'>-</span> <span class='ocrx_word' id='word_1_446' title='bbox 1693 5016 1789 5075; x_wconf 53' lang='lat' dir='ltr'><strong>&#39;Ibida</strong></span> 
     </span>
     <span class='ocr_line' id='line_1_39' title="bbox 159 5103 1622 5172; baseline 0.004 -17"><span class='ocrx_word' id='word_1_447' title='bbox 159 5119 185 5154; x_wconf 77' lang='lat' dir='ltr'><strong>r.</strong></span> <span class='ocrx_word' id='word_1_448' title='bbox 201 5108 296 5156; x_wconf 75' lang='lat'><strong>2³.-</strong></span> <span class='ocrx_word' id='word_1_449' title='bbox 306 5103 398 5166; x_wconf 51' lang='lat' dir='ltr'><strong>ibid,</strong></span> <span class='ocrx_word' id='word_1_450' title='bbox 412 5119 433 5156; x_wconf 83' lang='lat' dir='ltr'><strong>r.</strong></span> <span class='ocrx_word' id='word_1_451' title='bbox 447 5111 485 5159; x_wconf 84' lang='lat' dir='ltr'><strong>ta.</strong></span> <span class='ocrx_word' id='word_1_452' title='bbox 495 5110 630 5172; x_wconf 84' lang='lat' dir='ltr'><strong>-·ltom.,</strong></span> <span class='ocrx_word' id='word_1_453' title='bbox 643 5121 697 5172; x_wconf 76' lang='lat' dir='ltr'><strong>cap.</strong></span> <span class='ocrx_word' id='word_1_454' title='bbox 711 5122 736 5171; x_wconf 83' lang='lat' dir='ltr'><strong>x,</strong></span> <span class='ocrx_word' id='word_1_455' title='bbox 744 5123 766 5160; x_wconf 83' lang='lat' dir='ltr'><strong>r.</strong></span> <span class='ocrx_word' id='word_1_456' title='bbox 782 5113 818 5162; x_wconf 87' lang='lat' dir='ltr'><strong>to.</strong></span> <span class='ocrx_word' id='word_1_457' title='bbox 1615 5133 1622 5152; x_wconf 57' lang='lat' dir='ltr'><strong>s</strong></span> 
     </span>
     <span class='ocr_line' id='line_1_40' title="bbox 1631 5193 1661 5249; baseline 0 0"><span class='ocrx_word' id='word_1_458' title='bbox 1631 5193 1661 5249; x_wconf 87' lang='lat' dir='ltr'><strong>ll</strong></span> 
     </span>
    </p>
   </div>
   <div class='ocr_carea' id='block_1_9' title="bbox 0 0 2284 6100">
    <p class='ocr_par' dir='ltr' id='par_1_9' title="bbox 0 0 2284 6100">
     <span class='ocr_line' id='line_1_41' title="bbox 0 0 2284 6100; baseline 0 1"><span class='ocrx_word' id='word_1_459' title='bbox 0 0 2284 6100; x_wconf 95' lang='lat' dir='ltr'><strong> </strong></span> 
     </span>
    </p>
   </div>
  </div>
 </body>
</html>
