4559 6100
420 433 492 507 378
958 513 962 520 ,
1023 433 1153 506 PETRI
1177 431 1415 508 ABAELARDI

420 583 532 659 edidit
544 609 588 657 ex
604 611 644 659 se
660 588 762 684 quasi
780 585 932 660 alterum
951 608 1003 658 se.
1020 615 1038 654 r
1055 583 1156 658 ldem
1170 585 1207 657 in
1223 584 1354 658 eodem
1382 612 1390 655 :
1413 582 1578 656 «Habuit
1595 582 1717 681 itaque
1741 596 1824 654 ante
1840 581 2020 656 mundum

419 719 545 778 creatae
569 705 705 779 sobolis
730 706 985 806 principatum,
1015 720 1057 778 ut
1080 720 1183 803 pater
1206 730 1330 778 rerum
1355 704 1496 776 futurus
1521 718 1603 776 ante
1629 729 1720 776 esse
1730 701 1895 776 debuerit
1919 717 2021 801 pater

418 827 602 925 proprius,
622 827 766 900 horest
782 827 921 927 proprii
937 827 993 898 sui
1009 825 1122 898 faetus.
1140 854 1158 891 r>
1178 824 1275 913 Quid
1292 826 1412 923 itaque
1430 825 1563 896 mirum
1580 850 1664 898 cum
1683 825 1719 896 in
1738 823 1856 895 verbis
1874 847 2020 920 quoque

421 946 744 1018 ecclesiasticorum
772 972 814 1019 ac
842 960 1050 1019 sanctorum
1079 945 1272 1017 doctorum
1301 942 1478 1018 nonnulla
1509 958 1584 1017 tam
1610 943 1759 1017 abusive
1794 942 2023 1042 proferantur

310 1161 316 1172 ι
420 1064 468 1138 ad
488 1069 755 1161 generationem
772 1065 880 1139 Verbi
905 1065 1240 1157 demonstrandam,
1267 1079 1307 1136 ut
1323 1069 1421 1138 Deus
1444 1069 1545 1137 Pater
1571 1078 1699 1137 auctor
1716 1088 1792 1136 esse
1812 1063 1887 1135 Filii
1908 1064 1963 1135 sui
1985 1078 2021 1134 et

421 1208 505 1257 eum
532 1211 751 1285 procreasse,
771 1189 827 1261 vel
849 1188 957 1260 Filius
980 1186 1027 1259 ab
1051 1210 1095 1259 eo
1113 1200 1267 1272 creatus,
1286 1185 1343 1258 vel
1361 1185 1438 1282 ejus
1454 1210 1530 1257 esse
1550 1184 1690 1257 dicatur
1711 1183 1870 1276 effectus,
1894 1208 2020 1256 secun·

422 1301 510 1378 dum
528 1305 566 1378 id
582 1305 717 1379 scilicet
733 1305 833 1405 quod
858 1305 905 1379 ab
929 1330 973 1378 eo
996 1321 1049 1379 est
1071 1306 1210 1402 genitus
1234 1307 1355 1405 potius
1380 1328 1488 1402 quarn
1507 1318 1646 1377 creatus
1662 1303 1720 1376 vel
1744 1303 1874 1395 faetus,
1902 1317 1939 1374 et
1960 1302 2020 1375 ille

421 1439 561 1496 tantum
585 1427 725 1521 genitor
748 1428 867 1525 potins
890 1451 1000 1525 quam
1017 1441 1159 1499 creator
1182 1428 1238 1499 vel
1256 1440 1400 1518 auctor;
1421 1425 1524 1525 quid,
1543 1426 1711 1523 inquam,
1736 1424 1868 1496 mirum
1884 1423 1913 1494 si
1930 1447 2021 1520 prae-

422 1548 539 1621 dictus
565 1548 804 1650 philosophus
834 1555 983 1623 Hermes
1008 1549 1175 1621 videlicet
1200 1548 1307 1622 nullis
1340 1550 1585 1623 ecclesiasticis
1612 1549 1773 1621 imbutus
1797 1546 2019 1646 disciplinis,

422 1666 659 1742 ahusitionem
676 1669 871 1743 verborum
895 1695 969 1740 uon
987 1670 1131 1758 caverit,
1156 1669 1312 1742 dicendo
1330 1671 1464 1743 scilicet
1479 1670 1603 1743 fecisse
1623 1694 1691 1768 pro
1708 1669 1895 1766 genuisse?
1912 1669 2021 1755 Quod

423 1789 530 1859 etiam
546 1814 631 1861 eum
646 1788 846 1862 secundum
864 1814 885 1862 a
903 1795 1006 1861 Patre
1025 1789 1151 1861 Filium
1169 1788 1312 1882 dixerit,
1333 1815 1354 1863 a
1370 1789 1490 1863 verbis
1503 1814 1650 1888 quoque
1664 1803 1871 1861 sanctorum
1886 1787 2022 1860 alienus

423 1932 498 1979 uon
516 1909 643 1981 extitit.
662 1908 767 1981 Unde
782 1923 817 1981 et
833 1908 987 1982 Hilarius
1005 1909 1048 1980 de
1072 1911 1247 1981 Trim'tute
1265 1911 1302 1982 in
1319 1916 1382 1982 Xll
1407 1940 1415 1984 :
1440 1911 1577 1982 «Filius
1594 1935 1637 1982 ex
1656 1924 1690 1981 te
1708 1912 1786 1982 Deo
1804 1913 1908 1982 Patre
1927 1911 2023 1980 Deus

424 2050 542 2119 verus,
560 2043 597 2099 et
617 2041 689 2100 ate
707 2030 846 2126 genitus
863 2045 997 2128 postte
1015 2030 1063 2104 ita
1086 2029 1313 2102 confitendus
1330 2047 1368 2103 ut
1391 2047 1524 2122 tecum,
1549 2031 1612 2128 qui
1628 2044 1767 2101 aeternae
1789 2029 1935 2125 originis
1951 2053 2021 2099 suae

426 2162 552 2220 auctor
562 2161 715 2221 aeternus
726 2174 776 2221 es.
791 2151 879 2224 Nam
905 2150 993 2222 dum
1012 2175 1055 2222 ex
1075 2164 1109 2223 te
1131 2164 1196 2243 est,
1221 2150 1402 2223 secundus
1423 2164 1494 2224 ate
1509 2163 1574 2241 est,
1595 2149 1777 2221 secundus
1794 2149 1957 2245 inquam,
1980 2173 2022 2220 ex

425 2264 536 2339 modo
555 2265 793 2360 subsistendi,
814 2294 890 2341 non
916 2295 957 2341 ex
975 2269 1177 2342 differentia
1200 2270 1393 2368 dignitatis.
1416 2271 1481 2342 Hic
1504 2270 1637 2367 quippe
1659 2292 1681 2341 a
1701 2272 1779 2340 Deo
1802 2272 1904 2339 Patre
1921 2270 2023 2365 quasi

424 2385 813 2485 primolocosubsistit,
827 2414 911 2461 cum
928 2389 1080 2488 Spiritus
1097 2402 1271 2489 tanquam
1290 2392 1395 2463 tertio
1413 2390 1495 2463 loco
1512 2386 1558 2460 ab
1577 2390 1737 2485 utrisque
1753 2388 1811 2459 sit.
1829 2418 1847 2453 u
1867 2386 1971 2459 Unde
1988 2401 2024 2459 et

426 2510 563 2579 Patrem
581 2509 821 2605 Hieronymus
839 2510 1073 2608 principalem
1098 2512 1270 2610 Spiritum
1288 2510 1335 2583 ad
1352 2511 1480 2583 Filium
1498 2511 1663 2581 nominat
1678 2533 1789 2607 opere
1811 2508 1873 2580 illo
1891 2533 1957 2580 suo
1980 2508 2024 2580 de

430 2626 554 2697 Tribus
570 2626 755 2698 virtutibus
771 2629 820 2699 ita
835 2628 1026 2725 loquens¹:
1050 2631 1192 2702 «David
1206 2632 1241 2703 iu
1262 2631 1401 2729 psalmo
1418 2645 1489 2704 tres
1503 2631 1655 2728 Spiritus
1671 2629 1840 2729 postulat,
1858 2629 2018 2701 dicens¹z

428 2744 595 2842 «Spiritu
620 2745 810 2843 principali
834 2745 1010 2821 confirma
1034 2773 1103 2820 me.
1132 2751 1305 2847 Spiritum
1325 2765 1463 2824 rectum
1488 2751 1621 2821 innova
1646 2751 1682 2820 in
1710 2747 1901 2821 visceribus
1919 2748 2019 2820 meis.

429 2893 446 2933 n
465 2865 637 2962 Spiritum
654 2879 819 2938 sanctum
837 2882 940 2940 tuum
956 2893 1002 2940 ue
1019 2869 1158 2941 auferas
1174 2894 1196 2942 a
1212 2895 1283 2942 me.
1299 2899 1317 2939 u
1337 2872 1409 2959 Qui
1433 2886 1516 2944 suut
1543 2871 1600 2943 isti
1628 2883 1702 2941 tres
1723 2867 1896 2967 Spiritus?
1920 2868 2020 2940 Prin·

426 2982 549 3084 cipalis
569 2984 742 3084 Spiritus,
764 2990 867 3059 Pater
886 3002 958 3082 est,
982 3004 1100 3063 rectus
1119 2990 1290 3090 Spiritus,
1311 2991 1473 3065 Christus
1486 3005 1559 3082 est;
1585 2989 1736 3090 Spiritus
1758 3003 1923 3078 sanctus,
1946 2988 2024 3086 Spi-

425 3105 514 3176 ritus
527 3119 670 3177 sanctus
682 3121 747 3177 est.
756 3138 772 3171 >r
788 3111 1004 3204 Augustinus
1019 3113 1158 3182 Veteris
1172 3127 1206 3182 et
1219 3111 1410 3210 novaelegis
1422 3114 1633 3211 capmvm':
1649 3112 1848 3209 «Spiritum
1861 3123 2025 3182 sanctum

425 3225 488 3322 qui
514 3225 638 3297 tertius
658 3225 741 3303 sita
758 3230 874 3315 Patre,
902 3228 1081 3302 secundus
1100 3245 1220 3304 autem
1237 3255 1258 3302 a
1274 3231 1415 3304 Christo
1430 3230 1629 3304 secundum
1647 3232 1787 3303 numeri
1808 3230 1986 3304 ordinem.
2004 3259 2021 3295 υ

427 3339 429 3342 ⁴
477 3345 693 3418 Revolvatur
708 3359 744 3417 et
758 3345 818 3419 ille
840 3350 1016 3422 maximus
1032 3349 1338 3449 Philosophorum
1357 3351 1456 3425 Plato
1478 3352 1625 3450 ejusque
1640 3375 1823 3449 sequaces,
1841 3351 1905 3446 qui
1927 3350 2024 3423 testi·

427 3466 552 3539 monio
581 3479 789 3537 sauctorum
814 3472 974 3562 Patrum,
1002 3496 1074 3569 prae
1101 3472 1228 3544 ceteris
1252 3473 1437 3569 gentilium
1465 3471 1689 3570 philosophis
1716 3472 1799 3543 fidei
1827 3470 2026 3543 christianae

427 3585 666 3678 attendentes,
694 3587 804 3658 totius
827 3590 1005 3662 Trinitatis
1026 3615 1205 3664 summam
1226 3607 1308 3690 post
1333 3592 1527 3691 prophetas
1551 3606 1714 3692 patenter
1739 3590 1944 3682 ediderunt,
1965 3588 2026 3662 ubi

428 3704 591 3776 videlicet
605 3707 776 3798 Mentem,
795 3731 905 3803 quam
923 3714 1038 3805 Noym
1055 3724 1200 3800 vocant,
1220 3735 1264 3782 ex
1281 3714 1358 3781 Deo
1375 3726 1497 3783 natam
1511 3728 1618 3810 atque
1637 3714 1703 3812 ipsi
1719 3725 1933 3784 coaeternam
1951 3734 2025 3781 esse
2053 3783 2055 3786 ,

428 3821 633 3921 perhibent,
653 3821 691 3894 id
710 3838 763 3896 est
779 3825 907 3899 Filium
923 3852 1033 3924 quem
1050 3828 1267 3927 Sapientiam
1291 3832 1356 3902 Dei
1373 3829 1527 3903 dicimus
1544 3857 1586 3904 ex
1603 3836 1680 3904 Deo
1697 3836 1798 3904 Patre
1814 3828 2026 3902 aeternaliter

429 3942 608 4038 genitum;
628 3943 689 4040 qui
706 3969 774 4016 nec
786 3947 936 4044 Spiritus
953 3949 1065 4020 sancti
1082 3973 1274 4047 personam
1289 3952 1550 4050 praetermisisse
1567 3950 1746 4041 videntur,
1766 3976 1848 4024 cum
1867 3951 2025 4022 animam

430 4060 558 4132 muudi
574 4066 650 4135 esse
667 4065 859 4138 astruerint
877 4068 1015 4140 tertiam
1032 4091 1052 4139 a
1069 4071 1147 4141 Deo
1164 4082 1201 4140 et
1217 4073 1293 4167 Noy
1312 4094 1517 4169 personam.
1538 4076 1587 4144 hc
1604 4072 1761 4170 primum
1779 4094 1822 4144 ea
1837 4067 2026 4166 diligenter

431 4179 700 4254 consideremus
718 4207 797 4280 quae
813 4209 834 4257 a
850 4187 999 4260 Platone
1020 4187 1151 4260 dehac
1173 4188 1292 4261 anima
1314 4189 1409 4262 dicta
1427 4204 1523 4281 sunt,
1543 4216 1654 4290 aquo
1674 4191 1781 4264 ceteri
1797 4187 2022 4288 philosophi,

430 4299 512 4397 qui‘
527 4299 573 4373 de
590 4302 710 4376 anima
728 4304 806 4403 ipsa
825 4303 1005 4398 dixerunt,
1027 4305 1195 4382 habuisse
1217 4309 1427 4381 creduntur.
1451 4315 1553 4383 Hanc
1576 4312 1699 4408 itaque
1721 4308 1848 4382 mundi
1863 4306 2027 4379 videlicet

429 4419 587 4493 animam
611 4423 714 4520 quasi
740 4425 918 4498 tertiama
941 4430 1019 4499 Deo
1043 4442 1078 4500 et
1096 4432 1176 4527 Noy
1199 4454 1392 4529 personam
1416 4429 1650 4528 distinguens,
1671 4430 1857 4529 prolixiori
1880 4452 1922 4499 ac
1946 4424 2026 4499 dili·

429 4540 580 4635 gentiori
598 4540 838 4643 descriptione
854 4571 1088 4645 prosequens,
1110 4572 1190 4622 eam
1208 4565 1283 4622 tam
1305 4552 1342 4623 in
1362 4575 1400 4623 se
1416 4550 1494 4649 ipsa
1507 4575 1617 4647 quam
1640 4553 1677 4624 in
1698 4550 1833 4624 effectis
1850 4550 1923 4622 suis
1940 4549 2029 4620 inte-

428 4662 578 4755 gerrima
616 4663 862 4761 designatione
889 4666 1058 4742 declarat.
1098 4673 1203 4743 Juxta
1228 4670 1329 4768 quod
1355 4683 1390 4743 et
1417 4696 1485 4744 nos
1511 4672 1684 4770 Spiritum
1721 4685 1887 4744 sanctum
1915 4666 2027 4741 modo

364 4960 367 4965 ’
460 4973 466 5001 ¹
485 4944 551 5022 luter
568 4987 644 5037 opera
660 4972 687 5025 S.
702 4972 842 5039 literonymt
860 4978 954 5028 nultum
971 4985 1038 5030 extat
1055 4991 1119 5043 opus
1134 4980 1166 5032 de
1184 4968 1269 5031 tribus
1280 4981 1419 5032 virtutibus.
1436 5005 1466 5020 ·-
1481 4979 1597 5033 ‘Prolem
1611 4992 1636 5043 c,
1649 4992 1673 5032 r.
1686 4980 1723 5033 14.
1738 5005 1767 5019 ·-
1779 4981 1788 5012 ³
1802 4980 1894 5040 Queat.
1908 4989 2028 5031 uxrvru.

429 5049 505 5115 Ope..
521 5058 540 5104 t.
554 5051 596 5117 m,
613 5054 660 5109 col.
673 5058 712 5109 80.
723 5058 772 5095 -t
786 5055 878 5111 Forsan
888 5059 1018 5123 legendum
1032 5049 1102 5120 Q'un.
