4559 6100
472 419 517 489 88
1073 412 1201 486 PETRI
1227 412 1461 488 tumulum

469 572 614 657 Quanto
630 579 749 639 autern
768 562 978 638 excellentia
993 564 1122 639 diviuae
1134 578 1271 639 naturae
1288 589 1310 638 a
1326 568 1453 640 ceteris
1468 589 1558 665 quas
1575 565 1739 641 condidit
1755 569 1905 661 naturis,
1924 569 2064 667 longius

468 686 648 775 abscedit,
668 700 769 759 tanto
793 686 913 758 minus
935 708 1113 782 congruas
1131 685 1381 760 similitudines
1396 686 1433 757 in
1450 684 1519 758 illis
1534 687 1751 784 reperimus,
1772 688 1903 786 quibus
1928 690 2064 765 satissa-

468 834 549 883 cere
573 808 619 881 de
640 808 708 881 ista
724 807 919 880 valeamus.
941 808 1060 895 Quam
1082 807 1191 879 etiarn
1217 821 1383 879 naturam
1413 798 1624 906 philosophi
1648 808 1765 879 Deum
1790 808 1955 905 ignotum
1980 835 2064 910 pro·

468 930 621 1014 litantes,
642 928 679 998 in
703 939 840 999 tantam
868 926 944 1023 ejus
967 924 1231 1018 excellentiam,
1262 926 1427 997 omnium
1454 925 1661 998 mortalium
1683 929 1938 1025 cogitationem
1962 954 2063 1004 exce·

468 1049 627 1140 dentem,
638 1047 742 1120 veriti
758 1061 842 1119 sunt
852 1046 1038 1143 attingere,
1058 1059 1098 1118 ut
1111 1069 1179 1117 nee
1195 1044 1284 1143 quid
1297 1046 1374 1145 ipsa
1385 1046 1430 1118 sit
1444 1043 1681 1118 definireausi
1694 1048 1786 1141 sint,
1802 1072 1888 1121 curn
1902 1074 2064 1123 summus

467 1169 545 1261 ille,
564 1182 729 1266 utsupra
749 1165 995 1258 meminimus,
1016 1163 1320 1264 philosophorum
1337 1165 1457 1257 Plato,
1475 1165 1534 1238 vix
1549 1164 1638 1263 quid
1663 1166 1708 1237 sit
1728 1165 1848 1239 dicere
1873 1192 1980 1241 ausus
1998 1170 2060 1258 sit,

465 1289 537 1361 hoc
553 1288 673 1360 solum
692 1285 740 1360 de
758 1308 803 1359 eo
818 1285 951 1378 sciens,
971 1283 1072 1382 quod
1088 1285 1170 1357 sciri
1188 1284 1304 1383 qualis
1320 1287 1365 1357 sit
1380 1284 1427 1358 ab
1444 1282 1654 1357 hominibus
1670 1309 1744 1357 non
1762 1258 2062 1385 possiu‘flermes

464 1431 609 1506 quoque
621 1405 668 1480 de
685 1404 774 1478 Filio
790 1406 857 1478 Dei
873 1433 891 1474 u
911 1405 1194 1502 eujus,1inquit,
1222 1429 1355 1478 nomen
1380 1429 1455 1478 non
1470 1419 1589 1504 potest
1603 1404 1767 1478 humano
1791 1429 1855 1480 ore
1876 1409 2059 1482 narrari.»

464 1532 555 1600 Ecce
581 1526 641 1598 ille
669 1540 776 1624 negat
801 1524 848 1598 ab
876 1525 1026 1597 homine
1052 1523 1154 1598 hunc
1180 1542 1287 1624 posse
1314 1526 1416 1618 seiri,
1435 1524 1501 1596 iste
1525 1549 1613 1596 vero
1640 1548 1745 1625 posse
1769 1524 1926 1599 edisseri.
1957 1528 2062 1601 Unde

463 1651 582 1746 ipsum
595 1647 751 1746 penitus,
766 1670 851 1718 cum
863 1669 984 1718 rerum
1003 1646 1167 1717 omnium
1181 1659 1326 1718 naturas
1339 1643 1549 1744 philosophi
1565 1644 1838 1743 distinguerent,
1851 1650 2061 1746 praetermit-

461 1780 591 1857 tentes,
609 1790 719 1865 quem
736 1789 804 1839 nec
820 1789 885 1839 ore
902 1763 1040 1856 disseri,
1064 1789 1132 1838 nec
1147 1778 1269 1838 mente
1290 1765 1432 1864 concipi
1447 1762 1674 1864 profitentur,
1691 1765 1745 1837 sic
1765 1789 1850 1838 eum
1872 1790 1892 1839 a
1909 1791 2060 1841 numero

460 1912 581 1959 rerum
597 1886 841 1977 excluserunt,
860 1884 964 1982 quasi
979 1908 1063 1958 eum
1083 1882 1173 1957 nihil
1189 1908 1265 1957 esse
1282 1898 1494 1958 astruerent.
1514 1886 1606 1955 Cum
1625 1884 1722 1956 enim
1743 1909 1889 1958 omnem
1905 1910 1983 1958 rem
1998 1903 2061 1960 aut

458 2006 685 2097 substantiae,
715 2018 779 2079 aut
800 2004 906 2077 alicui
931 2005 1084 2078 aliorum
1110 2003 1462 2102 generalissimorum
1485 2002 1693 2099 subjiciant,
1727 2004 1850 2103 utique
1877 2017 1913 2077 et
1940 2008 2058 2080 Deum

456 2127 485 2196 si
506 2128 600 2198 inter
621 2150 676 2198 res
690 2125 784 2225 ipsas
799 2123 1169 2225 comprehenderent,
1189 2139 1252 2196 aut
1268 2123 1473 2196 substantiis
1490 2136 1554 2195 aut
1576 2122 1855 2219 quantitatibus,
1876 2136 1939 2196 aut
1954 2140 2057 2198 caete·

455 2268 579 2316 rorum
606 2242 970 2343 praedicamentorum
994 2243 1120 2316 melius
1138 2256 1456 2335 connumerarent,
1475 2242 1537 2340 qui
1560 2241 1611 2314 nil
1628 2243 1780 2325 omnino
1803 2267 1879 2316 esse
1907 2268 1949 2317 ex
1975 2246 2060 2344 ipsis

455 2364 693 2438 convincitur.
713 2366 849 2437 Omnes
873 2362 1008 2463 quippe
1028 2385 1086 2436 res
1106 2375 1234 2461 praeter
1260 2361 1494 2454 substantias,
1514 2385 1636 2460 perse
1660 2361 1851 2436 subsistere
1877 2389 1952 2438 non
1975 2390 2058 2463 pos·

456 2497 553 2577 sunt,
577 2484 645 2556 nisi
661 2482 796 2557 scilicet
812 2481 980 2580 subjectis
998 2495 1245 2555 sustententur
1263 2480 1488 2571 substantiis,
1507 2495 1548 2552 ut
1564 2480 1695 2554 albedo
1713 2481 1812 2555 nulla
1827 2485 1966 2557 ratione
1982 2509 2057 2559 esse

455 2617 572 2702 potest
589 2603 659 2676 nisi
674 2605 712 2676 in
729 2601 892 2699 subjecto
908 2624 1074 2700 corpore,
1090 2616 1151 2674 aut
1169 2602 1283 2701 pietas
1302 2602 1370 2674 nisi
1386 2604 1424 2673 in
1441 2602 1576 2691 anima,
1592 2616 1654 2673 aut
1669 2601 1836 2700 quaelibet
1851 2628 1906 2677 res
1922 2629 2054 2677 novem

455 2722 829 2822 praedicamentorum,
854 2720 924 2793 nisi
945 2720 983 2792 in
1000 2718 1169 2816 subjectis
1185 2719 1392 2794 substantiis
1412 2720 1534 2792 insint.
1563 2719 1776 2795 Substantiae
1799 2747 1884 2796 vero
1907 2725 1945 2796 in
1970 2749 2056 2825 pro·

454 2847 533 2946 pria
548 2861 677 2920 natura
692 2870 758 2947 per
774 2846 908 2945 seipsas
928 2844 1079 2919 existere
1099 2859 1164 2919 aut
1179 2869 1406 2946 perseverare
1423 2858 1592 2945 possunt,
1614 2844 1787 2919 omnibus
1806 2862 1843 2920 et
1855 2846 1933 2921 aliis
1948 2847 2057 2921 rebus

454 2962 654 3035 destructis.
683 2961 789 3035 Unde
815 2974 852 3035 et
877 2959 1085 3035 substantiae
1107 2962 1210 3061 quasi
1235 2960 1470 3035 subsistentiae
1498 2984 1574 3034 esse
1602 2959 1827 3058 dictasunt,
1859 2978 1896 3037 et
1922 2968 2056 3039 caeteris

452 3084 575 3180 rebus,
594 3108 673 3183 qua·
688 3083 721 3157 ei
736 3085 918 3173 assistunt,
939 3106 1015 3155 non
1032 3106 1098 3182 per
1117 3106 1155 3155 se
1174 3081 1384 3172 subsistunt,
1404 3081 1613 3155 naturaliter
1631 3084 1770 3183 priores
1789 3099 1884 3158 sunt.
1907 3091 1956 3159 Ex
1980 3112 2055 3184 quo

451 3205 631 3303 liquidum
656 3218 711 3277 est
733 3206 870 3294 Deum,
894 3202 959 3301 qui
987 3203 1152 3275 omnium
1171 3224 1291 3275 rerum
1313 3215 1368 3276 est
1390 3201 1547 3294 initium,
1568 3215 1604 3274 et
1623 3203 1802 3302 singulare
1822 3206 2053 3306 principium,

452 3325 553 3398 nullo
579 3322 693 3397 modo
713 3323 753 3408 in
778 3346 823 3395 eo
840 3344 962 3395 rerum
978 3345 1133 3395 numero
1150 3322 1330 3396 contineri
1345 3345 1425 3421 quae
1446 3320 1744 3397 substantiaenon
1769 3338 1865 3399 sunt.
1891 3326 1962 3399 Sed
1987 3351 2054 3400 nec

452 3443 670 3535 substantiae,
689 3441 889 3516 monadum
905 3465 981 3535 eos,
1002 3441 1219 3541 supponitur
1237 3444 1347 3533 Deus,
1364 3441 1447 3514 iicet
1461 3440 1535 3540 ipse
1550 3442 1704 3516 maxime
1716 3447 1761 3516 sit
1774 3469 1831 3517 res
1846 3469 1911 3545 per
1926 3470 1964 3518 se
1980 3447 2054 3517 exi·

453 3579 578 3655 stens,
606 3576 643 3637 et
672 3584 797 3633 verum
825 3574 861 3633 et
887 3558 1183 3632 incommutabile
1208 3582 1284 3632 esse
1312 3560 1388 3658 ipse
1412 3559 1510 3634 solus
1544 3583 1565 3633 a
1591 3585 1630 3634 se
1659 3562 1836 3638 habeata
1868 3589 1943 3661 quo
1969 3581 2053 3638 sunt

454 3681 590 3753 onmia.
610 3683 663 3753 De
679 3679 782 3777 eujus
799 3677 948 3777 quidem
962 3678 1107 3751 veritate
1125 3701 1168 3751 ac
1184 3677 1409 3776 simplicitate
1423 3679 1496 3753 sive
1511 3663 1868 3756 incommutabilitate
1885 3681 2052 3757 substan·

454 3799 747 3898 tiae,Augustinus
757 3799 794 3872 in
806 3797 870 3870 lib.
881 3796 925 3869 de
938 3798 1112 3869 Trinitote
1122 3797 1172 3869 ait
1182 3800 1212 3867 ¹:
1229 3826 1247 3864 u
1262 3796 1563 3895 Sicintelligamus
1570 3805 2053 3903 Deum,sipossumusquan·

455 3935 532 3992 tum
545 3943 737 4020 possumus
744 3969 755 4008 ,
775 3919 853 3991 sine
875 3917 1045 4014 qualitate
1064 3915 1218 4007 bonum,
1238 3917 1314 3989 sine
1333 3918 1531 4015 quantitate
1551 3944 1736 4017 magnum,
1761 3923 1836 3995 siue
1855 3922 2053 4022 indigentia

453 4058 649 4116 creatorem
659 4095 671 4134 ,
690 4043 767 4116 sine
784 4043 852 4115 situ
869 4054 1098 4141 praeseutem,
1117 4041 1194 4113 siue
1211 4039 1335 4114 habitu
1354 4042 1477 4114 omnia
1497 4044 1757 4137 coutinentem,
1776 4047 1853 4120 sine
1868 4047 1952 4120 loeo
1971 4048 2053 4121 ubi·

452 4189 523 4261 que
541 4176 671 4254 totum,
689 4163 764 4235 sine
779 4176 944 4261 tempore
959 4160 1232 4261 sempiternum,
1252 4162 1328 4234 sine
1344 4160 1416 4233 ulla
1428 4163 1627 4236 mutatione
1643 4166 1699 4239 sui
1715 4165 1900 4239 mutabilia
1917 4167 2050 4241 iacien-

453 4300 539 4367 tem,
557 4283 718 4380 nihilque
730 4283 938 4381 patientem.
953 4280 1121 4377 Quisquis
1137 4284 1256 4354 Deum
1265 4281 1314 4354 ita
1337 4281 1483 4378 cogitat,
1501 4283 1565 4355 etsi
1577 4285 1742 4358 nondum
1758 4300 1874 4385 potest
1890 4286 2051 4360 invenire

454 4404 604 4477 omnino
619 4401 708 4501 quid
719 4403 776 4492 sit,
792 4402 852 4502 pie
867 4414 988 4474 tamen
1004 4413 1129 4473 caveat
1143 4413 1319 4498 quantum
1332 4413 1469 4499 potest,
1486 4400 1582 4474 aliud
1596 4401 1642 4476 de
1656 4429 1701 4477 eo
1712 4406 1844 4478 sentire
1859 4405 1958 4503 quod
1971 4431 2049 4508 non

453 4525 508 4597 sit.
530 4528 588 4595 Est
603 4537 724 4595 tamen
740 4522 817 4594 sine
831 4518 1054 4592 dubitatione
1070 4517 1283 4608 substantia,
1301 4519 1358 4591 vel
1375 4521 1405 4593 si
1423 4520 1549 4593 melius
1564 4520 1636 4594 hoc
1654 4524 1855 4624 appellatur
1871 4527 2046 4617 essentia,

453 4669 563 4742 quam
581 4641 694 4715 Greci
709 4644 812 4713 οὐσίαν
829 4652 1006 4713 vocant.»
1025 4636 1135 4727 Quod
1150 4654 1273 4711 autem
1299 4661 1366 4711 nec
1384 4639 1484 4735 juxta
1501 4640 1739 4742 philosophos
1756 4645 1833 4743 ipse
1848 4648 1945 4718 Deus
1964 4645 2050 4718 sub

452 4768 579 4839 stantia
590 4764 637 4836 sit
653 4760 839 4851 dicendus,
854 4758 955 4833 facile
971 4757 1138 4833 convinci
1151 4771 1268 4856 potest
1281 4782 1324 4830 ex
1336 4760 1423 4858 ipsis
1439 4759 1624 4859 seripturis
1641 4764 1805 4836 omnium
1824 4763 2047 4838 dialecticam

484 5036 552 5087 ¹le
563 5036 592 5099 V,
605 5047 678 5100 capr
703 5033 779 5098 Opp„
799 5039 817 5082 t.
830 5030 893 5095 vut,
910 5033 956 5082 col.
974 5034 1028 5084 8³8.
