<?xml version="1.0" encoding="UTF-8"?>
<!DOCTYPE html PUBLIC "-//W3C//DTD XHTML 1.0 Transitional//EN"
    "http://www.w3.org/TR/xhtml1/DTD/xhtml1-transitional.dtd">
<html xmlns="http://www.w3.org/1999/xhtml" xml:lang="en" lang="en">
 <head>
  <title>
</title>
<meta http-equiv="Content-Type" content="text/html;charset=utf-8" />
  <meta name='ocr-system' content='tesseract 3.04.00' />
  <meta name='ocr-capabilities' content='ocr_page ocr_carea ocr_par ocr_line ocrx_word'/>
</head>
<body>
  <div class='ocr_page' id='page_1' title='image "./petriablardiope00despgoog_0539.png"; bbox 0 0 4559 6100; ppageno 0'>
   <div class='ocr_carea' id='block_1_1' title="bbox 753 542 1881 622">
    <p class='ocr_par' dir='ltr' id='par_1_1' title="bbox 753 542 1881 622">
     <span class='ocr_line' id='line_1_1' title="bbox 753 542 1881 622; baseline 0.004 -7"><span class='ocrx_word' id='word_1_1' title='bbox 753 542 1010 617; x_wconf 68' lang='lat' dir='ltr'>annotante</span> <span class='ocrx_word' id='word_1_2' title='bbox 1043 545 1318 622; x_wconf 67' lang='lat' dir='ltr'>minuant.</span> <span class='ocrx_word' id='word_1_3' title='bbox 1764 546 1842 620; x_wconf 66' lang='grc'>499</span> <span class='ocrx_word' id='word_1_4' title='bbox 1878 572 1881 579; x_wconf 93' lang='grc'><em>·</em></span> 
     </span>
    </p>
   </div>
   <div class='ocr_carea' id='block_1_2' title="bbox 144 693 1920 4994">
    <p class='ocr_par' dir='ltr' id='par_1_2' title="bbox 144 693 1844 1605">
     <span class='ocr_line' id='line_1_2' title="bbox 234 693 1842 792; baseline 0.001 -21"><span class='ocrx_word' id='word_1_5' title='bbox 234 719 281 771; x_wconf 86' lang='lat' dir='ltr'>eo</span> <span class='ocrx_word' id='word_1_6' title='bbox 304 693 406 792; x_wconf 90' lang='lat' dir='ltr'>quod</span> <span class='ocrx_word' id='word_1_7' title='bbox 430 709 484 769; x_wconf 90' lang='lat' dir='ltr'>est</span> <span class='ocrx_word' id='word_1_8' title='bbox 506 719 564 770; x_wconf 90' lang='lat' dir='ltr'>res</span> <span class='ocrx_word' id='word_1_9' title='bbox 584 718 662 769; x_wconf 90' lang='lat' dir='ltr'>esse</span> <span class='ocrx_word' id='word_1_10' title='bbox 685 696 919 771; x_wconf 74' lang='lat' dir='ltr'>Trinitatemr</span> <span class='ocrx_word' id='word_1_11' title='bbox 946 698 1037 770; x_wconf 74' lang='lat' dir='ltr'>deut</span> <span class='ocrx_word' id='word_1_12' title='bbox 1061 695 1162 770; x_wconf 86' lang='lat' dir='ltr'>aliud</span> <span class='ocrx_word' id='word_1_13' title='bbox 1185 711 1239 769; x_wconf 82' lang='lat' dir='ltr'>est</span> <span class='ocrx_word' id='word_1_14' title='bbox 1260 694 1449 769; x_wconf 87' lang='lat' dir='ltr'>hominem</span> <span class='ocrx_word' id='word_1_15' title='bbox 1472 718 1551 771; x_wconf 78' lang='lat' dir='ltr'>esse</span> <span class='ocrx_word' id='word_1_16' title='bbox 1577 697 1718 791; x_wconf 70' lang='lat' dir='ltr'>albanu,</span> <span class='ocrx_word' id='word_1_17' title='bbox 1740 695 1842 772; x_wconf 85' lang='lat' dir='ltr'>alind</span> 
     </span>
     <span class='ocr_line' id='line_1_3' title="bbox 234 813 1842 919; baseline 0.002 -30"><span class='ocrx_word' id='word_1_18' title='bbox 234 813 423 890; x_wconf 77' lang='lat' dir='ltr'>bominem</span> <span class='ocrx_word' id='word_1_19' title='bbox 448 817 486 889; x_wconf 94' lang='lat' dir='ltr'>in</span> <span class='ocrx_word' id='word_1_20' title='bbox 511 841 557 890; x_wconf 90' lang='lat' dir='ltr'>eo</span> <span class='ocrx_word' id='word_1_21' title='bbox 581 815 683 916; x_wconf 89' lang='lat' dir='ltr'>quod</span> <span class='ocrx_word' id='word_1_22' title='bbox 704 816 820 907; x_wconf 81' lang='lat' dir='ltr'>homo</span> <span class='ocrx_word' id='word_1_23' title='bbox 848 832 902 891; x_wconf 84' lang='lat' dir='ltr'>est</span> <span class='ocrx_word' id='word_1_24' title='bbox 925 842 1002 891; x_wconf 88' lang='lat' dir='ltr'>esse</span> <span class='ocrx_word' id='word_1_25' title='bbox 1021 816 1166 907; x_wconf 80' lang='lat' dir='ltr'>albnm3</span> <span class='ocrx_word' id='word_1_26' title='bbox 1193 831 1230 890; x_wconf 83' lang='lat' dir='ltr'>et</span> <span class='ocrx_word' id='word_1_27' title='bbox 1254 818 1441 890; x_wconf 78' lang='lat' dir='ltr'><strong>Socratem</strong></span> <span class='ocrx_word' id='word_1_28' title='bbox 1465 843 1542 891; x_wconf 85' lang='lat' dir='ltr'>esse</span> <span class='ocrx_word' id='word_1_29' title='bbox 1568 833 1642 893; x_wconf 87' lang='lat' dir='ltr'>tres</span> <span class='ocrx_word' id='word_1_30' title='bbox 1666 826 1842 919; x_wconf 65' lang='lat' dir='ltr'>perenm</span> 
     </span>
     <span class='ocr_line' id='line_1_4' title="bbox 235 935 1840 1038; baseline 0.001 -30"><span class='ocrx_word' id='word_1_31' title='bbox 235 935 436 1009; x_wconf 85' lang='lat' dir='ltr'>seeundum</span> <span class='ocrx_word' id='word_1_32' title='bbox 452 938 718 1035; x_wconf 79' lang='lat' dir='ltr'>grammaticos,</span> <span class='ocrx_word' id='word_1_33' title='bbox 740 953 777 1011; x_wconf 92' lang='lat' dir='ltr'>et</span> <span class='ocrx_word' id='word_1_34' title='bbox 792 939 829 1012; x_wconf 90' lang='lat' dir='ltr'>in</span> <span class='ocrx_word' id='word_1_35' title='bbox 847 937 1011 1038; x_wconf 88' lang='lat' dir='ltr'>eoquod</span> <span class='ocrx_word' id='word_1_36' title='bbox 1028 950 1083 1010; x_wconf 87' lang='lat' dir='ltr'>est</span> <span class='ocrx_word' id='word_1_37' title='bbox 1097 938 1263 1009; x_wconf 77' lang='lat' dir='ltr'>Socrates</span> <span class='ocrx_word' id='word_1_38' title='bbox 1279 961 1356 1009; x_wconf 88' lang='lat' dir='ltr'>esse</span> <span class='ocrx_word' id='word_1_39' title='bbox 1367 952 1440 1010; x_wconf 86' lang='lat' dir='ltr'>tres</span> <span class='ocrx_word' id='word_1_40' title='bbox 1455 962 1628 1038; x_wconf 79' lang='lat' dir='ltr'>personas</span> <span class='ocrx_word' id='word_1_41' title='bbox 1646 938 1737 1012; x_wconf 78' lang='lat' dir='ltr'>illas.</span> <span class='ocrx_word' id='word_1_42' title='bbox 1757 941 1840 1010; x_wconf 83' lang='lat' dir='ltr'>llon</span> 
     </span>
     <span class='ocr_line' id='line_1_5' title="bbox 236 1055 1841 1157; baseline 0.001 -28"><span class='ocrx_word' id='word_1_43' title='bbox 236 1056 357 1154; x_wconf 83' lang='lat' dir='ltr'>itaque</span> <span class='ocrx_word' id='word_1_44' title='bbox 379 1061 477 1131; x_wconf 89' lang='lat' dir='ltr'>Deus</span> <span class='ocrx_word' id='word_1_45' title='bbox 500 1072 563 1131; x_wconf 84' lang='lat' dir='ltr'>aut</span> <span class='ocrx_word' id='word_1_46' title='bbox 586 1057 625 1131; x_wconf 91' lang='lat' dir='ltr'>in</span> <span class='ocrx_word' id='word_1_47' title='bbox 648 1083 694 1132; x_wconf 93' lang='lat' dir='ltr'>eo</span> <span class='ocrx_word' id='word_1_48' title='bbox 715 1058 814 1157; x_wconf 88' lang='lat' dir='ltr'>quod</span> <span class='ocrx_word' id='word_1_49' title='bbox 838 1074 893 1133; x_wconf 91' lang='lat' dir='ltr'>est</span> <span class='ocrx_word' id='word_1_50' title='bbox 912 1083 985 1133; x_wconf 86' lang='lat' dir='ltr'>una</span> <span class='ocrx_word' id='word_1_51' title='bbox 1008 1083 1078 1151; x_wconf 91' lang='lat' dir='ltr'>res,</span> <span class='ocrx_word' id='word_1_52' title='bbox 1103 1070 1167 1131; x_wconf 89' lang='lat' dir='ltr'>aut</span> <span class='ocrx_word' id='word_1_53' title='bbox 1189 1060 1229 1131; x_wconf 92' lang='lat' dir='ltr'>in</span> <span class='ocrx_word' id='word_1_54' title='bbox 1254 1083 1299 1131; x_wconf 92' lang='lat' dir='ltr'>eo</span> <span class='ocrx_word' id='word_1_55' title='bbox 1318 1057 1418 1156; x_wconf 93' lang='lat' dir='ltr'>quod</span> <span class='ocrx_word' id='word_1_56' title='bbox 1437 1060 1483 1132; x_wconf 87' lang='lat' dir='ltr'>sit</span> <span class='ocrx_word' id='word_1_57' title='bbox 1502 1059 1622 1133; x_wconf 72' lang='lat' dir='ltr'>multae</span> <span class='ocrx_word' id='word_1_58' title='bbox 1637 1084 1713 1150; x_wconf 87' lang='lat' dir='ltr'>res,</span> <span class='ocrx_word' id='word_1_59' title='bbox 1739 1055 1841 1156; x_wconf 88' lang='lat' dir='ltr'>qnod</span> 
     </span>
     <span class='ocr_line' id='line_1_6' title="bbox 144 1175 1844 1278; baseline 0.004 -33"><span class='ocrx_word' id='word_1_60' title='bbox 144 1198 153 1205; x_wconf 87' lang='lat'>·</span> <span class='ocrx_word' id='word_1_61' title='bbox 236 1175 390 1248; x_wconf 91' lang='lat' dir='ltr'>omnino</span> <span class='ocrx_word' id='word_1_62' title='bbox 407 1176 534 1250; x_wconf 88' lang='lat' dir='ltr'>salsum</span> <span class='ocrx_word' id='word_1_63' title='bbox 551 1191 622 1270; x_wconf 87' lang='lat' dir='ltr'>est,</span> <span class='ocrx_word' id='word_1_64' title='bbox 640 1176 818 1252; x_wconf 82' lang='lat' dir='ltr'>dicendus</span> <span class='ocrx_word' id='word_1_65' title='bbox 833 1194 887 1253; x_wconf 91' lang='lat' dir='ltr'>est</span> <span class='ocrx_word' id='word_1_66' title='bbox 901 1181 1055 1253; x_wconf 79' lang='lat' dir='ltr'><strong>Trinitas</strong></span> <span class='ocrx_word' id='word_1_67' title='bbox 1068 1202 1167 1268; x_wconf 71' lang='lat' dir='ltr'>esse,</span> <span class='ocrx_word' id='word_1_68' title='bbox 1188 1176 1253 1251; x_wconf 89' lang='lat' dir='ltr'>sed</span> <span class='ocrx_word' id='word_1_69' title='bbox 1269 1179 1306 1249; x_wconf 90' lang='lat' dir='ltr'>iu</span> <span class='ocrx_word' id='word_1_70' title='bbox 1324 1203 1370 1251; x_wconf 90' lang='lat' dir='ltr'>eo</span> <span class='ocrx_word' id='word_1_71' title='bbox 1386 1193 1525 1251; x_wconf 81' lang='lat' dir='ltr'>tantum</span> <span class='ocrx_word' id='word_1_72' title='bbox 1541 1177 1641 1278; x_wconf 91' lang='lat' dir='ltr'>qnod</span> <span class='ocrx_word' id='word_1_73' title='bbox 1669 1193 1723 1252; x_wconf 90' lang='lat' dir='ltr'>est</span> <span class='ocrx_word' id='word_1_74' title='bbox 1738 1183 1844 1251; x_wconf 77' lang='lat' dir='ltr'>Patet·</span> 
     </span>
     <span class='ocr_line' id='line_1_7' title="bbox 236 1290 1841 1393; baseline 0.003 -33"><span class='ocrx_word' id='word_1_75' title='bbox 236 1303 274 1360; x_wconf 91' lang='lat' dir='ltr'>et</span> <span class='ocrx_word' id='word_1_76' title='bbox 288 1290 397 1363; x_wconf 84' lang='lat' dir='ltr'>Filius</span> <span class='ocrx_word' id='word_1_77' title='bbox 414 1305 450 1364; x_wconf 92' lang='lat' dir='ltr'>et</span> <span class='ocrx_word' id='word_1_78' title='bbox 467 1292 622 1392; x_wconf 80' lang='lat' dir='ltr'>Spiritus</span> <span class='ocrx_word' id='word_1_79' title='bbox 634 1309 793 1387; x_wconf 84' lang='lat' dir='ltr'>sanctus,</span> <span class='ocrx_word' id='word_1_80' title='bbox 811 1293 885 1367; x_wconf 89' lang='lat' dir='ltr'>hoo</span> <span class='ocrx_word' id='word_1_81' title='bbox 903 1308 957 1368; x_wconf 91' lang='lat' dir='ltr'>est</span> <span class='ocrx_word' id='word_1_82' title='bbox 964 1294 1108 1370; x_wconf 74' lang='lat' dir='ltr'>,harum</span> <span class='ocrx_word' id='word_1_83' title='bbox 1124 1294 1233 1366; x_wconf 86' lang='lat' dir='ltr'>trimn</span> <span class='ocrx_word' id='word_1_84' title='bbox 1253 1293 1432 1393; x_wconf 78' lang='lat' dir='ltr'>particeps</span> <span class='ocrx_word' id='word_1_85' title='bbox 1448 1294 1711 1393; x_wconf 80' lang='lat' dir='ltr'>proprietatum</span> <span class='ocrx_word' id='word_1_86' title='bbox 1731 1313 1841 1392; x_wconf 87' lang='lat' dir='ltr'>supra</span> 
     </span>
     <span class='ocr_line' id='line_1_8' title="bbox 238 1407 1844 1515; baseline 0.003 -35"><span class='ocrx_word' id='word_1_87' title='bbox 238 1407 570 1502; x_wconf 70' lang='lat' dir='ltr'>determinatam,</span> <span class='ocrx_word' id='word_1_88' title='bbox 590 1428 629 1487; x_wconf 92' lang='lat' dir='ltr'>ut</span> <span class='ocrx_word' id='word_1_89' title='bbox 644 1412 810 1488; x_wconf 79' lang='lat' dir='ltr'>videlieet</span> <span class='ocrx_word' id='word_1_90' title='bbox 827 1429 862 1488; x_wconf 84' lang='lat' dir='ltr'>et</span> <span class='ocrx_word' id='word_1_91' title='bbox 879 1416 1025 1515; x_wconf 80' lang='lat' dir='ltr'>gignere</span> <span class='ocrx_word' id='word_1_92' title='bbox 1039 1414 1174 1488; x_wconf 81' lang='lat' dir='ltr'>babeat</span> <span class='ocrx_word' id='word_1_93' title='bbox 1189 1418 1288 1487; x_wconf 86' lang='lat' dir='ltr'>Deus</span> <span class='ocrx_word' id='word_1_94' title='bbox 1302 1428 1340 1486; x_wconf 87' lang='lat' dir='ltr'>et</span> <span class='ocrx_word' id='word_1_95' title='bbox 1352 1413 1448 1512; x_wconf 78' lang='lat' dir='ltr'>gigni</span> <span class='ocrx_word' id='word_1_96' title='bbox 1464 1413 1611 1507; x_wconf 81' lang='lat' dir='ltr'>habeat,</span> <span class='ocrx_word' id='word_1_97' title='bbox 1631 1427 1741 1512; x_wconf 83' lang='lat' dir='ltr'>atque</span> <span class='ocrx_word' id='word_1_98' title='bbox 1758 1436 1844 1511; x_wconf 89' lang='lat' dir='ltr'>pro-</span> 
     </span>
     <span class='ocr_line' id='line_1_9' title="bbox 237 1527 380 1605; baseline 0.028 -4"><span class='ocrx_word' id='word_1_99' title='bbox 237 1527 380 1605; x_wconf 75' lang='lat' dir='ltr'>cedere.</span> 
     </span>
    </p>

    <p class='ocr_par' dir='ltr' id='par_1_3' title="bbox 238 1650 1853 4364">
     <span class='ocr_line' id='line_1_10' title="bbox 290 1650 1844 1753; baseline 0.001 -30"><span class='ocrx_word' id='word_1_100' title='bbox 290 1651 498 1726; x_wconf 83' lang='lat' dir='ltr'>Notandum</span> <span class='ocrx_word' id='word_1_101' title='bbox 514 1677 662 1752; x_wconf 83' lang='lat' dir='ltr'>quoque</span> <span class='ocrx_word' id='word_1_102' title='bbox 677 1652 925 1753; x_wconf 89' lang='lat' dir='ltr'>quodnullam</span> <span class='ocrx_word' id='word_1_103' title='bbox 934 1679 1057 1729; x_wconf 89' lang='lat' dir='ltr'>rernm</span> <span class='ocrx_word' id='word_1_104' title='bbox 1073 1655 1342 1729; x_wconf 87' lang='lat' dir='ltr'>multitudinem</span> <span class='ocrx_word' id='word_1_105' title='bbox 1353 1654 1391 1726; x_wconf 90' lang='lat' dir='ltr'>in</span> <span class='ocrx_word' id='word_1_106' title='bbox 1401 1653 1589 1727; x_wconf 87' lang='lat' dir='ltr'>divinitate</span> <span class='ocrx_word' id='word_1_107' title='bbox 1597 1650 1844 1727; x_wconf 80' lang='lat' dir='ltr'>concedamus</span> 
     </span>
     <span class='ocr_line' id='line_1_11' title="bbox 238 1771 1844 1876; baseline 0.001 -34"><span class='ocrx_word' id='word_1_108' title='bbox 238 1792 330 1861; x_wconf 85' lang='lat' dir='ltr'>esse,</span> <span class='ocrx_word' id='word_1_109' title='bbox 360 1771 424 1845; x_wconf 85' lang='lat' dir='ltr'>sed</span> <span class='ocrx_word' id='word_1_110' title='bbox 449 1797 687 1872; x_wconf 87' lang='lat' dir='ltr'>personarum</span> <span class='ocrx_word' id='word_1_111' title='bbox 713 1776 960 1849; x_wconf 83' lang='lat' dir='ltr'>solummodo.</span> <span class='ocrx_word' id='word_1_112' title='bbox 989 1777 1208 1876; x_wconf 70' lang='lat' dir='ltr'>Augustinus</span> <span class='ocrx_word' id='word_1_113' title='bbox 1232 1790 1353 1850; x_wconf 88' lang='lat' dir='ltr'>tamen</span> <span class='ocrx_word' id='word_1_114' title='bbox 1380 1775 1417 1846; x_wconf 90' lang='lat' dir='ltr'>in</span> <span class='ocrx_word' id='word_1_115' title='bbox 1444 1774 1565 1875; x_wconf 85' lang='lat' dir='ltr'>primo</span> <span class='ocrx_word' id='word_1_116' title='bbox 1593 1773 1639 1847; x_wconf 80' lang='lat' dir='ltr'>de</span> <span class='ocrx_word' id='word_1_117' title='bbox 1666 1774 1844 1845; x_wconf 73' lang='lat' dir='ltr'>Doctrina</span> 
     </span>
     <span class='ocr_line' id='line_1_12' title="bbox 241 1889 1844 1994; baseline 0.002 -34"><span class='ocrx_word' id='word_1_118' title='bbox 241 1889 449 1963; x_wconf 71' lang='lat' dir='ltr'>Cirris-trima</span> <span class='ocrx_word' id='word_1_119' title='bbox 472 1917 530 1967; x_wconf 85' lang='lat' dir='ltr'>res</span> <span class='ocrx_word' id='word_1_120' title='bbox 549 1893 735 1993; x_wconf 80' lang='lat' dir='ltr'>pluraliter</span> <span class='ocrx_word' id='word_1_121' title='bbox 752 1894 899 1969; x_wconf 84' lang='lat' dir='ltr'>abusive</span> <span class='ocrx_word' id='word_1_122' title='bbox 917 1893 1036 1970; x_wconf 88' lang='lat' dir='ltr'>dioere</span> <span class='ocrx_word' id='word_1_123' title='bbox 1060 1920 1170 1969; x_wconf 85' lang='lat' dir='ltr'>ausus</span> <span class='ocrx_word' id='word_1_124' title='bbox 1187 1910 1242 1968; x_wconf 90' lang='lat' dir='ltr'>est</span> <span class='ocrx_word' id='word_1_125' title='bbox 1263 1895 1311 1969; x_wconf 86' lang='lat' dir='ltr'>ad</span> <span class='ocrx_word' id='word_1_126' title='bbox 1337 1893 1579 1969; x_wconf 85' lang='lat' dir='ltr'>diversitatem</span> <span class='ocrx_word' id='word_1_127' title='bbox 1605 1902 1844 1994; x_wconf 79' lang='lat' dir='ltr'>personarum</span> 
     </span>
     <span class='ocr_line' id='line_1_13' title="bbox 239 2009 1846 2115; baseline 0.001 -33"><span class='ocrx_word' id='word_1_128' title='bbox 239 2009 439 2108; x_wconf 81' lang='lat' dir='ltr'>aspiciens3</span> <span class='ocrx_word' id='word_1_129' title='bbox 458 2013 508 2086; x_wconf 84' lang='lat' dir='ltr'>ait</span> <span class='ocrx_word' id='word_1_130' title='bbox 529 2014 665 2113; x_wconf 88' lang='lat' dir='ltr'>quippe</span> <span class='ocrx_word' id='word_1_131' title='bbox 686 2015 752 2088; x_wconf 76' lang='lat' dir='ltr'>sie¹</span> <span class='ocrx_word' id='word_1_132' title='bbox 772 2042 782 2086; x_wconf 75' lang='grc' dir='ltr'>ι</span> <span class='ocrx_word' id='word_1_133' title='bbox 804 2044 822 2085; x_wconf 80' lang='grc' dir='ltr'>ιι</span> <span class='ocrx_word' id='word_1_134' title='bbox 839 2019 908 2088; x_wconf 83' lang='lat' dir='ltr'>Res</span> <span class='ocrx_word' id='word_1_135' title='bbox 928 2015 1007 2089; x_wconf 75' lang='lat' dir='ltr'>alite</span> <span class='ocrx_word' id='word_1_136' title='bbox 1029 2030 1115 2088; x_wconf 90' lang='lat' dir='ltr'>snnt</span> <span class='ocrx_word' id='word_1_137' title='bbox 1136 2014 1270 2115; x_wconf 88' lang='lat' dir='ltr'>quibus</span> <span class='ocrx_word' id='word_1_138' title='bbox 1293 2013 1487 2088; x_wconf 76' lang='lat' dir='ltr'>fruendum</span> <span class='ocrx_word' id='word_1_139' title='bbox 1514 2029 1580 2105; x_wconf 87' lang='lat' dir='ltr'>est,</span> <span class='ocrx_word' id='word_1_140' title='bbox 1608 2014 1685 2088; x_wconf 83' lang='lat' dir='ltr'>aliae</span> <span class='ocrx_word' id='word_1_141' title='bbox 1713 2010 1846 2112; x_wconf 83' lang='lat' dir='ltr'>quibua</span> 
     </span>
     <span class='ocr_line' id='line_1_14' title="bbox 241 2128 1845 2233; baseline 0.002 -32"><span class='ocrx_word' id='word_1_142' title='bbox 241 2128 431 2203; x_wconf 83' lang='lat' dir='ltr'>utendum.</span> <span class='ocrx_word' id='word_1_143' title='bbox 459 2132 528 2205; x_wconf 78' lang='lat' dir='ltr'>lllse</span> <span class='ocrx_word' id='word_1_144' title='bbox 548 2132 682 2229; x_wconf 86' lang='lat' dir='ltr'>quibus</span> <span class='ocrx_word' id='word_1_145' title='bbox 699 2134 895 2209; x_wconf 81' lang='lat' dir='ltr'>fruendum</span> <span class='ocrx_word' id='word_1_146' title='bbox 915 2150 970 2209; x_wconf 90' lang='lat' dir='ltr'>est</span> <span class='ocrx_word' id='word_1_147' title='bbox 991 2161 1063 2209; x_wconf 92' lang='lat' dir='ltr'>nos</span> <span class='ocrx_word' id='word_1_148' title='bbox 1086 2135 1214 2209; x_wconf 84' lang='lat' dir='ltr'>beatos</span> <span class='ocrx_word' id='word_1_149' title='bbox 1235 2136 1382 2209; x_wconf 81' lang='lat' dir='ltr'>laniunt.</span> <span class='ocrx_word' id='word_1_150' title='bbox 1410 2136 1489 2208; x_wconf 82' lang='lat' dir='ltr'>latis</span> <span class='ocrx_word' id='word_1_151' title='bbox 1513 2134 1646 2233; x_wconf 89' lang='lat' dir='ltr'>quibus</span> <span class='ocrx_word' id='word_1_152' title='bbox 1666 2131 1845 2207; x_wconf 85' lang='lat' dir='ltr'>utendum</span> 
     </span>
     <span class='ocr_line' id='line_1_15' title="bbox 239 2250 1846 2354; baseline 0.002 -33"><span class='ocrx_word' id='word_1_153' title='bbox 239 2262 307 2341; x_wconf 85' lang='lat' dir='ltr'>est,</span> <span class='ocrx_word' id='word_1_154' title='bbox 327 2250 517 2326; x_wconf 81' lang='lat' dir='ltr'>tendentes</span> <span class='ocrx_word' id='word_1_155' title='bbox 533 2251 581 2325; x_wconf 88' lang='lat' dir='ltr'>ad</span> <span class='ocrx_word' id='word_1_156' title='bbox 595 2251 858 2328; x_wconf 83' lang='lat' dir='ltr'>beatitudinem</span> <span class='ocrx_word' id='word_1_157' title='bbox 872 2253 1099 2354; x_wconf 82' lang='lat' dir='ltr'>adjuvamur.</span> <span class='ocrx_word' id='word_1_158' title='bbox 1118 2257 1202 2329; x_wconf 87' lang='lat' dir='ltr'>Frui</span> <span class='ocrx_word' id='word_1_159' title='bbox 1220 2257 1319 2329; x_wconf 92' lang='lat' dir='ltr'>enim</span> <span class='ocrx_word' id='word_1_160' title='bbox 1336 2269 1390 2329; x_wconf 89' lang='lat' dir='ltr'>est</span> <span class='ocrx_word' id='word_1_161' title='bbox 1407 2279 1532 2329; x_wconf 90' lang='lat' dir='ltr'>amore</span> <span class='ocrx_word' id='word_1_162' title='bbox 1547 2255 1721 2328; x_wconf 85' lang='lat' dir='ltr'>inhaerere</span> <span class='ocrx_word' id='word_1_163' title='bbox 1738 2252 1846 2326; x_wconf 79' lang='lat' dir='ltr'>aliern</span> 
     </span>
     <span class='ocr_line' id='line_1_16' title="bbox 240 2368 1847 2474; baseline 0.001 -33"><span class='ocrx_word' id='word_1_164' title='bbox 240 2368 292 2441; x_wconf 82' lang='lat' dir='ltr'>mi</span> <span class='ocrx_word' id='word_1_165' title='bbox 315 2382 466 2469; x_wconf 75' lang='lat' dir='ltr'>propter</span> <span class='ocrx_word' id='word_1_166' title='bbox 487 2373 655 2472; x_wconf 87' lang='lat' dir='ltr'>seipsam.</span> <span class='ocrx_word' id='word_1_167' title='bbox 678 2375 735 2447; x_wconf 90' lang='lat' dir='ltr'>Uti</span> <span class='ocrx_word' id='word_1_168' title='bbox 758 2389 893 2467; x_wconf 87' lang='lat' dir='ltr'>autem,</span> <span class='ocrx_word' id='word_1_169' title='bbox 912 2374 1013 2473; x_wconf 92' lang='lat' dir='ltr'>quod</span> <span class='ocrx_word' id='word_1_170' title='bbox 1035 2377 1071 2448; x_wconf 93' lang='lat' dir='ltr'>in</span> <span class='ocrx_word' id='word_1_171' title='bbox 1093 2401 1201 2449; x_wconf 90' lang='lat' dir='ltr'>usum</span> <span class='ocrx_word' id='word_1_172' title='bbox 1218 2377 1356 2449; x_wconf 79' lang='lat' dir='ltr'>venerit</span> <span class='ocrx_word' id='word_1_173' title='bbox 1378 2373 1425 2448; x_wconf 89' lang='lat' dir='ltr'>ad</span> <span class='ocrx_word' id='word_1_174' title='bbox 1449 2374 1486 2447; x_wconf 91' lang='lat' dir='ltr'>id</span> <span class='ocrx_word' id='word_1_175' title='bbox 1509 2374 1611 2474; x_wconf 91' lang='lat' dir='ltr'>quod</span> <span class='ocrx_word' id='word_1_176' title='bbox 1635 2398 1734 2447; x_wconf 82' lang='lat' dir='ltr'>amas</span> <span class='ocrx_word' id='word_1_177' title='bbox 1751 2371 1847 2445; x_wconf 81' lang='lat' dir='ltr'>obti-</span> 
     </span>
     <span class='ocr_line' id='line_1_17' title="bbox 240 2487 1846 2591; baseline 0 -28"><span class='ocrx_word' id='word_1_178' title='bbox 240 2487 404 2563; x_wconf 80' lang='lat' dir='ltr'>nendum</span> <span class='ocrx_word' id='word_1_179' title='bbox 419 2492 565 2588; x_wconf 77' lang='lat' dir='ltr'>referre,</span> <span class='ocrx_word' id='word_1_180' title='bbox 585 2492 616 2565; x_wconf 91' lang='lat' dir='ltr'>si</span> <span class='ocrx_word' id='word_1_181' title='bbox 645 2506 765 2566; x_wconf 90' lang='lat' dir='ltr'>tamen</span> <span class='ocrx_word' id='word_1_182' title='bbox 799 2494 998 2569; x_wconf 88' lang='lat' dir='ltr'>amandum</span> <span class='ocrx_word' id='word_1_183' title='bbox 1025 2509 1091 2568; x_wconf 86' lang='lat' dir='ltr'>est.</span> <span class='ocrx_word' id='word_1_184' title='bbox 1108 2499 1201 2568; x_wconf 89' lang='lat' dir='ltr'>Nam</span> <span class='ocrx_word' id='word_1_185' title='bbox 1219 2519 1303 2569; x_wconf 92' lang='lat' dir='ltr'>usus</span> <span class='ocrx_word' id='word_1_186' title='bbox 1319 2493 1462 2567; x_wconf 87' lang='lat' dir='ltr'>illicitus</span> <span class='ocrx_word' id='word_1_187' title='bbox 1490 2492 1625 2566; x_wconf 70' lang='lat' dir='ltr'>abinus</span> <span class='ocrx_word' id='word_1_188' title='bbox 1650 2492 1771 2591; x_wconf 88' lang='lat' dir='ltr'>potius</span> <span class='ocrx_word' id='word_1_189' title='bbox 1788 2491 1846 2564; x_wconf 81' lang='lat' dir='ltr'>vel</span> 
     </span>
     <span class='ocr_line' id='line_1_18' title="bbox 239 2605 1845 2713; baseline 0.004 -35"><span class='ocrx_word' id='word_1_190' title='bbox 239 2605 370 2681; x_wconf 82' lang='lat' dir='ltr'>abusio</span> <span class='ocrx_word' id='word_1_191' title='bbox 386 2609 634 2685; x_wconf 86' lang='lat' dir='ltr'>nominandus</span> <span class='ocrx_word' id='word_1_192' title='bbox 657 2626 722 2684; x_wconf 89' lang='lat' dir='ltr'>est.</span> <span class='ocrx_word' id='word_1_193' title='bbox 742 2614 780 2685; x_wconf 87' lang='lat' dir='ltr'>Si</span> <span class='ocrx_word' id='word_1_194' title='bbox 802 2613 919 2687; x_wconf 87' lang='lat' dir='ltr'>redire</span> <span class='ocrx_word' id='word_1_195' title='bbox 935 2616 974 2686; x_wconf 92' lang='lat' dir='ltr'>in</span> <span class='ocrx_word' id='word_1_196' title='bbox 990 2616 1144 2713; x_wconf 83' lang='lat' dir='ltr'>patriam</span> <span class='ocrx_word' id='word_1_197' title='bbox 1158 2614 1341 2706; x_wconf 76' lang='lat' dir='ltr'>volumus,</span> <span class='ocrx_word' id='word_1_198' title='bbox 1360 2612 1424 2685; x_wconf 90' lang='lat' dir='ltr'>ubi</span> <span class='ocrx_word' id='word_1_199' title='bbox 1439 2612 1537 2685; x_wconf 87' lang='lat' dir='ltr'>beati</span> <span class='ocrx_word' id='word_1_200' title='bbox 1557 2636 1634 2685; x_wconf 88' lang='lat' dir='ltr'>esse</span> <span class='ocrx_word' id='word_1_201' title='bbox 1651 2610 1845 2711; x_wconf 87' lang='lat' dir='ltr'>possimus,</span> 
     </span>
     <span class='ocr_line' id='line_1_19' title="bbox 241 2727 1849 2834; baseline 0.001 -33"><span class='ocrx_word' id='word_1_202' title='bbox 241 2727 419 2803; x_wconf 87' lang='lat' dir='ltr'>utendum</span> <span class='ocrx_word' id='word_1_203' title='bbox 432 2744 487 2803; x_wconf 89' lang='lat' dir='ltr'>est</span> <span class='ocrx_word' id='word_1_204' title='bbox 501 2731 656 2827; x_wconf 88' lang='lat' dir='ltr'>mundo,</span> <span class='ocrx_word' id='word_1_205' title='bbox 666 2756 744 2807; x_wconf 93' lang='lat' dir='ltr'>non</span> <span class='ocrx_word' id='word_1_206' title='bbox 756 2733 963 2827; x_wconf 85' lang='lat' dir='ltr'>fruendum,</span> <span class='ocrx_word' id='word_1_207' title='bbox 978 2750 1019 2808; x_wconf 92' lang='lat' dir='ltr'>ut</span> <span class='ocrx_word' id='word_1_208' title='bbox 1033 2734 1225 2809; x_wconf 85' lang='lat' dir='ltr'>invisibilia</span> <span class='ocrx_word' id='word_1_209' title='bbox 1237 2736 1304 2807; x_wconf 88' lang='lat' dir='ltr'>Dei</span> <span class='ocrx_word' id='word_1_210' title='bbox 1319 2759 1386 2834; x_wconf 90' lang='lat' dir='ltr'>per</span> <span class='ocrx_word' id='word_1_211' title='bbox 1401 2758 1444 2806; x_wconf 86' lang='lat' dir='ltr'>ea</span> <span class='ocrx_word' id='word_1_212' title='bbox 1455 2757 1536 2831; x_wconf 73' lang='lat' dir='ltr'>qun</span> <span class='ocrx_word' id='word_1_213' title='bbox 1547 2732 1638 2805; x_wconf 83' lang='lat' dir='ltr'>laeta</span> <span class='ocrx_word' id='word_1_214' title='bbox 1650 2746 1733 2803; x_wconf 91' lang='lat' dir='ltr'>sunt</span> <span class='ocrx_word' id='word_1_215' title='bbox 1747 2730 1849 2803; x_wconf 54' lang='lat' dir='ltr'>intel*</span> 
     </span>
     <span class='ocr_line' id='line_1_20' title="bbox 242 2845 1850 2954; baseline 0.001 -31"><span class='ocrx_word' id='word_1_216' title='bbox 242 2845 334 2923; x_wconf 82' lang='lat' dir='ltr'>lecta</span> <span class='ocrx_word' id='word_1_217' title='bbox 355 2850 626 2949; x_wconf 85' lang='lat' dir='ltr'>conspiciantur</span> <span class='ocrx_word' id='word_1_218' title='bbox 634 2853 659 2925; x_wconf 81' lang='lat'>¹.</span> <span class='ocrx_word' id='word_1_219' title='bbox 680 2855 749 2926; x_wconf 85' lang='lat' dir='ltr'>Res</span> <span class='ocrx_word' id='word_1_220' title='bbox 775 2854 883 2951; x_wconf 83' lang='lat' dir='ltr'>igitur</span> <span class='ocrx_word' id='word_1_221' title='bbox 896 2853 1032 2954; x_wconf 87' lang='lat' dir='ltr'>quibus</span> <span class='ocrx_word' id='word_1_222' title='bbox 1046 2853 1243 2928; x_wconf 76' lang='lat' dir='ltr'>fruendum</span> <span class='ocrx_word' id='word_1_223' title='bbox 1258 2868 1325 2948; x_wconf 90' lang='lat' dir='ltr'>est,</span> <span class='ocrx_word' id='word_1_224' title='bbox 1343 2858 1449 2927; x_wconf 87' lang='lat' dir='ltr'>Pater</span> <span class='ocrx_word' id='word_1_225' title='bbox 1466 2867 1502 2926; x_wconf 86' lang='lat' dir='ltr'>et</span> <span class='ocrx_word' id='word_1_226' title='bbox 1519 2851 1628 2924; x_wconf 83' lang='lat' dir='ltr'>Filius</span> <span class='ocrx_word' id='word_1_227' title='bbox 1645 2864 1681 2923; x_wconf 90' lang='lat' dir='ltr'>et</span> <span class='ocrx_word' id='word_1_228' title='bbox 1697 2851 1850 2950; x_wconf 85' lang='lat' dir='ltr'>Spiritus</span> 
     </span>
     <span class='ocr_line' id='line_1_21' title="bbox 241 2968 1850 3076; baseline 0.003 -36"><span class='ocrx_word' id='word_1_229' title='bbox 241 2982 403 3057; x_wconf 74' lang='lat' dir='ltr'>sanctus,</span> <span class='ocrx_word' id='word_1_230' title='bbox 417 2968 618 3072; x_wconf 81' lang='lat' dir='ltr'>eademque</span> <span class='ocrx_word' id='word_1_231' title='bbox 628 2972 781 3048; x_wconf 84' lang='lat' dir='ltr'>Trinitas</span> <span class='ocrx_word' id='word_1_232' title='bbox 798 2999 939 3048; x_wconf 90' lang='lat' dir='ltr'>summa</span> <span class='ocrx_word' id='word_1_233' title='bbox 955 3000 1029 3048; x_wconf 87' lang='lat' dir='ltr'>una</span> <span class='ocrx_word' id='word_1_234' title='bbox 1045 2974 1212 3076; x_wconf 74' lang='lat' dir='ltr'>quaedam</span> <span class='ocrx_word' id='word_1_235' title='bbox 1225 2999 1284 3048; x_wconf 91' lang='lat' dir='ltr'>res</span> <span class='ocrx_word' id='word_1_236' title='bbox 1301 2988 1369 3068; x_wconf 85' lang='lat' dir='ltr'>est,</span> <span class='ocrx_word' id='word_1_237' title='bbox 1387 2972 1663 3071; x_wconf 87' lang='lat' dir='ltr'>communisque</span> <span class='ocrx_word' id='word_1_238' title='bbox 1679 2970 1850 3045; x_wconf 88' lang='lat' dir='ltr'>omnibus</span> 
     </span>
     <span class='ocr_line' id='line_1_22' title="bbox 242 3087 1847 3179; baseline 0.003 -19"><span class='ocrx_word' id='word_1_239' title='bbox 242 3087 443 3162; x_wconf 79' lang='lat' dir='ltr'>fruentibus</span> <span class='ocrx_word' id='word_1_240' title='bbox 458 3115 502 3165; x_wconf 85' lang='lat' dir='ltr'>ea</span> <span class='ocrx_word' id='word_1_241' title='bbox 520 3117 529 3162; x_wconf 75' lang='grc' dir='ltr'><strong><em>ε</em></strong></span> <span class='ocrx_word' id='word_1_242' title='bbox 547 3093 579 3165; x_wconf 92' lang='lat' dir='ltr'>si</span> <span class='ocrx_word' id='word_1_243' title='bbox 597 3107 717 3168; x_wconf 89' lang='lat' dir='ltr'>tamen</span> <span class='ocrx_word' id='word_1_244' title='bbox 734 3119 791 3168; x_wconf 90' lang='lat' dir='ltr'>res</span> <span class='ocrx_word' id='word_1_245' title='bbox 808 3110 846 3168; x_wconf 88' lang='lat' dir='ltr'>et</span> <span class='ocrx_word' id='word_1_246' title='bbox 860 3121 936 3168; x_wconf 91' lang='lat' dir='ltr'>non</span> <span class='ocrx_word' id='word_1_247' title='bbox 952 3120 1075 3170; x_wconf 87' lang='lat' dir='ltr'>rerum</span> <span class='ocrx_word' id='word_1_248' title='bbox 1093 3097 1259 3169; x_wconf 90' lang='lat' dir='ltr'>omnium</span> <span class='ocrx_word' id='word_1_249' title='bbox 1278 3117 1385 3169; x_wconf 82' lang='lat' dir='ltr'>eausa</span> <span class='ocrx_word' id='word_1_250' title='bbox 1403 3094 1470 3179; x_wconf 67' lang='lat' dir='ltr'>site</span> <span class='ocrx_word' id='word_1_251' title='bbox 1489 3094 1519 3165; x_wconf 91' lang='lat' dir='ltr'>si</span> <span class='ocrx_word' id='word_1_252' title='bbox 1535 3107 1657 3165; x_wconf 84' lang='lat' dir='ltr'>tamen</span> <span class='ocrx_word' id='word_1_253' title='bbox 1675 3106 1711 3166; x_wconf 85' lang='lat' dir='ltr'>et</span> <span class='ocrx_word' id='word_1_254' title='bbox 1725 3116 1847 3166; x_wconf 75' lang='lat' dir='ltr'>onina.</span> 
     </span>
     <span class='ocr_line' id='line_1_23' title="bbox 240 3209 1850 3313; baseline 0.004 -35"><span class='ocrx_word' id='word_1_255' title='bbox 240 3209 324 3283; x_wconf 85' lang='lat' dir='ltr'>Non</span> <span class='ocrx_word' id='word_1_256' title='bbox 341 3209 440 3282; x_wconf 88' lang='lat' dir='ltr'>enim</span> <span class='ocrx_word' id='word_1_257' title='bbox 455 3210 560 3286; x_wconf 82' lang='lat' dir='ltr'>iaoile</span> <span class='ocrx_word' id='word_1_258' title='bbox 586 3237 722 3286; x_wconf 86' lang='lat' dir='ltr'>nomen</span> <span class='ocrx_word' id='word_1_259' title='bbox 740 3214 842 3313; x_wconf 84' lang='lat' dir='ltr'>quod</span> <span class='ocrx_word' id='word_1_260' title='bbox 868 3230 973 3288; x_wconf 77' lang='lat' dir='ltr'>tantae</span> <span class='ocrx_word' id='word_1_261' title='bbox 996 3215 1212 3288; x_wconf 78' lang='lat' dir='ltr'>excellentia</span> <span class='ocrx_word' id='word_1_262' title='bbox 1233 3214 1427 3289; x_wconf 83' lang='lat' dir='ltr'>conveniat</span> <span class='ocrx_word' id='word_1_263' title='bbox 1450 3212 1603 3285; x_wconf 82' lang='lat' dir='ltr'>inveniri</span> <span class='ocrx_word' id='word_1_264' title='bbox 1622 3226 1788 3311; x_wconf 76' lang='lat' dir='ltr'>potest.»</span> <span class='ocrx_word' id='word_1_265' title='bbox 1808 3216 1850 3285; x_wconf 91' lang='lat' dir='ltr'>ln</span> 
     </span>
     <span class='ocr_line' id='line_1_24' title="bbox 241 3325 1852 3435; baseline 0.001 -32"><span class='ocrx_word' id='word_1_266' title='bbox 241 3325 376 3425; x_wconf 76' lang='lat' dir='ltr'>quitus</span> <span class='ocrx_word' id='word_1_267' title='bbox 402 3328 522 3404; x_wconf 82' lang='lat' dir='ltr'>verbis</span> <span class='ocrx_word' id='word_1_268' title='bbox 544 3330 636 3404; x_wconf 91' lang='lat' dir='ltr'>dum</span> <span class='ocrx_word' id='word_1_269' title='bbox 660 3332 749 3406; x_wconf 89' lang='lat' dir='ltr'>dioit</span> <span class='ocrx_word' id='word_1_270' title='bbox 771 3336 802 3407; x_wconf 87' lang='lat' dir='ltr'>si</span> <span class='ocrx_word' id='word_1_271' title='bbox 827 3350 865 3408; x_wconf 85' lang='lat' dir='ltr'>et</span> <span class='ocrx_word' id='word_1_272' title='bbox 891 3336 943 3429; x_wconf 91' lang='lat' dir='ltr'>si,</span> <span class='ocrx_word' id='word_1_273' title='bbox 973 3337 1077 3435; x_wconf 82' lang='lat' dir='ltr'>quasi</span> <span class='ocrx_word' id='word_1_274' title='bbox 1102 3334 1304 3409; x_wconf 86' lang='lat' dir='ltr'>dubitative</span> <span class='ocrx_word' id='word_1_275' title='bbox 1330 3336 1442 3433; x_wconf 81' lang='lat' dir='ltr'>magis</span> <span class='ocrx_word' id='word_1_276' title='bbox 1464 3355 1577 3432; x_wconf 85' lang='lat' dir='ltr'>quarn</span> <span class='ocrx_word' id='word_1_277' title='bbox 1601 3330 1852 3405; x_wconf 79' lang='lat' dir='ltr'>confirmative</span> 
     </span>
     <span class='ocr_line' id='line_1_25' title="bbox 241 3446 1847 3552; baseline 0.002 -33"><span class='ocrx_word' id='word_1_278' title='bbox 241 3446 386 3522; x_wconf 84' lang='lat' dir='ltr'>nullum</span> <span class='ocrx_word' id='word_1_279' title='bbox 408 3447 544 3524; x_wconf 81' lang='lat' dir='ltr'>horum</span> <span class='ocrx_word' id='word_1_280' title='bbox 567 3466 812 3528; x_wconf 83' lang='lat' dir='ltr'>oreautrarum</span> <span class='ocrx_word' id='word_1_281' title='bbox 832 3455 1026 3529; x_wconf 89' lang='lat' dir='ltr'>nominum</span> <span class='ocrx_word' id='word_1_282' title='bbox 1047 3453 1171 3528; x_wconf 85' lang='lat' dir='ltr'>divine</span> <span class='ocrx_word' id='word_1_283' title='bbox 1188 3453 1395 3527; x_wconf 84' lang='lat' dir='ltr'>excellentia</span> <span class='ocrx_word' id='word_1_284' title='bbox 1412 3453 1565 3552; x_wconf 75' lang='lat' dir='ltr'>dignum</span> <span class='ocrx_word' id='word_1_285' title='bbox 1584 3474 1662 3523; x_wconf 86' lang='lat' dir='ltr'>esse</span> <span class='ocrx_word' id='word_1_286' title='bbox 1676 3451 1847 3524; x_wconf 88' lang='lat' dir='ltr'>insinuat.</span> 
     </span>
     <span class='ocr_line' id='line_1_26' title="bbox 241 3566 1851 3674; baseline 0.006 -38"><span class='ocrx_word' id='word_1_287' title='bbox 241 3566 486 3665; x_wconf 82' lang='lat' dir='ltr'>Hieronymus</span> <span class='ocrx_word' id='word_1_288' title='bbox 506 3597 654 3671; x_wconf 85' lang='lat' dir='ltr'>quoque</span> <span class='ocrx_word' id='word_1_289' title='bbox 673 3587 746 3647; x_wconf 88' lang='lat' dir='ltr'>tres</span> <span class='ocrx_word' id='word_1_290' title='bbox 764 3574 931 3673; x_wconf 88' lang='lat' dir='ltr'>Spiritus,</span> <span class='ocrx_word' id='word_1_291' title='bbox 956 3579 1099 3649; x_wconf 87' lang='lat' dir='ltr'>Patrem</span> <span class='ocrx_word' id='word_1_292' title='bbox 1122 3574 1303 3648; x_wconf 78' lang='lat' dir='ltr'>etlilium</span> <span class='ocrx_word' id='word_1_293' title='bbox 1325 3589 1360 3648; x_wconf 91' lang='lat' dir='ltr'>et</span> <span class='ocrx_word' id='word_1_294' title='bbox 1377 3573 1551 3674; x_wconf 87' lang='lat' dir='ltr'>Spiritum</span> <span class='ocrx_word' id='word_1_295' title='bbox 1571 3585 1735 3644; x_wconf 86' lang='lat' dir='ltr'>sanctum</span> <span class='ocrx_word' id='word_1_296' title='bbox 1749 3571 1851 3668; x_wconf 81' lang='lat' dir='ltr'>juxta</span> 
     </span>
     <span class='ocr_line' id='line_1_27' title="bbox 242 3684 1853 3796; baseline 0.002 -37"><span class='ocrx_word' id='word_1_297' title='bbox 242 3684 449 3764; x_wconf 78' lang='lat' dir='ltr'>divinarum</span> <span class='ocrx_word' id='word_1_298' title='bbox 477 3715 714 3789; x_wconf 82' lang='lat' dir='ltr'>personarum</span> <span class='ocrx_word' id='word_1_299' title='bbox 741 3696 979 3794; x_wconf 85' lang='lat' dir='ltr'>proprietates</span> <span class='ocrx_word' id='word_1_300' title='bbox 1009 3694 1157 3768; x_wconf 86' lang='lat' dir='ltr'>abusive</span> <span class='ocrx_word' id='word_1_301' title='bbox 1183 3693 1362 3796; x_wconf 83' lang='lat' dir='ltr'>protulit,</span> <span class='ocrx_word' id='word_1_302' title='bbox 1387 3692 1451 3765; x_wconf 87' lang='lat' dir='ltr'>ubi</span> <span class='ocrx_word' id='word_1_303' title='bbox 1475 3690 1624 3791; x_wconf 87' lang='lat' dir='ltr'>quidem</span> <span class='ocrx_word' id='word_1_304' title='bbox 1650 3689 1695 3762; x_wconf 86' lang='lat' dir='ltr'>de</span> <span class='ocrx_word' id='word_1_305' title='bbox 1728 3689 1853 3763; x_wconf 81' lang='lat' dir='ltr'>Tribus</span> 
     </span>
     <span class='ocr_line' id='line_1_28' title="bbox 246 3806 1849 3915; baseline 0.003 -38"><span class='ocrx_word' id='word_1_306' title='bbox 246 3806 630 3886; x_wconf 74' lang='lat' dir='ltr'>Vtrmrrtus‚scribens</span> <span class='ocrx_word' id='word_1_307' title='bbox 651 3812 702 3886; x_wconf 82' lang='lat' dir='ltr'>ait</span> <span class='ocrx_word' id='word_1_308' title='bbox 723 3814 776 3886; x_wconf 88' lang='lat' dir='ltr'>sio</span> <span class='ocrx_word' id='word_1_309' title='bbox 799 3843 810 3888; x_wconf 78' lang='lat' dir='ltr'>r</span> <span class='ocrx_word' id='word_1_310' title='bbox 832 3814 981 3888; x_wconf 77' lang='lat' dir='ltr'>«David</span> <span class='ocrx_word' id='word_1_311' title='bbox 1003 3815 1040 3887; x_wconf 94' lang='lat' dir='ltr'>in</span> <span class='ocrx_word' id='word_1_312' title='bbox 1064 3816 1206 3915; x_wconf 89' lang='lat' dir='ltr'>psalmo</span> <span class='ocrx_word' id='word_1_313' title='bbox 1230 3829 1301 3886; x_wconf 90' lang='lat' dir='ltr'>tres</span> <span class='ocrx_word' id='word_1_314' title='bbox 1326 3812 1480 3912; x_wconf 86' lang='lat' dir='ltr'>Spiritus</span> <span class='ocrx_word' id='word_1_315' title='bbox 1498 3807 1657 3911; x_wconf 89' lang='lat' dir='ltr'>postulat</span> <span class='ocrx_word' id='word_1_316' title='bbox 1674 3808 1849 3882; x_wconf 80' lang='lat' dir='ltr'>dicens⁸r</span> 
     </span>
     <span class='ocr_line' id='line_1_29' title="bbox 247 3927 1847 4036; baseline 0.005 -42"><span class='ocrx_word' id='word_1_317' title='bbox 247 3927 417 4026; x_wconf 78' lang='lat' dir='ltr'>«Spiritu</span> <span class='ocrx_word' id='word_1_318' title='bbox 437 3931 627 4030; x_wconf 78' lang='lat' dir='ltr'>principali</span> <span class='ocrx_word' id='word_1_319' title='bbox 652 3931 829 4007; x_wconf 84' lang='lat' dir='ltr'>nonlirma</span> <span class='ocrx_word' id='word_1_320' title='bbox 849 3960 929 4027; x_wconf 89' lang='lat' dir='ltr'>me,</span> <span class='ocrx_word' id='word_1_321' title='bbox 953 3935 1127 4036; x_wconf 85' lang='lat' dir='ltr'>Spiritum</span> <span class='ocrx_word' id='word_1_322' title='bbox 1152 3949 1292 4008; x_wconf 79' lang='lat' dir='ltr'>rectum</span> <span class='ocrx_word' id='word_1_323' title='bbox 1309 3934 1445 4006; x_wconf 83' lang='lat' dir='ltr'>innova</span> <span class='ocrx_word' id='word_1_324' title='bbox 1466 3932 1504 4004; x_wconf 92' lang='lat' dir='ltr'>in</span> <span class='ocrx_word' id='word_1_325' title='bbox 1521 3928 1718 4003; x_wconf 70' lang='lat' dir='ltr'>visceribus</span> <span class='ocrx_word' id='word_1_326' title='bbox 1736 3930 1847 4019; x_wconf 88' lang='lat' dir='ltr'>meis,</span> 
     </span>
     <span class='ocr_line' id='line_1_30' title="bbox 244 4046 1853 4151; baseline 0.002 -31"><span class='ocrx_word' id='word_1_327' title='bbox 244 4046 417 4145; x_wconf 85' lang='lat' dir='ltr'>Spiritum</span> <span class='ocrx_word' id='word_1_328' title='bbox 439 4066 605 4125; x_wconf 81' lang='lat' dir='ltr'>sanctum</span> <span class='ocrx_word' id='word_1_329' title='bbox 623 4061 728 4126; x_wconf 86' lang='lat' dir='ltr'>tuum</span> <span class='ocrx_word' id='word_1_330' title='bbox 747 4077 795 4126; x_wconf 86' lang='lat' dir='ltr'>ne</span> <span class='ocrx_word' id='word_1_331' title='bbox 814 4055 953 4128; x_wconf 82' lang='lat' dir='ltr'>auferas</span> <span class='ocrx_word' id='word_1_332' title='bbox 975 4080 996 4128; x_wconf 89' lang='lat' dir='ltr'>a</span> <span class='ocrx_word' id='word_1_333' title='bbox 1013 4079 1085 4127; x_wconf 89' lang='lat' dir='ltr'>me.</span> <span class='ocrx_word' id='word_1_334' title='bbox 1104 4085 1121 4122; x_wconf 72' lang='lat' dir='ltr'>s</span> <span class='ocrx_word' id='word_1_335' title='bbox 1143 4054 1214 4143; x_wconf 87' lang='lat' dir='ltr'>Qui</span> <span class='ocrx_word' id='word_1_336' title='bbox 1236 4067 1322 4126; x_wconf 91' lang='lat' dir='ltr'>sunt</span> <span class='ocrx_word' id='word_1_337' title='bbox 1346 4051 1404 4125; x_wconf 83' lang='lat' dir='ltr'>isti</span> <span class='ocrx_word' id='word_1_338' title='bbox 1419 4065 1492 4123; x_wconf 84' lang='lat' dir='ltr'>tres</span> <span class='ocrx_word' id='word_1_339' title='bbox 1512 4050 1691 4151; x_wconf 78' lang='lat' dir='ltr'>Spiritus?</span> <span class='ocrx_word' id='word_1_340' title='bbox 1718 4049 1853 4124; x_wconf 77' lang='lat' dir='ltr'>Prmci-</span> 
     </span>
     <span class='ocr_line' id='line_1_31' title="bbox 245 4163 1853 4276; baseline 0.004 -37"><span class='ocrx_word' id='word_1_341' title='bbox 245 4163 335 4265; x_wconf 79' lang='lat' dir='ltr'>pat&#39;n</span> <span class='ocrx_word' id='word_1_342' title='bbox 355 4169 508 4268; x_wconf 66' lang='lat' dir='ltr'>spiritus</span> <span class='ocrx_word' id='word_1_343' title='bbox 534 4176 638 4246; x_wconf 79' lang='lat' dir='ltr'>Pater</span> <span class='ocrx_word' id='word_1_344' title='bbox 661 4185 733 4264; x_wconf 80' lang='lat' dir='ltr'>est,</span> <span class='ocrx_word' id='word_1_345' title='bbox 755 4191 875 4250; x_wconf 74' lang='lat' dir='ltr'>rectus</span> <span class='ocrx_word' id='word_1_346' title='bbox 895 4176 1049 4276; x_wconf 82' lang='lat' dir='ltr'>Spiritus</span> <span class='ocrx_word' id='word_1_347' title='bbox 1069 4174 1233 4248; x_wconf 78' lang='lat' dir='ltr'>christus</span> <span class='ocrx_word' id='word_1_348' title='bbox 1255 4188 1330 4266; x_wconf 77' lang='lat' dir='ltr'>est,</span> <span class='ocrx_word' id='word_1_349' title='bbox 1353 4171 1506 4273; x_wconf 70' lang='lat' dir='ltr'>Spiritus</span> <span class='ocrx_word' id='word_1_350' title='bbox 1534 4185 1679 4246; x_wconf 72' lang='lat' dir='ltr'>sanam</span> <span class='ocrx_word' id='word_1_351' title='bbox 1701 4171 1853 4271; x_wconf 78' lang='lat' dir='ltr'>spirtus</span> 
     </span>
     <span class='ocr_line' id='line_1_32' title="bbox 244 4301 518 4364; baseline -0.018 0"><span class='ocrx_word' id='word_1_352' title='bbox 244 4301 391 4364; x_wconf 65' lang='lat' dir='ltr'>mellis</span> <span class='ocrx_word' id='word_1_353' title='bbox 408 4305 474 4363; x_wconf 71' lang='lat' dir='ltr'>est.</span> <span class='ocrx_word' id='word_1_354' title='bbox 499 4321 518 4359; x_wconf 78' lang='lat' dir='ltr'>n</span> 
     </span>
    </p>

    <p class='ocr_par' dir='ltr' id='par_1_4' title="bbox 160 4407 1920 4994">
     <span class='ocr_line' id='line_1_33' title="bbox 295 4407 1854 4515; baseline -0.007 -20"><span class='ocrx_word' id='word_1_355' title='bbox 295 4407 405 4495; x_wconf 77' lang='lat' dir='ltr'>Quod</span> <span class='ocrx_word' id='word_1_356' title='bbox 427 4424 549 4486; x_wconf 80' lang='lat' dir='ltr'>antem</span> <span class='ocrx_word' id='word_1_357' title='bbox 570 4427 765 4512; x_wconf 90' lang='lat' dir='ltr'>opponunt</span> <span class='ocrx_word' id='word_1_358' title='bbox 782 4418 901 4488; x_wconf 86' lang='lat' dir='ltr'>Deum</span> <span class='ocrx_word' id='word_1_359' title='bbox 925 4439 1002 4489; x_wconf 89' lang='lat' dir='ltr'>non</span> <span class='ocrx_word' id='word_1_360' title='bbox 1024 4438 1101 4488; x_wconf 85' lang='lat' dir='ltr'>esse</span> <span class='ocrx_word' id='word_1_361' title='bbox 1123 4429 1197 4488; x_wconf 88' lang='lat' dir='ltr'>tres</span> <span class='ocrx_word' id='word_1_362' title='bbox 1214 4436 1403 4515; x_wconf 84' lang='lat' dir='ltr'>personas,</span> <span class='ocrx_word' id='word_1_363' title='bbox 1425 4412 1496 4486; x_wconf 87' lang='lat' dir='ltr'>nisi</span> <span class='ocrx_word' id='word_1_364' title='bbox 1518 4411 1629 4485; x_wconf 86' lang='lat' dir='ltr'>etiarn</span> <span class='ocrx_word' id='word_1_365' title='bbox 1644 4410 1693 4482; x_wconf 88' lang='lat' dir='ltr'>sit</span> <span class='ocrx_word' id='word_1_366' title='bbox 1712 4409 1795 4501; x_wconf 88' lang='lat' dir='ltr'>tria,</span> <span class='ocrx_word' id='word_1_367' title='bbox 1816 4425 1854 4484; x_wconf 88' lang='lat' dir='ltr'>et</span> 
     </span>
     <span class='ocr_line' id='line_1_34' title="bbox 246 4524 1853 4636; baseline 0.002 -37"><span class='ocrx_word' id='word_1_368' title='bbox 246 4548 312 4625; x_wconf 82' lang='lat' dir='ltr'>per</span> <span class='ocrx_word' id='word_1_369' title='bbox 330 4524 404 4599; x_wconf 87' lang='lat' dir='ltr'>hoo</span> <span class='ocrx_word' id='word_1_370' title='bbox 426 4529 621 4604; x_wconf 89' lang='lat' dir='ltr'>multitudo</span> <span class='ocrx_word' id='word_1_371' title='bbox 644 4534 690 4607; x_wconf 91' lang='lat' dir='ltr'>sit</span> <span class='ocrx_word' id='word_1_372' title='bbox 705 4535 743 4606; x_wconf 88' lang='lat' dir='ltr'>in</span> <span class='ocrx_word' id='word_1_373' title='bbox 759 4539 838 4609; x_wconf 91' lang='lat' dir='ltr'>Deo</span> <span class='ocrx_word' id='word_1_374' title='bbox 860 4562 902 4609; x_wconf 83' lang='lat' dir='ltr'>ex</span> <span class='ocrx_word' id='word_1_375' title='bbox 925 4535 1090 4636; x_wconf 87' lang='lat' dir='ltr'>partibus</span> <span class='ocrx_word' id='word_1_376' title='bbox 1104 4535 1250 4633; x_wconf 88' lang='lat' dir='ltr'>juncta,</span> <span class='ocrx_word' id='word_1_377' title='bbox 1273 4533 1442 4606; x_wconf 76' lang='lat' dir='ltr'>frivolum</span> <span class='ocrx_word' id='word_1_378' title='bbox 1462 4547 1529 4606; x_wconf 86' lang='lat' dir='ltr'>est.</span> <span class='ocrx_word' id='word_1_379' title='bbox 1551 4536 1637 4604; x_wconf 81' lang='lat' dir='ltr'>Tres</span> <span class='ocrx_word' id='word_1_380' title='bbox 1651 4530 1751 4604; x_wconf 85' lang='lat' dir='ltr'>enirn</span> <span class='ocrx_word' id='word_1_381' title='bbox 1771 4556 1853 4630; x_wconf 89' lang='lat' dir='ltr'>per·</span> 
     </span>
     <span class='ocr_line' id='line_1_35' title="bbox 243 4644 1920 4756; baseline 0.004 -38"><span class='ocrx_word' id='word_1_382' title='bbox 243 4667 355 4720; x_wconf 83' lang='lat' dir='ltr'>sonus</span> <span class='ocrx_word' id='word_1_383' title='bbox 373 4644 446 4719; x_wconf 81' lang='lat' dir='ltr'>diei</span> <span class='ocrx_word' id='word_1_384' title='bbox 461 4651 711 4748; x_wconf 78' lang='lat' dir='ltr'>concedimus,</span> <span class='ocrx_word' id='word_1_385' title='bbox 732 4669 769 4728; x_wconf 82' lang='lat' dir='ltr'>et</span> <span class='ocrx_word' id='word_1_386' title='bbox 781 4656 913 4731; x_wconf 87' lang='lat' dir='ltr'>multas</span> <span class='ocrx_word' id='word_1_387' title='bbox 929 4680 1117 4756; x_wconf 83' lang='lat' dir='ltr'>personas,</span> <span class='ocrx_word' id='word_1_388' title='bbox 1140 4654 1206 4728; x_wconf 92' lang='lat' dir='ltr'>sed</span> <span class='ocrx_word' id='word_1_389' title='bbox 1228 4679 1304 4726; x_wconf 93' lang='lat' dir='ltr'>non</span> <span class='ocrx_word' id='word_1_390' title='bbox 1321 4652 1406 4726; x_wconf 87' lang='lat' dir='ltr'>ideo</span> <span class='ocrx_word' id='word_1_391' title='bbox 1427 4653 1495 4725; x_wconf 82' lang='lat' dir='ltr'>tria</span> <span class='ocrx_word' id='word_1_392' title='bbox 1510 4675 1576 4752; x_wconf 90' lang='lat' dir='ltr'>per</span> <span class='ocrx_word' id='word_1_393' title='bbox 1591 4673 1643 4745; x_wconf 89' lang='lat' dir='ltr'>se,</span> <span class='ocrx_word' id='word_1_394' title='bbox 1664 4648 1722 4723; x_wconf 86' lang='lat' dir='ltr'>vel</span> <span class='ocrx_word' id='word_1_395' title='bbox 1740 4650 1854 4724; x_wconf 81' lang='lat' dir='ltr'>multa</span> <span class='ocrx_word' id='word_1_396' title='bbox 1916 4707 1920 4715; x_wconf 89' lang='lat'><em>.</em></span> 
     </span>
     <span class='ocr_line' id='line_1_36' title="bbox 243 4764 1855 4871; baseline -0.002 -26"><span class='ocrx_word' id='word_1_397' title='bbox 243 4764 456 4865; x_wconf 61' lang='lat' dir='ltr'>Simpliciter</span> <span class='ocrx_word' id='word_1_398' title='bbox 472 4767 555 4843; x_wconf 81' lang='lat' dir='ltr'>diei</span> <span class='ocrx_word' id='word_1_399' title='bbox 576 4776 760 4848; x_wconf 73' lang='lat' dir='ltr'>eosvenit</span> <span class='ocrx_word' id='word_1_400' title='bbox 784 4775 1056 4849; x_wconf 65' lang='lat' dir='ltr'>accidentaliter</span> <span class='ocrx_word' id='word_1_401' title='bbox 1079 4774 1177 4848; x_wconf 88' lang='lat' dir='ltr'>enim</span> <span class='ocrx_word' id='word_1_402' title='bbox 1202 4788 1273 4846; x_wconf 91' lang='lat' dir='ltr'>tres</span> <span class='ocrx_word' id='word_1_403' title='bbox 1296 4770 1465 4846; x_wconf 87' lang='lat' dir='ltr'>addimus</span> <span class='ocrx_word' id='word_1_404' title='bbox 1488 4767 1535 4844; x_wconf 85' lang='lat' dir='ltr'>ad</span> <span class='ocrx_word' id='word_1_405' title='bbox 1560 4793 1748 4871; x_wconf 84' lang='lat' dir='ltr'>personas,</span> <span class='ocrx_word' id='word_1_406' title='bbox 1768 4792 1855 4841; x_wconf 79' lang='grc' dir='ltr'>αιιιι</span> 
     </span>
     <span class='ocr_line' id='line_1_37' title="bbox 160 4883 1856 4994; baseline 0.005 -38"><span class='ocrx_word' id='word_1_407' title='bbox 160 4947 190 4966; x_wconf 89' lang='grc'>,,</span> <span class='ocrx_word' id='word_1_408' title='bbox 242 4883 403 4960; x_wconf 78' lang='lat' dir='ltr'>‹ilolmm</span> <span class='ocrx_word' id='word_1_409' title='bbox 423 4901 493 4962; x_wconf 87' lang='lat' dir='ltr'>tres</span> <span class='ocrx_word' id='word_1_410' title='bbox 516 4914 689 4990; x_wconf 80' lang='lat' dir='ltr'>personas</span> <span class='ocrx_word' id='word_1_411' title='bbox 703 4920 714 4965; x_wconf 84' lang='grc' dir='ltr'>ι</span> <span class='ocrx_word' id='word_1_412' title='bbox 729 4893 891 4994; x_wconf 88' lang='lat' dir='ltr'>ideoque</span> <span class='ocrx_word' id='word_1_413' title='bbox 910 4921 988 4970; x_wconf 90' lang='lat' dir='ltr'>non</span> <span class='ocrx_word' id='word_1_414' title='bbox 1009 4911 1062 4970; x_wconf 82' lang='lat' dir='ltr'>est</span> <span class='ocrx_word' id='word_1_415' title='bbox 1084 4915 1249 4988; x_wconf 81' lang='lat' dir='ltr'>neeesse,</span> <span class='ocrx_word' id='word_1_416' title='bbox 1268 4908 1309 4967; x_wconf 89' lang='lat' dir='ltr'>ut</span> <span class='ocrx_word' id='word_1_417' title='bbox 1335 4891 1403 4967; x_wconf 85' lang='lat' dir='ltr'>tria</span> <span class='ocrx_word' id='word_1_418' title='bbox 1421 4917 1488 4994; x_wconf 90' lang='lat' dir='ltr'>per</span> <span class='ocrx_word' id='word_1_419' title='bbox 1508 4915 1547 4966; x_wconf 87' lang='lat' dir='ltr'>se</span> <span class='ocrx_word' id='word_1_420' title='bbox 1568 4891 1746 4965; x_wconf 86' lang='lat' dir='ltr'>dicamus.</span> <span class='ocrx_word' id='word_1_421' title='bbox 1765 4894 1856 4979; x_wconf 79' lang='lat' dir='ltr'>Que</span> 
     </span>
    </p>
   </div>
   <div class='ocr_carea' id='block_1_3' title="bbox 288 5157 1759 5234">
    <p class='ocr_par' dir='ltr' id='par_1_5' title="bbox 288 5157 1759 5234">
     <span class='ocr_line' id='line_1_38' title="bbox 288 5157 1759 5234; baseline -0.003 -13"><span class='ocrx_word' id='word_1_422' title='bbox 288 5157 416 5222; x_wconf 55' lang='lat' dir='ltr'>&#39;tum</span> <span class='ocrx_word' id='word_1_423' title='bbox 428 5162 459 5214; x_wconf 81' lang='lat' dir='ltr'>de</span> <span class='ocrx_word' id='word_1_424' title='bbox 470 5162 555 5217; x_wconf 77' lang='lat' dir='ltr'>Dmtr.</span> <span class='ocrx_word' id='word_1_425' title='bbox 570 5163 677 5228; x_wconf 70' lang='lat' dir='ltr'>carim,</span> <span class='ocrx_word' id='word_1_426' title='bbox 689 5166 736 5221; x_wconf 82' lang='lat' dir='ltr'>tu.</span> <span class='ocrx_word' id='word_1_427' title='bbox 747 5166 771 5231; x_wconf 93' lang='grc' dir='ltr'>Ι,</span> <span class='ocrx_word' id='word_1_428' title='bbox 785 5181 841 5232; x_wconf 79' lang='grc' dir='ltr'>ιιι).</span> <span class='ocrx_word' id='word_1_429' title='bbox 854 5181 896 5234; x_wconf 91' lang='grc' dir='ltr'>ιιι,</span> <span class='ocrx_word' id='word_1_430' title='bbox 910 5181 946 5233; x_wconf 89' lang='grc' dir='ltr'>ιι,</span> <span class='ocrx_word' id='word_1_431' title='bbox 959 5182 982 5220; x_wconf 82' lang='grc' dir='ltr'>ι.</span> <span class='ocrx_word' id='word_1_432' title='bbox 992 5196 1021 5207; x_wconf 92' lang='grc'>-</span> <span class='ocrx_word' id='word_1_433' title='bbox 1031 5169 1041 5200; x_wconf 82' lang='lat'>²</span> <span class='ocrx_word' id='word_1_434' title='bbox 1052 5171 1136 5231; x_wconf 71' lang='lat' dir='ltr'>lton„</span> <span class='ocrx_word' id='word_1_435' title='bbox 1149 5182 1205 5233; x_wconf 76' lang='lat' dir='ltr'>rap.</span> <span class='ocrx_word' id='word_1_436' title='bbox 1218 5182 1236 5227; x_wconf 90' lang='grc' dir='ltr'>ι.</span> <span class='ocrx_word' id='word_1_437' title='bbox 1249 5182 1273 5219; x_wconf 90' lang='grc' dir='ltr'>ι.</span> <span class='ocrx_word' id='word_1_438' title='bbox 1285 5170 1327 5220; x_wconf 75' lang='lat'>²⁰.</span> <span class='ocrx_word' id='word_1_439' title='bbox 1337 5168 1387 5209; x_wconf 69' lang='lat'>·-⁸</span> <span class='ocrx_word' id='word_1_440' title='bbox 1398 5164 1497 5218; x_wconf 76' lang='lat' dir='ltr'>Pnln.</span> <span class='ocrx_word' id='word_1_441' title='bbox 1509 5176 1533 5227; x_wconf 88' lang='grc' dir='ltr'>ι,</span> <span class='ocrx_word' id='word_1_442' title='bbox 1545 5177 1570 5217; x_wconf 84' lang='grc' dir='ltr'>ι.</span> <span class='ocrx_word' id='word_1_443' title='bbox 1585 5165 1627 5227; x_wconf 90' lang='lat' dir='ltr'>tl,</span> <span class='ocrx_word' id='word_1_444' title='bbox 1643 5165 1672 5216; x_wconf 86' lang='lat'>12</span> <span class='ocrx_word' id='word_1_445' title='bbox 1684 5169 1710 5214; x_wconf 79' lang='lat' dir='ltr'>et</span> <span class='ocrx_word' id='word_1_446' title='bbox 1722 5165 1759 5217; x_wconf 68' lang='lat' dir='ltr'>t&amp;</span> 
     </span>
    </p>
   </div>
   <div class='ocr_carea' id='block_1_4' title="bbox 0 0 2301 6100">
    <p class='ocr_par' dir='ltr' id='par_1_6' title="bbox 0 0 2301 6100">
     <span class='ocr_line' id='line_1_39' title="bbox 0 0 2301 6100; baseline 0 0"><span class='ocrx_word' id='word_1_447' title='bbox 0 0 2301 6100; x_wconf 95' lang='lat' dir='ltr'> </span> 
     </span>
    </p>
   </div>
  </div>
 </body>
</html>
