4559 6100
900 543 1137 619 ulttouus.
1748 549 1813 622 ssssl

216 693 488 793 loquor-vobis,
515 716 634 791 neque
659 692 825 766 auferetis
847 716 891 766 ex
916 717 974 765 eo.
991 724 1009 759 a
1030 698 1073 766 Et
1096 718 1240 766 rursum
1262 721 1270 766 ι
1294 693 1433 783 «Quod
1459 697 1632 796 precipio
1653 695 1718 770 tibi
1745 697 1818 770 lioc

217 830 357 887 tantum
373 814 488 913 placito
511 813 688 905 Domino,
717 837 785 885 nec
809 811 922 885 addas
941 812 1137 910 quicquam
1163 837 1231 886 nec
1250 814 1403 886 minuas.
1419 840 1437 879 a
1458 813 1658 888 Perfectum
1680 817 1815 916 quippe

216 949 269 1005 est
292 935 351 1007 cui
374 932 464 1005 nihil
488 930 698 1005 addendum
721 945 787 1004 est.
814 934 883 1004 Aut
908 931 938 1005 si
961 931 1049 1029 quid
1068 930 1297 1029 perfectionis
1318 931 1475 1020 deesset,
1504 931 1598 1004 mala
1623 933 1700 1007 huc
1724 950 1816 1008 esset

216 1053 427 1151 prohibitio,
453 1077 532 1151 quae
555 1051 657 1149 quod
682 1051 781 1124 deest
805 1049 986 1150 prohibet,
1008 1065 1045 1125 et
1060 1050 1294 1124 beatitudinis
1318 1052 1386 1123 iter
1404 1050 1511 1123 nobis
1534 1050 1701 1126 obstruit.
1722 1055 1819 1141 Quid

216 1173 324 1246 etiam
345 1172 392 1245 ad
415 1170 702 1269 purificationem
714 1169 771 1242 vel
790 1168 1087 1243 emundationem
1103 1183 1267 1243 nostram
1283 1185 1393 1267 atque
1413 1168 1673 1267 indulgentiam
1691 1197 1820 1271 pecca-

216 1307 338 1364 torum
360 1305 568 1364 nostrorum
584 1290 640 1363 lex
657 1289 776 1388 aliqua
793 1291 831 1363 iu
847 1289 1028 1365 sacrificiis
1046 1290 1102 1362 vel
1121 1290 1249 1363 ceteris
1264 1288 1578 1363 observationibus
1597 1290 1672 1364 fieri
1693 1292 1817 1389 jubet,

214 1411 244 1482 si
259 1410 331 1483 hoc
347 1409 393 1482 ad
410 1433 531 1482 veram
546 1409 806 1483 beatitudiuem
833 1409 923 1482 nihil
946 1409 1119 1483 attineat?
1136 1410 1232 1482 Nihil
1248 1410 1382 1509 quippe
1398 1409 1479 1482 illos
1493 1410 1652 1483 excludit
1669 1437 1689 1483 a
1707 1411 1819 1485 beati·

216 1529 354 1619 tudine,
380 1528 512 1626 quibus
531 1542 677 1629 peccata
692 1528 934 1601 dimittuntur.
953 1529 1119 1626 Alioquin
1138 1553 1206 1601 nec
1222 1528 1325 1601 vobis
1342 1529 1402 1602 illa
1424 1544 1516 1601 esset
1533 1530 1724 1628 speranda.
1748 1536 1820 1604 Cur

214 1648 322 1720 etiam
340 1662 486 1746 peccata
505 1647 611 1720 nobis
636 1671 701 1746 per
717 1645 832 1744 legem
848 1647 1042 1740 interdicit,
1061 1649 1128 1720 nisi
1147 1662 1187 1719 ut
1204 1647 1310 1721 nobis
1325 1647 1413 1720 illud
1431 1663 1599 1739 reservet,
1618 1651 1719 1746 quod
1736 1675 1817 1749 pec·

215 1782 307 1857 cata,
328 1769 359 1839 si
378 1767 510 1861 desint,
528 1766 733 1860 conserunt,
752 1766 782 1838 si
798 1765 932 1859 adsint,
951 1766 1196 1865 praepediunt?

265 1891 404 1960 Praisos.
431 1888 542 1959 Miror
576 1900 611 1958 te
632 1886 719 1982 legis
742 1888 898 1985 peritum
921 1902 995 1959 tarn
1019 1886 1282 1959 inconsiderate
1305 1886 1425 1984 loqui,
1451 1904 1493 1959 ut
1519 1886 1612 1960 adeo
1634 1888 1819 1960 circumci-

214 2007 352 2081 sionem
369 2007 531 2095 extollas,
542 2030 610 2079 nec
623 2007 766 2078 mentiri
775 2007 929 2080 verearis
939 2007 1096 2081 dicendo
1113 2006 1245 2080 scilicet
1259 2021 1340 2105 post
1356 2009 1664 2081 circumcisionem
1677 2021 1818 2080 tantum

214 2141 250 2198 et
273 2151 348 2199 non
377 2142 460 2199 ante
490 2131 607 2198 Deum
633 2125 806 2226 appellari
831 2127 1022 2200 hominum
1050 2142 1085 2200 et
1111 2152 1239 2200 eorum
1263 2108 1403 2199 tantum
1436 2128 1501 2225 qui
1524 2129 1723 2200 circumcisi
1742 2129 1817 2225 jam

215 2245 359 2337 suerint,
384 2245 493 2318 veluti
519 2247 595 2344 ipse
617 2250 715 2317 Deus
732 2244 911 2319 Abrabam
927 2260 964 2317 et
984 2251 1082 2320 lsaac
1098 2263 1132 2319 et
1154 2245 1267 2319 Jacob
1289 2247 1500 2345 appellatur.
1523 2246 1625 2319 Unde
1642 2261 1677 2319 te
1691 2265 1815 2347 aperte

216 2364 292 2461 ipsa
313 2365 400 2462 legis
421 2366 595 2464 scriptura
621 2364 869 2464 reprehendit,
893 2369 969 2437 Noe
995 2381 1100 2438 antea
1123 2368 1231 2463 longe
1256 2365 1411 2440 diceute¹
1435 2392 1443 2436 ι
1468 2366 1711 2439 «Benedictus
1745 2371 1818 2440 Do-

215 2483 337 2556 minus
353 2487 452 2555 Deus
466 2485 563 2575 Sem,
579 2485 774 2556 sitCanaan
791 2508 915 2557 servus
928 2485 1017 2581 ejus.
1030 2516 1047 2551 r
1063 2489 1154 2557 Ecce
1171 2485 1305 2557 etenim
1321 2489 1396 2556 Noe
1410 2489 1527 2557 Deum
1540 2489 1622 2558 Sem
1637 2489 1812 2560 nominat.

216 2602 321 2676 Unde
339 2619 476 2677 etcum
494 2604 625 2679 dicitur
640 2607 738 2676 Deus
754 2603 943 2695 Abraham,
964 2609 1061 2679 Deus
1078 2609 1176 2678 lsaac
1193 2606 1267 2677 sive
1283 2603 1408 2694 Jacob,
1427 2629 1503 2676 non
1519 2606 1716 2701 incongrue
1732 2607 1815 2678 addi

213 2721 327 2815 solet,
355 2739 392 2797 et
413 2728 511 2797 Deus
536 2738 679 2824 patrum
706 2739 927 2795 nostrorum.
957 2723 1065 2813 Quod
1089 2725 1119 2796 si
1139 2726 1246 2797 etiam
1273 2724 1394 2798 divina
1418 2722 1593 2797 beneficia
1616 2749 1744 2822 penses
1772 2753 1814 2797 ex

213 2841 345 2940 quibus
359 2868 426 2916 vos
443 2843 595 2916 maxime
608 2842 812 2939 gloriamini
826 2858 997 2941 tauquam
1009 2844 1085 2940 ejus
1096 2846 1255 2943 populus
1267 2842 1470 2943 peculiaris,
1490 2842 1576 2915 iude
1588 2845 1673 2940 quia
1687 2845 1812 2916 Enoch

214 2961 253 3033 in
268 2962 478 3062 paradisum
495 2963 631 3035 felicius
647 2963 839 3035 translatus
856 2977 931 3056 cst,
952 2988 1062 3062 quam
1080 2988 1147 3035 vos
1164 2964 1200 3037 iu
1220 2978 1352 3035 terram
1369 2965 1527 3035 Canaam
1545 2960 1760 3051 introducti,
1781 2980 1815 3036 et

214 3079 286 3153 hoc
295 3081 354 3154 ille
367 3083 539 3154 meruisse
546 3081 712 3170 refertur,
722 3106 807 3153 cum
817 3082 981 3155 videlicet
994 3083 1160 3155 dicitur¹:
1180 3113 1198 3151 ιι
1214 3082 1489 3179 ambulavitque
1504 3080 1628 3153 Enoch
1644 3106 1727 3153 cum
1738 3087 1815 3154 Deo

214 3213 250 3271 et
276 3224 352 3272 non
377 3200 561 3299 apparuit,
589 3201 674 3297 quia
698 3201 779 3272 tulit
803 3225 887 3274 eum
916 3206 1026 3274 Deus.
1057 3206 1132 3273 Vos
1160 3215 1289 3273 autem.
1309 3199 1402 3274 illud
1427 3200 1626 3272 obtinuisse
1654 3202 1810 3293 meritis,
1838 3279 1843 3288 ,

214 3320 366 3390 omnino
390 3321 530 3415 Moyses
556 3318 727 3416 denegat,
754 3318 895 3391 dicens³
916 3346 925 3390 :
949 3325 1032 3392 «Ne
1050 3319 1149 3392 dicas
1171 3322 1208 3391 in
1228 3320 1439 3410 cordetuo,
1458 3343 1542 3390 cum
1564 3318 1735 3390 deleverit
1752 3344 1814 3391 cos

214 3441 391 3510 Dominus
407 3453 558 3538 propter
575 3438 747 3534 justitiam
769 3459 910 3530 meam,
932 3439 1132 3512 introduxit
1152 3463 1212 3511 me
1235 3453 1273 3511 ut
1296 3454 1427 3511 terram
1451 3439 1547 3511 hanc
1569 3438 1809 3536 possiderem,

213 3582 297 3630 cum
324 3572 471 3656 propter
490 3558 689 3657 impietates
711 3581 794 3631 suas
817 3559 891 3630 istae
916 3558 1040 3631 deletae
1066 3561 1136 3632 sint
1166 3559 1354 3651 nationes,
1380 3573 1421 3630 ut
1447 3557 1645 3657 compleret
1660 3555 1812 3630 verbum

212 3701 319 3749 suum
334 3678 434 3775 quod
453 3676 633 3777 pollicitus
655 3690 707 3751 est
730 3675 891 3777 patribus
912 3679 1028 3752 tuis.»
1049 3680 1147 3752 Scito
1164 3679 1272 3776 igitur
1287 3677 1388 3776 quod
1405 3703 1480 3751 non
1500 3690 1649 3775 propter
1660 3678 1812 3774 justitias

213 3811 293 3869 tuas
307 3801 405 3870 Deus
417 3796 557 3870 dederit
573 3796 639 3870 tibi
655 3795 750 3870 hanc
764 3811 895 3872 terram
910 3800 1086 3897 optimam
1099 3823 1183 3872 cum
1200 3798 1397 3871 durissima
1409 3797 1558 3871 cervicis
1575 3797 1808 3895 sispopulus.

213 3919 290 3991 Noe
304 3940 391 3989 vero
407 3931 557 4015 propter
567 3917 741 4013 justitiam
751 3942 868 4009 suam,
886 3919 1060 3991 universis
1076 3919 1289 3992 hominibus
1306 3932 1433 4016 praeter
1449 3917 1602 3990 domum
1617 3918 1811 3989 suam‘sub·

213 4037 342 4128 versis,
363 4037 615 4112 universorum
632 4061 711 4134 quae
728 4037 878 4110 interra
898 4037 955 4110 vel
980 4039 1018 4111 in
1039 4039 1129 4111 mari
1153 4051 1239 4110 suut
1262 4039 1478 4110 constitutus
1494 4051 1548 4108 est
1562 4036 1752 4127 dominus,
1777 4051 1810 4106 et

212 4158 335 4230 omnia
358 4157 393 4232 ei
416 4158 454 4230 io
479 4181 581 4232 esum
607 4170 734 4255 preter
756 4159 967 4254 sauguinem
990 4180 1178 4249 concessa,
1210 4157 1367 4253 ut'juxta
1390 4158 1456 4230 Dei
1473 4154 1648 4230 beneficia
1671 4169 1811 4228 terrena

212 4301 291 4371 quae
305 4301 371 4349 vos
394 4276 633 4368 desiderastis,
652 4290 752 4350 tanto
769 4278 931 4376 priorum
949 4276 1109 4350 fidelium
1124 4279 1198 4350 vita
1216 4276 1323 4349 fuerit
1340 4276 1489 4370 felicior,
1508 4289 1646 4374 quanto
1664 4274 1810 4347 liberior

213 4407 249 4474 et
266 4395 439 4468 universe
456 4395 852 4506 terrenaeqhabitationis
867 4397 1062 4471 dominans
1073 4398 1260 4470 creaturis.
1275 4400 1423 4483 Quanto
1439 4411 1560 4468 autem
1578 4399 1654 4466 Noe
1671 4409 1707 4465 et
1721 4420 1809 4466 suo-

212 4537 293 4586 rum
317 4515 389 4587 vita
413 4514 562 4588 liberior
583 4517 713 4588 exstitit
731 4541 843 4614 quam
861 4533 997 4609 vestra,
1016 4517 1183 4590 nondum
1200 4513 1366 4588 uidelicet
1385 4516 1475 4611 jugo
1497 4515 1584 4613 legis
1600 4529 1723 4587 vestrae
1744 4540 1809 4615 op·

211 4657 350 4730 pressa,
369 4647 470 4706 tanto
493 4647 529 4708 et
550 4649 673 4707 nostra
693 4633 841 4708 liberior
860 4637 989 4710 catilla
1012 4636 1194 4733 antiquior
1214 4634 1286 4706 rita
1308 4657 1418 4731 quam
1442 4633 1549 4707 nullis
1573 4635 1808 4707 exterioribus

210 4753 295 4826 dtrae
315 4753 402 4850 legis
427 4752 598 4850 operibus
623 4754 820 4851 constringi
845 4757 993 4852 potestis
1015 4757 1244 4829 corrvincere.
1270 4758 1359 4843 Quae
1384 4753 1531 4852 quidem
1557 4755 1604 4826 ab
1630 4756 1710 4852 ipso
1732 4757 1807 4828 Noe

210 4873 439 4967 inchoantes,
463 4873 521 4944 cui
542 4872 588 4945 de
612 4871 825 4945 abstinentia
842 4875 1023 4970 sanguinis
1040 4876 1140 4973 prior
1156 4873 1212 4948 lex
1237 4874 1397 4947 instituta
1420 4888 1485 4965 est,
1509 4871 1698 4971 diligenter
1716 4898 1805 4944 con-

243 5149 248 5175 ¹
261 5146 354 5208 Genea,
370 5157 424 5208 cap.
438 5159 477 5210 rr,
491 5159 512 5194 ι.
526 5149 567 5198 26.
580 5171 609 5184 -·
621 5145 712 5206 ’seith
725 5159 778 5209 cap.
794 5161 818 5208 ι,
831 5161 853 5197 ι.
867 5150 907 5200 tl.
917 5147 1079 5210 -³Dcuter.,
1091 5161 1149 5210 cap.
1159 5160 1196 5210 ut,
1217 5162 1240 5197 r.
1254 5153 1280 5210 t,
1297 5153 1321 5199 6.
