4559 6100
698 493 743 568 ΙΝ
767 492 1015 583 Brutorum
1038 495 1100 570 tu
1125 494 1353 572 ROMANOS.

742 985 958 1111 LIBER
998 983 1299 1109 PRIMUS.

278 1343 429 1436 Paulus,
453 1365 556 1415 more
583 1339 818 1415 scribentium
845 1339 1030 1440 epistolas,
1048 1338 1300 1415 salutationem
1323 1340 1526 1441 praemittit,
1544 1338 1608 1438 qui
1633 1336 1682 1412 ad
1701 1361 1824 1413 veram

225 1485 292 1534 eos
306 1462 456 1537 salutem
479 1460 705 1534 adhortatur.
723 1462 843 1550 Quam
858 1458 1007 1558 quidem
1032 1459 1286 1534 salutationem
1307 1484 1394 1535 cum
1420 1457 1637 1558 quibusdam
1654 1481 1733 1557 qum
1759 1481 1824 1531 an·

226 1582 355 1672 nectit,
377 1581 479 1681 quasi
494 1579 577 1654 loco
592 1579 758 1678 prooemii
774 1578 992 1679 prascrihit,
1011 1577 1076 1652 uhi
1091 1603 1156 1653 eos
1177 1579 1344 1654 videlicet
1360 1590 1516 1654 attentos
1531 1592 1595 1651 aut
1610 1576 1745 1651 dociles
1760 1600 1824 1651 seu

225 1696 425 1773 benevolos
449 1700 606 1773 breviter
635 1696 780 1772 efficiat.
800 1703 962 1772 Attentos
986 1699 1134 1799 quidem
1161 1697 1245 1773 lacit
1271 1712 1384 1772 tama
1400 1719 1556 1797 persona
1575 1718 1661 1790 sua,
1677 1719 1827 1795 quamn

225 1844 381 1918 persona
406 1819 538 1894 Christi
560 1843 644 1894 eum
661 1820 850 1914 mittentis,
867 1844 980 1920 quam
998 1821 1108 1894 etiam
1132 1817 1179 1895 ab
1196 1821 1275 1919 ipsa
1290 1843 1352 1915 re,
1371 1817 1444 1892 hoc
1459 1830 1513 1893 est
1527 1817 1732 1915 evangelica
1758 1815 1827 1891 do·

226 1941 364 2030 ctrina,
379 1939 427 2013 ad
437 1962 548 2039 qnam
555 1938 820 2014 observandam
834 1965 899 2015 eos
913 1939 1140 2016 adhortatur.
1160 1943 1189 2014 tl
1204 1962 1360 2040 persona
1375 1937 1524 2037 quidem
1538 1960 1620 2034 sua,
1638 1937 1727 2010 dum
1743 1960 1824 2011 eam

226 2057 458 2132 commendat
471 2071 645 2157 tanquam
655 2060 694 2131 in
703 2058 946 2159 apostolatum
956 2074 1193 2158 segregatam,
1204 2073 1241 2134 et
1253 2059 1301 2133 ad
1312 2056 1582 2160 praedicandum
1593 2055 1826 2156 Evangelium

226 2202 249 2252 a
266 2182 346 2252 Deo
363 2191 540 2253 vocatam.
559 2179 799 2254 Commendat
816 2195 938 2254 autern
955 2195 991 2254 et
1006 2180 1156 2255 Domini
1172 2183 1254 2254 lesu
1273 2179 1405 2255 Christi
1423 2202 1639 2277 personam,
1657 2200 1768 2277 quem
1791 2191 1827 2250 et

226 2297 354 2370 Filium
374 2298 442 2370 Dei
463 2298 644 2387 nominat,
662 2312 799 2372 etcum
823 2323 900 2372 esse
921 2300 1064 2393 asserit,
1078 2300 1141 2397 qui
1162 2297 1325 2372 Patribus
1346 2298 1546 2398 promissus
1562 2308 1638 2370 erat
1653 2311 1826 2395 tanquam

227 2414 378 2490 humani
390 2417 527 2515 generis
538 2416 765 2517 redemptor,
781 2417 894 2516 etqui
907 2441 952 2490 ex
967 2418 1103 2518 Spiritu
1120 2432 1245 2492 sancto
1257 2431 1455 2517 conceptus
1467 2418 1530 2510 sit,
1548 2430 1584 2491 et
1599 2428 1827 2489 mortuorum

229 2537 420 2609 suscitator
442 2534 653 2632 magnificus
667 2537 853 2609 exstiterit.
878 2537 949 2611 Sed
973 2561 1041 2611 nec
1068 2535 1251 2634 Evangelii
1277 2535 1633 2610 commendationem
1649 2518 1823 2634 praeterit,

227 2653 317 2729 dum
332 2655 452 2755 ipsum
467 2678 534 2755 per
549 2656 750 2756 Scripturas
760 2665 903 2730 sanctas
912 2654 1175 2756 Prophetarum
1191 2657 1258 2730 Dei
1273 2655 1492 2756 promissum
1509 2678 1586 2727 esse
1603 2677 1826 2728 commemo·

228 2789 295 2847 rat.
316 2774 488 2849 Docilitas
505 2776 646 2847 veroin
663 2775 735 2849 hoc
746 2776 830 2876 ipso
845 2789 1012 2868 notatur,
1030 2774 1133 2872 quod
1146 2801 1213 2875 per
1227 2774 1300 2849 hoc
1316 2774 1417 2872 quod
1435 2773 1503 2849 sibi
1520 2773 1608 2847 dicit
1624 2773 1827 2870 injunctum

227 2893 440 2989 evangelicas
456 2893 719 2993 predicationis
734 2895 913 2988 officium,
927 2892 975 2969 de
991 2895 1049 2968 his
1062 2919 1144 2995 quae
1155 2895 1203 2968 ad
1222 2894 1404 2992 Evangelii
1419 2893 1623 2969 doctrinam
1646 2894 1828 2994 pertinent

226 3035 265 3085 se
281 3013 501 3113 scripturum
518 3038 596 3090 esse
611 3015 781 3091 insinuat.
799 3015 871 3107 Qui
887 3014 996 3104 edam
1012 3039 1098 3092 curn
1111 3038 1151 3090 se
1164 3038 1310 3091 seruum
1325 3014 1480 3110 Christi,
1497 3027 1534 3091 et
1551 3038 1591 3089 se
1606 3036 1735 3088 corum
1751 3037 1825 3088 ser·

226 3156 315 3206 vum
330 3158 408 3207 esse
421 3134 629 3227 confitetur,
643 3151 718 3211 tam
729 3161 774 3210 es
785 3135 1080 3231 humilitatesua,
1092 3160 1203 3236 quam
1216 3161 1259 3212 ex
1268 3159 1395 3213 amore
1404 3159 1516 3236 quem
1527 3134 1577 3210 illi
1592 3133 1631 3207 in
1645 3133 1828 3207 Christum

225 3250 429 3342 habebant,
446 3279 590 3330 necnon
607 3271 644 3330 et
663 3281 706 3330 ex
729 3255 787 3329 his
802 3279 881 3355 quse
896 3256 1084 3356 subjungit
1102 3257 1149 3331 de
1165 3279 1289 3331 amore
1312 3280 1423 3355 quem
1441 3254 1552 3329 habet
1566 3256 1604 3328 in
1622 3278 1705 3347 eos,
1728 3250 1829 3350 quod

221 3368 471 3473 videlicetpe‘r
491 3376 766 3448 conversionem
791 3399 919 3449 eorum
948 3378 1105 3451 maxime
1121 3376 1251 3473 gratias
1266 3379 1345 3449 Deo
1366 3388 1468 3473 agat,
1486 3387 1523 3448 et
1549 3373 1595 3448 ad
1620 3397 1684 3445 eos
1704 3370 1827 3444 venire

217 3487 421 3578 desideret,
434 3506 475 3563 ut
490 3497 553 3565 eos
565 3492 719 3592 amplius
731 3495 884 3567 instruat
897 3508 961 3567 aut
978 3493 1191 3586 confirmet,
1203 3493 1351 3592 sibiipsi
1364 3491 1563 3564 benevolos
1578 3486 1709 3563 reddit.
1724 3493 1828 3562 Nunc

214 3606 440 3681 litterarum¹
456 3609 670 3684 insistamus.
691 3610 900 3685 Notandum
916 3611 1105 3710 veroquia
1117 3612 1220 3708 justa
1236 3610 1500 3711 expositionem
1524 3607 1644 3682 Rufini
1668 3609 1705 3680 in
1730 3606 1826 3682 hanc

213 3727 438 3825 epistolam,
456 3753 536 3826 quae
553 3729 703 3829 quidem
718 3730 895 3830 expositio
922 3731 1107 3804 translatio
1135 3729 1371 3830 expositionis
1387 3728 1550 3827 Origenis
1565 3726 1745 3821 creditur,
1760 3727 1827 3800 ista

210 3846 412 3945 apostolus
424 3861 530 3922 antea
541 3849 649 3922 etiarn
665 3874 778 3948 quam
789 3863 1074 3942 converteretur,
1085 3849 1271 3925 binomius
1283 3861 1378 3939 erat3
1389 3862 1513 3923 uttam
1522 3847 1687 3922 videlicet
1698 3845 1828 3922 Paulus

206 3989 339 4062 quam
363 3967 491 4042 Saulus
515 3982 622 4042 antea
635 3984 843 4062 vocaretur3
862 3970 954 4044 sicut
975 3970 1151 4071 scripturn
1174 3983 1245 4063 est,
1264 3968 1402 4069 inquit,
1420 3968 1458 4039 in
1482 3965 1627 4042 Actibus
1643 3966 1826 4066 apostolo·

203 4110 307 4158 rum
320 4090 354 4156 ²:
370 4115 389 4154 u
403 4088 531 4161 Saulus
546 4090 609 4187 qui
624 4102 660 4162 et
674 4089 818 4163 Paulus.
835 4119 853 4157 n
869 4094 976 4164 turta
994 4092 1256 4188 Hieronymum
1272 4102 1309 4162 et
1326 4088 1565 4185 tugusunum
1579 4110 1642 4162 seu
1658 4100 1824 4179 coeteros,

201 4207 300 4303 ipse
323 4203 396 4277 sibi
410 4206 599 4304 Apostolus
614 4230 751 4282 nomen
774 4210 927 4283 mutavit
951 4233 972 4282 a
1001 4208 1114 4282 Paulo
1142 4206 1379 4308 proconsule,
1395 4229 1504 4303 quem
1523 4229 1590 4304 per
1614 4205 1829 4278 miraculum

197 4323 388 4423 primum
406 4326 601 4419 convertit,
625 4341 667 4400 ut
690 4327 728 4401 in
744 4325 891 4400 Actibus
914 4326 1158 4427 apostolorum
1180 4326 1353 4425 scriptum
1374 4338 1444 4417 est,
1465 4347 1650 4399 assumens
1670 4321 1743 4397 hoc
1758 4347 1828 4397 no.-

194 4468 331 4536 men,
362 4458 403 4515 ut
429 4467 527 4517 nunc
548 4444 680 4518 Paulus
704 4446 797 4520 sicut
821 4460 906 4520 ante
927 4445 1055 4519 Saulus
1070 4457 1279 4538 vocaretur,
1298 4458 1339 4519 ut
1353 4458 1447 4545 post*
1461 4443 1540 4542 ejus
1554 4441 1831 4518 conversionem

189 4565 315 4636 deut
333 4584 471 4635 novam
487 4563 596 4636 vitam
610 4564 668 4639 vel
684 4589 823 4639 novum
837 4565 1102 4665 predicationis
1128 4563 1321 4664 assumpsit
1346 4560 1529 4655 officium,
1558 4563 1609 4637 ita
1634 4577 1674 4636 et
1693 4584 1830 4635 novum

187 4681 417 4756 sortiretur
433 4680 674 4775 vocabulum3
693 4684 786 4758 sicut
802 4697 839 4760 et
853 4683 900 4758 de
914 4683 1080 4784 apostolo
1092 4688 1198 4757 Petro
1212 4683 1392 4756 Dominus
1407 4682 1507 4774 lecit,
1525 4704 1548 4756 a
1564 4705 1639 4780 quo
1655 4682 1731 4779 ipse
1748 4691 1832 4777 post

187 4799 505 4875 conversionem
519 4805 644 4875 Petrus
660 4817 715 4876 est
731 4816 902 4897 vocatrrs,
920 4804 986 4902 qui
999 4817 1106 4878 antea
1120 4803 1246 4877 Simon
1263 4800 1473 4877 vocabatur.
1494 4800 1598 4874 Unde
1612 4815 1648 4878 et
1671 4802 1832 4871 Romana

225 5112 235 5140 ¹
249 5103 322 5158 mc
335 5100 431 5165 should
442 5101 527 5155 deam
539 5105 642 5157 rtdstur.
653 5131 682 5143 -
691 5104 763 5156 ’att
772 5105 933 5171 Aportmp.
943 5118 998 5171 rm,
1009 5110 1066 5161 nt.
