4559 6100
435 525 508 599 ass
843 495 847 504 ’
1041 530 1172 603 ruant
1198 528 1430 606 tumtum

435 675 655 774 Evangelicae
681 675 852 751 doctrinae
878 680 1063 779 praeceptis
1095 679 1241 775 alligati.
1270 683 1313 750 tt
1334 703 1382 750 ne
1407 679 1489 776 quis
1515 692 1718 778 opponeret
1744 678 1864 777 ipsum
1890 704 2037 779 quoque

435 797 616 869 Christum
633 798 708 894 jam
729 796 838 871 fuisse
861 812 1059 887 mortuum,
1082 813 1118 871 ct
1132 799 1184 871 sic
1202 823 1224 871 a
1235 799 1324 895 jugo
1344 798 1420 895 ejus
1439 797 1515 895 jam
1538 822 1623 870 suos
1643 797 1828 871 absolutos
1843 823 1934 890 esse,
1954 826 2039 900 pro·

435 916 518 990 vide
544 915 727 1014 adjunxit,
757 920 918 1017 «quiex
945 920 1097 992 mortuis
1120 918 1324 1009 resurrexit,
1339 945 1357 985 r
1373 915 1412 988 id
1437 930 1491 989 est
1514 916 1560 989 de
1585 917 1865 991 intermortuos
1889 921 2039 1019 propria

435 1038 565 1110 virtute
592 1038 629 1108 in
656 1038 768 1110 vitam
794 1063 832 1110 se
855 1040 965 1112 erexit
988 1035 1214 1139 perpetuam,
1241 1053 1282 1110 ut
1307 1062 1370 1136 spe
1393 1050 1429 1109 et
1452 1035 1630 1109 desiderio
1656 1038 1732 1135 ejus
1753 1037 1874 1134 gloriae
1895 1041 2039 1113 accensi

438 1187 455 1227 r
472 1155 758 1230 fructificemus»
785 1183 861 1231 non
889 1158 1042 1250 munde,
1068 1157 1132 1232 sed
1160 1189 1178 1224 <r
1192 1163 1319 1249 De0,»
1345 1156 1384 1228 id
1409 1169 1475 1248 est,
1500 1155 1742 1256 spiritualibus
1768 1156 1876 1230 bonis
1904 1158 2039 1257 quibus

436 1276 636 1350 oblectatur
664 1282 761 1350 Deus
786 1280 907 1377 potius
936 1278 1164 1352 abundemus
1198 1302 1309 1378 quam
1335 1275 1529 1349 mundanis
1554 1292 1591 1349 et
1617 1278 1786 1371 terrenis,
1819 1303 1900 1376 quae
1923 1278 2038 1354 Judaei

434 1420 577 1495 semper
602 1398 706 1470 avide
729 1398 986 1497 requirebant:
1010 1423 1181 1499 quorum,
1208 1400 1309 1496 juxta
1336 1397 1476 1470 literam
1504 1420 1613 1495 quam
1639 1398 1818 1491 insistunt,
1846 1383 1954 1471 nulla
1969 1399 2038 1473 nisi

435 1532 576 1590 terrena
601 1518 792 1616 promissio
818 1521 996 1619 reperitur
1024 1547 1033 1591 r
1062 1534 1102 1592 ut
1128 1520 1179 1592 ita
1202 1518 1342 1590 mundo
1368 1517 1624 1617 potiusquam
1651 1521 1729 1590 Deo
1753 1515 1967 1591 fructificare
1992 1545 2037 1593 ex

435 1638 674 1736 promissione
690 1638 777 1736 legis
792 1637 937 1712 dicendi
953 1653 1082 1713 essent.
1102 1639 1213 1727 Quod
1230 1639 1328 1712 enim
1346 1643 1444 1712 Deus
1461 1637 1563 1710 illum
1579 1638 1678 1711 durae
1695 1637 1842 1711 cervicis
1858 1638 2037 1738 populum

435 1759 587 1858 amplius
603 1757 807 1833 desiderare
823 1775 986 1854 noverat,
1007 1762 1058 1833 eis
1073 1758 1324 1860 promittebat3
1344 1774 1385 1832 ut
1397 1759 1447 1832 sic
1459 1758 1572 1854 magis
1589 1759 1727 1857 eosqui
1744 1757 1903 1831 carnales
1920 1773 2034 1854 erant,

435 1879 473 1950 id
491 1893 557 1969 est,
577 1878 779 1952 carnalibus
795 1881 917 1980 potius
938 1906 1047 1981 quam
1067 1880 1312 1981 spiritualibus
1333 1880 1440 1953 bonis
1456 1880 1599 1970 intenti,
1621 1880 1669 1951 ad
1693 1877 1936 1951 obedientiam
1953 1880 2038 1953 alli-

435 2013 543 2071 ceret.
570 2003 614 2070 Et
642 1999 786 2072 attende
812 1999 1018 2097 quodcum
1043 2000 1091 2074 ad
1115 2001 1187 2073 boc
1214 2000 1315 2100 quod
1339 2000 1519 2101 promisit,
1539 2029 1557 2066 r
1571 2013 1613 2071 ut
1639 1999 1714 2072 sitis
1736 1999 1881 2072 alterius
1905 2001 1968 2098 qui
1993 2025 2039 2074 cx

436 2120 586 2192 mortuis
596 2120 800 2208 resurrexit,
810 2151 829 2188 s
841 2120 1005 2220 adjunxit
1018 2151 1036 2191 u
1048 2135 1090 2193 ut
1100 2120 1356 2195 fructificemus
1368 2126 1463 2215 De03
1475 2148 1493 2191 rr
1510 2144 1586 2193 non
1601 2119 1652 2193 ait
1667 2134 1707 2192 ut
1721 2117 1953 2212 fructificetis,
1972 2120 2038 2194 sed

435 2252 475 2310 ut
490 2264 557 2312 vos
579 2254 615 2312 et
638 2264 706 2312 nos
726 2241 877 2340 pariter,
901 2240 940 2315 id
960 2256 1030 2333 est,
1052 2266 1181 2315 omnes
1203 2241 1478 2335 fructificemus,
1503 2241 1578 2314 sive
1603 2238 1832 2339 praedicando
1855 2240 1929 2312 sive
1948 2238 2038 2313 obe·

434 2357 584 2432 diendo.
674 2399 687 2434 t

485 2510 503 2545 s
517 2481 732 2562 Cumanim
759 2505 966 2555 essemus.»
987 2484 1069 2556 Dixi
1091 2498 1131 2557 ut
1157 2483 1232 2557 sitis
1260 2483 1407 2556 alterius
1428 2480 1594 2581 discipuli
1622 2480 1755 2554 scilicet
1783 2494 1819 2554 et
1842 2480 2038 2554 imitatores

434 2624 544 2697 quam
560 2599 748 2699 hucusque
762 2600 890 2694 fuistis,
910 2616 950 2674 ut
967 2602 1185 2677 fructificetis
1202 2609 1295 2696 Deo,
1314 2602 1353 2676 id
1370 2617 1437 2696 est,
1456 2616 1495 2673 ut
1513 2600 1589 2672 sitis
1605 2600 1804 2700 spirituales
1817 2625 1884 2700 per
1901 2600 2039 2675 deside·

435 2705 530 2790 rium
549 2720 795 2816 potiusquam
814 2720 987 2812 carnales,
1009 2723 1102 2794 sicut
1127 2722 1213 2794 olim
1235 2723 1365 2815 fuistis,
1391 2720 1629 2821 temporalem
1651 2721 1737 2818 legis
1759 2720 2037 2819 promissionem

434 2851 640 2934 sequentes.
659 2842 703 2908 Et
728 2835 859 2910 merito
887 2839 938 2911 sic
964 2855 1103 2935 monet,
1124 2841 1211 2939 quia
1234 2854 1322 2913 tunc
1345 2865 1409 2940 per
1433 2839 1532 2913 illam
1554 2839 1641 2936 legis
1662 2839 1951 2939 promissionem,
1969 2862 2038 2911 vos

434 2956 634 3029 carnalium
650 2955 911 3030 desideriorum
927 2974 1119 3053 amatores,
1138 2983 1369 3060 nequaquam
1384 2959 1606 3060 spiritualem
1622 2964 1700 3032 Deo
1716 2959 1870 3032 fructum
1883 2956 2038 3031 reddere

434 3078 619 3179 poteratis,
637 3077 702 3151 sed
723 3079 832 3150 morti
850 3079 989 3178 potius,
1008 3079 1046 3152 id
1065 3096 1132 3173 est,
1153 3080 1342 3154 mortalem
1363 3095 1400 3153 et
1418 3079 1663 3154 damnabilem
1678 3079 1864 3154 habebatis
1880 3080 2038 3154 fructum

434 3199 547 3296 magis
569 3223 612 3271 ac
631 3198 746 3294 magis
766 3222 909 3298 semper
932 3225 998 3300 per
1020 3200 1352 3300 concupiscentiam
1376 3200 1527 3275 terrenis
1549 3200 1770 3275 adhaerentes
1789 3201 1915 3299 :juxta
1937 3199 2038 3300 quod

434 3318 608 3418 scriptum
626 3322 726 3391 est¹:
772 3404 778 3415 ι

837 3470 1040 3537 Crescentem
1054 3471 1197 3565 sequitur
1212 3495 1289 3541 cura
1304 3470 1494 3563 pecuniam,

436 3573 478 3643 Ει
493 3572 620 3645 alibi':

725 3696 845 3762 Crescit
861 3717 953 3762 amor
968 3696 1094 3762 nummi
1109 3711 1266 3785 quantum
1283 3697 1351 3788 ipsa
1367 3697 1505 3788 pecnnia
1519 3697 1643 3764 crescit.

433 3918 492 3991 sic
507 3918 584 4017 lege
599 3945 608 3990 ε
624 3948 642 3986 α
657 3922 749 3992 Cum
762 3944 921 3994 essemus
938 3921 975 3992 iu
989 3944 1111 4015 carne,
1124 3948 1142 3991 u
1156 3920 1195 3994 id
1210 3932 1262 3994 est
1276 3920 1493 4015 carnalibus,
1505 3946 1581 3995 non
1595 3919 1837 4022 spiritualibus
1849 3919 2038 3995 desideriis

433 4038 624 4112 inhiantes.
647 4070 665 4106 α
684 4039 872 4114 Passiones
897 4055 1151 4142 peccatorum,
1169 4068 1188 4110 >r
1203 4040 1241 4114 id
1258 4056 1312 4114 est
1327 4042 1626 4141 concupiscentiae
1640 4041 1788 4115 diversae
1802 4066 1871 4114 nos
1886 4065 2038 4141 peccare

432 4159 615 4255 facientes,
636 4174 675 4232 ut
694 4160 738 4232 sit
754 4160 857 4258 quasi
875 4160 1097 4234 intransitive
1114 4159 1266 4255 dictum,
1288 4190 1307 4231 n
1322 4162 1505 4261 passiones
1521 4176 1766 4260 peccatorum,
1777 4190 1795 4230 »
1809 4160 1845 4234 id
1866 4174 1937 4254 est,
1957 4184 2039 4259 quae

432 4295 581 4381 peccata
601 4295 720 4372 erant,
744 4280 835 4354 sicut
851 4280 983 4354 dicitur
997 4310 1016 4351 n
1031 4295 1197 4355 creatura
1217 4280 1312 4377 salis,
1328 4310 1346 4351 u
1364 4283 1423 4355 vel
1437 4281 1637 4379 substantia
1652 4296 1716 4355 aut
1735 4306 1867 4381 corpus
1883 4278 2037 4380 lapidis,

431 4401 471 4473 id
491 4415 545 4475 est
559 4416 722 4475 creatura
744 4425 823 4499 quae
844 4415 897 4475 est
917 4400 990 4493 sal,
1007 4402 1065 4474 vel
1080 4401 1281 4476 substantia
1302 4416 1364 4475 aut
1382 4427 1514 4503 corpus
1530 4401 1632 4502 quod
1651 4416 1705 4474 est
1720 4401 1823 4501 lapis.
1843 4404 1931 4489 Quae
1951 4399 2038 4496 qui·

432 4521 518 4595 dem
531 4523 717 4622 passiones
736 4553 754 4587 «
769 4536 872 4594 erant
886 4546 951 4620 per
967 4521 1096 4620 legem,
1114 4553 1132 4592 r
1148 4522 1356 4597 laudantem
1372 4524 1507 4596 scilicet
1530 4536 1639 4621 atque
1655 4520 1888 4621 pollicentem
1906 4542 2038 4592 eorum

433 4666 514 4740 quac
539 4643 693 4714 multum
718 4639 970 4713 desiderabant
996 4665 1164 4739 magnam
1190 4642 1471 4735 abundantiam,
1495 4656 1628 4716 terram
1652 4640 1819 4727 videlicet
1843 4638 2033 4738 optimam,

431 4761 523 4835 lacte
550 4776 585 4833 et
601 4760 707 4833 melle
725 4774 947 4849 manantem,
968 4776 1005 4835 et
1019 4784 1147 4860 pacem
1163 4777 1200 4835 et
1217 4762 1492 4863 prosperitatem
1506 4762 1546 4834 in
1563 4785 1605 4835 ea
1622 4762 1837 4853 maximam,
1863 4773 1901 4831 et
1924 4757 2038 4830 vitam

433 4880 651 4980 longaevam,
671 4894 707 4953 et
724 4874 904 4979 quidquid
919 4878 967 4953 ad
990 4894 1171 4953 terrenam
1187 4882 1343 4981 pertinet
1364 4882 1583 4975 felicitatem,
1610 4881 1919 4980 quampraecipue
1941 4876 2037 4950 desi·

466 5156 578 5220 'lterat.,
592 5157 672 5209 earm.
683 5153 727 5218 111,
738 5156 780 5208 od.
795 5168 847 5220 ιιι,
858 5169 883 5205 v.
894 5156 933 5208 tr.
948 5154 1125 5217 -¹ltttcml.,
1138 5152 1190 5206 Sat.
1204 5167 1258 5221 ur,
1271 5168 1295 5208 r.
1308 5157 1362 5209 1³9.
