4559 6100
1068 510 1198 581 PETRI
1227 510 1458 583 ABAELXRDI

1092 867 1275 956 CAPUT
1313 868 1426 957 XXI.

836 1084 977 1157 Injusturu
1009 1105 1068 1142 non
1098 1105 1161 1144 esse
1189 1084 1309 1166 dignum
1343 1087 1462 1167 praemio
1486 1107 1544 1147 nou
1574 1086 1685 1145 donari.

515 1276 586 1349 Sed
606 1276 761 1347 fortassis
784 1277 946 1371 requiris,
971 1276 1001 1347 si
1021 1277 1130 1373 isqui
1144 1277 1309 1376 poenitet,
1324 1279 1398 1374 jam
1415 1278 1544 1373 dignus
1562 1279 1607 1349 sit
1623 1278 1693 1348 vita
1710 1291 1858 1367 aeterna,
1878 1279 1941 1373 qui
1959 1277 2056 1348 dam·

467 1398 612 1468 natione
631 1394 760 1491 diguus
775 1420 849 1465 non
868 1394 947 1466 est?
965 1394 1072 1482 Quod
1091 1397 1122 1467 si
1137 1396 1394 1487 concedamus,
1415 1396 1582 1492 objicitur
1602 1395 1708 1467 nobis
1732 1418 1814 1466 eum
1836 1420 1984 1492 quoque
1996 1398 2058 1492 qui

466 1529 547 1612 post
568 1515 816 1611 poenitentiam
836 1513 956 1612 lapsus
977 1515 1101 1611 periit,
1122 1514 1212 1587 dum
1232 1517 1431 1614 poeniteret,
1451 1516 1599 1611 dignum
1619 1515 1692 1587 vita
1713 1528 1844 1587 aeterna
1868 1514 2001 1585 fuisse:
2024 1529 2059 1584 et

466 1639 582 1706 Deum
604 1632 829 1731 arguendum
846 1633 982 1728 injuriae
1001 1658 1078 1706 esse
1097 1635 1226 1726 videri,
1251 1636 1313 1733 qui
1334 1637 1521 1734 praemium
1539 1656 1613 1732 quo
1633 1633 1693 1706 ille
1710 1648 1796 1705 tunc
1816 1633 1946 1728 dignus
1960 1647 2056 1722 erat,

466 1756 498 1823 ei
512 1767 597 1824 tunc
614 1753 738 1826 saltem
756 1777 831 1825 non
846 1752 1022 1842 reddidit,
1042 1767 1081 1826 ut
1102 1754 1153 1826 sic
1176 1756 1251 1851 ejus
1273 1754 1542 1826 damnationem
1559 1754 1780 1852 praeveniret.
1797 1753 1896 1823 Sicut
1913 1753 2010 1822 enim
2030 1753 2058 1823 si

467 1887 555 1944 tunc
572 1887 787 1958 moreretur,
814 1896 858 1943 ex
882 1872 943 1944 itto
970 1874 1007 1942 in
1029 1897 1102 1970 quo
1120 1885 1207 1945 tunc
1231 1889 1307 1947 erat
1323 1874 1522 1973 proposito,
1549 1872 1680 1967 dignus
1702 1873 1776 1945 vita
1792 1886 1923 1943 aetemu
1947 1871 2058 1943 salva·

466 2006 592 2062 retur:
618 1992 665 2063 ita
683 2006 718 2064 et
733 1993 762 2062 si
781 2006 905 2088 postea
923 1992 1043 2089 lapsus
1067 1994 1131 2083 sit,
1153 2019 1194 2065 ex
1216 1993 1345 2066 eodem
1366 1994 1489 2065 animo
1509 2016 1618 2090 quem
1640 1994 1739 2091 prius
1761 1991 1905 2082 habuit,
1931 1991 2059 2087 dignus

466 2112 594 2183 salvari
611 2111 688 2182 suit.
709 2110 779 2181 Sed
800 2110 905 2203 dIco,
924 2114 1010 2208 quia
1034 2113 1126 2184 sicut
1140 2113 1244 2183 multi
1261 2137 1353 2211 saepe
1372 2113 1604 2185 damnatione
1619 2110 1719 2208 digni
1741 2127 1836 2202 sunt,
1856 2134 1923 2181 nec
1940 2124 2057 2182 tamen

467 2231 502 2300 in
527 2229 595 2303 hac
617 2254 679 2303 sua
697 2232 855 2327 nequitia
875 2232 1093 2322 moriuntur,
1120 2248 1160 2304 ut
1178 2232 1375 2322 damnatio,
1397 2252 1508 2330 qttam
1523 2245 1745 2321 memerant,
1772 2231 1822 2302 eis
1841 2252 1863 2301 u
1881 2233 1959 2301 Deo
1981 2228 2059 2299 red·

465 2350 590 2441 datur3
622 2376 689 2424 nec
717 2367 836 2423 tamen
865 2349 946 2422 ideo
972 2356 1068 2422 Deus
1094 2352 1272 2447 injustitie
1297 2366 1350 2422 est
1373 2351 1590 2448 arguendus,
1618 2352 1702 2448 quia
1728 2374 1802 2421 non
1829 2348 1986 2421 reddidit
2011 2350 2060 2420 eis

466 2494 611 2566 poenam
635 2494 745 2566 quam
769 2484 998 2540 meruerant:
1024 2471 1072 2541 ita
1094 2494 1162 2542 nec
1184 2471 1221 2541 in
1243 2471 1398 2569 praemiis
1420 2469 1624 2556 reddendis,
1648 2492 1729 2566 quae
1751 2467 2060 2568 perseverantibus

393 2682 399 2693 x
465 2603 607 2660 tantum
622 2590 894 2686 promittuntur,
910 2590 1061 2659 Veritate
1075 2588 1290 2660 adtestante¹
1309 2616 1317 2659 :
1342 2618 1360 2657 r
1368 2591 1439 2675 Qui
1451 2589 1728 2687 perseveraverit
1748 2588 1916 2685 usquein
1935 2587 2056 2678 tinem,

466 2706 526 2776 hic
552 2705 669 2777 salvus
694 2707 809 2776 erit.»
834 2709 913 2776 Non
935 2730 1020 2800 ergo
1043 2707 1242 2779 concedere
1260 2709 1436 2802 cogimur,
1463 2720 1502 2779 ut
1522 2708 1605 2803 quia
1628 2705 1848 2804 quandoque
1873 2728 1980 2803 prena
2004 2706 2058 2776 vei

467 2817 615 2920 praeniio
632 2824 712 2921 quis
729 2823 859 2920 dignus
876 2823 993 2915 suerit,
1014 2824 1095 2896 ideo
1119 2825 1270 2922 dignum
1287 2824 1344 2897 vel
1361 2826 1498 2921 justum
1519 2826 1575 2915 sit,
1596 2830 1713 2897 Deum
1729 2824 1818 2897 iIIud
1834 2823 1865 2896 ei
1883 2826 2057 2916 conferre,

467 2967 551 3014 cum
566 2943 636 3014 alio
650 2941 761 3014 modo
776 2942 904 3014 meiius
917 2943 1092 3015 utendum
1106 2970 1152 3017 eo
1168 2970 1244 3016 esse
1258 2945 1467 3044 providerit,
1491 2945 1576 3042 quia
1589 2947 1696 3018 etiam
1710 2945 1811 3018 maiis
1822 2944 1916 3017 bene
1936 2947 2056 3035 utitur,

467 3077 504 3133 et
517 3085 750 3159 quaecumque
773 3063 926 3161 pessima
950 3064 1086 3162 optime
1111 3065 1284 3162 disponit.
1305 3064 1415 3151 Quod
1433 3065 1463 3134 si
1486 3064 1577 3135 sorte
1598 3066 1678 3162 quis
1700 3063 1814 3156 dicat,
1838 3089 1921 3137 eum
1931 3067 1994 3162 qui
2015 3066 2060 3136 ad

469 3181 596 3254 horam
619 3188 735 3255 Deum
759 3181 937 3274 amando,
964 3207 1046 3255 vere
1068 3185 1247 3282 poenituit,
1268 3185 1332 3256 sed
1351 3199 1470 3256 tamen
1492 3185 1529 3255 in
1548 3184 1617 3257 hac
1633 3186 1840 3283 poenitentia
1859 3185 1917 3257 vel
1939 3209 2060 3256 amore

469 3325 544 3373 non
569 3303 861 3401 perseveraverit,
887 3326 962 3372 non
983 3300 1064 3374 ideo
1090 3303 1197 3375 fuisse
1220 3305 1366 3401 praemio
1388 3303 1539 3397 dignum
1563 3304 1641 3374 vitre
1666 3330 1675 3373 ε
1700 3304 1862 3401 prosectu
1889 3329 1971 3377 cum
1994 3329 2060 3376 nec

467 3435 555 3492 tuuc
574 3421 805 3495 damnatione
826 3419 956 3519 diguus
977 3421 1082 3494 fuisse
1100 3421 1332 3514 conceditur,
1349 3446 1417 3494 nec
1432 3421 1567 3515 justus,
1592 3447 1660 3496 nec
1676 3439 1843 3522 peccator
1860 3437 1948 3496 tunc
1963 3426 2061 3496 exsti·

468 3542 550 3612 tisse
566 3541 759 3614 videbitur.

1084 3800 1267 3891 CAPUT
1304 3803 1439 3891 XXII.

1053 4019 1098 4075 De
1121 4030 1240 4094 peccatu
1265 4016 1472 4077 inremissibili.

519 4202 610 4270 Cum
628 4211 760 4290 autern,
781 4213 820 4270 ut
834 4197 1002 4286 diximus,
1019 4223 1128 4272 omne
1144 4218 1333 4301 peccatum
1348 4228 1411 4301 per
1421 4205 1666 4301 poenitentiam
1685 4205 1803 4277 statim
1816 4206 2061 4276 remissionem

470 4319 634 4416 accipiat,
651 4318 820 4415 quaeritur
841 4342 906 4390 cur
924 4319 1061 4390 Veritas
1074 4321 1259 4417 quoddam
1273 4337 1459 4418 peccatum
1473 4322 1718 4395 inremissibile
1737 4324 1877 4413 dixerit,
1896 4324 1950 4395 vei
1968 4349 2061 4394 nun·

470 4461 581 4532 quarn
597 4439 716 4535 ipsum
732 4438 996 4530 remissionem,
1017 4437 1089 4511 hoc
1104 4455 1175 4529 est,
1194 4440 1512 4532 condonationem,
1531 4442 1758 4533 habiturum,
1778 4444 1883 4542 quale
1900 4458 1952 4515 est
1972 4442 2062 4515 ittud

471 4572 658 4654 peccatum
681 4557 910 4658 blasphemiae
932 4560 970 4630 in
993 4560 1164 4658 Spiritum
1188 4563 1372 4652 Sanctum,
1397 4563 1444 4636 de
1465 4589 1538 4661 quo
1555 4589 1638 4635 eum
1656 4564 1784 4636 dixisse
1806 4563 1991 4636 Matthaeus
2015 4565 2063 4635 sic

403 4687 407 4696 '
469 4676 591 4748 refert¹
610 4703 618 4746 :
642 4677 792 4748 «Omne
813 4693 1000 4777 peccatum
1018 4693 1053 4749 et
1067 4679 1290 4778 blasphemia
1311 4683 1510 4756 remittetur
1527 4682 1748 4771 hominibus,
1767 4684 1919 4782 Spiritus
1943 4698 2062 4756 autem

470 4790 693 4895 blasphemia
714 4821 790 4869 non
815 4798 1038 4889 remittetur3
1067 4814 1103 4871 et
1120 4801 1338 4899 quicumque
1364 4802 1491 4874 dixerit
1515 4802 1665 4874 verbum
1690 4818 1817 4875 contra
1842 4804 1970 4877 Filium
1997 4804 2064 4874 ho·

503 5101 507 5127 ¹
521 5096 690 5162 ttatu.,up.
703 5112 762 5161 nr.
775 5102 967 5168 22-21br'd,
984 5117 1040 5166 cap.
1059 5116 1106 5167 ιιι,
1121 5119 1145 5156 r.
1161 5106 1202 5156 at.
