4559 6100
621 554 914 649 ruruonucrro
941 577 1329 653 mmsosoonu.
1722 588 1762 657 rr

178 722 392 796 eternaliter
407 722 585 813 subsistit,
606 737 714 821 atque
733 724 838 797 initio
853 740 967 817 caret,
991 751 1059 799 nec
1075 741 1235 800 creatum
1256 753 1325 801 uec
1350 727 1480 800 lactum
1498 731 1666 803 convenit
1682 730 1765 807 diei.

179 843 303 917 Solum
324 844 447 941 itaque
468 848 609 915 Patrem
626 843 824 939 ingenitum
841 844 1011 938 dicimus,
1031 844 1103 918 hoc
1128 860 1182 919 est
1207 871 1229 919 a
1252 848 1370 946 seipso
1393 872 1469 921 non
1492 845 1539 919 ab
1563 847 1646 919 alio.
1664 849 1768 922 Unde

180 964 395 1059 Augustinus
406 962 577 1034 adsersus
594 962 815 1035 Feliciorem
831 965 1051 1036 Arronum¹z
1073 968 1245 1037 «Patrem
1261 966 1459 1063 ingenitum
1472 965 1575 1052 dico,
1593 966 1767 1062 quianon

180 1084 351 1179 processit
365 1107 409 1155 ex
419 1082 579 1155 altero.»
595 1082 754 1154 Isidorus
767 1084 924 1180 Etymol.
941 1082 1076 1156 tib.v1¹
1092 1111 1102 1155 ι
1119 1114 1137 1150 r<
1158 1090 1277 1174 Pater,
1296 1086 1434 1183 inquit,
1452 1084 1550 1157 solus
1566 1109 1641 1156 non
1658 1098 1711 1156 est
1723 1086 1769 1158 de

180 1199 265 1294 alio,
281 1201 365 1274 ideo
379 1201 478 1275 solus
494 1203 692 1301 appellatur
707 1204 932 1300 ingenitus.»
946 1202 1050 1274 alud
1065 1204 1186 1299 itaque
1196 1203 1315 1276 dicere
1324 1219 1376 1276 est
1390 1209 1531 1277 Patrem
1547 1204 1762 1300 ingenitum,
1835 1246 1839 1251 -

179 1320 275 1393 aliod
296 1347 372 1394 non
395 1325 579 1419 genitum,
600 1321 689 1395 sicut
704 1322 802 1394 aliud
818 1337 871 1394 est
890 1321 1010 1395 dicere
1031 1321 1167 1420 aliquid
1183 1324 1374 1420 injustum,
1397 1322 1495 1396 aliud
1521 1344 1595 1395 non
1613 1326 1764 1419 justum.

178 1441 321 1540 Quippe
341 1441 442 1539 quod
462 1443 634 1539 injustum
654 1455 708 1513 est
735 1465 881 1514 necesse
906 1456 961 1513 est
985 1466 1063 1514 esse
1087 1466 1165 1513 non
1178 1442 1333 1538 justum,
1353 1442 1417 1514 sed
1440 1466 1515 1513 non
1531 1466 1552 1514 e
1569 1466 1765 1515 converso:

177 1558 267 1657 lapis
279 1561 413 1664 quippe
431 1584 507 1631 non
521 1559 637 1656 justus
645 1614 657 1648 ,
679 1584 749 1632 nec
764 1575 883 1633 tamen
903 1561 1054 1657 injustus
1070 1575 1136 1634 est.
1155 1561 1214 1632 Sic
1229 1576 1265 1634 et
1278 1586 1363 1633 cum
1375 1565 1472 1633 Deus
1488 1566 1590 1632 Pater
1609 1560 1655 1633 sit
1670 1560 1769 1657 inge·

177 1677 289 1767 nitus,
308 1693 450 1753 constat
465 1679 630 1778 profecto
650 1704 733 1751 eum
759 1702 837 1753 esse
861 1705 935 1752 non
953 1682 1125 1778 genitum,
1145 1679 1183 1751 id
1202 1694 1255 1752 est
1276 1704 1351 1753 non
1369 1705 1446 1753 esse
1462 1679 1601 1751 Filium.
1618 1680 1768 1778 Spiritus

178 1818 264 1869 vero
281 1812 426 1871 sanctus
447 1799 524 1897 ipse
540 1823 688 1896 quoqne
701 1814 754 1871 est
770 1824 846 1871 non
864 1802 1023 1895 genitus,
1044 1824 1128 1872 cum
1152 1800 1228 1898 ipse
1243 1802 1350 1873 etiam
1375 1824 1449 1872 non
1465 1799 1511 1870 sit
1524 1799 1681 1891 genitus,
1699 1797 1770 1869 hoc

177 1929 231 1987 est
243 1939 319 1987 non
334 1918 381 1989 sit
393 1918 515 2010 Filius,
530 1942 598 1991 neo
615 1932 734 1992 tamen
752 1918 835 1991 ideo
851 1934 905 1992 est
920 1920 1111 2018 ingenitus,
1130 1922 1302 2018 cumipse
1317 1919 1447 1992 abalio
1463 1916 1523 2010 sit,
1538 1914 1613 1989 'tam
1628 1942 1650 1989 a
1667 1921 1770 1990 Patre
1864 2002 1869 2011 ι

178 2035 310 2109 scilicet
326 2061 437 2134 quam
455 2062 476 2109 a
490 2036 579 2111 Filio
599 2038 813 2137 procedens.
831 2041 937 2111 Solus
952 2041 1073 2137 itaque
1091 2044 1195 2113 Pater
1211 2040 1389 2137 ingenitus
1405 2038 1549 2129 dicitur,
1568 2037 1659 2109 sicut
1675 2035 1771 2109 solus

179 2153 284 2229 Filius
300 2158 451 2252 genitus.
479 2159 631 2256 Spiritus
653 2184 741 2231 vero
768 2150 927 2250 sanctus,
957 2184 1024 2233 nec
1047 2160 1185 2257 genitus
1212 2174 1282 2250 est,
1310 2185 1377 2232 nec
1407 2159 1606 2255 ingenitus,
1639 2155 1704 2229 sed
1731 2170 1770 2229 ut

178 2272 407 2367 dictumest,
431 2300 508 2348 non
532 2279 685 2372 genitus.
713 2279 817 2351 Unde
848 2281 1065 2377 Augustinus
1087 2278 1139 2349 ad
1152 2280 1340 2365 Orosium,
1365 2302 1445 2378 cap.
1468 2281 1534 2349 11⁸:
1558 2277 1768 2374 «Spiritum

177 2408 344 2465 sanctum
369 2418 437 2465 nec
461 2396 620 2490 genitum
649 2420 718 2470 nec
747 2398 945 2494 ingenitum
969 2398 1058 2471 tides
1087 2412 1183 2469 certa
1206 2396 1385 2486 declarat,
1410 2396 1497 2492 quia
1521 2396 1562 2477 si⁴
1577 2394 1769 2465 dixerimus

177 2512 409 2609 ingenitum,
422 2512 512 2585 duos
544 2529 663 2612 patres
683 2515 862 2589 affirmare
884 2516 1109 2589 videbimur:
1129 2516 1184 2587 sin
1212 2529 1332 2588 autem
1358 2513 1537 2610 genitum,
1558 2512 1651 2583 duos
1677 2510 1770 2584 filios
1877 2516 1887 2524 '

178 2631 374 2704 affirmare
390 2632 588 2732 culpamur.
602 2634 673 2707 Sed
694 2634 793 2732 quod
814 2648 910 2706 certa
925 2634 1014 2707 fides
1031 2648 1146 2725 tenet,
1160 2657 1228 2709 nec
1245 2633 1427 2729 ingenitus
1441 2622 1517 2720 est',
1531 2654 1598 2702 nec
1611 2631 1768 2727 genitus,

178 2749 294 2822 sedab
305 2752 464 2849 utrisque
482 2752 692 2850 procedens,
710 2753 748 2826 id
764 2768 818 2826 est
833 2776 855 2826 a
872 2759 974 2825 Patre
987 2768 1024 2826 et
1039 2752 1143 2825 Filio.
1158 2781 1176 2821 s
1188 2752 1290 2824 ldem
1302 2766 1338 2823 et
1347 2748 1568 2842 Gennadius,
1585 2747 1628 2819 de
1645 2747 1770 2821 Ortho-

177 2866 271 2939 doxa
280 2869 361 2961 fide
387 2872 715 2945 Ecclesr'crrtieorum
736 2871 959 2972 dogmatum,
977 2896 1058 2972 cap.
1080 2898 1115 2960 1,
1135 2873 1260 2945 amerit
1279 2870 1337 2941 his
1354 2868 1500 2941 verbis:
1527 2897 1545 2936 «
1566 2871 1669 2941 Pater
1684 2884 1769 2963 ergo

178 2989 392 3087 principium
407 2990 560 3086 deitatis,
574 3018 595 3066 a
609 3016 682 3091 quo
699 2992 806 3065 Filius
823 3007 876 3066 est
888 3006 1006 3084 natus,
1019 3015 1124 3090 aquo
1136 2991 1287 3091 Spiritus
1301 3003 1445 3063 sanctus
1460 3013 1537 3060 non
1551 3000 1669 3077 natus,
1685 2986 1770 3085 quia

180 3108 282 3181 Filius
292 3134 368 3181 non
383 3125 449 3202 est,
463 3137 531 3184 nec
543 3114 735 3210 ingenitus,
749 3113 833 3210 quia
846 3136 921 3184 non
937 3125 991 3185 est
1002 3117 1117 3184 Pater.
1136 3143 1154 3179 s
1166 3110 1259 3182 Hinc
1275 3123 1311 3181 et
1327 3108 1451 3181 beatus
1468 3111 1563 3205 Papa
1577 3105 1770 3202 Gregorius

181 3227 215 3296 in
227 3227 393 3321 Symbolo
408 3230 575 3328 Epistolis
592 3232 664 3303 suis
682 3232 886 3330 praescripto
894 3231 1060 3302 meminit
1069 3229 1231 3302 dicens‘:
1249 3228 1468 3300 «Credimus
1484 3225 1656 3325 Spiritum
1669 3248 1770 3297 sanc-

180 3358 257 3416 tum
270 3371 339 3419 neo
347 3349 507 3443 genitum
520 3375 587 3422 nec
598 3351 811 3448 ingenitum,
822 3349 886 3420 sed
899 3363 1116 3422 coaeternum
1133 3349 1180 3420 de
1193 3353 1296 3419 Patre
1308 3360 1344 3418 et
1358 3345 1448 3416 Filio
1465 3343 1735 3442 procedentem.
1750 3373 1768 3408 r

179 3466 273 3536 Cum
290 3480 407 3537 autem
424 3492 647 3567 unaqueque
661 3493 818 3568 persona
832 3467 966 3539 harum
978 3467 1023 3537 sit
1038 3469 1137 3537 Deus
1151 3479 1213 3536 aut
1228 3464 1406 3534 Dominus
1423 3461 1497 3532 sire
1509 3463 1680 3546 Creator,
1702 3483 1770 3532 nec

179 3605 250 3654 una
263 3582 420 3681 'persona
442 3588 488 3658 sit
506 3587 638 3679 altera,
658 3612 734 3661 non
759 3600 880 3658 tamen
904 3584 988 3657 ideo
1004 3585 1125 3683 plures
1140 3583 1201 3653 Dii
1218 3580 1276 3654 vel
1298 3579 1440 3653 domini
1456 3590 1558 3668 sunt,
1579 3577 1653 3649 sive
1671 3600 1771 3650 crea·

180 3714 290 3792 tores,
309 3704 403 3776 sicut
418 3706 538 3806 plures
556 3722 640 3780 sunt
656 3728 830 3806 personae.
851 3706 995 3803 Quippe
1010 3728 1095 3776 cum
1120 3703 1275 3776 dicimus
1298 3704 1415 3786 Deos,
1438 3711 1501 3770 aut
1523 3696 1692 3769 dominos
1707 3722 1769 3774 seu

179 3836 371 3910 creatores,
397 3850 516 3898 rerum
540 3825 736 3924 quemdam
763 3849 957 3897 numerum
986 3822 1231 3909 ostendimus,
1254 3843 1407 3918 quarum
1432 3841 1655 3915 unaquaeque
1673 3821 1770 3892 neus

178 3939 238 4028 sit,
259 3956 321 4013 aut
336 3942 505 4017 dominus
523 3947 597 4019 sive
609 3959 766 4040 creator,
783 3968 868 4016 cum
884 3944 922 4015 in
937 3942 1186 4016 individuitate
1202 3940 1300 4011 nulla
1316 3961 1437 4010 rerum
1453 3937 1567 4036 possit
1582 3960 1658 4008 esse
1674 3935 1768 4010 mul·
1891 3964 1894 3968 ’

178 4058 313 4150 titudo,
341 4062 440 4136 unde
467 4078 502 4136 et
525 4063 750 4137 individuam
765 4062 919 4135 dicimus
934 4061 1152 4134 Trinitatem.
1173 4063 1267 4130 Cum
1285 4081 1373 4129 vero
1390 4056 1520 4128 multas
1543 4056 1675 4125 inneo
1689 4078 1770 4151 pro·

177 4176 320 4250 litemus·
334 4206 528 4279 personas,
543 4173 806 4284 proprietatum
816 4207 892 4254 non
903 4206 1024 4254 rerum
1041 4178 1328 4267 multitudinem,
1346 4190 1511 4272 utsupra
1526 4172 1767 4263 meminimus,

178 4295 515 4373 demonstravimus.
532 4302 704 4390 Quaedam
718 4304 839 4401 itaque
854 4302 902 4375 de
914 4299 1061 4397 singrrlis
1072 4312 1218 4371 tantum
1233 4296 1403 4369 dicuntur
1418 4294 1597 4392 personis,
1617 4305 1656 4364 ut
1670 4291 1769 4387 inge·

178 4416 274 4489 nitus
284 4417 334 4490 de
348 4419 427 4491 solo
443 4426 560 4514 Patre,
577 4423 718 4519 genitus
730 4423 806 4494 sire
822 4421 1031 4494 incarnatus
1042 4418 1088 4491 de
1101 4416 1180 4490 solo
1197 4415 1304 4505 Filio,
1321 4412 1522 4512 procedens
1537 4411 1584 4485 ab
1598 4422 1766 4507 utroque,

179 4535 225 4606 de
238 4536 316 4610 solo
329 4539 463 4636 Spiritu
474 4555 622 4613 sancto:
641 4539 807 4639 qnaedam
822 4516 1044 4637 conjunctim
1056 4549 1243 4610 tantnmet
1254 4558 1330 4607 non
1338 4532 1560 4629 singillatim,
1578 4543 1618 4601 ut
1633 4529 1770 4602 trinitas

179 4652 229 4725 de
245 4655 358 4729 tribus
375 4672 516 4731 tantum
536 4661 725 4758 personis:
744 4659 909 4759 quasdam
926 4674 1000 4731 tam
1015 4657 1163 4732 divisim
1175 4678 1287 4754 quam
1301 4649 1525 4747 conjunctim
1538 4649 1584 4722 de
1600 4649 1651 4722 eis
1671 4671 1771 4745 aeque

176 4770 365 4869 dicnnnu,
376 4781 522 4850 utDeus
532 4834 542 4870 ,
551 4780 746 4870 Dominus,
758 4781 924 4868 Creator,
938 4771 1369 4875 omnipotens,srpientia
1378 4766 1686 4863 ,›rirtus,justitia,
1698 4778 1767 4837 etc·

209 4989 336 5055 'Oli-2¹·
359 4992 946 5061 Vllt,App.,cot.41.-²1.rs.v11‚02p,1v‚
1000 4992 1052 5045 lloc
1068 4993 1229 5045 mulesslonls
1244 4991 1301 5041 fidet
1318 4990 1454 5051 symbolum
1472 4981 1760 5037 crediturasanctoGre

71 5097 75 5104 ‚
174 5068 290 5134 Onu-‚t
310 5072 362 5134 111,
381 5089 407 5138 p.
432 5078 594 5130 ars-⁸120
611 5080 714 5142 nott..
731 5083 774 5131 l'rb.
795 5080 848 5133 XV.
867 5080 947 5144 opp,
1000 5074 1069 5134 sorio
1089 5074 1274 5135 pronuntiatum
1293 5069 1368 5118 lutsse
1387 5070 1413 5118 tn
1429 5069 1483 5130 ipso
1500 5079 1550 5116 sua
1568 5060 1728 5114 ordinationis
1747 5069 1771 5111 et

171 5156 192 5196 t.
212 5147 281 5210 tut,
299 5154 345 5202 cot.
365 5155 435 5205 1000.
446 5156 578 5206 -ἈΙΙῑετ
593 5159 700 5209 medere.
717 5185 746 5197 -
758 5162 767 5191 ⁸
777 5159 854 5222 Opp,
870 5165 889 5207 t.
904 5157 947 5208 tlt.
1001 5155 1192 5215 lnaumrattonts
1206 5152 1307 5202 solemn!
1321 5152 1379 5216 rltu.
1458 5149 1460 5154 '
