4559 6100
1087 582 1214 653 PETRI
1240 579 1472 653 ABAELARDI

1146 959 1327 1048 CAPUT
1360 962 1410 1048 X.

797 1172 882 1247 Quod
905 1171 1058 1231 multitudo
1076 1170 1221 1230 bonorum
1244 1192 1303 1231 non
1326 1185 1369 1232 est
1389 1171 1492 1231 meiius
1512 1191 1573 1231 nno
1591 1171 1747 1233 bonorum.

528 1364 566 1430 ln
584 1382 693 1457 opere
710 1382 796 1430 vero
813 1373 849 1429 et
865 1359 1065 1430 intentione
1081 1382 1149 1429 neo
1162 1356 1366 1431 bonitatum
1384 1372 1446 1429 ant
1459 1356 1637 1430 bonarum
1653 1382 1772 1431 rerum
1789 1380 1961 1429 numerus
1977 1383 2066 1431 con-

477 1480 599 1551 sistere
615 1477 771 1550 videtur.
792 1482 883 1549 Cum
905 1480 1000 1550 enim
1024 1478 1121 1550 bona
1142 1479 1294 1549 intentio
1316 1493 1352 1551 et
1373 1478 1472 1551 bona
1488 1481 1647 1576 operatio
1667 1477 1809 1568 dicitur,
1829 1478 1903 1550 hoc
1925 1493 1991 1565 est,
2023 1505 2064 1552 ex

475 1597 572 1671 bona
597 1599 796 1671 intentione
820 1598 1034 1697 procedens,
1059 1597 1136 1670 sola
1156 1597 1297 1669 bonitas
1320 1599 1530 1670 intentionis
1553 1600 1777 1695 designatum
1796 1600 1920 1670 necin
1939 1597 2062 1670 eadem

474 1717 732 1815 significatione
756 1743 891 1791 nomen
916 1717 1005 1790 boni
1033 1720 1217 1803 retinetur,
1245 1734 1285 1791 ut
1301 1718 1407 1817 plura
1433 1718 1530 1790 bona
1556 1718 1675 1791 dicere
1700 1720 1893 1817 possimus.
1921 1712 2011 1789 Naris
2030 1730 2064 1789 et

473 1863 558 1909 cnm
584 1837 734 1910 dicimus
756 1837 953 1936 simplicem
972 1838 1160 1910 hominem
1182 1862 1272 1926 esse,
1293 1850 1328 1911 et
1343 1839 1542 1936 simplicem
1558 1837 1770 1929 dictionem3
1791 1862 1865 1909 non
1889 1838 1970 1908 ideo
1988 1835 2063 1907 hec

474 1981 550 2029 esse
574 1956 806 2028 concedimus
830 1956 932 2054 plura
953 1957 1140 2056 simplicia,
1159 1981 1243 2028 cum
1261 1956 1333 2029 hoc
1356 1978 1490 2029 nomen
1513 1957 1668 2054 simplex
1687 1956 1789 2028 aliter
1809 1956 1886 2042 hic,
1906 1970 1942 2027 et
1962 1954 2063 2026 aliter

472 2074 521 2146 ibi
543 2089 715 2147 sumatur.
735 2079 847 2147 Nemo
868 2099 953 2171 ergo
975 2099 1041 2147 nos
1062 2089 1189 2171 cogat,
1214 2089 1253 2145 ut
1269 2099 1353 2147 cum
1372 2074 1478 2147 bonae
1498 2077 1687 2148 intentioni
1705 2075 1801 2147 bona
1821 2075 1982 2173 operatio
1997 2074 2061 2144 ad·

472 2192 581 2284 ditur,
595 2193 850 2284 concedamus,
862 2193 1002 2266 bontmr
1017 2194 1117 2267 bono
1131 2193 1324 2293 superaddi
1336 2207 1507 2291 tanquam
1518 2195 1621 2293 plura
1635 2196 1705 2266 sint
1716 2194 1827 2283 bona,
1843 2218 1910 2292 pro
1924 2191 2052 2289 quibus

471 2314 710 2386 remuneratio
727 2338 887 2385 crescere
903 2313 1047 2402 debeat,
1066 2339 1164 2402 cum,
1186 2328 1225 2385 ut
1246 2313 1382 2386 dictum
1405 2328 1478 2403 est,
1503 2338 1571 2386 nec
1588 2313 1691 2411 plura
1707 2313 1804 2385 bona
1828 2328 1923 2385 recte
1943 2312 2059 2385 dicere

471 2434 648 2530 possimus
661 2433 735 2526 illa,
755 2433 889 2530 quibus
908 2433 996 2505 boni
1011 2432 1229 2505 vocabulum
1244 2456 1472 2531 nequaquam
1490 2458 1564 2504 uno
1582 2432 1692 2505 modo
1708 2435 1887 2505 convenit.

1114 2785 1295 2873 CAPUT
1328 2787 1403 2874 tt.

924 2994 1008 3072 Quod
1031 2994 1190 3056 intentione
1214 2995 1291 3055 bona
1314 2996 1351 3056 sit
1377 3015 1451 3075 opus
1475 2995 1596 3056 bonum.

516 3184 652 3251 Bonam
677 3181 810 3279 quippe
837 3180 1087 3272 intentionem,
1116 3180 1190 3252 hoc
1215 3194 1289 3266 est,
1323 3194 1457 3253 rectam
1483 3183 1581 3252 inse
1609 3179 1783 3252 dicimus:
1809 3180 2052 3278 operationem

466 3324 566 3388 veru,
586 3323 660 3371 non
683 3299 783 3396 quod
800 3297 887 3371 honi
906 3299 1041 3397 aliquid
1058 3301 1094 3371 in
1116 3325 1154 3372 se
1175 3300 1361 3398 suscipiat,
1382 3300 1443 3373 sed
1461 3299 1559 3397 quod
1577 3324 1619 3371 ex
1639 3298 1737 3370 bona
1752 3300 1951 3370 intentione
1971 3323 2052 3398 pro·

469 3418 584 3492 cedat.
606 3418 710 3491 Unde
730 3435 766 3491 et
789 3419 834 3490 ab
860 3419 988 3491 eodem
1011 3419 1159 3492 homine
1185 3445 1268 3491 cum
1292 3421 1328 3491 in
1349 3420 1496 3493 diversis
1518 3418 1739 3517 temporibus
1761 3419 1857 3490 idern
1883 3417 1962 3506 fiat,
1989 3443 2053 3516 pro

468 3536 669 3611 diversitate
686 3552 806 3610 tamen
830 3537 1037 3610 intentionis
1059 3539 1133 3634 ejus
1156 3540 1318 3636 operatio
1342 3539 1453 3612 modo
1475 3539 1589 3624 bona,
1610 3539 1720 3610 modo
1739 3537 1830 3609 mala
1851 3537 1993 3621 dicitur,
2019 3552 2051 3608 et

467 3657 513 3728 ita
535 3657 629 3728 circa
651 3655 790 3728 bonurn
810 3672 846 3727 et
862 3656 996 3729 malum
1012 3657 1142 3728 variari
1159 3656 1311 3727 videtur.
1333 3659 1430 3728 Sicut
1446 3658 1521 3728 haec
1538 3658 1738 3754 propositio
1762 3660 1926 3727 Socrates
1943 3653 2048 3742 sedet,

465 3774 522 3844 vel
538 3777 613 3869 ejus
626 3774 824 3847 intellectus
840 3776 932 3847 circa
949 3800 1074 3848 verum
1092 3790 1126 3846 et
1145 3774 1270 3848 salsum
1288 3778 1456 3863 variatur,
1476 3775 1587 3847 modo
1604 3777 1749 3847 Socrate
1765 3774 1925 3864 sedente,
1941 3773 2050 3845 modo

466 3907 595 3964 stante.
614 3896 731 3979 Quam
753 3893 900 3991 quidem
916 3896 1216 3993 permutationem
1233 3896 1407 3967 varietatis
1425 3896 1517 3966 circa
1533 3920 1658 3966 verum
1676 3909 1711 3965 et
1734 3894 1858 3966 salsum
1877 3894 1926 3965 ita
1945 3894 1980 3963 in
1998 3892 2051 3961 his

465 4011 667 4082 Aristoteles
679 4013 885 4107 contingere
897 4012 996 4102 dicit,
1012 4037 1086 4084 non
1098 4013 1196 4109 quod
1210 4015 1299 4112 ipsa,
1314 4039 1392 4110 quae
1404 4014 1498 4086 eirca
1508 4038 1632 4085 verum
1644 4009 1701 4085 vel
1714 4013 1840 4083 falsum
1852 4024 2046 4096 mutantur,

462 4129 597 4226 aliquid
621 4130 812 4226 suscipiant
835 4132 889 4201 sui
907 4132 1121 4222 mutatione,
1141 4133 1204 4203 sed
1223 4134 1322 4228 quod
1341 4159 1396 4205 res
1413 4132 1591 4228 subjecta,
1611 4131 1736 4220 idest,
1756 4133 1937 4222 Socrates,
1957 4133 1992 4201 iu
2013 4153 2049 4200 se

464 4248 542 4345 ipso
558 4262 758 4339 moveatur,
776 4247 821 4319 dc
837 4250 992 4321 sessione
1009 4249 1144 4322 scilicet
1159 4250 1205 4323 ad
1223 4255 1431 4340 stationem,
1449 4252 1505 4323 vei
1523 4277 1542 4323 e
1560 4276 1748 4324 converso

1093 4607 1275 4697 CAPUT
1310 4610 1409 4699 ΧΗ.

973 4819 1057 4880 Unde
1081 4819 1159 4879 bona
1184 4820 1305 4878 intentio
1332 4821 1369 4879 sit
1395 4818 1528 4877 dicenda.

507 5005 597 5072 Sunt
625 5018 747 5075 autem
775 5004 836 5100 qui
863 5002 996 5074 bonam
1024 5002 1081 5073 vel
1115 5017 1248 5074 rectam
1277 5003 1512 5075 intentionem
1540 5027 1616 5074 esse
1634 5002 1864 5093 arbitrantur,
1888 5003 2044 5100 quoties·

457 5144 610 5217 eumque
632 5148 669 5194 se
686 5124 814 5219 aliquis
834 5123 926 5195 bene
944 5148 1046 5220 agere
1063 5123 1192 5215 credit,
1217 5138 1253 5194 et
1269 5128 1345 5195 Deo
1363 5123 1502 5220 placere
1525 5122 1561 5193 id
1584 5124 1682 5220 quod
1704 5123 1805 5210 tactu
1831 5124 1922 5195 sicut
1944 5139 1978 5195 et
1996 5123 2042 5194 itti
