<?xml version="1.0" encoding="UTF-8"?>
<!DOCTYPE html PUBLIC "-//W3C//DTD XHTML 1.0 Transitional//EN"
    "http://www.w3.org/TR/xhtml1/DTD/xhtml1-transitional.dtd">
<html xmlns="http://www.w3.org/1999/xhtml" xml:lang="en" lang="en">
 <head>
  <title>
</title>
<meta http-equiv="Content-Type" content="text/html;charset=utf-8" />
  <meta name='ocr-system' content='tesseract 3.04.00' />
  <meta name='ocr-capabilities' content='ocr_page ocr_carea ocr_par ocr_line ocrx_word'/>
</head>
<body>
  <div class='ocr_page' id='page_1' title='image "./petriablardiope00despgoog_0937.png"; bbox 0 0 4559 6100; ppageno 0'>
   <div class='ocr_carea' id='block_1_1' title="bbox 0 6012 50 6100">
    <p class='ocr_par' dir='ltr' id='par_1_1' title="bbox 0 6012 50 6100">
     <span class='ocr_line' id='line_1_1' title="bbox 0 6012 50 6100; baseline 0 0"><span class='ocrx_word' id='word_1_1' title='bbox 0 6012 50 6100; x_wconf 95' lang='lat' dir='ltr'> </span> 
     </span>
    </p>
   </div>
   <div class='ocr_carea' id='block_1_2' title="bbox 212 48 1885 4203">
    <p class='ocr_par' dir='ltr' id='par_1_2' title="bbox 212 48 1885 4203">
     <span class='ocr_line' id='line_1_2' title="bbox 222 48 1824 148; baseline 0.002 -26"><span class='ocrx_word' id='word_1_2' title='bbox 222 73 344 122; x_wconf 90' lang='lat' dir='ltr'>secum</span> <span class='ocrx_word' id='word_1_3' title='bbox 359 48 571 123; x_wconf 72' lang='lat' dir='ltr'>aeternaliter</span> <span class='ocrx_word' id='word_1_4' title='bbox 589 49 707 148; x_wconf 88' lang='lat' dir='ltr'>aliqua</span> <span class='ocrx_word' id='word_1_5' title='bbox 722 73 945 146; x_wconf 89' lang='lat' dir='ltr'>permanere,</span> <span class='ocrx_word' id='word_1_6' title='bbox 967 49 1058 121; x_wconf 90' lang='lat' dir='ltr'>sicut</span> <span class='ocrx_word' id='word_1_7' title='bbox 1078 49 1116 121; x_wconf 94' lang='lat' dir='ltr'>id</span> <span class='ocrx_word' id='word_1_8' title='bbox 1132 50 1165 121; x_wconf 92' lang='lat' dir='ltr'>ei</span> <span class='ocrx_word' id='word_1_9' title='bbox 1181 48 1384 146; x_wconf 81' lang='lat' dir='ltr'>derogaret,</span> <span class='ocrx_word' id='word_1_10' title='bbox 1407 50 1437 121; x_wconf 94' lang='lat' dir='ltr'>si</span> <span class='ocrx_word' id='word_1_11' title='bbox 1455 66 1576 148; x_wconf 89' lang='lat' dir='ltr'>posset</span> <span class='ocrx_word' id='word_1_12' title='bbox 1594 49 1710 123; x_wconf 85' lang='lat' dir='ltr'>lacere</span> <span class='ocrx_word' id='word_1_13' title='bbox 1725 49 1824 126; x_wconf 90' lang='lat' dir='ltr'>bona</span> 
     </span>
     <span class='ocr_line' id='line_1_3' title="bbox 222 166 1823 277; baseline 0.002 -38"><span class='ocrx_word' id='word_1_14' title='bbox 222 194 301 267; x_wconf 89' lang='lat' dir='ltr'>quae</span> <span class='ocrx_word' id='word_1_15' title='bbox 319 193 392 239; x_wconf 92' lang='lat' dir='ltr'>non</span> <span class='ocrx_word' id='word_1_16' title='bbox 412 168 562 259; x_wconf 83' lang='lat' dir='ltr'>iaceret,</span> <span class='ocrx_word' id='word_1_17' title='bbox 583 183 735 240; x_wconf 91' lang='lat' dir='ltr'>autnon</span> <span class='ocrx_word' id='word_1_18' title='bbox 752 182 892 240; x_wconf 87' lang='lat' dir='ltr'>tanturn</span> <span class='ocrx_word' id='word_1_19' title='bbox 909 166 1008 239; x_wconf 90' lang='lat' dir='ltr'>bona</span> <span class='ocrx_word' id='word_1_20' title='bbox 1025 182 1201 277; x_wconf 78' lang='lat' dir='ltr'>quantum</span> <span class='ocrx_word' id='word_1_21' title='bbox 1219 184 1350 267; x_wconf 89' lang='lat' dir='ltr'>posset.</span> <span class='ocrx_word' id='word_1_22' title='bbox 1373 168 1477 240; x_wconf 85' lang='lat' dir='ltr'><strong>Unde</strong></span> <span class='ocrx_word' id='word_1_23' title='bbox 1500 193 1584 240; x_wconf 91' lang='lat' dir='ltr'>eum</span> <span class='ocrx_word' id='word_1_24' title='bbox 1606 170 1728 241; x_wconf 91' lang='lat' dir='ltr'>omnia</span> <span class='ocrx_word' id='word_1_25' title='bbox 1744 196 1823 269; x_wconf 84' lang='lat' dir='ltr'>quae</span> 
     </span>
     <span class='ocr_line' id='line_1_4' title="bbox 222 286 1824 386; baseline 0.003 -29"><span class='ocrx_word' id='word_1_26' title='bbox 222 300 338 386; x_wconf 88' lang='lat' dir='ltr'>potest</span> <span class='ocrx_word' id='word_1_27' title='bbox 355 286 469 358; x_wconf 82' lang='lat' dir='ltr'>iacere</span> <span class='ocrx_word' id='word_1_28' title='bbox 497 311 640 359; x_wconf 86' lang='lat' dir='ltr'>necesse</span> <span class='ocrx_word' id='word_1_29' title='bbox 668 302 734 378; x_wconf 90' lang='lat' dir='ltr'>est,</span> <span class='ocrx_word' id='word_1_30' title='bbox 754 301 880 359; x_wconf 89' lang='lat' dir='ltr'>ettam</span> <span class='ocrx_word' id='word_1_31' title='bbox 897 287 997 359; x_wconf 91' lang='lat' dir='ltr'>bona</span> <span class='ocrx_word' id='word_1_32' title='bbox 1014 301 1194 385; x_wconf 88' lang='lat' dir='ltr'>quantum</span> <span class='ocrx_word' id='word_1_33' title='bbox 1217 302 1347 386; x_wconf 88' lang='lat' dir='ltr'>potest.</span> <span class='ocrx_word' id='word_1_34' title='bbox 1371 290 1443 357; x_wconf 90' lang='lat' dir='ltr'>Nec</span> <span class='ocrx_word' id='word_1_35' title='bbox 1461 301 1579 359; x_wconf 90' lang='lat' dir='ltr'>tamen</span> <span class='ocrx_word' id='word_1_36' title='bbox 1598 287 1680 361; x_wconf 90' lang='lat' dir='ltr'>ideo</span> <span class='ocrx_word' id='word_1_37' title='bbox 1700 290 1824 363; x_wconf 90' lang='lat' dir='ltr'>omnia</span> 
     </span>
     <span class='ocr_line' id='line_1_5' title="bbox 222 405 1825 507; baseline 0.002 -30"><span class='ocrx_word' id='word_1_38' title='bbox 222 430 301 503; x_wconf 85' lang='lat' dir='ltr'>quae</span> <span class='ocrx_word' id='word_1_39' title='bbox 317 406 364 478; x_wconf 88' lang='lat' dir='ltr'>ab</span> <span class='ocrx_word' id='word_1_40' title='bbox 380 431 426 478; x_wconf 92' lang='lat' dir='ltr'>eo</span> <span class='ocrx_word' id='word_1_41' title='bbox 446 406 537 478; x_wconf 86' lang='lat' dir='ltr'>fiunt</span> <span class='ocrx_word' id='word_1_42' title='bbox 556 431 699 480; x_wconf 87' lang='lat' dir='ltr'>necesse</span> <span class='ocrx_word' id='word_1_43' title='bbox 717 421 769 479; x_wconf 88' lang='lat' dir='ltr'>est</span> <span class='ocrx_word' id='word_1_44' title='bbox 794 407 883 479; x_wconf 86' lang='lat' dir='ltr'>fieri.</span> <span class='ocrx_word' id='word_1_45' title='bbox 905 407 1014 495; x_wconf 91' lang='lat' dir='ltr'>Quod</span> <span class='ocrx_word' id='word_1_46' title='bbox 1037 405 1184 503; x_wconf 90' lang='lat' dir='ltr'>quidem</span> <span class='ocrx_word' id='word_1_47' title='bbox 1206 405 1312 478; x_wconf 89' lang='lat' dir='ltr'>nobis</span> <span class='ocrx_word' id='word_1_48' title='bbox 1329 431 1372 478; x_wconf 87' lang='lat' dir='ltr'>ex</span> <span class='ocrx_word' id='word_1_49' title='bbox 1396 406 1640 503; x_wconf 90' lang='lat' dir='ltr'>superioribus</span> <span class='ocrx_word' id='word_1_50' title='bbox 1657 410 1825 507; x_wconf 83' lang='lat' dir='ltr'>quaestio-</span> 
     </span>
     <span class='ocr_line' id='line_1_6' title="bbox 223 525 1823 623; baseline 0.003 -27"><span class='ocrx_word' id='word_1_51' title='bbox 223 525 330 597; x_wconf 91' lang='lat' dir='ltr'>nibus</span> <span class='ocrx_word' id='word_1_52' title='bbox 357 551 455 598; x_wconf 88' lang='lat' dir='ltr'>nunc</span> <span class='ocrx_word' id='word_1_53' title='bbox 478 526 705 618; x_wconf 85' lang='lat' dir='ltr'>solvendum,</span> <span class='ocrx_word' id='word_1_54' title='bbox 732 528 902 598; x_wconf 88' lang='lat' dir='ltr'>occurrit.</span> <span class='ocrx_word' id='word_1_55' title='bbox 924 527 1096 597; x_wconf 90' lang='lat' dir='ltr'>Ponimus</span> <span class='ocrx_word' id='word_1_56' title='bbox 1116 525 1250 621; x_wconf 91' lang='lat' dir='ltr'>itaque,</span> <span class='ocrx_word' id='word_1_57' title='bbox 1266 526 1367 620; x_wconf 84' lang='lat' dir='ltr'>juxta</span> <span class='ocrx_word' id='word_1_58' title='bbox 1396 525 1621 623; x_wconf 83' lang='lat' dir='ltr'>superiorum</span> <span class='ocrx_word' id='word_1_59' title='bbox 1642 527 1823 601; x_wconf 90' lang='lat' dir='ltr'>rationum</span> 
     </span>
     <span class='ocr_line' id='line_1_7' title="bbox 222 643 1820 743; baseline 0.001 -27"><span class='ocrx_word' id='word_1_60' title='bbox 222 645 401 734; x_wconf 81' lang='lat' dir='ltr'>acumina,</span> <span class='ocrx_word' id='word_1_61' title='bbox 428 648 545 715; x_wconf 88' lang='lat' dir='ltr'>Deum</span> <span class='ocrx_word' id='word_1_62' title='bbox 568 646 692 717; x_wconf 90' lang='lat' dir='ltr'>omnia</span> <span class='ocrx_word' id='word_1_63' title='bbox 712 670 791 743; x_wconf 84' lang='lat' dir='ltr'>quae</span> <span class='ocrx_word' id='word_1_64' title='bbox 808 645 891 717; x_wconf 84' lang='lat' dir='ltr'>lacit</span> <span class='ocrx_word' id='word_1_65' title='bbox 912 645 1112 718; x_wconf 88' lang='lat' dir='ltr'>necessario</span> <span class='ocrx_word' id='word_1_66' title='bbox 1136 643 1270 736; x_wconf 73' lang='lat' dir='ltr'>iacere,</span> <span class='ocrx_word' id='word_1_67' title='bbox 1296 668 1366 715; x_wconf 88' lang='lat' dir='ltr'>nec</span> <span class='ocrx_word' id='word_1_68' title='bbox 1382 657 1515 733; x_wconf 88' lang='lat' dir='ltr'>tamen,</span> <span class='ocrx_word' id='word_1_69' title='bbox 1535 658 1575 715; x_wconf 89' lang='lat' dir='ltr'>nt</span> <span class='ocrx_word' id='word_1_70' title='bbox 1595 644 1820 740; x_wconf 89' lang='lat' dir='ltr'>dictumest,</span> 
     </span>
     <span class='ocr_line' id='line_1_8' title="bbox 222 761 1825 862; baseline 0.002 -29"><span class='ocrx_word' id='word_1_71' title='bbox 222 788 301 861; x_wconf 84' lang='lat' dir='ltr'>quae</span> <span class='ocrx_word' id='word_1_72' title='bbox 327 762 373 836; x_wconf 87' lang='lat' dir='ltr'>ab</span> <span class='ocrx_word' id='word_1_73' title='bbox 401 788 445 835; x_wconf 90' lang='lat' dir='ltr'>eo</span> <span class='ocrx_word' id='word_1_74' title='bbox 474 761 565 834; x_wconf 89' lang='lat' dir='ltr'>fiunt</span> <span class='ocrx_word' id='word_1_75' title='bbox 595 765 794 836; x_wconf 88' lang='lat' dir='ltr'>necessario</span> <span class='ocrx_word' id='word_1_76' title='bbox 818 763 917 856; x_wconf 85' lang='lat' dir='ltr'>ficri;</span> <span class='ocrx_word' id='word_1_77' title='bbox 951 765 1086 862; x_wconf 85' lang='lat' dir='ltr'>quippe</span> <span class='ocrx_word' id='word_1_78' title='bbox 1111 788 1195 835; x_wconf 92' lang='lat' dir='ltr'>cum</span> <span class='ocrx_word' id='word_1_79' title='bbox 1221 762 1385 851; x_wconf 86' lang='lat' dir='ltr'><strong>dicimus,</strong></span> <span class='ocrx_word' id='word_1_80' title='bbox 1413 763 1585 859; x_wconf 90' lang='lat' dir='ltr'>quoniam</span> <span class='ocrx_word' id='word_1_81' title='bbox 1604 788 1749 836; x_wconf 90' lang='lat' dir='ltr'>necesse</span> <span class='ocrx_word' id='word_1_82' title='bbox 1772 779 1825 837; x_wconf 90' lang='lat' dir='ltr'>est</span> 
     </span>
     <span class='ocr_line' id='line_1_9' title="bbox 221 881 1820 982; baseline 0.002 -29"><span class='ocrx_word' id='word_1_83' title='bbox 221 886 339 955; x_wconf 90' lang='lat' dir='ltr'>Deum</span> <span class='ocrx_word' id='word_1_84' title='bbox 360 882 459 954; x_wconf 91' lang='lat' dir='ltr'>hunc</span> <span class='ocrx_word' id='word_1_85' title='bbox 483 881 631 975; x_wconf 86' lang='lat' dir='ltr'>salvare,</span> <span class='ocrx_word' id='word_1_86' title='bbox 655 885 728 954; x_wconf 84' lang='lat' dir='ltr'>vim</span> <span class='ocrx_word' id='word_1_87' title='bbox 754 884 867 982; x_wconf 86' lang='lat' dir='ltr'>ipsam</span> <span class='ocrx_word' id='word_1_88' title='bbox 885 882 1161 955; x_wconf 78' lang='lat' dir='ltr'>necessitudinis</span> <span class='ocrx_word' id='word_1_89' title='bbox 1178 882 1225 954; x_wconf 90' lang='lat' dir='ltr'>ad</span> <span class='ocrx_word' id='word_1_90' title='bbox 1243 881 1393 979; x_wconf 89' lang='lat' dir='ltr'>subjecti</span> <span class='ocrx_word' id='word_1_91' title='bbox 1409 897 1575 954; x_wconf 89' lang='lat' dir='ltr'>naturam</span> <span class='ocrx_word' id='word_1_92' title='bbox 1603 882 1820 977; x_wconf 81' lang='lat' dir='ltr'>reducimus,</span> 
     </span>
     <span class='ocr_line' id='line_1_10' title="bbox 221 1001 1824 1100; baseline 0.001 -28"><span class='ocrx_word' id='word_1_93' title='bbox 221 1001 322 1098; x_wconf 92' lang='lat' dir='ltr'>quod</span> <span class='ocrx_word' id='word_1_94' title='bbox 347 1016 400 1073; x_wconf 87' lang='lat' dir='ltr'>est</span> <span class='ocrx_word' id='word_1_95' title='bbox 423 1006 532 1091; x_wconf 91' lang='lat' dir='ltr'>Deus,</span> <span class='ocrx_word' id='word_1_96' title='bbox 560 1003 652 1074; x_wconf 90' lang='lat' dir='ltr'>acsi</span> <span class='ocrx_word' id='word_1_97' title='bbox 673 1001 840 1074; x_wconf 88' lang='lat' dir='ltr'>videlicet</span> <span class='ocrx_word' id='word_1_98' title='bbox 862 1002 1066 1075; x_wconf 87' lang='lat' dir='ltr'>diceremus</span> <span class='ocrx_word' id='word_1_99' title='bbox 1088 1001 1187 1099; x_wconf 92' lang='lat' dir='ltr'>quod</span> <span class='ocrx_word' id='word_1_100' title='bbox 1210 1006 1308 1073; x_wconf 90' lang='lat' dir='ltr'>Deus</span> <span class='ocrx_word' id='word_1_101' title='bbox 1336 1002 1453 1100; x_wconf 90' lang='lat' dir='ltr'>reipsa</span> <span class='ocrx_word' id='word_1_102' title='bbox 1483 1027 1546 1073; x_wconf 90' lang='lat' dir='ltr'>sua</span> <span class='ocrx_word' id='word_1_103' title='bbox 1568 1017 1697 1073; x_wconf 90' lang='lat' dir='ltr'>natura</span> <span class='ocrx_word' id='word_1_104' title='bbox 1720 1002 1767 1074; x_wconf 90' lang='lat' dir='ltr'>ita</span> <span class='ocrx_word' id='word_1_105' title='bbox 1787 1003 1824 1074; x_wconf 96' lang='lat' dir='ltr'>id</span> 
     </span>
     <span class='ocr_line' id='line_1_11' title="bbox 221 1119 1821 1219; baseline 0 -28"><span class='ocrx_word' id='word_1_106' title='bbox 221 1119 337 1192; x_wconf 81' lang='lat' dir='ltr'>facere</span> <span class='ocrx_word' id='word_1_107' title='bbox 359 1119 600 1219; x_wconf 86' lang='lat' dir='ltr'>compellitur,</span> <span class='ocrx_word' id='word_1_108' title='bbox 625 1134 666 1194; x_wconf 93' lang='lat' dir='ltr'>ut</span> <span class='ocrx_word' id='word_1_109' title='bbox 685 1120 786 1193; x_wconf 92' lang='lat' dir='ltr'>nullo</span> <span class='ocrx_word' id='word_1_110' title='bbox 808 1120 921 1193; x_wconf 93' lang='lat' dir='ltr'>modo</span> <span class='ocrx_word' id='word_1_111' title='bbox 940 1121 1018 1215; x_wconf 89' lang='lat' dir='ltr'>ejus</span> <span class='ocrx_word' id='word_1_112' title='bbox 1043 1135 1171 1192; x_wconf 89' lang='lat' dir='ltr'>natura</span> <span class='ocrx_word' id='word_1_113' title='bbox 1196 1122 1390 1218; x_wconf 87' lang='lat' dir='ltr'>permittat,</span> <span class='ocrx_word' id='word_1_114' title='bbox 1415 1135 1454 1190; x_wconf 93' lang='lat' dir='ltr'>ut</span> <span class='ocrx_word' id='word_1_115' title='bbox 1478 1120 1515 1192; x_wconf 92' lang='lat' dir='ltr'>id</span> <span class='ocrx_word' id='word_1_116' title='bbox 1538 1121 1586 1192; x_wconf 91' lang='lat' dir='ltr'>ita</span> <span class='ocrx_word' id='word_1_117' title='bbox 1604 1145 1677 1191; x_wconf 91' lang='lat' dir='ltr'>non</span> <span class='ocrx_word' id='word_1_118' title='bbox 1698 1120 1821 1212; x_wconf 81' lang='lat' dir='ltr'>iaciat,</span> 
     </span>
     <span class='ocr_line' id='line_1_12' title="bbox 220 1239 1823 1338; baseline 0.001 -29"><span class='ocrx_word' id='word_1_119' title='bbox 220 1239 323 1312; x_wconf 90' lang='lat' dir='ltr'>sicuti</span> <span class='ocrx_word' id='word_1_120' title='bbox 345 1239 442 1312; x_wconf 83' lang='lat' dir='ltr'>lacit.</span> <span class='ocrx_word' id='word_1_121' title='bbox 468 1243 548 1311; x_wconf 90' lang='lat' dir='ltr'>Non</span> <span class='ocrx_word' id='word_1_122' title='bbox 568 1255 688 1312; x_wconf 89' lang='lat' dir='ltr'>tamen</span> <span class='ocrx_word' id='word_1_123' title='bbox 708 1265 853 1312; x_wconf 91' lang='lat' dir='ltr'>necesse</span> <span class='ocrx_word' id='word_1_124' title='bbox 875 1253 929 1312; x_wconf 87' lang='lat' dir='ltr'>est</span> <span class='ocrx_word' id='word_1_125' title='bbox 949 1239 1047 1310; x_wconf 91' lang='lat' dir='ltr'>hunc</span> <span class='ocrx_word' id='word_1_126' title='bbox 1070 1239 1197 1310; x_wconf 90' lang='lat' dir='ltr'>salvari</span> <span class='ocrx_word' id='word_1_127' title='bbox 1219 1264 1283 1338; x_wconf 89' lang='lat' dir='ltr'>per</span> <span class='ocrx_word' id='word_1_128' title='bbox 1300 1264 1402 1328; x_wconf 90' lang='lat' dir='ltr'>eum,</span> <span class='ocrx_word' id='word_1_129' title='bbox 1427 1263 1511 1310; x_wconf 91' lang='lat' dir='ltr'>cum</span> <span class='ocrx_word' id='word_1_130' title='bbox 1528 1239 1731 1310; x_wconf 89' lang='lat' dir='ltr'>nullatenus</span> <span class='ocrx_word' id='word_1_131' title='bbox 1752 1264 1823 1311; x_wconf 90' lang='lat' dir='ltr'>na-</span> 
     </span>
     <span class='ocr_line' id='line_1_13' title="bbox 220 1357 1824 1457; baseline 0.001 -30"><span class='ocrx_word' id='word_1_132' title='bbox 220 1371 299 1430; x_wconf 90' lang='lat' dir='ltr'>tura</span> <span class='ocrx_word' id='word_1_133' title='bbox 324 1359 401 1454; x_wconf 91' lang='lat' dir='ltr'>ejus</span> <span class='ocrx_word' id='word_1_134' title='bbox 425 1359 487 1454; x_wconf 91' lang='lat' dir='ltr'>qui</span> <span class='ocrx_word' id='word_1_135' title='bbox 506 1358 674 1447; x_wconf 86' lang='lat' dir='ltr'>salvatur,</span> <span class='ocrx_word' id='word_1_136' title='bbox 696 1359 735 1431; x_wconf 90' lang='lat' dir='ltr'>id</span> <span class='ocrx_word' id='word_1_137' title='bbox 754 1361 882 1456; x_wconf 82' lang='lat' dir='ltr'>exigat,</span> <span class='ocrx_word' id='word_1_138' title='bbox 905 1373 945 1430; x_wconf 88' lang='lat' dir='ltr'>ut</span> <span class='ocrx_word' id='word_1_139' title='bbox 961 1359 1037 1457; x_wconf 89' lang='lat' dir='ltr'>ipse</span> <span class='ocrx_word' id='word_1_140' title='bbox 1052 1357 1211 1431; x_wconf 87' lang='lat' dir='ltr'>salvetur</span> <span class='ocrx_word' id='word_1_141' title='bbox 1230 1371 1383 1430; x_wconf 88' lang='lat' dir='ltr'>:natura</span> <span class='ocrx_word' id='word_1_142' title='bbox 1402 1358 1536 1455; x_wconf 90' lang='lat' dir='ltr'>quippe</span> <span class='ocrx_word' id='word_1_143' title='bbox 1552 1358 1628 1453; x_wconf 87' lang='lat' dir='ltr'>ejus</span> <span class='ocrx_word' id='word_1_144' title='bbox 1643 1357 1824 1429; x_wconf 89' lang='lat' dir='ltr'>mutabilis</span> 
     </span>
     <span class='ocr_line' id='line_1_14' title="bbox 220 1477 1823 1568; baseline 0 -20"><span class='ocrx_word' id='word_1_145' title='bbox 220 1492 286 1568; x_wconf 90' lang='lat' dir='ltr'>est,</span> <span class='ocrx_word' id='word_1_146' title='bbox 296 1490 333 1548; x_wconf 91' lang='lat' dir='ltr'>et</span> <span class='ocrx_word' id='word_1_147' title='bbox 349 1478 386 1548; x_wconf 90' lang='lat' dir='ltr'>in</span> <span class='ocrx_word' id='word_1_148' title='bbox 406 1477 508 1548; x_wconf 90' lang='lat' dir='ltr'>nullo</span> <span class='ocrx_word' id='word_1_149' title='bbox 525 1502 591 1548; x_wconf 87' lang='lat' dir='ltr'>suo</span> <span class='ocrx_word' id='word_1_150' title='bbox 607 1494 701 1550; x_wconf 88' lang='lat' dir='ltr'>statu</span> <span class='ocrx_word' id='word_1_151' title='bbox 717 1480 917 1551; x_wconf 88' lang='lat' dir='ltr'>necessario</span> <span class='ocrx_word' id='word_1_152' title='bbox 931 1477 1014 1550; x_wconf 83' lang='lat' dir='ltr'>fixa.</span> <span class='ocrx_word' id='word_1_153' title='bbox 1029 1482 1162 1550; x_wconf 89' lang='lat' dir='ltr'>Natura</span> <span class='ocrx_word' id='word_1_154' title='bbox 1170 1503 1257 1549; x_wconf 89' lang='lat' dir='ltr'>vero</span> <span class='ocrx_word' id='word_1_155' title='bbox 1275 1478 1396 1549; x_wconf 83' lang='lat' dir='ltr'>divina</span> <span class='ocrx_word' id='word_1_156' title='bbox 1411 1478 1502 1548; x_wconf 91' lang='lat' dir='ltr'>sicut</span> <span class='ocrx_word' id='word_1_157' title='bbox 1515 1478 1666 1549; x_wconf 92' lang='lat' dir='ltr'>omnino</span> <span class='ocrx_word' id='word_1_158' title='bbox 1685 1478 1823 1549; x_wconf 90' lang='lat' dir='ltr'>incom-</span> 
     </span>
     <span class='ocr_line' id='line_1_15' title="bbox 220 1592 1825 1695; baseline 0.001 -28"><span class='ocrx_word' id='word_1_159' title='bbox 220 1592 402 1668; x_wconf 91' lang='lat' dir='ltr'>mutabilis</span> <span class='ocrx_word' id='word_1_160' title='bbox 416 1611 473 1668; x_wconf 89' lang='lat' dir='ltr'>cst</span> <span class='ocrx_word' id='word_1_161' title='bbox 489 1610 596 1694; x_wconf 88' lang='lat' dir='ltr'>atque</span> <span class='ocrx_word' id='word_1_162' title='bbox 610 1596 838 1689; x_wconf 78' lang='lat' dir='ltr'>invariabilis,</span> <span class='ocrx_word' id='word_1_163' title='bbox 854 1599 901 1669; x_wconf 92' lang='lat' dir='ltr'>ita</span> <span class='ocrx_word' id='word_1_164' title='bbox 919 1599 1006 1669; x_wconf 89' lang='lat' dir='ltr'>etin</span> <span class='ocrx_word' id='word_1_165' title='bbox 1023 1598 1124 1670; x_wconf 92' lang='lat' dir='ltr'>omni</span> <span class='ocrx_word' id='word_1_166' title='bbox 1140 1622 1206 1668; x_wconf 93' lang='lat' dir='ltr'>suo</span> <span class='ocrx_word' id='word_1_167' title='bbox 1223 1611 1330 1687; x_wconf 88' lang='lat' dir='ltr'>statu,</span> <span class='ocrx_word' id='word_1_168' title='bbox 1347 1621 1392 1667; x_wconf 92' lang='lat' dir='ltr'>eo</span> <span class='ocrx_word' id='word_1_169' title='bbox 1410 1595 1520 1668; x_wconf 90' lang='lat' dir='ltr'>modo</span> <span class='ocrx_word' id='word_1_170' title='bbox 1543 1621 1617 1694; x_wconf 92' lang='lat' dir='ltr'>quo</span> <span class='ocrx_word' id='word_1_171' title='bbox 1637 1610 1825 1695; x_wconf 89' lang='lat' dir='ltr'>permanet</span> 
     </span>
     <span class='ocr_line' id='line_1_16' title="bbox 219 1714 1885 1816; baseline 0.002 -30"><span class='ocrx_word' id='word_1_172' title='bbox 219 1714 565 1788; x_wconf 73' lang='lat' dir='ltr'>incommutabiliter</span> <span class='ocrx_word' id='word_1_173' title='bbox 585 1718 758 1814; x_wconf 83' lang='lat' dir='ltr'>persistit,</span> <span class='ocrx_word' id='word_1_174' title='bbox 777 1732 885 1815; x_wconf 90' lang='lat' dir='ltr'>atque</span> <span class='ocrx_word' id='word_1_175' title='bbox 907 1742 949 1789; x_wconf 83' lang='lat' dir='ltr'>ex</span> <span class='ocrx_word' id='word_1_176' title='bbox 967 1718 1044 1816; x_wconf 87' lang='lat' dir='ltr'>ipsa</span> <span class='ocrx_word' id='word_1_177' title='bbox 1066 1742 1131 1788; x_wconf 89' lang='lat' dir='ltr'>sua</span> <span class='ocrx_word' id='word_1_178' title='bbox 1155 1715 1428 1815; x_wconf 87' lang='lat' dir='ltr'>incomparabili</span> <span class='ocrx_word' id='word_1_179' title='bbox 1449 1716 1611 1787; x_wconf 89' lang='lat' dir='ltr'>bonitate</span> <span class='ocrx_word' id='word_1_180' title='bbox 1633 1715 1681 1787; x_wconf 92' lang='lat' dir='ltr'>ad</span> <span class='ocrx_word' id='word_1_181' title='bbox 1702 1717 1825 1789; x_wconf 87' lang='lat' dir='ltr'>omnia</span> <span class='ocrx_word' id='word_1_182' title='bbox 1883 1737 1885 1741; x_wconf 88' lang='grc'><strong><em>·</em></strong></span> 
     </span>
     <span class='ocr_line' id='line_1_17' title="bbox 220 1834 1823 1935; baseline -0.001 -29"><span class='ocrx_word' id='word_1_183' title='bbox 220 1859 300 1932; x_wconf 85' lang='lat' dir='ltr'>quae</span> <span class='ocrx_word' id='word_1_184' title='bbox 316 1834 407 1907; x_wconf 91' lang='lat' dir='ltr'>velle</span> <span class='ocrx_word' id='word_1_185' title='bbox 431 1860 518 1907; x_wconf 92' lang='lat' dir='ltr'>eum</span> <span class='ocrx_word' id='word_1_186' title='bbox 538 1850 573 1907; x_wconf 91' lang='lat' dir='ltr'>et</span> <span class='ocrx_word' id='word_1_187' title='bbox 592 1835 707 1909; x_wconf 83' lang='lat' dir='ltr'>iacere</span> <span class='ocrx_word' id='word_1_188' title='bbox 728 1852 889 1935; x_wconf 86' lang='lat' dir='ltr'>oportet,</span> <span class='ocrx_word' id='word_1_189' title='bbox 917 1838 1131 1928; x_wconf 87' lang='lat' dir='ltr'>necessario,</span> <span class='ocrx_word' id='word_1_190' title='bbox 1158 1851 1199 1907; x_wconf 92' lang='lat' dir='ltr'>ut</span> <span class='ocrx_word' id='word_1_191' title='bbox 1215 1837 1264 1908; x_wconf 91' lang='lat' dir='ltr'>ita</span> <span class='ocrx_word' id='word_1_192' title='bbox 1288 1836 1421 1925; x_wconf 89' lang='lat' dir='ltr'>dicam,</span> <span class='ocrx_word' id='word_1_193' title='bbox 1447 1850 1618 1925; x_wconf 89' lang='lat' dir='ltr'>mutatur,</span> <span class='ocrx_word' id='word_1_194' title='bbox 1645 1848 1685 1906; x_wconf 88' lang='lat' dir='ltr'>nt</span> <span class='ocrx_word' id='word_1_195' title='bbox 1709 1848 1744 1906; x_wconf 90' lang='lat' dir='ltr'>et</span> <span class='ocrx_word' id='word_1_196' title='bbox 1773 1835 1823 1905; x_wconf 91' lang='lat' dir='ltr'>sic</span> 
     </span>
     <span class='ocr_line' id='line_1_18' title="bbox 217 1953 1823 2054; baseline 0.001 -28"><span class='ocrx_word' id='word_1_197' title='bbox 217 1953 303 2027; x_wconf 85' lang='lat' dir='ltr'>velit</span> <span class='ocrx_word' id='word_1_198' title='bbox 328 1969 364 2027; x_wconf 90' lang='lat' dir='ltr'>et</span> <span class='ocrx_word' id='word_1_199' title='bbox 394 1954 566 2053; x_wconf 84' lang='lat' dir='ltr'>perficiat.</span> <span class='ocrx_word' id='word_1_200' title='bbox 599 1959 749 2029; x_wconf 87' lang='lat' dir='ltr'>Necesse</span> <span class='ocrx_word' id='word_1_201' title='bbox 777 1971 829 2028; x_wconf 88' lang='lat' dir='ltr'>est</span> <span class='ocrx_word' id='word_1_202' title='bbox 851 1959 972 2054; x_wconf 87' lang='lat' dir='ltr'>itaque</span> <span class='ocrx_word' id='word_1_203' title='bbox 999 1962 1113 2029; x_wconf 90' lang='lat' dir='ltr'>Deum</span> <span class='ocrx_word' id='word_1_204' title='bbox 1141 1956 1179 2028; x_wconf 94' lang='lat' dir='ltr'>id</span> <span class='ocrx_word' id='word_1_205' title='bbox 1204 1957 1339 2048; x_wconf 82' lang='lat' dir='ltr'>iacere,</span> <span class='ocrx_word' id='word_1_206' title='bbox 1371 1954 1472 2054; x_wconf 93' lang='lat' dir='ltr'>quod</span> <span class='ocrx_word' id='word_1_207' title='bbox 1495 1979 1570 2025; x_wconf 91' lang='lat' dir='ltr'>non</span> <span class='ocrx_word' id='word_1_208' title='bbox 1595 1969 1650 2025; x_wconf 89' lang='lat' dir='ltr'>est</span> <span class='ocrx_word' id='word_1_209' title='bbox 1678 1979 1823 2027; x_wconf 87' lang='lat' dir='ltr'>necesse</span> 
     </span>
     <span class='ocr_line' id='line_1_19' title="bbox 218 2073 1823 2174; baseline -0.001 -28"><span class='ocrx_word' id='word_1_210' title='bbox 218 2073 332 2146; x_wconf 90' lang='lat' dir='ltr'>abeo</span> <span class='ocrx_word' id='word_1_211' title='bbox 360 2073 450 2148; x_wconf 86' lang='lat' dir='ltr'>fieri.</span> <span class='ocrx_word' id='word_1_212' title='bbox 480 2074 532 2146; x_wconf 89' lang='lat' dir='ltr'>lbi</span> <span class='ocrx_word' id='word_1_213' title='bbox 552 2075 686 2174; x_wconf 90' lang='lat' dir='ltr'>quippe</span> <span class='ocrx_word' id='word_1_214' title='bbox 703 2077 755 2148; x_wconf 88' lang='lat' dir='ltr'>vis</span> <span class='ocrx_word' id='word_1_215' title='bbox 780 2075 1054 2149; x_wconf 88' lang='lat' dir='ltr'>necessitudinis</span> <span class='ocrx_word' id='word_1_216' title='bbox 1077 2075 1123 2149; x_wconf 90' lang='lat' dir='ltr'>ad</span> <span class='ocrx_word' id='word_1_217' title='bbox 1143 2074 1404 2149; x_wconf 89' lang='lat' dir='ltr'>immutabilem</span> <span class='ocrx_word' id='word_1_218' title='bbox 1425 2074 1491 2145; x_wconf 88' lang='lat' dir='ltr'>Dei</span> <span class='ocrx_word' id='word_1_219' title='bbox 1516 2088 1682 2145; x_wconf 90' lang='lat' dir='ltr'>naturam</span> <span class='ocrx_word' id='word_1_220' title='bbox 1708 2074 1823 2172; x_wconf 88' lang='lat' dir='ltr'>appli-</span> 
     </span>
     <span class='ocr_line' id='line_1_20' title="bbox 217 2191 1823 2293; baseline 0.001 -29"><span class='ocrx_word' id='word_1_221' title='bbox 217 2207 335 2286; x_wconf 86' lang='lat' dir='ltr'>catur,</span> <span class='ocrx_word' id='word_1_222' title='bbox 368 2194 428 2266; x_wconf 95' lang='lat' dir='ltr'>hic</span> <span class='ocrx_word' id='word_1_223' title='bbox 452 2195 499 2268; x_wconf 93' lang='lat' dir='ltr'>ad</span> <span class='ocrx_word' id='word_1_224' title='bbox 519 2196 737 2293; x_wconf 90' lang='lat' dir='ltr'>operationis</span> <span class='ocrx_word' id='word_1_225' title='bbox 760 2195 836 2292; x_wconf 87' lang='lat' dir='ltr'>ejus</span> <span class='ocrx_word' id='word_1_226' title='bbox 852 2194 1148 2268; x_wconf 85' lang='lat' dir='ltr'>commutabilem</span> <span class='ocrx_word' id='word_1_227' title='bbox 1165 2208 1354 2286; x_wconf 88' lang='lat' dir='ltr'>eventum,</span> <span class='ocrx_word' id='word_1_228' title='bbox 1373 2219 1482 2290; x_wconf 86' lang='lat' dir='ltr'>quem</span> <span class='ocrx_word' id='word_1_229' title='bbox 1499 2217 1599 2289; x_wconf 83' lang='lat' dir='ltr'>aeque</span> <span class='ocrx_word' id='word_1_230' title='bbox 1617 2191 1694 2263; x_wconf 83' lang='lat' dir='ltr'>lieri</span> <span class='ocrx_word' id='word_1_231' title='bbox 1710 2194 1823 2291; x_wconf 88' lang='lat' dir='ltr'>possi·</span> 
     </span>
     <span class='ocr_line' id='line_1_21' title="bbox 217 2310 1820 2403; baseline 0.001 -21"><span class='ocrx_word' id='word_1_232' title='bbox 217 2310 290 2384; x_wconf 92' lang='lat' dir='ltr'>bile</span> <span class='ocrx_word' id='word_1_233' title='bbox 312 2327 377 2401; x_wconf 91' lang='lat' dir='ltr'>est,</span> <span class='ocrx_word' id='word_1_234' title='bbox 403 2338 487 2385; x_wconf 90' lang='lat' dir='ltr'>cum</span> <span class='ocrx_word' id='word_1_235' title='bbox 503 2314 640 2386; x_wconf 91' lang='lat' dir='ltr'>nullam</span> <span class='ocrx_word' id='word_1_236' title='bbox 656 2314 711 2385; x_wconf 88' lang='lat' dir='ltr'>sui</span> <span class='ocrx_word' id='word_1_237' title='bbox 725 2328 873 2387; x_wconf 89' lang='lat' dir='ltr'>eventus</span> <span class='ocrx_word' id='word_1_238' title='bbox 892 2314 1196 2387; x_wconf 88' lang='lat' dir='ltr'>necessitudinem</span> <span class='ocrx_word' id='word_1_239' title='bbox 1217 2328 1347 2385; x_wconf 88' lang='lat' dir='ltr'>teneat.</span> <span class='ocrx_word' id='word_1_240' title='bbox 1367 2311 1536 2383; x_wconf 89' lang='lat' dir='ltr'>Similiter</span> <span class='ocrx_word' id='word_1_241' title='bbox 1552 2336 1635 2383; x_wconf 93' lang='lat' dir='ltr'>cum</span> <span class='ocrx_word' id='word_1_242' title='bbox 1654 2311 1820 2403; x_wconf 91' lang='lat' dir='ltr'>dicimus,</span> 
     </span>
     <span class='ocr_line' id='line_1_22' title="bbox 218 2430 1820 2532; baseline 0 -30"><span class='ocrx_word' id='word_1_243' title='bbox 218 2430 392 2530; x_wconf 89' lang='lat' dir='ltr'>possibile</span> <span class='ocrx_word' id='word_1_244' title='bbox 417 2448 471 2504; x_wconf 91' lang='lat' dir='ltr'>est</span> <span class='ocrx_word' id='word_1_245' title='bbox 501 2431 601 2504; x_wconf 90' lang='lat' dir='ltr'>bunc</span> <span class='ocrx_word' id='word_1_246' title='bbox 625 2434 753 2505; x_wconf 89' lang='lat' dir='ltr'>salvari</span> <span class='ocrx_word' id='word_1_247' title='bbox 775 2459 840 2531; x_wconf 92' lang='lat' dir='ltr'>per</span> <span class='ocrx_word' id='word_1_248' title='bbox 872 2437 1012 2523; x_wconf 88' lang='lat' dir='ltr'>Deum,</span> <span class='ocrx_word' id='word_1_249' title='bbox 1042 2447 1078 2505; x_wconf 91' lang='lat' dir='ltr'>et</span> <span class='ocrx_word' id='word_1_250' title='bbox 1109 2432 1284 2532; x_wconf 87' lang='lat' dir='ltr'>possibile</span> <span class='ocrx_word' id='word_1_251' title='bbox 1308 2447 1361 2503; x_wconf 89' lang='lat' dir='ltr'>est</span> <span class='ocrx_word' id='word_1_252' title='bbox 1383 2436 1500 2503; x_wconf 89' lang='lat' dir='ltr'>Deum</span> <span class='ocrx_word' id='word_1_253' title='bbox 1532 2431 1632 2503; x_wconf 90' lang='lat' dir='ltr'>hunc</span> <span class='ocrx_word' id='word_1_254' title='bbox 1664 2431 1820 2523; x_wconf 81' lang='lat' dir='ltr'>salvare3</span> 
     </span>
     <span class='ocr_line' id='line_1_23' title="bbox 215 2549 1822 2649; baseline 0.001 -27"><span class='ocrx_word' id='word_1_255' title='bbox 215 2549 267 2622; x_wconf 93' lang='lat' dir='ltr'>ibi</span> <span class='ocrx_word' id='word_1_256' title='bbox 292 2550 340 2623; x_wconf 92' lang='lat' dir='ltr'>ad</span> <span class='ocrx_word' id='word_1_257' title='bbox 367 2564 534 2623; x_wconf 88' lang='lat' dir='ltr'>naturam</span> <span class='ocrx_word' id='word_1_258' title='bbox 557 2550 677 2647; x_wconf 91' lang='lat' dir='ltr'>hujus,</span> <span class='ocrx_word' id='word_1_259' title='bbox 702 2551 763 2624; x_wconf 92' lang='lat' dir='ltr'>bic</span> <span class='ocrx_word' id='word_1_260' title='bbox 786 2552 834 2624; x_wconf 90' lang='lat' dir='ltr'>ad</span> <span class='ocrx_word' id='word_1_261' title='bbox 858 2564 1027 2626; x_wconf 89' lang='lat' dir='ltr'>naturam</span> <span class='ocrx_word' id='word_1_262' title='bbox 1049 2553 1116 2623; x_wconf 89' lang='lat' dir='ltr'>Dei</span> <span class='ocrx_word' id='word_1_263' title='bbox 1135 2551 1349 2649; x_wconf 88' lang='lat' dir='ltr'>possibilitas</span> <span class='ocrx_word' id='word_1_264' title='bbox 1372 2549 1535 2622; x_wconf 81' lang='lat' dir='ltr'>refertur.</span> <span class='ocrx_word' id='word_1_265' title='bbox 1555 2549 1636 2637; x_wconf 79' lang='lat' dir='ltr'>Tale</span> <span class='ocrx_word' id='word_1_266' title='bbox 1659 2574 1744 2646; x_wconf 83' lang='lat' dir='ltr'>ergo</span> <span class='ocrx_word' id='word_1_267' title='bbox 1769 2567 1822 2624; x_wconf 90' lang='lat' dir='ltr'>est</span> 
     </span>
     <span class='ocr_line' id='line_1_24' title="bbox 217 2667 1822 2770; baseline 0.001 -30"><span class='ocrx_word' id='word_1_268' title='bbox 217 2668 319 2767; x_wconf 93' lang='lat' dir='ltr'>quod</span> <span class='ocrx_word' id='word_1_269' title='bbox 343 2668 474 2741; x_wconf 90' lang='lat' dir='ltr'>dicitur</span> <span class='ocrx_word' id='word_1_270' title='bbox 493 2696 502 2741; x_wconf 79' lang='lat' dir='ltr'>t</span> <span class='ocrx_word' id='word_1_271' title='bbox 524 2669 696 2770; x_wconf 89' lang='lat' dir='ltr'>possibile</span> <span class='ocrx_word' id='word_1_272' title='bbox 716 2686 770 2743; x_wconf 90' lang='lat' dir='ltr'>est</span> <span class='ocrx_word' id='word_1_273' title='bbox 795 2670 894 2743; x_wconf 92' lang='lat' dir='ltr'>bunc</span> <span class='ocrx_word' id='word_1_274' title='bbox 918 2671 1048 2744; x_wconf 81' lang='lat' dir='ltr'>salvari</span> <span class='ocrx_word' id='word_1_275' title='bbox 1069 2694 1091 2742; x_wconf 89' lang='lat' dir='ltr'>a</span> <span class='ocrx_word' id='word_1_276' title='bbox 1115 2674 1206 2763; x_wconf 91' lang='lat' dir='ltr'>Deo,</span> <span class='ocrx_word' id='word_1_277' title='bbox 1239 2695 1281 2742; x_wconf 87' lang='lat' dir='ltr'>ac</span> <span class='ocrx_word' id='word_1_278' title='bbox 1307 2671 1336 2741; x_wconf 92' lang='lat' dir='ltr'>si</span> <span class='ocrx_word' id='word_1_279' title='bbox 1363 2669 1543 2742; x_wconf 86' lang='lat' dir='ltr'>diceretur</span> <span class='ocrx_word' id='word_1_280' title='bbox 1569 2667 1669 2766; x_wconf 93' lang='lat' dir='ltr'>quod</span> <span class='ocrx_word' id='word_1_281' title='bbox 1694 2684 1822 2743; x_wconf 91' lang='lat' dir='ltr'>natura</span> 
     </span>
     <span class='ocr_line' id='line_1_25' title="bbox 218 2785 1821 2888; baseline -0.001 -27"><span class='ocrx_word' id='word_1_282' title='bbox 218 2789 297 2886; x_wconf 87' lang='lat' dir='ltr'>ejus</span> <span class='ocrx_word' id='word_1_283' title='bbox 322 2790 473 2861; x_wconf 90' lang='lat' dir='ltr'>omnino</span> <span class='ocrx_word' id='word_1_284' title='bbox 497 2791 718 2888; x_wconf 88' lang='lat' dir='ltr'>permitteret</span> <span class='ocrx_word' id='word_1_285' title='bbox 745 2816 829 2863; x_wconf 90' lang='lat' dir='ltr'>eum</span> <span class='ocrx_word' id='word_1_286' title='bbox 855 2790 984 2863; x_wconf 86' lang='lat' dir='ltr'>salvari</span> <span class='ocrx_word' id='word_1_287' title='bbox 1014 2814 1036 2863; x_wconf 92' lang='lat' dir='ltr'>a</span> <span class='ocrx_word' id='word_1_288' title='bbox 1065 2793 1175 2882; x_wconf 80' lang='lat' dir='ltr'>Deo,</span> <span class='ocrx_word' id='word_1_289' title='bbox 1193 2813 1277 2861; x_wconf 91' lang='lat' dir='ltr'>cum</span> <span class='ocrx_word' id='word_1_290' title='bbox 1306 2786 1407 2860; x_wconf 93' lang='lat' dir='ltr'>nullo</span> <span class='ocrx_word' id='word_1_291' title='bbox 1432 2787 1544 2858; x_wconf 92' lang='lat' dir='ltr'>modo</span> <span class='ocrx_word' id='word_1_292' title='bbox 1569 2785 1615 2857; x_wconf 90' lang='lat' dir='ltr'>ad</span> <span class='ocrx_word' id='word_1_293' title='bbox 1641 2785 1712 2858; x_wconf 92' lang='lat' dir='ltr'>boc</span> <span class='ocrx_word' id='word_1_294' title='bbox 1743 2788 1821 2884; x_wconf 88' lang='lat' dir='ltr'>ipsa</span> 
     </span>
     <span class='ocr_line' id='line_1_26' title="bbox 217 2904 1820 3009; baseline -0.001 -29"><span class='ocrx_word' id='word_1_295' title='bbox 217 2925 454 3007; x_wconf 81' lang='lat' dir='ltr'>repugnaret3</span> <span class='ocrx_word' id='word_1_296' title='bbox 479 2910 578 3008; x_wconf 93' lang='lat' dir='ltr'>quod</span> <span class='ocrx_word' id='word_1_297' title='bbox 600 2910 747 3009; x_wconf 90' lang='lat' dir='ltr'>quidem</span> <span class='ocrx_word' id='word_1_298' title='bbox 763 2936 890 2983; x_wconf 88' lang='lat' dir='ltr'>verum</span> <span class='ocrx_word' id='word_1_299' title='bbox 915 2926 981 2982; x_wconf 81' lang='lat' dir='ltr'>est.</span> <span class='ocrx_word' id='word_1_300' title='bbox 1003 2914 1125 2997; x_wconf 89' lang='lat' dir='ltr'>Quum</span> <span class='ocrx_word' id='word_1_301' title='bbox 1140 2933 1228 2982; x_wconf 84' lang='lat' dir='ltr'>vcro</span> <span class='ocrx_word' id='word_1_302' title='bbox 1256 2909 1387 2981; x_wconf 88' lang='lat' dir='ltr'>dicitur</span> <span class='ocrx_word' id='word_1_303' title='bbox 1413 2935 1421 2978; x_wconf 91' lang='lat'><strong>:</strong></span> <span class='ocrx_word' id='word_1_304' title='bbox 1443 2904 1614 3005; x_wconf 90' lang='lat' dir='ltr'>possibile</span> <span class='ocrx_word' id='word_1_305' title='bbox 1630 2919 1684 2977; x_wconf 90' lang='lat' dir='ltr'>est</span> <span class='ocrx_word' id='word_1_306' title='bbox 1702 2910 1820 2978; x_wconf 90' lang='lat' dir='ltr'>Deum</span> 
     </span>
     <span class='ocr_line' id='line_1_27' title="bbox 215 3026 1821 3128; baseline -0.001 -27"><span class='ocrx_word' id='word_1_307' title='bbox 215 3027 354 3102; x_wconf 80' lang='lat' dir='ltr'>salvare</span> <span class='ocrx_word' id='word_1_308' title='bbox 380 3029 500 3119; x_wconf 91' lang='lat' dir='ltr'>bunc,</span> <span class='ocrx_word' id='word_1_309' title='bbox 530 3029 598 3103; x_wconf 88' lang='lat' dir='ltr'>tale</span> <span class='ocrx_word' id='word_1_310' title='bbox 616 3045 671 3103; x_wconf 87' lang='lat' dir='ltr'>est</span> <span class='ocrx_word' id='word_1_311' title='bbox 692 3055 735 3104; x_wconf 91' lang='lat' dir='ltr'>ac</span> <span class='ocrx_word' id='word_1_312' title='bbox 753 3031 784 3103; x_wconf 90' lang='lat' dir='ltr'>si</span> <span class='ocrx_word' id='word_1_313' title='bbox 804 3030 944 3104; x_wconf 87' lang='lat' dir='ltr'>dicatur</span> <span class='ocrx_word' id='word_1_314' title='bbox 962 3028 1062 3128; x_wconf 94' lang='lat' dir='ltr'>quod</span> <span class='ocrx_word' id='word_1_315' title='bbox 1087 3044 1216 3102; x_wconf 91' lang='lat' dir='ltr'>natura</span> <span class='ocrx_word' id='word_1_316' title='bbox 1248 3030 1315 3102; x_wconf 89' lang='lat' dir='ltr'>Dei</span> <span class='ocrx_word' id='word_1_317' title='bbox 1341 3028 1492 3101; x_wconf 93' lang='lat' dir='ltr'>omnino</span> <span class='ocrx_word' id='word_1_318' title='bbox 1513 3026 1697 3126; x_wconf 86' lang='lat' dir='ltr'>permittat</span> <span class='ocrx_word' id='word_1_319' title='bbox 1720 3026 1821 3125; x_wconf 91' lang='lat' dir='ltr'>quod</span> 
     </span>
     <span class='ocr_line' id='line_1_28' title="bbox 215 3145 1816 3249; baseline -0.001 -30"><span class='ocrx_word' id='word_1_320' title='bbox 215 3173 302 3220; x_wconf 89' lang='lat' dir='ltr'>eum</span> <span class='ocrx_word' id='word_1_321' title='bbox 326 3153 423 3221; x_wconf 92' lang='lat' dir='ltr'>Deus</span> <span class='ocrx_word' id='word_1_322' title='bbox 450 3150 578 3237; x_wconf 88' lang='lat' dir='ltr'>salvet,</span> <span class='ocrx_word' id='word_1_323' title='bbox 606 3150 706 3248; x_wconf 90' lang='lat' dir='ltr'>quod</span> <span class='ocrx_word' id='word_1_324' title='bbox 728 3175 956 3249; x_wconf 90' lang='lat' dir='ltr'>nequaquam</span> <span class='ocrx_word' id='word_1_325' title='bbox 976 3176 1101 3222; x_wconf 87' lang='lat' dir='ltr'>verum</span> <span class='ocrx_word' id='word_1_326' title='bbox 1124 3165 1195 3241; x_wconf 91' lang='lat' dir='ltr'>est,</span> <span class='ocrx_word' id='word_1_327' title='bbox 1221 3164 1390 3248; x_wconf 88' lang='lat' dir='ltr'>utsupra</span> <span class='ocrx_word' id='word_1_328' title='bbox 1413 3149 1489 3244; x_wconf 91' lang='lat' dir='ltr'>jam</span> <span class='ocrx_word' id='word_1_329' title='bbox 1511 3145 1816 3218; x_wconf 83' lang='lat' dir='ltr'>confirmavimus.</span> 
     </span>
     <span class='ocr_line' id='line_1_29' title="bbox 212 3265 1820 3368; baseline -0.001 -29"><span class='ocrx_word' id='word_1_330' title='bbox 212 3269 273 3339; x_wconf 92' lang='lat' dir='ltr'>Sic</span> <span class='ocrx_word' id='word_1_331' title='bbox 295 3282 331 3341; x_wconf 90' lang='lat' dir='ltr'>et</span> <span class='ocrx_word' id='word_1_332' title='bbox 348 3293 478 3342; x_wconf 89' lang='lat' dir='ltr'>vocem</span> <span class='ocrx_word' id='word_1_333' title='bbox 506 3269 702 3342; x_wconf 88' lang='lat' dir='ltr'>audibilem</span> <span class='ocrx_word' id='word_1_334' title='bbox 722 3271 886 3361; x_wconf 91' lang='lat' dir='ltr'>dicimus,</span> <span class='ocrx_word' id='word_1_335' title='bbox 914 3270 987 3342; x_wconf 93' lang='lat' dir='ltr'>hoc</span> <span class='ocrx_word' id='word_1_336' title='bbox 1015 3284 1069 3342; x_wconf 91' lang='lat' dir='ltr'>est</span> <span class='ocrx_word' id='word_1_337' title='bbox 1089 3284 1251 3368; x_wconf 88' lang='lat' dir='ltr'>apertam</span> <span class='ocrx_word' id='word_1_338' title='bbox 1270 3295 1313 3341; x_wconf 85' lang='lat' dir='ltr'>er</span> <span class='ocrx_word' id='word_1_339' title='bbox 1337 3293 1375 3341; x_wconf 90' lang='lat' dir='ltr'>se</span> <span class='ocrx_word' id='word_1_340' title='bbox 1400 3269 1477 3366; x_wconf 89' lang='lat' dir='ltr'>ipsa</span> <span class='ocrx_word' id='word_1_341' title='bbox 1493 3265 1635 3353; x_wconf 90' lang='lat' dir='ltr'>audiri,</span> <span class='ocrx_word' id='word_1_342' title='bbox 1655 3267 1820 3363; x_wconf 86' lang='lat' dir='ltr'>quamvis</span> 
     </span>
     <span class='ocr_line' id='line_1_30' title="bbox 216 3384 1820 3488; baseline -0.001 -29"><span class='ocrx_word' id='word_1_343' title='bbox 216 3388 339 3459; x_wconf 93' lang='lat' dir='ltr'>nullus</span> <span class='ocrx_word' id='word_1_344' title='bbox 363 3389 484 3463; x_wconf 86' lang='lat' dir='ltr'>adbuc</span> <span class='ocrx_word' id='word_1_345' title='bbox 509 3404 600 3462; x_wconf 88' lang='lat' dir='ltr'>esset</span> <span class='ocrx_word' id='word_1_346' title='bbox 626 3390 689 3488; x_wconf 93' lang='lat' dir='ltr'>qui</span> <span class='ocrx_word' id='word_1_347' title='bbox 710 3415 789 3463; x_wconf 90' lang='lat' dir='ltr'>eam</span> <span class='ocrx_word' id='word_1_348' title='bbox 822 3391 947 3462; x_wconf 89' lang='lat' dir='ltr'>audire</span> <span class='ocrx_word' id='word_1_349' title='bbox 975 3388 1171 3483; x_wconf 80' lang='lat' dir='ltr'>sufficeret3</span> <span class='ocrx_word' id='word_1_350' title='bbox 1198 3402 1234 3460; x_wconf 92' lang='lat' dir='ltr'>et</span> <span class='ocrx_word' id='word_1_351' title='bbox 1264 3413 1390 3485; x_wconf 82' lang='lat' dir='ltr'>agrum</span> <span class='ocrx_word' id='word_1_352' title='bbox 1411 3402 1536 3486; x_wconf 88' lang='lat' dir='ltr'>aptum</span> <span class='ocrx_word' id='word_1_353' title='bbox 1558 3384 1694 3476; x_wconf 79' lang='lat' dir='ltr'>excoli,</span> <span class='ocrx_word' id='word_1_354' title='bbox 1720 3399 1820 3458; x_wconf 90' lang='lat' dir='ltr'>ante·</span> 
     </span>
     <span class='ocr_line' id='line_1_31' title="bbox 216 3504 1820 3609; baseline -0.001 -30"><span class='ocrx_word' id='word_1_355' title='bbox 216 3531 328 3604; x_wconf 87' lang='lat' dir='ltr'>quam</span> <span class='ocrx_word' id='word_1_356' title='bbox 346 3510 455 3582; x_wconf 89' lang='lat' dir='ltr'>ctiam</span> <span class='ocrx_word' id='word_1_357' title='bbox 483 3524 664 3582; x_wconf 87' lang='lat' dir='ltr'>crearetur</span> <span class='ocrx_word' id='word_1_358' title='bbox 680 3512 743 3609; x_wconf 90' lang='lat' dir='ltr'>qui</span> <span class='ocrx_word' id='word_1_359' title='bbox 760 3535 843 3582; x_wconf 90' lang='lat' dir='ltr'>eum</span> <span class='ocrx_word' id='word_1_360' title='bbox 857 3510 1020 3583; x_wconf 79' lang='lat' dir='ltr'>excolere</span> <span class='ocrx_word' id='word_1_361' title='bbox 1036 3509 1184 3583; x_wconf 80' lang='lat' dir='ltr'>valeret.</span> <span class='ocrx_word' id='word_1_362' title='bbox 1212 3514 1264 3581; x_wconf 83' lang='lat' dir='ltr'>Er</span> <span class='ocrx_word' id='word_1_363' title='bbox 1281 3534 1320 3581; x_wconf 91' lang='lat' dir='ltr'>se</span> <span class='ocrx_word' id='word_1_364' title='bbox 1335 3509 1471 3607; x_wconf 89' lang='lat' dir='ltr'>quippe</span> <span class='ocrx_word' id='word_1_365' title='bbox 1487 3506 1573 3606; x_wconf 91' lang='lat' dir='ltr'>ipsis</span> <span class='ocrx_word' id='word_1_366' title='bbox 1586 3506 1661 3602; x_wconf 84' lang='lat' dir='ltr'>jam</span> <span class='ocrx_word' id='word_1_367' title='bbox 1685 3504 1820 3578; x_wconf 85' lang='lat' dir='ltr'>habent</span> 
     </span>
     <span class='ocr_line' id='line_1_32' title="bbox 214 3625 1820 3726; baseline 0 -29"><span class='ocrx_word' id='word_1_368' title='bbox 214 3651 285 3697; x_wconf 80' lang='lat' dir='ltr'>vox</span> <span class='ocrx_word' id='word_1_369' title='bbox 312 3642 348 3699; x_wconf 92' lang='lat' dir='ltr'>et</span> <span class='ocrx_word' id='word_1_370' title='bbox 374 3654 470 3726; x_wconf 80' lang='lat' dir='ltr'>ager,</span> <span class='ocrx_word' id='word_1_371' title='bbox 495 3643 536 3701; x_wconf 93' lang='lat' dir='ltr'>ut</span> <span class='ocrx_word' id='word_1_372' title='bbox 556 3654 596 3701; x_wconf 86' lang='lat' dir='ltr'>se</span> <span class='ocrx_word' id='word_1_373' title='bbox 618 3629 791 3704; x_wconf 83' lang='lat' dir='ltr'>audiendi</span> <span class='ocrx_word' id='word_1_374' title='bbox 813 3631 870 3703; x_wconf 85' lang='lat' dir='ltr'>vel</span> <span class='ocrx_word' id='word_1_375' title='bbox 896 3629 1040 3702; x_wconf 89' lang='lat' dir='ltr'>colendi</span> <span class='ocrx_word' id='word_1_376' title='bbox 1063 3630 1110 3703; x_wconf 91' lang='lat' dir='ltr'>ad</span> <span class='ocrx_word' id='word_1_377' title='bbox 1137 3629 1210 3702; x_wconf 93' lang='lat' dir='ltr'>boc</span> <span class='ocrx_word' id='word_1_378' title='bbox 1234 3629 1367 3701; x_wconf 90' lang='lat' dir='ltr'>idonea</span> <span class='ocrx_word' id='word_1_379' title='bbox 1391 3626 1592 3725; x_wconf 72' lang='lat' dir='ltr'>prebean13</span> <span class='ocrx_word' id='word_1_380' title='bbox 1621 3650 1704 3696; x_wconf 92' lang='lat' dir='ltr'>cum</span> <span class='ocrx_word' id='word_1_381' title='bbox 1730 3625 1820 3697; x_wconf 91' lang='lat' dir='ltr'>nihil</span> 
     </span>
     <span class='ocr_line' id='line_1_33' title="bbox 216 3742 1819 3848; baseline 0.001 -32"><span class='ocrx_word' id='word_1_382' title='bbox 216 3742 365 3817; x_wconf 90' lang='lat' dir='ltr'>ulterius</span> <span class='ocrx_word' id='word_1_383' title='bbox 389 3748 427 3819; x_wconf 90' lang='lat' dir='ltr'>in</span> <span class='ocrx_word' id='word_1_384' title='bbox 458 3750 508 3820; x_wconf 89' lang='lat' dir='ltr'>cis</span> <span class='ocrx_word' id='word_1_385' title='bbox 536 3750 716 3844; x_wconf 82' lang='lat' dir='ltr'>agendum</span> <span class='ocrx_word' id='word_1_386' title='bbox 739 3764 849 3843; x_wconf 84' lang='lat' dir='ltr'>esset,</span> <span class='ocrx_word' id='word_1_387' title='bbox 877 3750 1022 3847; x_wconf 89' lang='lat' dir='ltr'>quoad</span> <span class='ocrx_word' id='word_1_388' title='bbox 1048 3749 1121 3822; x_wconf 93' lang='lat' dir='ltr'>hoc</span> <span class='ocrx_word' id='word_1_389' title='bbox 1146 3761 1412 3848; x_wconf 72' lang='lat' dir='ltr'>preparentur,</span> <span class='ocrx_word' id='word_1_390' title='bbox 1449 3745 1512 3818; x_wconf 92' lang='lat' dir='ltr'>sed</span> <span class='ocrx_word' id='word_1_391' title='bbox 1537 3757 1653 3815; x_wconf 87' lang='lat' dir='ltr'>totum</span> <span class='ocrx_word' id='word_1_392' title='bbox 1681 3743 1720 3815; x_wconf 93' lang='lat' dir='ltr'>id</span> <span class='ocrx_word' id='word_1_393' title='bbox 1741 3744 1819 3841; x_wconf 88' lang='lat' dir='ltr'>jam</span> 
     </span>
     <span class='ocr_line' id='line_1_34' title="bbox 216 3860 1815 3968; baseline 0.001 -34"><span class='ocrx_word' id='word_1_394' title='bbox 216 3860 373 3935; x_wconf 87' lang='lat' dir='ltr'>babeant</span> <span class='ocrx_word' id='word_1_395' title='bbox 395 3865 497 3962; x_wconf 91' lang='lat' dir='ltr'>quod</span> <span class='ocrx_word' id='word_1_396' title='bbox 517 3865 652 3940; x_wconf 89' lang='lat' dir='ltr'>babere</span> <span class='ocrx_word' id='word_1_397' title='bbox 673 3894 716 3941; x_wconf 90' lang='lat' dir='ltr'>ea</span> <span class='ocrx_word' id='word_1_398' title='bbox 735 3883 901 3968; x_wconf 90' lang='lat' dir='ltr'>oporteat</span> <span class='ocrx_word' id='word_1_399' title='bbox 916 3868 962 3941; x_wconf 92' lang='lat' dir='ltr'>ad</span> <span class='ocrx_word' id='word_1_400' title='bbox 983 3867 1204 3941; x_wconf 87' lang='lat' dir='ltr'>audiendum</span> <span class='ocrx_word' id='word_1_401' title='bbox 1219 3867 1292 3938; x_wconf 85' lang='lat' dir='ltr'>sive</span> <span class='ocrx_word' id='word_1_402' title='bbox 1313 3864 1359 3937; x_wconf 91' lang='lat' dir='ltr'>ad</span> <span class='ocrx_word' id='word_1_403' title='bbox 1376 3862 1583 3936; x_wconf 91' lang='lat' dir='ltr'>colendum.</span> <span class='ocrx_word' id='word_1_404' title='bbox 1605 3860 1677 3932; x_wconf 89' lang='lat' dir='ltr'>Sed</span> <span class='ocrx_word' id='word_1_405' title='bbox 1695 3887 1815 3960; x_wconf 90' lang='lat' dir='ltr'>quam·</span> 
     </span>
     <span class='ocr_line' id='line_1_35' title="bbox 213 3983 1819 4084; baseline 0.001 -30"><span class='ocrx_word' id='word_1_406' title='bbox 213 3983 266 4054; x_wconf 82' lang='lat' dir='ltr'>vis</span> <span class='ocrx_word' id='word_1_407' title='bbox 293 3998 378 4084; x_wconf 82' lang='lat' dir='ltr'>apta</span> <span class='ocrx_word' id='word_1_408' title='bbox 402 3985 473 4057; x_wconf 91' lang='lat' dir='ltr'>sint</span> <span class='ocrx_word' id='word_1_409' title='bbox 499 3984 639 4059; x_wconf 87' lang='lat' dir='ltr'>adhoc</span> <span class='ocrx_word' id='word_1_410' title='bbox 664 4002 705 4059; x_wconf 89' lang='lat' dir='ltr'>ut</span> <span class='ocrx_word' id='word_1_411' title='bbox 729 3987 923 4061; x_wconf 89' lang='lat' dir='ltr'>audiantur</span> <span class='ocrx_word' id='word_1_412' title='bbox 949 3988 1007 4060; x_wconf 89' lang='lat' dir='ltr'>vel</span> <span class='ocrx_word' id='word_1_413' title='bbox 1032 3987 1210 4076; x_wconf 87' lang='lat' dir='ltr'>colantur,</span> <span class='ocrx_word' id='word_1_414' title='bbox 1238 4008 1314 4055; x_wconf 88' lang='lat' dir='ltr'>non</span> <span class='ocrx_word' id='word_1_415' title='bbox 1344 3984 1420 4080; x_wconf 91' lang='lat' dir='ltr'>jam</span> <span class='ocrx_word' id='word_1_416' title='bbox 1451 3996 1573 4054; x_wconf 89' lang='lat' dir='ltr'>tamen</span> <span class='ocrx_word' id='word_1_417' title='bbox 1597 4005 1740 4054; x_wconf 82' lang='lat' dir='ltr'>necesse</span> <span class='ocrx_word' id='word_1_418' title='bbox 1763 3997 1819 4057; x_wconf 87' lang='lat' dir='ltr'>est</span> 
     </span>
     <span class='ocr_line' id='line_1_36' title="bbox 217 4104 1121 4203; baseline 0.002 -29"><span class='ocrx_word' id='word_1_419' title='bbox 217 4115 343 4201; x_wconf 91' lang='lat' dir='ltr'>aptum</span> <span class='ocrx_word' id='word_1_420' title='bbox 363 4127 441 4177; x_wconf 89' lang='lat' dir='ltr'>esse</span> <span class='ocrx_word' id='word_1_421' title='bbox 463 4105 621 4203; x_wconf 87' lang='lat' dir='ltr'>aliquem</span> <span class='ocrx_word' id='word_1_422' title='bbox 639 4120 679 4178; x_wconf 90' lang='lat' dir='ltr'>ut</span> <span class='ocrx_word' id='word_1_423' title='bbox 695 4105 767 4179; x_wconf 92' lang='lat' dir='ltr'>boc</span> <span class='ocrx_word' id='word_1_424' title='bbox 790 4104 912 4179; x_wconf 86' lang='lat' dir='ltr'>audiat</span> <span class='ocrx_word' id='word_1_425' title='bbox 932 4105 989 4179; x_wconf 80' lang='lat' dir='ltr'>vel</span> <span class='ocrx_word' id='word_1_426' title='bbox 1014 4104 1121 4178; x_wconf 83' lang='lat' dir='ltr'>colat.</span> 
     </span>
    </p>
   </div>
   <div class='ocr_carea' id='block_1_3' title="bbox 963 4345 1063 4393">
    <p class='ocr_par' dir='ltr' id='par_1_3' title="bbox 963 4345 1063 4393">
     <span class='ocr_line' id='line_1_37' title="bbox 963 4345 1063 4393; baseline -0.03 0"><span class='ocrx_word' id='word_1_427' title='bbox 963 4345 1063 4393; x_wconf 74' lang='lat' dir='ltr'>mm.</span> 
     </span>
    </p>
   </div>
   <div class='ocr_carea' id='block_1_4' title="bbox 0 0 2284 5569">
    <p class='ocr_par' dir='ltr' id='par_1_4' title="bbox 0 0 2284 5569">
     <span class='ocr_line' id='line_1_38' title="bbox 0 0 2284 5569; baseline 0 0"><span class='ocrx_word' id='word_1_428' title='bbox 0 0 2284 5569; x_wconf 95' lang='lat' dir='ltr'> </span> 
     </span>
    </p>
   </div>
   <div class='ocr_carea' id='block_1_5' title="bbox 2232 6012 2284 6100">
    <p class='ocr_par' dir='ltr' id='par_1_5' title="bbox 2232 6012 2284 6100">
     <span class='ocr_line' id='line_1_39' title="bbox 2232 6012 2284 6100; baseline 0 0"><span class='ocrx_word' id='word_1_429' title='bbox 2232 6012 2284 6100; x_wconf 95' lang='lat' dir='ltr'> </span> 
     </span>
    </p>
   </div>
  </div>
 </body>
</html>
