4559 6100
459 478 532 559 tet
1060 472 1191 547 PETRI
1215 472 1452 551 ABAELARDI

458 625 589 699 debere
603 625 710 697 docet
730 652 741 694 .·
759 621 859 722 quod
885 622 1050 697 nondum
1065 624 1103 696 in
1121 627 1314 725 Evangelio
1337 627 1532 699 revelatum
1554 640 1642 699 erat.
1661 627 1733 715 Qui
1747 626 1856 698 etiam
1872 623 1919 696 ad
1934 626 2054 698 Timo·

456 744 582 818 theom
599 743 772 837 scribens,
793 743 905 817 multa
922 742 968 817 de
986 744 1182 845 episcopali
1199 746 1256 819 vel
1273 746 1487 821 sacerdotali
1500 772 1563 819 seu
1579 747 1720 820 levitica
1741 745 1913 842 dignitate
1931 743 2052 836 docet,

457 890 535 963 quae
549 865 780 963 Evangelium
798 889 874 937 non
892 878 1126 963 expresserat.
1147 863 1346 939 Perfectam
1357 881 1475 940 tamen
1487 864 1669 964 Evangelii
1679 864 1839 964 ,dicimus
1851 863 2055 939 doctrinam

458 985 625 1058 traditam
646 1009 734 1077 esse,
753 1000 930 1083 quantum
945 983 992 1058 ad
1009 1008 1100 1056 verae
1122 984 1266 1081 justitiae
1288 984 1441 1063 formam
1456 1001 1492 1075 et
1506 985 1551 1058 ad
1568 987 1771 1059 animarum
1787 984 1939 1057 salutem
1955 983 2053 1057 suffi-

457 1103 588 1194 ciebat,
605 1128 681 1177 non
699 1104 746 1177 ad
760 1104 922 1177 Ecclesiae
938 1102 1109 1176 decorem
1123 1102 1181 1176 vel
1198 1103 1309 1202 ipsius
1323 1104 1446 1177 salutis
1462 1103 1791 1202 amplificationem.
1810 1105 1901 1176 Sunt
1919 1104 2055 1203 quippe

457 1222 622 1315 debonis
637 1223 968 1327 civitatisquaedam
980 1219 1028 1294 ad
1044 1222 1329 1296 incolumitatem
1341 1218 1416 1320 ejus
1432 1224 1659 1322 pertinentia,
1678 1222 1843 1322 quaedam
1857 1220 1902 1294 ad
1921 1221 2055 1320 ampli-

458 1339 676 1434 ficationem,
696 1343 789 1415 sicut
802 1357 846 1416 et
860 1343 898 1414 iu
914 1340 987 1414 fine
1004 1342 1155 1415 secundi
1180 1341 1261 1414 libri
1285 1341 1478 1415 Rhetorica
1491 1342 1625 1416 Tullius
1639 1343 1834 1416 meminit¹.
1859 1346 1947 1429 Quae
1966 1365 2054 1414 vero

457 1461 504 1537 ad
528 1462 809 1538 incolumitatem
839 1463 1032 1562 pertinent,
1047 1484 1089 1537 ea
1106 1475 1191 1535 sunt
1204 1460 1283 1534 sine
1298 1463 1430 1560 quibus
1455 1462 1648 1537 incolumis
1669 1487 1711 1536 ac
1740 1463 1839 1535 salva
1859 1461 2053 1533 consistere

424 1574 581 1657 'civius
596 1607 672 1656 non
690 1597 821 1681 potest,
839 1597 880 1656 ut
893 1607 991 1681 ager,
1010 1580 1121 1671 silvae,
1148 1596 1185 1654 et
1210 1596 1337 1656 wera
1358 1582 1566 1681 hujusmodi
1590 1608 1670 1682 quae
1685 1582 1791 1657 valde
1811 1580 1944 1654 civitati
1970 1595 2053 1654 sunt

456 1703 666 1799 necessaria.
692 1702 768 1775 ntia
793 1722 881 1775 vero
897 1706 1076 1775 non'sunt
1092 1702 1141 1773 ita
1158 1703 1369 1797 necessaria,
1390 1703 1453 1776 sed
1470 1703 1582 1801 magis
1597 1703 1738 1801 egregia
1758 1728 1766 1773 :
1788 1726 1872 1777 cum
1889 1698 2054 1773 videlicet

456 1819 547 1893 ultra
560 1846 669 1919 quam
682 1846 827 1896 necesse
844 1836 897 1895 est
913 1821 1078 1918 quaedam
1095 1821 1247 1911 obtinet,
1273 1847 1352 1921 qnae
1371 1848 1451 1899 eam
1471 1818 1604 1897 caeteris
1624 1821 1827 1896 civitatibus
1852 1820 2053 1917 digniorem

455 1939 617 2014 efficiunt
642 1957 705 2015 aut
726 1944 898 2016 tutiorem
918 1941 1106 2035 'reddunt3
1125 1944 1217 2016 sicut
1232 1943 1382 2017 edificia
1397 1943 1562 2045 pulchra,
1580 1943 1831 2016 thesaurorum
1847 1940 1966 2041 copia,
1986 1939 2051 2013 do·

455 2060 604 2134 minatio
621 2061 805 2159 multa„et
821 2063 963 2136 similia.
980 2061 1150 2137 sufficere
1172 2077 1292 2143 autem
1314 2061 1585 2139 saluti'lortasse
1599 2077 1768 2165 poterant
1784 2087 1826 2136 ea
1843 2085 1922 2160 quae
1935 2065 2052 2133 Evan-

454 2180 587 2277 gelium
602 2182 648 2277 de
666 2182 739 2275 fide
755 2198 791 2256 et
812 2207 877 2283 spe
897 2181 1125 2255 etcharitate
1138 2208 1202 2257 seu
1217 2186 1450 2259 sacramentis
1465 2172 1677 2276 tradiderat,
1696 2183 1833 2258 etiamsi
1849 2180 2053 2283 Apostolica

453 2322 529 2372 non
547 2301 729 2376 addantur
744 2304 917 2396 instituta,
936 2327 1054 2401 neque
1070 2303 1197 2401 aliquae
1213 2320 1421 2379 sanctorum
1437 2311 1585 2380 Petrum
1608 2305 1805 2404 disciplinae
1826 2302 1884 2376 vel
1909 2301 2052 2401 diapen-

453 2421 621 2515 sationes,
643 2437 684 2496 ut
699 2438 784 2515 sanat
795 2446 974 2515 canonas,
995 2421 1051 2495 vel
1067 2422 1226 2515 decreta,
1243 2418 1373 2524 regulae
1389 2416 1666 2513 monachorum,
1682 2436 1720 2496 et
1734 2423 1891 2523 plurima
1910 2434 2050 2494 sancto·

452 2563 535 2610 rum
550 2541 683 2639 scripta
702 2544 810 2635 sacris
827 2542 1137 2616 admonitionibus
1152 2540 1272 2642 plena.
1299 2550 1423 2644 Neque
1444 2536 1543 2618 enim
1560 2544 1694 2642 aliqua,
1713 2542 1770 2614 his
1792 2541 2050 2640 praetermissis,

452 2657 665 2757 imputanda
679 2675 771 2749 essct
788 2664 1033 2758 transgressio,
1052 2661 1199 2736 sinulla
1216 2661 1261 2735 de
1277 2656 1336 2736 eis'
1347 2663 1449 2737 fieret
1463 2665 1667 2764 praeceptio.
1691 2660 1816 2735 Voluit
1838 2673 1959 2733 tamen
1977 2663 2053 2731 Do·

452 2777 573 2851 miuus
589 2777 682 2850 atah
699 2778 871 2878 apostolis
886 2794 923 2852 et
937 2776 963 2853 'a
979 2781 1109 2852 sanctis
1127 2779 1293 2853 Patribus
1302 2782 1468 2879 quaedam
1484 2781 1679 2882 superaddi
1698 2794 1872 2881 praecepta
1898 2776 1954 2850 vel
1978 2777 2052 2851 dia·

451 2897 694 2995 pausationes,
712 2897 845 2996 quibus
861 2897 1059 2972 adornetur
1076 2899 1133 2973 vel
1152 2899 1390 3000 amplificetur
1412 2900 1581 2994 Ecclesia,
1603 2899 1661 2975 vel
1677 2914 1718 2973 ut
1735 2882 1863 2973 civitas
1884 2920 1961 2990 sua,
1993 2898 2050 2969 vel

448 3016 527 3115 ipsu
550 3016 858 3108 civiumsuorum
882 3019 995 3092 tutius
1015 3019 1200 3094 muniatur
1219 3021 1469 3113 incolumitas;
1504 3022 1595 3095 sicut
1612 3022 1649 3093 in
1667 3019 1815 3116 singulis
1840 3029 2051 3118 promptum

450 3150 505 3209 est
527 3133 719 3235 assignare.
749 3138 856 3210 Unde
876 3135 1055 3212 Dominus
1075 3137 1253 3215 nonnulla
1279 3135 1462 3240 discipulis
1478 3142 1552 3214 suis
1564 3140 1621 3222 vel
1635 3135 1788 3240 posteris
1812 3136 2052 3237 precipienda

449 3253 505 3328 vel
518 3255 745 3356 disponenda
753 3258 960 3349 reservavit,
979 3258 1208 3355 utquibusin
1219 3261 1399 3335 miraculis
1413 3283 1559 3360 quoque
1577 3261 1715 3356 majora
1731 3258 1968 3354 &essequam
1985 3254 2050 3328 sibi

449 3374 527 3473 ipae
539 3379 716 3472 permisit,
730 3377 945 3479 nonnullam
959 3382 1133 3456 etiameis
1149 3380 1411 3482 praeceptorum
1427 3383 1678 3462 auctoritatem
1690 3392 1902 3465 reservaret,
1917 3375 2048 3474 quibus

449 3515 514 3565 eos
528 3494 682 3592 amplius
695 3499 878 3584 exaltaret,
898 3512 934 3571 st
950 3500 1114 3598 Ecclesiae
1129 3523 1203 3573 suae
1222 3516 1323 3574 tanto
1340 3527 1404 3592 eos
1420 3493 1575 3576 efficeret
1591 3499 1745 3599 amplius
1765 3511 1897 3593 gratos,
1913 3503 2048 3592 quanto

438 3636 511 3684 eos
527 3612 604 3710 ipsa
623 3611 692 3686 u‘bi
712 3615 824 3710 magis
846 3637 922 3686 esse
946 3621 1183 3713 cognosceret
1204 3621 1438 3691 necessarios.
1466 3624 1558 3690 Cum
1582 3618 1717 3714 itaque,
1745 3630 1786 3688 ut
1808 3614 1947 3688 dictum
1972 3627 2045 3706 cst,

449 3730 727 3827 Evangeliorum
743 3732 895 3822 intentio
908 3734 1029 3824 ait,=ea
1041 3759 1129 3834 quae.
1138 3750 1223 3809 sunt
1238 3736 1344 3826 saluti
1356 3733 1555 3810 necessaria
1573 3759 1642 3810 nos
1654 3735 1809 3822 dooere3
1824 3733 1920 3806 hanc
1934 3734 2048 3805 inten-

448 3851 586 3923 tionem
602 3851 767 3949 Epistulae
781 3855 917 3946 tenent,
936 3867 976 3926 ut
993 3853 1041 3926 ad
1059 3854 1307 3946 obediendum
1343 3849 1571 3953 Euangelicae·
1583 3849 1760 3928 'doctrinas
1775 3875 1843 3925 noa
1861 3866 2043 3939 moveant,

448 3969 701 4044 veltuon'nulla
717 3971 825 4044 edam
840 3971 889 4056 a'd
905 3971 1198 4073 amplificandam
1215 3990 1253 4048 et
1269 3976 1380 4048 tutius
1395 3974 1633 4058 muniendam
1651 3974 1802 4046 salutem
1828 3970 1983 4044 tradant.
2004 3973 2048 4043 Et

449 4086 524 4160 haec
532 4089 679 4185 quidem
692 4104 744 4164 eat
756 4092 923 4164 omnium
937 4093 1178 4192 Epistularum
1192 4094 1366 4193 generalis
1381 4091 1547 4167 intentio.
1561 4099 1601 4167 ln
1616 4093 1764 4189 singulis
1778 4115 1866 4163 vero
1879 4090 2044 4189 proprias

448 4207 665 4281 intentiones
678 4211 813 4306 requiri
829 4214 1012 4303 convenit,
1033 4215 1096 4287 seu
1112 4216 1279 4288 materias
1291 4229 1354 4287 aut
1369 4213 1549 4290 tractandi
1559 4212 1817 4305 modos,⁴sicut
1834 4211 1871 4282 in
1888 4208 1957 4286 hac
1972 4209 2049 4308 ipsa

450 4328 619 4427 Epistola,
639 4328 740 4425 cnjus
756 4328 915 4426 quidem-
934 4329 1087 4405 intentio
1103 4348 1159 4404 est
1175 4336 1358 4408 Romanos
1371 4357 1415 4405 ex
1432 4329 1562 4405 ludaeis
1575 4347 1611 4406 et
1627 4319 1828 4404 Gentilibus
1854 4329 2047 4402 conversos

449 4447 606 4547 superba
622 4447 908 4523 contentionem
925 4448 1085 4526 altumlri
1108 4447 1403 4552 preponentibus
1413 4455 1437 4546 ¹,
1458 4453 1510 4526 ad'
1522 4469 1646 4525 veram
1666 4451 1905 4526 humilitatem
1924 4463 1960 4521 et
1976 4447 2048 4521 tra-

449 4569 589 4642 ternam
605 4568 839 4643 concordiam
856 4567 1037 4644 revocare.
1061 4572 1101 4644 ld
1111 4596 1207 4644 sero
1223 4565 1370 4645 duobus'
1383 4573 1502 4645 modis
1519 4559 1627 4647 efficit
1647 4599 1656 4645 z
1677 4585 1751 4645 tam
1769 4571 1900 4644 dirime
1915 4568 2049 4642 scilicet

448 4690 566 4786 gratias
575 4689 674 4764 dona
688 4685 1078 4790 amplificando,i1uam
1093 4711 1247 4790 operum
1256 4707 1473 4774 nostrorum
1490 4681 1617 4767 merita
1632 4691 1877 4784 extenuando,
1888 4705 1928 4763 ut
1938 4713 2047 4762 nemo

444 4806 521 4902 jam
536 4809 583 4882 de
596 4807 766 4909 operibus
780 4810 924 4908 gloriari
938 4812 977 4883 in
990 4835 1031 4884 se
1043 4809 1237 4911 praesumat
1251 4867 1262 4906 ,
1290 4812 1353 4886 sed
1371 4828 1490 4886 totum
1505 4812 1635 4886 dirime
1653 4812 1788 4888 tribuat
1804 4812 1922 4910 gratiae
1938 4805 2046 4907 quid·

498 5084 559 5144 cta,
573 5082 603 5135 de
615 5085 724 5149 lacau„
739 5084 775 5148 ll,
790 5098 838 5138 nu.
851 5087 943 5138 -280
955 5086 1111 5139 alterutrum
1123 5091 1379 5153 praeposcamus.
