4559 6100
435 423 508 498 646
1031 424 1163 498 PETRI
1185 421 1436 499 sumntum.

434 572 603 647 statuistis
624 597 823 667 consensu,
846 571 949 648 etde
971 573 1108 648 viribus
1130 575 1255 648 vestris
1271 575 1431 674 singulos
1453 589 1612 650 vestrum
1628 575 1813 650 confidere
1829 574 1950 670 video,
1970 601 2034 651 ne·

436 718 620 792 quaquam
655 692 802 768 ausibus
834 695 961 768 vestris
994 709 1117 768 nostra
1150 693 1396 770 erubescentia
1431 696 1560 770 referet
1598 697 1802 797 repulsam,
1839 698 2034 797 presertim

434 839 519 887 cum
540 839 584 887 ex
602 813 658 886 bis
679 814 837 913 aliquam
859 814 1046 914 percipere
1062 838 1121 887 me
1149 814 1296 887 credam
1314 814 1531 889 doctrinam.
1546 816 1649 890 Nulla
1665 818 1813 916 quippe,
1832 832 1874 889 ut
1886 816 2033 915 quidam

437 949 648 1006 nostrorum
670 934 854 1026 meminit,
870 933 964 1006 adeo
985 932 1072 1007 falsa
1088 948 1143 1006 est
1160 934 1346 1027 doctrina,
1371 949 1411 1006 ut
1434 960 1509 1008 non
1535 936 1653 1035 aliqua
1669 937 1911 1010 intermisceat
1926 961 2031 1026 vera,

436 1068 473 1128 et
496 1053 633 1127 nullam
649 1053 741 1126 adeo
764 1052 929 1127 frivolam
954 1052 1235 1154 disputationem
1258 1054 1427 1145 arbitror,
1446 1068 1577 1127 utnon
1599 1053 1747 1153 aliquod
1763 1054 1896 1130 habeat
1915 1055 2034 1129 docu-

436 1189 613 1246 mentum.
633 1173 737 1245 Unde
752 1187 789 1245 et
802 1171 861 1246 ille
879 1174 1290 1273 maximussapienmm,
1308 1174 1442 1272 inipso
1460 1174 1577 1246 statim
1591 1173 1864 1247 Proverbrorum
1884 1200 2034 1248 suorum

436 1293 598 1385 exordio,
617 1292 787 1365 lectorem
811 1292 880 1365 sibi
904 1306 1081 1366 attentum
1101 1316 1320 1392 praeparans,
1339 1295 1406 1366 ait¹
1430 1320 1439 1365 τ
1461 1293 1657 1367 «Audiens
1675 1295 1817 1394 sapiens
1836 1294 2034 1393 sapientior

436 1415 515 1504 erit,
533 1412 733 1511 intelligens
748 1411 1033 1510 gubernaculum
1050 1412 1291 1511 possidebit.»
1308 1418 1352 1485 Et
1365 1411 1522 1486 lacobus
1537 1413 1736 1512 apostolus¹
1753 1441 1764 1486 t
1787 1414 1884 1505 «Sit,
1901 1415 2032 1512 inquit,

436 1534 682 1607 omnishomo
698 1534 800 1606 velox
820 1533 868 1605 ad
883 1532 1118 1620 audiendum,
1139 1533 1263 1605 tardus
1280 1549 1401 1607 autem
1417 1533 1464 1607 ad
1480 1533 1717 1633 loquendum.
1733 1563 1752 1603 u

483 1656 703 1747 Assentiunt,
722 1653 768 1726 de
785 1668 912 1726 nostro
929 1677 1076 1726 assensu
1094 1652 1322 1750 gratulantes.

486 1780 740 1847 Pmtosorrros.
760 1777 879 1845 Meum
904 1785 975 1866 est,
999 1772 1136 1870 inquit,
1156 1773 1314 1871 primum
1335 1786 1473 1844 ceteros
1489 1771 1729 1871 interrogare,
1747 1773 1863 1871 quiet
1880 1768 2041 1847 naturali

437 1895 528 1990 lege,
551 1918 631 1992 quae
648 1894 764 1993 prima
779 1908 848 1983 est,
870 1905 1061 1965 contentus
1077 1916 1171 1964 sum.
1192 1892 1245 1964 ad
1263 1891 1334 1965 hoc
1353 1916 1418 1964 vos
1438 1892 1515 1990 ipse
1537 1893 1765 1991 congregavi,
1781 1907 1824 1966 ut
1840 1892 1886 1965 de
1909 1918 2034 1992 super·

436 2010 567 2086 additis
589 2012 807 2110 inquirerem
828 2011 980 2110 scriptis.
1005 2010 1138 2103 Prima,
1162 2010 1331 2107 inquam,
1351 2035 1426 2082 non
1443 2009 1562 2083 solum
1584 2025 1768 2110 tempore,
1785 2012 2034 2087 verumetiam

437 2147 577 2207 natura.
604 2135 723 2205 Omne
747 2131 882 2230 quippe
906 2130 1103 2228 simplicius
1128 2129 1339 2203 naturaliter
1360 2130 1460 2229 prius
1487 2144 1540 2202 est
1564 2129 1818 2229 multipliciori.
1853 2135 1925 2204 Lex
1947 2156 2034 2205 vero

438 2253 607 2326 naturalis
629 2253 666 2325 in
690 2252 839 2326 scientia
859 2274 1018 2340 morum,
1046 2274 1157 2348 quam
1180 2249 1337 2323 ethicam
1360 2249 1533 2343 dicimus,
1557 2250 1595 2322 in
1623 2251 1709 2324 solis
1730 2252 1891 2325 consistit
1913 2250 2034 2325 docu-

437 2375 566 2447 mentis
600 2372 809 2453 moralibus.
832 2374 1041 2444 Vestrarum
1062 2385 1183 2443 autem
1210 2371 1331 2468 legum
1353 2369 1520 2443 doctrina
1542 2368 1600 2443 bis
1624 2370 1791 2469 quasdam
1816 2372 2032 2446 exteriorum

436 2495 624 2590 signorum
637 2492 777 2567 addidit
789 2506 989 2591 praecepta,
1014 2515 1093 2588 quae
1116 2487 1222 2562 nobis
1245 2490 1398 2563 omnino
1422 2488 1806 2589 videntursuperflua,
1832 2491 1878 2564 de
1903 2491 2035 2591 quibus

437 2618 545 2686 etiam
561 2638 628 2686 suo
645 2613 728 2686 loco
746 2610 851 2684 nobis
867 2627 922 2686 est
936 2611 1210 2686 conterendum.

486 2741 660 2806 Annuunt
678 2735 818 2830 utrique
833 2733 1051 2835 philosopho
1068 2734 1228 2833 priorem
1243 2733 1280 2805 iu
1299 2732 1406 2831 hujus
1422 2757 1551 2832 pugnat
1566 2758 1758 2831 congressu
1776 2732 1911 2808 locum.

485 2858 575 2927 Tum
602 2853 662 2925 ille
689 2853 834 2947 :Unde,
863 2855 1000 2953 inquit,
1029 2855 1148 2954 primo
1174 2879 1240 2926 vos
1262 2853 1369 2926 simul
1391 2854 1588 2950 interrogo,
1615 2853 1715 2950 quod
1738 2853 1786 2927 ad
1810 2878 1875 2928 vos
1901 2854 2034 2954 pariter

436 2974 586 3047 attinere
609 2971 728 3066 video,
753 2975 815 3073 qui
831 2975 986 3047 maxime
1006 2976 1140 3074 scripto
1163 2974 1341 3066 nitimini,
1362 2987 1483 3045 uuum
1500 2971 1666 3046 videlicet
1686 2974 1724 3046 in
1739 2974 1806 3047 has
1822 2973 1905 3048 fidei
1920 2989 2034 3047 sectas

437 3097 530 3169 ratic
553 3118 620 3166 vos
639 3092 820 3167 induxerit
836 3094 967 3193 aliqua,
988 3120 1035 3168 an
1054 3096 1167 3169 solam
1184 3095 1244 3167 hic
1264 3096 1456 3167 hominum
1476 3094 1701 3194 opinionem,
1717 3121 1759 3168 ac
1775 3097 1914 3193 generis
1927 3096 2033 3168 vestri

436 3214 622 3287 sectemini
646 3238 823 3307 amorem,
850 3240 1005 3313 quorum
1028 3215 1178 3313 quidem
1199 3215 1366 3306 alterum,
1389 3216 1420 3287 si
1440 3216 1505 3306 sit,
1530 3215 1685 3287 maxime
1705 3228 1759 3288 est
1779 3214 2029 3314 probandum,

436 3336 528 3408 sicut
559 3332 711 3406 alterum
735 3337 879 3432 penitus
904 3333 1201 3434 improbandum.
1226 3333 1336 3422 Quod
1365 3350 1491 3408 tamen
1509 3358 1655 3424 verum,
1686 3349 1910 3435 postremum
1934 3359 2030 3426 esse,

436 3455 568 3528 nullius
586 3451 748 3526 hominis
770 3454 913 3528 discreti
930 3456 1188 3527 conscientiam
1203 3455 1314 3528 credo
1333 3478 1475 3551 negare.
1497 3457 1548 3526 lta
1569 3478 1726 3553 namque
1747 3455 1895 3553 singulis
1911 3455 2034 3528 homi-

435 3577 543 3649 nibus
567 3574 705 3673 proprii
731 3576 871 3672 generis
893 3588 930 3648 et
952 3600 1081 3648 eorum
1106 3600 1191 3648 curn
1215 3574 1348 3671 quibus
1381 3574 1600 3664 educantur,
1623 3575 1749 3648 insitus
1770 3590 1825 3648 est
1845 3599 1968 3670 amor,
1995 3592 2034 3649 ut

435 3710 563 3769 contra
577 3719 704 3767 eorum
717 3692 826 3769 fidem
841 3694 1012 3793 quicquid
1029 3694 1182 3784 dicatur,
1199 3694 1437 3783 abhorreant;
1452 3707 1489 3767 et
1505 3693 1801 3767 consuetudinem
1814 3695 1852 3767 in
1867 3710 2034 3770 naturam

435 3829 627 3907 vertentes,
655 3815 827 3913 quicquid
852 3814 1057 3887 didicerunt
1076 3816 1179 3914 pium
1200 3816 1321 3915 pueri,
1346 3812 1477 3887 obnixe
1493 3826 1616 3886 tenent
1636 3813 1767 3907 adulti,
1791 3830 1827 3887 et
1841 3828 2033 3913 antequam

435 3959 574 4034 eaquae
598 3934 797 4027 discuntur,
818 3958 946 4032 capere
971 3936 1127 4021 valeant,
1152 3933 1299 4008 credere
1320 3959 1358 4007 sc
1377 3932 1576 4024 affirmant,
1598 3947 1638 4005 ut
1657 3934 1756 4006 enim
1775 3948 1812 4007 et
1832 3947 1940 4034 poeta
1955 3959 2035 4008 me·

435 4055 557 4146 minit,
578 4085 596 4120 «
616 4078 690 4150 quo
718 4052 829 4126 semel
856 4065 910 4124 est
931 4052 1068 4124 imbuta
1087 4077 1232 4144 recens,
1259 4053 1416 4127 servabit
1442 4052 1595 4126 odorem
1619 4066 1710 4126 testa
1742 4052 1835 4127 diu'.
1858 4082 1878 4123 u
1903 4053 2034 4143 Quales

436 4170 584 4271 quidem
603 4169 906 4272 philosophorum
928 4170 1076 4266 quidam
1097 4172 1233 4266 arguit,
1260 4170 1385 4244 dicens
1409 4200 1418 4244 ε
1441 4202 1458 4241 a
1475 4176 1589 4263 Neve,
1612 4172 1642 4244 si
1664 4172 1753 4270 quid
1775 4173 1812 4245 in
1838 4172 2034 4272 puerilibus

435 4292 632 4393 disciplinis
650 4291 869 4390 acceperint,
889 4287 928 4363 id
944 4312 1046 4362 sacro
1063 4302 1228 4363 sanctum
1246 4288 1446 4388 judiceturl
1466 4292 1804 4390 quoniamquidem
1826 4316 1884 4367 res
1900 4294 2036 4367 teneris

436 4413 583 4489 auribus
617 4410 908 4485 accommodatas
943 4434 1036 4509 saepe
1067 4409 1306 4510 philosophiae
1340 4412 1461 4484 senior
1497 4425 1666 4485 tractatus
1696 4412 1869 4486 eliminat.
1889 4442 1908 4483 u
1935 4413 2033 4503 Quid

436 4533 568 4609 enimi.
588 4530 751 4610 mirabile
772 4544 843 4623 est,
867 4554 1034 4629 comper
1054 4545 1198 4603 aetatum
1220 4531 1348 4604 seriem
1371 4546 1407 4604 et
1430 4546 1636 4630 temporum
1657 4533 1940 4623 successionem,
1957 4532 2031 4607 hu·

436 4681 544 4731 mana
559 4656 597 4728 in
614 4653 752 4726 cunctis
765 4651 873 4724 rebus
886 4652 1011 4724 creatis
1028 4651 1258 4749 intelligentia
1275 4667 1420 4738 crescat,
1440 4651 1478 4724 in
1496 4650 1568 4724 fide
1586 4652 1688 4749 cujus
1707 4655 1820 4726 errori
1843 4677 2026 4727 summum

437 4775 637 4875 periculum
662 4772 839 4865 imminet,
859 4770 978 4844 nullus
1001 4785 1055 4844 est
1071 4770 1274 4872 profectus?
1290 4771 1361 4845 Sed
1377 4791 1478 4870 teque
1499 4772 1658 4847 minores
1679 4787 1720 4847 ut
1739 4774 1913 4872 majores,
1932 4797 2034 4872 mque

785 4994 791 5002 ι

468 5045 675 5109 ’reomaus
691 5045 799 5097 utu-²
815 5041 1138 5106 tae.,saa.11,v.1t.-³
1153 5041 1252 5107 Home,
1269 5042 1365 5106 Epist,
1380 5040 1531 5104 1,u,r.ut.
