<?xml version="1.0" encoding="UTF-8"?>
<!DOCTYPE html PUBLIC "-//W3C//DTD XHTML 1.0 Transitional//EN"
    "http://www.w3.org/TR/xhtml1/DTD/xhtml1-transitional.dtd">
<html xmlns="http://www.w3.org/1999/xhtml" xml:lang="en" lang="en">
 <head>
  <title>
</title>
<meta http-equiv="Content-Type" content="text/html;charset=utf-8" />
  <meta name='ocr-system' content='tesseract 3.04.00' />
  <meta name='ocr-capabilities' content='ocr_page ocr_carea ocr_par ocr_line ocrx_word'/>
</head>
<body>
  <div class='ocr_page' id='page_1' title='image "./petriablardiope00despgoog_0109.png"; bbox 0 0 4559 6100; ppageno 0'>
   <div class='ocr_carea' id='block_1_1' title="bbox 621 584 1852 703">
    <p class='ocr_par' dir='ltr' id='par_1_1' title="bbox 621 584 1852 703">
     <span class='ocr_line' id='line_1_1' title="bbox 621 584 1852 703; baseline 0.004 -44"><span class='ocrx_word' id='word_1_1' title='bbox 621 584 915 660; x_wconf 78' lang='lat' dir='ltr'>lN&#39;l&#39;llODUC&#39;l&#39;lO</span> <span class='ocrx_word' id='word_1_2' title='bbox 940 586 1003 660; x_wconf 82' lang='grc' dir='ltr'>ΑΙ)</span> <span class='ocrx_word' id='word_1_3' title='bbox 1027 588 1333 662; x_wconf 79' lang='lat' dir='ltr'>THEOLOGlAM.</span> <span class='ocrx_word' id='word_1_4' title='bbox 1726 590 1773 664; x_wconf 79' lang='lat'>89</span> <span class='ocrx_word' id='word_1_5' title='bbox 1846 692 1852 703; x_wconf 26' lang='grc' dir='ltr'>ι</span> 
     </span>
    </p>
   </div>
   <div class='ocr_carea' id='block_1_2' title="bbox 123 726 1774 4795">
    <p class='ocr_par' dir='ltr' id='par_1_2' title="bbox 178 726 1774 835">
     <span class='ocr_line' id='line_1_2' title="bbox 178 726 1774 835; baseline 0 -26"><span class='ocrx_word' id='word_1_6' title='bbox 178 726 418 822; x_wconf 87' lang='lat' dir='ltr'>tractantium,</span> <span class='ocrx_word' id='word_1_7' title='bbox 434 756 523 831; x_wconf 90' lang='lat' dir='ltr'>quas</span> <span class='ocrx_word' id='word_1_8' title='bbox 535 758 632 807; x_wconf 86' lang='lat' dir='ltr'>nunc</span> <span class='ocrx_word' id='word_1_9' title='bbox 640 733 797 807; x_wconf 86' lang='lat' dir='ltr'>latinitas</span> <span class='ocrx_word' id='word_1_10' title='bbox 808 733 931 826; x_wconf 85' lang='lat' dir='ltr'>babet,</span> <span class='ocrx_word' id='word_1_11' title='bbox 944 733 1132 835; x_wconf 86' lang='lat' dir='ltr'>Porphyrii</span> <span class='ocrx_word' id='word_1_12' title='bbox 1146 736 1291 826; x_wconf 86' lang='lat' dir='ltr'>seilicet,</span> <span class='ocrx_word' id='word_1_13' title='bbox 1307 735 1546 808; x_wconf 78' lang='lat' dir='ltr'>Aristoteliset</span> <span class='ocrx_word' id='word_1_14' title='bbox 1556 736 1708 809; x_wconf 82' lang='lat' dir='ltr'><strong>Boethii.</strong></span> <span class='ocrx_word' id='word_1_15' title='bbox 1719 738 1774 810; x_wconf 78' lang='lat' dir='ltr'>Ait</span> 
     </span>
    </p>

    <p class='ocr_par' dir='ltr' id='par_1_3' title="bbox 130 850 1774 3235">
     <span class='ocr_line' id='line_1_3' title="bbox 130 850 1770 954; baseline 0.001 -28"><span class='ocrx_word' id='word_1_16' title='bbox 130 885 134 891; x_wconf 91' lang='lat'><strong>·</strong></span> <span class='ocrx_word' id='word_1_17' title='bbox 179 855 312 953; x_wconf 87' lang='lat' dir='ltr'>quippe</span> <span class='ocrx_word' id='word_1_18' title='bbox 330 850 566 951; x_wconf 85' lang='lat' dir='ltr'>Porphyrius</span> <span class='ocrx_word' id='word_1_19' title='bbox 580 854 617 926; x_wconf 93' lang='lat' dir='ltr'>in</span> <span class='ocrx_word' id='word_1_20' title='bbox 644 857 819 954; x_wconf 70' lang='lat' dir='ltr'>Isagogti,</span> <span class='ocrx_word' id='word_1_21' title='bbox 842 878 933 953; x_wconf 86' lang='lat' dir='ltr'>quas</span> <span class='ocrx_word' id='word_1_22' title='bbox 950 854 997 927; x_wconf 90' lang='lat' dir='ltr'>ad</span> <span class='ocrx_word' id='word_1_23' title='bbox 1018 856 1223 952; x_wconf 79' lang='lat' dir='ltr'>Cetegoiias</span> <span class='ocrx_word' id='word_1_24' title='bbox 1238 853 1431 927; x_wconf 79' lang='lat' dir='ltr'>Aristotelis</span> <span class='ocrx_word' id='word_1_25' title='bbox 1452 854 1679 953; x_wconf 81' lang='lat' dir='ltr'>perscripsit,</span> <span class='ocrx_word' id='word_1_26' title='bbox 1706 857 1770 949; x_wconf 90' lang='lat' dir='ltr'>ait,</span> 
     </span>
     <span class='ocr_line' id='line_1_4' title="bbox 180 971 1772 1073; baseline 0.004 -29"><span class='ocrx_word' id='word_1_27' title='bbox 180 977 348 1069; x_wconf 88' lang='lat' dir='ltr'>inquam,</span> <span class='ocrx_word' id='word_1_28' title='bbox 373 1003 391 1040; x_wconf 78' lang='lat' dir='ltr'>s</span> <span class='ocrx_word' id='word_1_29' title='bbox 412 997 705 1072; x_wconf 86' lang='lat' dir='ltr'><strong>unamquamque</strong></span> <span class='ocrx_word' id='word_1_30' title='bbox 737 973 976 1047; x_wconf 85' lang='lat' dir='ltr'>substantiam</span> <span class='ocrx_word' id='word_1_31' title='bbox 995 976 1076 1047; x_wconf 77' lang='lat' dir='ltr'>‘una</span> <span class='ocrx_word' id='word_1_32' title='bbox 1097 975 1217 1073; x_wconf 88' lang='lat' dir='ltr'>speeie</span> <span class='ocrx_word' id='word_1_33' title='bbox 1236 974 1472 1073; x_wconf 62' lang='lat' dir='ltr'>&#39;participare</span> <span class='ocrx_word' id='word_1_34' title='bbox 1496 971 1660 1071; x_wconf 87' lang='lat' dir='ltr'>pluribus</span> <span class='ocrx_word' id='word_1_35' title='bbox 1684 999 1772 1049; x_wconf 86' lang='lat' dir='ltr'>vero</span> 
     </span>
     <span class='ocr_line' id='line_1_5' title="bbox 181 1090 1772 1192; baseline 0.003 -28"><span class='ocrx_word' id='word_1_36' title='bbox 181 1090 423 1165; x_wconf 78' lang='lat' dir='ltr'>assidentibus</span> <span class='ocrx_word' id='word_1_37' title='bbox 446 1107 481 1164; x_wconf 91' lang='lat' dir='ltr'>et</span> <span class='ocrx_word' id='word_1_38' title='bbox 498 1091 758 1192; x_wconf 77' lang='lat' dir='ltr'>separabilibus</span> <span class='ocrx_word' id='word_1_39' title='bbox 776 1107 813 1167; x_wconf 89' lang='lat' dir='ltr'>et</span> <span class='ocrx_word' id='word_1_40' title='bbox 832 1090 1165 1192; x_wconf 86' lang='lat' dir='ltr'>inseparabilibus¹.</span> <span class='ocrx_word' id='word_1_41' title='bbox 1182 1123 1200 1160; x_wconf 75' lang='lat' dir='ltr'>r</span> <span class='ocrx_word' id='word_1_42' title='bbox 1219 1093 1422 1167; x_wconf 84' lang='lat' dir='ltr'>Aristoteles</span> <span class='ocrx_word' id='word_1_43' title='bbox 1442 1117 1589 1191; x_wconf 89' lang='lat' dir='ltr'>quoque</span> <span class='ocrx_word' id='word_1_44' title='bbox 1615 1094 1653 1164; x_wconf 91' lang='lat' dir='ltr'>in</span> <span class='ocrx_word' id='word_1_45' title='bbox 1670 1097 1772 1168; x_wconf 82' lang='lat' dir='ltr'>Cate-</span> 
     </span>
     <span class='ocr_line' id='line_1_6' title="bbox 180 1212 1773 1312; baseline 0.006 -30"><span class='ocrx_word' id='word_1_46' title='bbox 180 1214 283 1309; x_wconf 75' lang='lat' dir='ltr'>goriis</span> <span class='ocrx_word' id='word_1_47' title='bbox 299 1213 487 1311; x_wconf 87' lang='lat' dir='ltr'>proprium</span> <span class='ocrx_word' id='word_1_48' title='bbox 504 1212 709 1286; x_wconf 85' lang='lat' dir='ltr'>substantiae</span> <span class='ocrx_word' id='word_1_49' title='bbox 722 1213 905 1309; x_wconf 79' lang='lat' dir='ltr'>assignans</span> <span class='ocrx_word' id='word_1_50' title='bbox 920 1215 1012 1286; x_wconf 73' lang='lat' dir='ltr'>ait¹r</span> <span class='ocrx_word' id='word_1_51' title='bbox 1031 1214 1216 1287; x_wconf 62' lang='lat' dir='ltr'>«Maxime</span> <span class='ocrx_word' id='word_1_52' title='bbox 1227 1229 1348 1286; x_wconf 90' lang='lat' dir='ltr'>autem</span> <span class='ocrx_word' id='word_1_53' title='bbox 1366 1213 1556 1312; x_wconf 88' lang='lat' dir='ltr'>proprium</span> <span class='ocrx_word' id='word_1_54' title='bbox 1566 1213 1773 1291; x_wconf 78' lang='lat' dir='ltr'>substantiae</span> 
     </span>
     <span class='ocr_line' id='line_1_7' title="bbox 185 1332 1773 1436; baseline 0.003 -33"><span class='ocrx_word' id='word_1_55' title='bbox 185 1332 316 1405; x_wconf 77' lang='lat' dir='ltr'>sidetru</span> <span class='ocrx_word' id='word_1_56' title='bbox 335 1357 425 1427; x_wconf 86' lang='lat' dir='ltr'>esse,</span> <span class='ocrx_word' id='word_1_57' title='bbox 449 1333 651 1432; x_wconf 81' lang='lat' dir='ltr'>quodcum</span> <span class='ocrx_word' id='word_1_58' title='bbox 671 1336 718 1407; x_wconf 90' lang='lat' dir='ltr'>sit</span> <span class='ocrx_word' id='word_1_59' title='bbox 740 1358 855 1407; x_wconf 89' lang='lat' dir='ltr'>unum</span> <span class='ocrx_word' id='word_1_60' title='bbox 875 1347 911 1408; x_wconf 90' lang='lat' dir='ltr'>et</span> <span class='ocrx_word' id='word_1_61' title='bbox 927 1333 1024 1407; x_wconf 89' lang='lat' dir='ltr'>idem</span> <span class='ocrx_word' id='word_1_62' title='bbox 1042 1334 1220 1428; x_wconf 81' lang='lat' dir='ltr'>numero,</span> <span class='ocrx_word' id='word_1_63' title='bbox 1235 1335 1500 1408; x_wconf 68' lang='lat' dir='ltr'>emitteriorum</span> <span class='ocrx_word' id='word_1_64' title='bbox 1519 1338 1773 1436; x_wconf 81' lang='lat' dir='ltr'>estsusoepti—</span> 
     </span>
     <span class='ocr_line' id='line_1_8' title="bbox 183 1449 1774 1554; baseline 0.006 -34"><span class='ocrx_word' id='word_1_65' title='bbox 183 1449 261 1522; x_wconf 90' lang='lat' dir='ltr'>bile.</span> <span class='ocrx_word' id='word_1_66' title='bbox 275 1480 294 1520; x_wconf 82' lang='lat' dir='ltr'>n</span> <span class='ocrx_word' id='word_1_67' title='bbox 306 1456 404 1525; x_wconf 84' lang='lat' dir='ltr'>¹ltem</span> <span class='ocrx_word' id='word_1_68' title='bbox 415 1476 426 1540; x_wconf 90' lang='lat'>,·</span> <span class='ocrx_word' id='word_1_69' title='bbox 438 1450 544 1525; x_wconf 80' lang='lat' dir='ltr'>¹idem</span> <span class='ocrx_word' id='word_1_70' title='bbox 560 1451 607 1525; x_wconf 90' lang='lat' dir='ltr'>de</span> <span class='ocrx_word' id='word_1_71' title='bbox 631 1451 778 1527; x_wconf 82' lang='lat' dir='ltr'>eodem⁸</span> <span class='ocrx_word' id='word_1_72' title='bbox 799 1481 811 1525; x_wconf 74' lang='grc' dir='ltr'>ι</span> <span class='ocrx_word' id='word_1_73' title='bbox 830 1482 848 1523; x_wconf 81' lang='lat' dir='ltr'>n</span> <span class='ocrx_word' id='word_1_74' title='bbox 861 1458 983 1543; x_wconf 86' lang='lat' dir='ltr'>Quare</span> <span class='ocrx_word' id='word_1_75' title='bbox 1004 1454 1193 1554; x_wconf 85' lang='lat' dir='ltr'>proprium</span> <span class='ocrx_word' id='word_1_76' title='bbox 1207 1454 1273 1528; x_wconf 89' lang='lat' dir='ltr'>erit</span> <span class='ocrx_word' id='word_1_77' title='bbox 1289 1454 1494 1529; x_wconf 74' lang='lat' dir='ltr'>substantia</span> <span class='ocrx_word' id='word_1_78' title='bbox 1510 1453 1609 1550; x_wconf 87' lang='lat' dir='ltr'>quod</span> <span class='ocrx_word' id='word_1_79' title='bbox 1625 1478 1710 1529; x_wconf 87' lang='lat' dir='ltr'>oum</span> <span class='ocrx_word' id='word_1_80' title='bbox 1727 1458 1774 1529; x_wconf 87' lang='lat' dir='ltr'>sit</span> 
     </span>
     <span class='ocr_line' id='line_1_9' title="bbox 184 1574 1773 1675; baseline 0.005 -31"><span class='ocrx_word' id='word_1_81' title='bbox 184 1598 292 1646; x_wconf 89' lang='lat' dir='ltr'>unum</span> <span class='ocrx_word' id='word_1_82' title='bbox 308 1588 344 1648; x_wconf 88' lang='lat' dir='ltr'>et</span> <span class='ocrx_word' id='word_1_83' title='bbox 359 1574 456 1649; x_wconf 90' lang='lat' dir='ltr'>idem</span> <span class='ocrx_word' id='word_1_84' title='bbox 478 1598 649 1669; x_wconf 85' lang='lat' dir='ltr'>numero,</span> <span class='ocrx_word' id='word_1_85' title='bbox 676 1575 904 1675; x_wconf 83' lang='lat' dir='ltr'>srrseeptibile</span> <span class='ocrx_word' id='word_1_86' title='bbox 930 1591 985 1650; x_wconf 89' lang='lat' dir='ltr'>est</span> <span class='ocrx_word' id='word_1_87' title='bbox 1012 1578 1292 1650; x_wconf 83' lang='lat' dir='ltr'>contrariorum.</span> <span class='ocrx_word' id='word_1_88' title='bbox 1312 1606 1329 1642; x_wconf 74' lang='lat' dir='ltr'>s</span> <span class='ocrx_word' id='word_1_89' title='bbox 1349 1579 1441 1649; x_wconf 89' lang='lat' dir='ltr'>Cum</span> <span class='ocrx_word' id='word_1_90' title='bbox 1464 1577 1584 1673; x_wconf 87' lang='lat' dir='ltr'>itaque</span> <span class='ocrx_word' id='word_1_91' title='bbox 1606 1580 1685 1651; x_wconf 90' lang='lat' dir='ltr'>Deo</span> <span class='ocrx_word' id='word_1_92' title='bbox 1705 1581 1773 1652; x_wconf 84' lang='lat' dir='ltr'>ista</span> 
     </span>
     <span class='ocr_line' id='line_1_10' title="bbox 185 1692 1771 1795; baseline 0.005 -34"><span class='ocrx_word' id='word_1_93' title='bbox 185 1692 302 1764; x_wconf 88' lang='lat' dir='ltr'>omnia</span> <span class='ocrx_word' id='word_1_94' title='bbox 325 1694 483 1795; x_wconf 84' lang='lat' dir='ltr'>coaptari</span> <span class='ocrx_word' id='word_1_95' title='bbox 508 1719 586 1766; x_wconf 90' lang='lat' dir='ltr'>non</span> <span class='ocrx_word' id='word_1_96' title='bbox 610 1710 777 1793; x_wconf 76' lang='lat' dir='ltr'>possunt,</span> <span class='ocrx_word' id='word_1_97' title='bbox 795 1696 899 1793; x_wconf 85' lang='lat' dir='ltr'>eujus</span> <span class='ocrx_word' id='word_1_98' title='bbox 920 1694 1120 1769; x_wconf 85' lang='lat' dir='ltr'>substantia</span> <span class='ocrx_word' id='word_1_99' title='bbox 1143 1719 1211 1768; x_wconf 89' lang='lat' dir='ltr'>neo</span> <span class='ocrx_word' id='word_1_100' title='bbox 1229 1694 1474 1769; x_wconf 81' lang='lat' dir='ltr'>aecidenu‘bus</span> <span class='ocrx_word' id='word_1_101' title='bbox 1490 1694 1634 1781; x_wconf 81' lang='lat' dir='ltr'>variari,</span> <span class='ocrx_word' id='word_1_102' title='bbox 1664 1696 1771 1769; x_wconf 88' lang='lat' dir='ltr'>nullis</span> 
     </span>
     <span class='ocr_line' id='line_1_11' title="bbox 181 1809 1769 1910; baseline 0.004 -31"><span class='ocrx_word' id='word_1_103' title='bbox 181 1810 326 1881; x_wconf 88' lang='lat' dir='ltr'>omnino</span> <span class='ocrx_word' id='word_1_104' title='bbox 346 1809 473 1882; x_wconf 77' lang='lat' dir='ltr'>formis</span> <span class='ocrx_word' id='word_1_105' title='bbox 495 1809 680 1908; x_wconf 85' lang='lat' dir='ltr'>subjacere</span> <span class='ocrx_word' id='word_1_106' title='bbox 697 1825 837 1910; x_wconf 71' lang='lat' dir='ltr'>potest,</span> <span class='ocrx_word' id='word_1_107' title='bbox 857 1811 971 1909; x_wconf 88' lang='lat' dir='ltr'>liquet</span> <span class='ocrx_word' id='word_1_108' title='bbox 988 1835 1058 1885; x_wconf 88' lang='lat' dir='ltr'>nee</span> <span class='ocrx_word' id='word_1_109' title='bbox 1076 1812 1171 1887; x_wconf 85' lang='lat' dir='ltr'>iuter</span> <span class='ocrx_word' id='word_1_110' title='bbox 1185 1810 1402 1889; x_wconf 85' lang='lat' dir='ltr'>substantias</span> <span class='ocrx_word' id='word_1_111' title='bbox 1421 1835 1504 1883; x_wconf 89' lang='lat' dir='ltr'>eum</span> <span class='ocrx_word' id='word_1_112' title='bbox 1528 1809 1769 1910; x_wconf 84' lang='lat' dir='ltr'>Philosophos</span> 
     </span>
     <span class='ocr_line' id='line_1_12' title="bbox 185 1928 1768 2029; baseline 0.004 -32"><span class='ocrx_word' id='word_1_113' title='bbox 185 1928 364 2026; x_wconf 75' lang='lat' dir='ltr'>recepisse.</span> <span class='ocrx_word' id='word_1_114' title='bbox 392 1932 443 2001; x_wconf 86' lang='lat' dir='ltr'>Ea</span> <span class='ocrx_word' id='word_1_115' title='bbox 462 1929 624 2029; x_wconf 81' lang='lat' dir='ltr'>piofeoto</span> <span class='ocrx_word' id='word_1_116' title='bbox 645 1930 785 2004; x_wconf 85' lang='lat' dir='ltr'>ratione</span> <span class='ocrx_word' id='word_1_117' title='bbox 805 1952 878 2029; x_wconf 85' lang='lat' dir='ltr'>qua</span> <span class='ocrx_word' id='word_1_118' title='bbox 895 1932 1014 2021; x_wconf 88' lang='lat' dir='ltr'>Plato,</span> <span class='ocrx_word' id='word_1_119' title='bbox 1040 1934 1133 2004; x_wconf 83' lang='lat' dir='ltr'>inter</span> <span class='ocrx_word' id='word_1_120' title='bbox 1149 1929 1288 2004; x_wconf 86' lang='lat' dir='ltr'>nullam</span> <span class='ocrx_word' id='word_1_121' title='bbox 1309 1929 1518 2027; x_wconf 74' lang='lat' dir='ltr'>etaliquam</span> <span class='ocrx_word' id='word_1_122' title='bbox 1533 1929 1768 2007; x_wconf 82' lang='lat' dir='ltr'>substantiam</span> 
     </span>
     <span class='ocr_line' id='line_1_13' title="bbox 183 2048 1772 2150; baseline 0.007 -34"><span class='ocrx_word' id='word_1_123' title='bbox 183 2054 252 2126; x_wconf 71' lang='lat' dir='ltr'>stas</span> <span class='ocrx_word' id='word_1_124' title='bbox 267 2048 469 2141; x_wconf 82' lang='lat' dir='ltr'>collocavit,</span> <span class='ocrx_word' id='word_1_125' title='bbox 483 2073 594 2146; x_wconf 86' lang='lat' dir='ltr'>quam</span> <span class='ocrx_word' id='word_1_126' title='bbox 605 2050 757 2123; x_wconf 87' lang='lat' dir='ltr'>omnino</span> <span class='ocrx_word' id='word_1_127' title='bbox 770 2050 890 2124; x_wconf 80' lang='lat' dir='ltr'>adbuc</span> <span class='ocrx_word' id='word_1_128' title='bbox 902 2051 1097 2125; x_wconf 70' lang='lat' dir='ltr'>inbrmem</span> <span class='ocrx_word' id='word_1_129' title='bbox 1109 2052 1329 2150; x_wconf 73' lang='lat' dir='ltr'>conceperit.</span> <span class='ocrx_word' id='word_1_130' title='bbox 1342 2054 1471 2148; x_wconf 83' lang='lat' dir='ltr'>Neque</span> <span class='ocrx_word' id='word_1_131' title='bbox 1484 2050 1591 2125; x_wconf 75' lang='lat' dir='ltr'>&#39;enim</span> <span class='ocrx_word' id='word_1_132' title='bbox 1607 2049 1772 2127; x_wconf 84' lang='lat' dir='ltr'>substan·</span> 
     </span>
     <span class='ocr_line' id='line_1_14' title="bbox 184 2170 1771 2271; baseline 0.003 -31"><span class='ocrx_word' id='word_1_133' title='bbox 184 2170 316 2242; x_wconf 76' lang='lat' dir='ltr'>dauon</span> <span class='ocrx_word' id='word_1_134' title='bbox 340 2185 395 2243; x_wconf 92' lang='lat' dir='ltr'>est</span> <span class='ocrx_word' id='word_1_135' title='bbox 409 2175 521 2260; x_wconf 87' lang='lat' dir='ltr'>Deus,</span> <span class='ocrx_word' id='word_1_136' title='bbox 545 2172 575 2244; x_wconf 90' lang='lat' dir='ltr'>si</span> <span class='ocrx_word' id='word_1_137' title='bbox 598 2195 682 2245; x_wconf 85' lang='lat' dir='ltr'>vere</span> <span class='ocrx_word' id='word_1_138' title='bbox 697 2171 889 2246; x_wconf 80' lang='lat' dir='ltr'>subsistere</span> <span class='ocrx_word' id='word_1_139' title='bbox 907 2188 1075 2247; x_wconf 87' lang='lat' dir='ltr'>naturam</span> <span class='ocrx_word' id='word_1_140' title='bbox 1092 2188 1135 2246; x_wconf 86' lang='lat' dir='ltr'>et</span> <span class='ocrx_word' id='word_1_141' title='bbox 1149 2170 1482 2247; x_wconf 85' lang='lat' dir='ltr'>inoommutabilem</span> <span class='ocrx_word' id='word_1_142' title='bbox 1509 2195 1605 2257; x_wconf 88' lang='lat' dir='ltr'>esse,</span> <span class='ocrx_word' id='word_1_143' title='bbox 1630 2172 1667 2242; x_wconf 90' lang='lat' dir='ltr'>in</span> <span class='ocrx_word' id='word_1_144' title='bbox 1690 2172 1771 2271; x_wconf 89' lang='lat' dir='ltr'>ipso</span> 
     </span>
     <span class='ocr_line' id='line_1_15' title="bbox 183 2290 1770 2391; baseline 0.003 -32"><span class='ocrx_word' id='word_1_145' title='bbox 183 2290 417 2364; x_wconf 86' lang='lat' dir='ltr'>attendamus.</span> <span class='ocrx_word' id='word_1_146' title='bbox 436 2295 511 2364; x_wconf 89' lang='lat' dir='ltr'>Neo</span> <span class='ocrx_word' id='word_1_147' title='bbox 532 2316 656 2365; x_wconf 86' lang='lat' dir='ltr'>rursus</span> <span class='ocrx_word' id='word_1_148' title='bbox 670 2291 871 2367; x_wconf 86' lang='lat' dir='ltr'>substantia</span> <span class='ocrx_word' id='word_1_149' title='bbox 886 2308 962 2378; x_wconf 89' lang='lat' dir='ltr'>est,</span> <span class='ocrx_word' id='word_1_150' title='bbox 981 2294 1013 2365; x_wconf 88' lang='lat' dir='ltr'>si</span> <span class='ocrx_word' id='word_1_151' title='bbox 1028 2294 1194 2368; x_wconf 80' lang='lat' dir='ltr'>usitatam</span> <span class='ocrx_word' id='word_1_152' title='bbox 1210 2293 1369 2369; x_wconf 88' lang='lat' dir='ltr'>nominis</span> <span class='ocrx_word' id='word_1_153' title='bbox 1390 2291 1596 2365; x_wconf 74' lang='lat' dir='ltr'>substantia</span> <span class='ocrx_word' id='word_1_154' title='bbox 1611 2290 1770 2391; x_wconf 85' lang='lat' dir='ltr'>appella·</span> 
     </span>
     <span class='ocr_line' id='line_1_16' title="bbox 183 2394 1773 2511; baseline 0.003 -31"><span class='ocrx_word' id='word_1_155' title='bbox 183 2410 316 2485; x_wconf 87' lang='lat' dir='ltr'>tionem</span> <span class='ocrx_word' id='word_1_156' title='bbox 331 2394 535 2509; x_wconf 79' lang='lat' dir='ltr'>sequamur,</span> <span class='ocrx_word' id='word_1_157' title='bbox 554 2434 638 2485; x_wconf 86' lang='lat' dir='ltr'>cum</span> <span class='ocrx_word' id='word_1_158' title='bbox 653 2412 820 2487; x_wconf 79' lang='lat' dir='ltr'>videlicet</span> <span class='ocrx_word' id='word_1_159' title='bbox 834 2413 1080 2487; x_wconf 81' lang='lat' dir='ltr'>accidentibus</span> <span class='ocrx_word' id='word_1_160' title='bbox 1089 2412 1272 2511; x_wconf 81' lang='lat' dir='ltr'>subjectus</span> <span class='ocrx_word' id='word_1_161' title='bbox 1287 2436 1363 2487; x_wconf 85' lang='lat' dir='ltr'>esse</span> <span class='ocrx_word' id='word_1_162' title='bbox 1377 2436 1454 2485; x_wconf 92' lang='lat' dir='ltr'>non</span> <span class='ocrx_word' id='word_1_163' title='bbox 1473 2411 1597 2510; x_wconf 86' lang='lat' dir='ltr'>possit.</span> <span class='ocrx_word' id='word_1_164' title='bbox 1614 2411 1718 2485; x_wconf 89' lang='lat' dir='ltr'>Unde</span> <span class='ocrx_word' id='word_1_165' title='bbox 1736 2427 1773 2485; x_wconf 92' lang='lat' dir='ltr'>et</span> 
     </span>
     <span class='ocr_line' id='line_1_17' title="bbox 181 2529 1770 2632; baseline 0.001 -31"><span class='ocrx_word' id='word_1_166' title='bbox 181 2531 221 2602; x_wconf 90' lang='lat' dir='ltr'>in</span> <span class='ocrx_word' id='word_1_167' title='bbox 228 2529 288 2603; x_wconf 91' lang='lat' dir='ltr'>illo</span> <span class='ocrx_word' id='word_1_168' title='bbox 296 2546 506 2628; x_wconf 83' lang='lat' dir='ltr'>argumento</span> <span class='ocrx_word' id='word_1_169' title='bbox 513 2537 611 2606; x_wconf 89' lang='lat' dir='ltr'>Deus</span> <span class='ocrx_word' id='word_1_170' title='bbox 619 2557 697 2606; x_wconf 90' lang='lat' dir='ltr'>non</span> <span class='ocrx_word' id='word_1_171' title='bbox 708 2533 990 2608; x_wconf 85' lang='lat' dir='ltr'>essesubstantia</span> <span class='ocrx_word' id='word_1_172' title='bbox 997 2534 1201 2607; x_wconf 81' lang='lat' dir='ltr'>ostenditur</span> <span class='ocrx_word' id='word_1_173' title='bbox 1209 2545 1345 2632; x_wconf 88' lang='lat' dir='ltr'>aperte,</span> <span class='ocrx_word' id='word_1_174' title='bbox 1355 2555 1429 2628; x_wconf 88' lang='lat' dir='ltr'>quo</span> <span class='ocrx_word' id='word_1_175' title='bbox 1441 2530 1623 2623; x_wconf 80' lang='lat' dir='ltr'>Boethius,</span> <span class='ocrx_word' id='word_1_176' title='bbox 1633 2544 1770 2628; x_wconf 82' lang='lat' dir='ltr'>&#39;quam-</span> 
     </span>
     <span class='ocr_line' id='line_1_18' title="bbox 179 2645 1769 2748; baseline 0.003 -33"><span class='ocrx_word' id='word_1_177' title='bbox 179 2646 233 2717; x_wconf 82' lang='lat' dir='ltr'>vis</span> <span class='ocrx_word' id='word_1_178' title='bbox 251 2645 484 2738; x_wconf 77' lang='lat' dir='ltr'>Christianus,</span> <span class='ocrx_word' id='word_1_179' title='bbox 502 2649 713 2748; x_wconf 85' lang='lat' dir='ltr'>opinionem</span> <span class='ocrx_word' id='word_1_180' title='bbox 731 2648 1038 2748; x_wconf 82' lang='lat' dir='ltr'>Philosophorum</span> <span class='ocrx_word' id='word_1_181' title='bbox 1052 2663 1211 2742; x_wconf 78' lang='lat' dir='ltr'>secutus,</span> <span class='ocrx_word' id='word_1_182' title='bbox 1229 2673 1315 2723; x_wconf 89' lang='lat' dir='ltr'>curu</span> <span class='ocrx_word' id='word_1_183' title='bbox 1328 2647 1376 2721; x_wconf 89' lang='lat' dir='ltr'>de</span> <span class='ocrx_word' id='word_1_184' title='bbox 1391 2646 1769 2746; x_wconf 80' lang='lat' dir='ltr'>pbilosophiatraota·</span> 
     </span>
     <span class='ocr_line' id='line_1_19' title="bbox 176 2769 1771 2873; baseline 0.002 -33"><span class='ocrx_word' id='word_1_185' title='bbox 176 2783 248 2863; x_wconf 86' lang='lat' dir='ltr'>ret,</span> <span class='ocrx_word' id='word_1_186' title='bbox 265 2769 497 2846; x_wconf 83' lang='lat' dir='ltr'>Themistium</span> <span class='ocrx_word' id='word_1_187' title='bbox 522 2772 656 2846; x_wconf 85' lang='lat' dir='ltr'>scilieet</span> <span class='ocrx_word' id='word_1_188' title='bbox 677 2787 717 2845; x_wconf 88' lang='lat' dir='ltr'>et</span> <span class='ocrx_word' id='word_1_189' title='bbox 727 2773 883 2846; x_wconf 87' lang='lat' dir='ltr'>Tullium</span> <span class='ocrx_word' id='word_1_190' title='bbox 906 2774 945 2846; x_wconf 90' lang='lat' dir='ltr'>in</span> <span class='ocrx_word' id='word_1_191' title='bbox 966 2776 1105 2873; x_wconf 79' lang='lat' dir='ltr'>Topicis</span> <span class='ocrx_word' id='word_1_192' title='bbox 1114 2774 1193 2846; x_wconf 87' lang='lat' dir='ltr'>suis</span> <span class='ocrx_word' id='word_1_193' title='bbox 1208 2774 1408 2870; x_wconf 77' lang='lat' dir='ltr'>vestigans,</span> <span class='ocrx_word' id='word_1_194' title='bbox 1426 2771 1559 2870; x_wconf 84' lang='lat' dir='ltr'>probat</span> <span class='ocrx_word' id='word_1_195' title='bbox 1581 2773 1617 2843; x_wconf 90' lang='lat' dir='ltr'>iu</span> <span class='ocrx_word' id='word_1_196' title='bbox 1640 2772 1771 2867; x_wconf 90' lang='lat' dir='ltr'>quinto</span> 
     </span>
     <span class='ocr_line' id='line_1_20' title="bbox 180 2890 1769 2991; baseline 0.004 -32"><span class='ocrx_word' id='word_1_197' title='bbox 180 2892 390 2986; x_wconf 79' lang='lat' dir='ltr'>Topicorum</span> <span class='ocrx_word' id='word_1_198' title='bbox 409 2892 584 2991; x_wconf 85' lang='lat' dir='ltr'>ipsorum,</span> <span class='ocrx_word' id='word_1_199' title='bbox 599 2891 804 2966; x_wconf 83' lang='lat' dir='ltr'>albedinem</span> <span class='ocrx_word' id='word_1_200' title='bbox 821 2916 895 2966; x_wconf 91' lang='lat' dir='ltr'>non</span> <span class='ocrx_word' id='word_1_201' title='bbox 915 2916 990 2967; x_wconf 86' lang='lat' dir='ltr'>esse</span> <span class='ocrx_word' id='word_1_202' title='bbox 1007 2892 1263 2984; x_wconf 87' lang='lat' dir='ltr'>substantiam,</span> <span class='ocrx_word' id='word_1_203' title='bbox 1276 2892 1333 2964; x_wconf 91' lang='lat' dir='ltr'>his</span> <span class='ocrx_word' id='word_1_204' title='bbox 1348 2891 1510 2964; x_wconf 77' lang='lat' dir='ltr'>verbis‘:</span> <span class='ocrx_word' id='word_1_205' title='bbox 1530 2890 1769 2967; x_wconf 70' lang='lat' dir='ltr'>«Substantia</span> 
     </span>
     <span class='ocr_line' id='line_1_21' title="bbox 174 3010 1768 3114; baseline 0.003 -32"><span class='ocrx_word' id='word_1_206' title='bbox 174 3024 242 3103; x_wconf 87' lang='lat' dir='ltr'>est,</span> <span class='ocrx_word' id='word_1_207' title='bbox 261 3035 341 3108; x_wconf 76' lang='lat' dir='ltr'>quae</span> <span class='ocrx_word' id='word_1_208' title='bbox 358 3010 529 3087; x_wconf 90' lang='lat' dir='ltr'>omnibus</span> <span class='ocrx_word' id='word_1_209' title='bbox 546 3012 792 3088; x_wconf 81' lang='lat' dir='ltr'>accidentibus</span> <span class='ocrx_word' id='word_1_210' title='bbox 808 3016 920 3114; x_wconf 85' lang='lat' dir='ltr'>possit</span> <span class='ocrx_word' id='word_1_211' title='bbox 935 3038 1013 3089; x_wconf 87' lang='lat' dir='ltr'>esse</span> <span class='ocrx_word' id='word_1_212' title='bbox 1028 3014 1245 3113; x_wconf 86' lang='lat' dir='ltr'>subjeetum,</span> <span class='ocrx_word' id='word_1_213' title='bbox 1263 3013 1396 3088; x_wconf 79' lang='lat' dir='ltr'>albedo</span> <span class='ocrx_word' id='word_1_214' title='bbox 1412 3027 1533 3087; x_wconf 88' lang='lat' dir='ltr'>autem</span> <span class='ocrx_word' id='word_1_215' title='bbox 1549 3013 1659 3085; x_wconf 90' lang='lat' dir='ltr'>nullis</span> <span class='ocrx_word' id='word_1_216' title='bbox 1671 3015 1768 3086; x_wconf 78' lang='lat' dir='ltr'>anci·</span> 
     </span>
     <span class='ocr_line' id='line_1_22' title="bbox 170 3130 1772 3235; baseline 0.002 -33"><span class='ocrx_word' id='word_1_217' title='bbox 170 3130 344 3205; x_wconf 90' lang='lat' dir='ltr'>dentibus</span> <span class='ocrx_word' id='word_1_218' title='bbox 360 3132 520 3228; x_wconf 86' lang='lat' dir='ltr'>subjeeta</span> <span class='ocrx_word' id='word_1_219' title='bbox 536 3149 602 3226; x_wconf 89' lang='lat' dir='ltr'>est,</span> <span class='ocrx_word' id='word_1_220' title='bbox 619 3135 751 3209; x_wconf 82' lang='lat' dir='ltr'>albedo</span> <span class='ocrx_word' id='word_1_221' title='bbox 765 3137 872 3233; x_wconf 84' lang='lat' dir='ltr'>igitur</span> <span class='ocrx_word' id='word_1_222' title='bbox 889 3136 1282 3209; x_wconf 64' lang='lat' dir='ltr'>substentationes.»</span> <span class='ocrx_word' id='word_1_223' title='bbox 1298 3140 1378 3235; x_wconf 89' lang='lat' dir='ltr'>lpse</span> <span class='ocrx_word' id='word_1_224' title='bbox 1391 3143 1540 3233; x_wconf 80' lang='lat' dir='ltr'>quoque</span> <span class='ocrx_word' id='word_1_225' title='bbox 1555 3135 1772 3230; x_wconf 64' lang='lat' dir='ltr'>Augustinus</span> 
     </span>
    </p>

    <p class='ocr_par' dir='ltr' id='par_1_4' title="bbox 123 3247 1773 4795">
     <span class='ocr_line' id='line_1_23' title="bbox 130 3247 1769 3351; baseline 0.002 -34"><span class='ocrx_word' id='word_1_226' title='bbox 130 3295 138 3307; x_wconf 83' lang='lat'><strong>·</strong></span> <span class='ocrx_word' id='word_1_227' title='bbox 170 3247 269 3320; x_wconf 83' lang='lat' dir='ltr'>lraue</span> <span class='ocrx_word' id='word_1_228' title='bbox 285 3250 452 3321; x_wconf 87' lang='lat' dir='ltr'>usitatam</span> <span class='ocrx_word' id='word_1_229' title='bbox 469 3266 507 3322; x_wconf 90' lang='lat' dir='ltr'>et</span> <span class='ocrx_word' id='word_1_230' title='bbox 521 3252 705 3350; x_wconf 84' lang='lat' dir='ltr'>propriam</span> <span class='ocrx_word' id='word_1_231' title='bbox 720 3251 1020 3350; x_wconf 76' lang='lat' dir='ltr'>&#39;signifieationem</span> <span class='ocrx_word' id='word_1_232' title='bbox 1034 3251 1374 3351; x_wconf 64' lang='lat' dir='ltr'>snbstantias‘apmtr</span> <span class='ocrx_word' id='word_1_233' title='bbox 1391 3248 1580 3350; x_wconf 75' lang='lat' dir='ltr'>profitetur</span> <span class='ocrx_word' id='word_1_234' title='bbox 1596 3252 1711 3321; x_wconf 80' lang='lat' dir='ltr'>in&#39;Vll</span> <span class='ocrx_word' id='word_1_235' title='bbox 1725 3249 1769 3321; x_wconf 86' lang='lat' dir='ltr'>de</span> 
     </span>
     <span class='ocr_line' id='line_1_24' title="bbox 172 3368 1768 3469; baseline 0.002 -32"><span class='ocrx_word' id='word_1_236' title='bbox 172 3370 355 3440; x_wconf 83' lang='lat' dir='ltr'>Trinitate</span> <span class='ocrx_word' id='word_1_237' title='bbox 363 3368 458 3441; x_wconf 89' lang='lat' dir='ltr'>libro</span> <span class='ocrx_word' id='word_1_238' title='bbox 468 3391 548 3469; x_wconf 87' lang='lat' dir='ltr'>cup.</span> <span class='ocrx_word' id='word_1_239' title='bbox 561 3396 598 3442; x_wconf 79' lang='grc' dir='ltr'>ιν</span> <span class='ocrx_word' id='word_1_240' title='bbox 609 3385 646 3445; x_wconf 92' lang='lat' dir='ltr'>et</span> <span class='ocrx_word' id='word_1_241' title='bbox 657 3395 677 3441; x_wconf 85' lang='lat' dir='ltr'>v</span> <span class='ocrx_word' id='word_1_242' title='bbox 688 3373 712 3464; x_wconf 77' lang='lat'>⁵,</span> <span class='ocrx_word' id='word_1_243' title='bbox 722 3369 935 3468; x_wconf 88' lang='lat' dir='ltr'>hisquidem</span> <span class='ocrx_word' id='word_1_244' title='bbox 951 3370 1069 3444; x_wconf 85' lang='lat' dir='ltr'>verbis</span> <span class='ocrx_word' id='word_1_245' title='bbox 1082 3371 1128 3443; x_wconf 95' lang='lat' dir='ltr'>de</span> <span class='ocrx_word' id='word_1_246' title='bbox 1141 3376 1218 3446; x_wconf 87' lang='lat' dir='ltr'>Deo</span> <span class='ocrx_word' id='word_1_247' title='bbox 1232 3371 1419 3469; x_wconf 84' lang='lat' dir='ltr'>disputans</span> <span class='ocrx_word' id='word_1_248' title='bbox 1433 3396 1442 3440; x_wconf 76' lang='lat' dir='ltr'><em>z</em></span> <span class='ocrx_word' id='word_1_249' title='bbox 1462 3368 1702 3441; x_wconf 72' lang='lat' dir='ltr'>«sicutenim</span> <span class='ocrx_word' id='word_1_250' title='bbox 1721 3368 1768 3440; x_wconf 88' lang='lat' dir='ltr'>ab</span> 
     </span>
     <span class='ocr_line' id='line_1_25' title="bbox 161 3485 1769 3589; baseline 0.001 -31"><span class='ocrx_word' id='word_1_251' title='bbox 161 3497 215 3558; x_wconf 88' lang='lat' dir='ltr'>eo&#39;</span> <span class='ocrx_word' id='word_1_252' title='bbox 239 3489 309 3584; x_wconf 90' lang='lat' dir='ltr'>qui</span> <span class='ocrx_word' id='word_1_253' title='bbox 330 3502 381 3560; x_wconf 85' lang='lat' dir='ltr'>est</span> <span class='ocrx_word' id='word_1_254' title='bbox 401 3488 602 3589; x_wconf 80' lang='lat' dir='ltr'>appellatur</span> <span class='ocrx_word' id='word_1_255' title='bbox 618 3514 695 3563; x_wconf 90' lang='lat' dir='ltr'>esse</span> <span class='ocrx_word' id='word_1_256' title='bbox 715 3491 888 3581; x_wconf 85' lang='lat' dir='ltr'>essentia,</span> <span class='ocrx_word' id='word_1_257' title='bbox 913 3493 963 3564; x_wconf 89' lang='lat' dir='ltr'>ita</span> <span class='ocrx_word' id='word_1_258' title='bbox 982 3488 1029 3563; x_wconf 87' lang='lat' dir='ltr'>ab</span> <span class='ocrx_word' id='word_1_259' title='bbox 1046 3513 1092 3562; x_wconf 90' lang='lat' dir='ltr'>eo</span> <span class='ocrx_word' id='word_1_260' title='bbox 1110 3489 1209 3587; x_wconf 88' lang='lat' dir='ltr'>quod</span> <span class='ocrx_word' id='word_1_261' title='bbox 1227 3504 1282 3562; x_wconf 91' lang='lat' dir='ltr'>est</span> <span class='ocrx_word' id='word_1_262' title='bbox 1298 3487 1506 3578; x_wconf 87' lang='lat' dir='ltr'>subsistere,</span> <span class='ocrx_word' id='word_1_263' title='bbox 1531 3485 1769 3559; x_wconf 80' lang='lat' dir='ltr'>substantiam</span> 
     </span>
     <span class='ocr_line' id='line_1_26' title="bbox 160 3610 1769 3689; baseline 0 -7"><span class='ocrx_word' id='word_1_264' title='bbox 160 3610 344 3684; x_wconf 88' lang='lat' dir='ltr'>dicimus.</span> <span class='ocrx_word' id='word_1_265' title='bbox 362 3612 565 3688; x_wconf 75' lang='lat' dir='ltr'>Absurdum</span> <span class='ocrx_word' id='word_1_266' title='bbox 581 3629 634 3687; x_wconf 91' lang='lat' dir='ltr'>est</span> <span class='ocrx_word' id='word_1_267' title='bbox 650 3629 772 3689; x_wconf 85' lang='lat' dir='ltr'>autem</span> <span class='ocrx_word' id='word_1_268' title='bbox 789 3629 829 3687; x_wconf 87' lang='lat' dir='ltr'>ut</span> <span class='ocrx_word' id='word_1_269' title='bbox 843 3613 1043 3688; x_wconf 85' lang='lat' dir='ltr'>substantia</span> <span class='ocrx_word' id='word_1_270' title='bbox 1058 3613 1204 3686; x_wconf 82' lang='lat' dir='ltr'>relative</span> <span class='ocrx_word' id='word_1_271' title='bbox 1220 3613 1370 3685; x_wconf 81' lang='lat' dir='ltr'>dicatur.</span> <span class='ocrx_word' id='word_1_272' title='bbox 1391 3612 1519 3686; x_wconf 89' lang='lat' dir='ltr'>Omnis</span> <span class='ocrx_word' id='word_1_273' title='bbox 1534 3612 1631 3683; x_wconf 88' lang='lat' dir='ltr'>enim</span> <span class='ocrx_word' id='word_1_274' title='bbox 1646 3611 1709 3683; x_wconf 82' lang='lat' dir='ltr'>res</span> <span class='ocrx_word' id='word_1_275' title='bbox 1722 3610 1769 3682; x_wconf 84' lang='lat' dir='ltr'>ad</span> 
     </span>
     <span class='ocr_line' id='line_1_27' title="bbox 154 3728 1769 3835; baseline -0.001 -32"><span class='ocrx_word' id='word_1_276' title='bbox 154 3756 195 3804; x_wconf 89' lang='lat' dir='ltr'>se</span> <span class='ocrx_word' id='word_1_277' title='bbox 224 3734 356 3832; x_wconf 89' lang='lat' dir='ltr'>ipsam</span> <span class='ocrx_word' id='word_1_278' title='bbox 380 3731 561 3828; x_wconf 88' lang='lat' dir='ltr'>subsistit;</span> <span class='ocrx_word' id='word_1_279' title='bbox 584 3749 721 3835; x_wconf 85' lang='lat' dir='ltr'>quanto</span> <span class='ocrx_word' id='word_1_280' title='bbox 748 3735 860 3831; x_wconf 81' lang='lat' dir='ltr'>magis</span> <span class='ocrx_word' id='word_1_281' title='bbox 882 3738 998 3828; x_wconf 89' lang='lat' dir='ltr'>Deus,</span> <span class='ocrx_word' id='word_1_282' title='bbox 1021 3735 1052 3806; x_wconf 93' lang='lat' dir='ltr'>si</span> <span class='ocrx_word' id='word_1_283' title='bbox 1074 3748 1194 3807; x_wconf 88' lang='lat' dir='ltr'>tamen</span> <span class='ocrx_word' id='word_1_284' title='bbox 1218 3733 1367 3830; x_wconf 79' lang='lat' dir='ltr'>dignum</span> <span class='ocrx_word' id='word_1_285' title='bbox 1383 3733 1442 3805; x_wconf 81' lang='lat' dir='ltr'>&#39;est</span> <span class='ocrx_word' id='word_1_286' title='bbox 1462 3747 1504 3803; x_wconf 93' lang='lat' dir='ltr'>ut</span> <span class='ocrx_word' id='word_1_287' title='bbox 1523 3730 1663 3804; x_wconf 84' lang='lat' dir='ltr'>dicatur</span> <span class='ocrx_word' id='word_1_288' title='bbox 1684 3728 1769 3802; x_wconf 87' lang='lat' dir='ltr'>sub·</span> 
     </span>
     <span class='ocr_line' id='line_1_28' title="bbox 151 3850 1768 3953; baseline -0.002 -29"><span class='ocrx_word' id='word_1_289' title='bbox 151 3850 325 3927; x_wconf 77' lang='lat' dir='ltr'>sistere?</span> <span class='ocrx_word' id='word_1_290' title='bbox 342 3858 397 3926; x_wconf 89' lang='lat' dir='ltr'>De</span> <span class='ocrx_word' id='word_1_291' title='bbox 416 3854 474 3927; x_wconf 89' lang='lat' dir='ltr'>bis</span> <span class='ocrx_word' id='word_1_292' title='bbox 485 3855 583 3929; x_wconf 89' lang='lat' dir='ltr'>enim</span> <span class='ocrx_word' id='word_1_293' title='bbox 596 3854 706 3930; x_wconf 86' lang='lat' dir='ltr'>rebus</span> <span class='ocrx_word' id='word_1_294' title='bbox 716 3855 923 3953; x_wconf 83' lang='lat' dir='ltr'>intelligitur</span> <span class='ocrx_word' id='word_1_295' title='bbox 937 3853 1126 3928; x_wconf 73' lang='lat' dir='ltr'>ratlomiu</span> <span class='ocrx_word' id='word_1_296' title='bbox 1144 3852 1278 3952; x_wconf 90' lang='lat' dir='ltr'>quibus</span> <span class='ocrx_word' id='word_1_297' title='bbox 1295 3852 1462 3949; x_wconf 86' lang='lat' dir='ltr'>subjectis</span> <span class='ocrx_word' id='word_1_298' title='bbox 1470 3866 1567 3940; x_wconf 90' lang='lat' dir='ltr'>sunt,</span> <span class='ocrx_word' id='word_1_299' title='bbox 1584 3852 1768 3948; x_wconf 72' lang='lat' dir='ltr'>ea‘spraein</span> 
     </span>
     <span class='ocr_line' id='line_1_29' title="bbox 148 3970 1772 4078; baseline -0.002 -27"><span class='ocrx_word' id='word_1_300' title='bbox 148 3978 286 4076; x_wconf 87' lang='lat' dir='ltr'>aliquo</span> <span class='ocrx_word' id='word_1_301' title='bbox 299 3977 469 4076; x_wconf 85' lang='lat' dir='ltr'>subjecto</span> <span class='ocrx_word' id='word_1_302' title='bbox 481 4003 557 4053; x_wconf 90' lang='lat' dir='ltr'>esse</span> <span class='ocrx_word' id='word_1_303' title='bbox 569 3973 753 4069; x_wconf 85' lang='lat' dir='ltr'>dicuntur,</span> <span class='ocrx_word' id='word_1_304' title='bbox 765 3971 858 4053; x_wconf 86' lang='lat' dir='ltr'>sieut</span> <span class='ocrx_word' id='word_1_305' title='bbox 870 3979 972 4053; x_wconf 85' lang='lat' dir='ltr'>color</span> <span class='ocrx_word' id='word_1_306' title='bbox 984 3971 1198 4078; x_wconf 83' lang='lat' dir='ltr'>incorpore.</span> <span class='ocrx_word' id='word_1_307' title='bbox 1212 4006 1230 4047; x_wconf 74' lang='lat' dir='ltr'>a</span> <span class='ocrx_word' id='word_1_308' title='bbox 1245 3981 1366 4051; x_wconf 79' lang='lat' dir='ltr'>ltetn⁸2</span> <span class='ocrx_word' id='word_1_309' title='bbox 1381 4006 1398 4045; x_wconf 81' lang='lat' dir='ltr'>s</span> <span class='ocrx_word' id='word_1_310' title='bbox 1411 3981 1568 4074; x_wconf 79' lang='lat' dir='ltr'>Resergo</span> <span class='ocrx_word' id='word_1_311' title='bbox 1580 3970 1772 4048; x_wconf 80' lang='lat' dir='ltr'>mutabiles</span> 
     </span>
     <span class='ocr_line' id='line_1_30' title="bbox 142 4094 1768 4199; baseline -0.003 -28"><span class='ocrx_word' id='word_1_312' title='bbox 142 4124 279 4198; x_wconf 90' lang='lat' dir='ltr'>neque</span> <span class='ocrx_word' id='word_1_313' title='bbox 308 4098 495 4199; x_wconf 82' lang='lat' dir='ltr'>simplices</span> <span class='ocrx_word' id='word_1_314' title='bbox 509 4101 656 4199; x_wconf 88' lang='lat' dir='ltr'>proprie</span> <span class='ocrx_word' id='word_1_315' title='bbox 674 4098 848 4172; x_wconf 77' lang='lat' dir='ltr'>dicuntur</span> <span class='ocrx_word' id='word_1_316' title='bbox 861 4100 1072 4173; x_wconf 86' lang='lat' dir='ltr'>substantia.</span> <span class='ocrx_word' id='word_1_317' title='bbox 1091 4127 1109 4166; x_wconf 81' lang='lat' dir='ltr'>n</span> <span class='ocrx_word' id='word_1_318' title='bbox 1129 4102 1233 4171; x_wconf 80' lang='lat' dir='ltr'>ltem⁷</span> <span class='ocrx_word' id='word_1_319' title='bbox 1249 4125 1257 4172; x_wconf 74' lang='grc' dir='ltr'><strong><em>ε</em></strong></span> <span class='ocrx_word' id='word_1_320' title='bbox 1276 4097 1411 4171; x_wconf 77' lang='lat' dir='ltr'>«Nefas</span> <span class='ocrx_word' id='word_1_321' title='bbox 1431 4112 1485 4170; x_wconf 85' lang='lat' dir='ltr'>est</span> <span class='ocrx_word' id='word_1_322' title='bbox 1500 4111 1619 4172; x_wconf 85' lang='lat' dir='ltr'>autem</span> <span class='ocrx_word' id='word_1_323' title='bbox 1635 4094 1768 4179; x_wconf 75' lang='lat' dir='ltr'>disere,</span> 
     </span>
     <span class='ocr_line' id='line_1_31' title="bbox 142 4210 1767 4314; baseline -0.005 -26"><span class='ocrx_word' id='word_1_324' title='bbox 142 4230 182 4289; x_wconf 86' lang='lat' dir='ltr'>ut</span> <span class='ocrx_word' id='word_1_325' title='bbox 198 4216 401 4290; x_wconf 83' lang='lat' dir='ltr'>subsistat</span> <span class='ocrx_word' id='word_1_326' title='bbox 416 4229 452 4287; x_wconf 88' lang='lat' dir='ltr'>et</span> <span class='ocrx_word' id='word_1_327' title='bbox 467 4214 582 4288; x_wconf 89' lang='lat' dir='ltr'>subsit</span> <span class='ocrx_word' id='word_1_328' title='bbox 596 4214 747 4289; x_wconf 85' lang='lat' dir='ltr'>bonitati</span> <span class='ocrx_word' id='word_1_329' title='bbox 761 4239 846 4307; x_wconf 85' lang='lat' dir='ltr'>suae,</span> <span class='ocrx_word' id='word_1_330' title='bbox 861 4216 960 4314; x_wconf 88' lang='lat' dir='ltr'>atqui</span> <span class='ocrx_word' id='word_1_331' title='bbox 978 4214 1037 4288; x_wconf 88' lang='lat' dir='ltr'>illa</span> <span class='ocrx_word' id='word_1_332' title='bbox 1054 4213 1201 4287; x_wconf 86' lang='lat' dir='ltr'>bonitas</span> <span class='ocrx_word' id='word_1_333' title='bbox 1215 4237 1290 4286; x_wconf 92' lang='lat' dir='ltr'>nou</span> <span class='ocrx_word' id='word_1_334' title='bbox 1305 4213 1501 4287; x_wconf 83' lang='lat' dir='ltr'>substantia</span> <span class='ocrx_word' id='word_1_335' title='bbox 1518 4213 1562 4284; x_wconf 87' lang='lat' dir='ltr'>sit</span> <span class='ocrx_word' id='word_1_336' title='bbox 1577 4210 1633 4285; x_wconf 84' lang='lat' dir='ltr'>vel</span> <span class='ocrx_word' id='word_1_337' title='bbox 1646 4210 1767 4311; x_wconf 89' lang='lat' dir='ltr'>potius</span> 
     </span>
     <span class='ocr_line' id='line_1_32' title="bbox 137 4325 1768 4435; baseline -0.005 -25"><span class='ocrx_word' id='word_1_338' title='bbox 137 4338 347 4427; x_wconf 82' lang='lat' dir='ltr'>essentia,</span> <span class='ocrx_word' id='word_1_339' title='bbox 379 4358 497 4432; x_wconf 90' lang='lat' dir='ltr'>neque</span> <span class='ocrx_word' id='word_1_340' title='bbox 523 4337 600 4435; x_wconf 89' lang='lat' dir='ltr'>ipse</span> <span class='ocrx_word' id='word_1_341' title='bbox 624 4340 720 4409; x_wconf 89' lang='lat' dir='ltr'>Deus</span> <span class='ocrx_word' id='word_1_342' title='bbox 745 4336 791 4407; x_wconf 91' lang='lat' dir='ltr'>sit</span> <span class='ocrx_word' id='word_1_343' title='bbox 814 4334 960 4408; x_wconf 89' lang='lat' dir='ltr'>bonitas</span> <span class='ocrx_word' id='word_1_344' title='bbox 984 4359 1068 4428; x_wconf 89' lang='lat' dir='ltr'>sua,</span> <span class='ocrx_word' id='word_1_345' title='bbox 1095 4333 1159 4408; x_wconf 90' lang='lat' dir='ltr'>sed</span> <span class='ocrx_word' id='word_1_346' title='bbox 1186 4335 1223 4406; x_wconf 92' lang='lat' dir='ltr'>in</span> <span class='ocrx_word' id='word_1_347' title='bbox 1248 4332 1310 4405; x_wconf 90' lang='lat' dir='ltr'>illo</span> <span class='ocrx_word' id='word_1_348' title='bbox 1336 4334 1381 4406; x_wconf 88' lang='lat' dir='ltr'>sit</span> <span class='ocrx_word' id='word_1_349' title='bbox 1406 4333 1655 4431; x_wconf 74' lang='lat' dir='ltr'>tamquamin</span> <span class='ocrx_word' id='word_1_350' title='bbox 1682 4325 1768 4403; x_wconf 59' lang='lat' dir='ltr'>sub</span> 
     </span>
     <span class='ocr_line' id='line_1_33' title="bbox 128 4445 1773 4556; baseline -0.007 -20"><span class='ocrx_word' id='word_1_351' title='bbox 128 4462 252 4556; x_wconf 81' lang='lat' dir='ltr'>jecto.</span> <span class='ocrx_word' id='word_1_352' title='bbox 284 4458 411 4533; x_wconf 90' lang='lat' dir='ltr'>Unde</span> <span class='ocrx_word' id='word_1_353' title='bbox 427 4459 656 4533; x_wconf 80' lang='lat' dir='ltr'>manifestum</span> <span class='ocrx_word' id='word_1_354' title='bbox 674 4475 728 4532; x_wconf 90' lang='lat' dir='ltr'>est</span> <span class='ocrx_word' id='word_1_355' title='bbox 747 4463 863 4533; x_wconf 88' lang='lat' dir='ltr'>Deum</span> <span class='ocrx_word' id='word_1_356' title='bbox 884 4451 1036 4532; x_wconf 84' lang='lat' dir='ltr'>abusive</span> <span class='ocrx_word' id='word_1_357' title='bbox 1048 4460 1171 4531; x_wconf 82' lang='lat' dir='ltr'>vocari</span> <span class='ocrx_word' id='word_1_358' title='bbox 1188 4457 1444 4551; x_wconf 87' lang='lat' dir='ltr'>substantiam,</span> <span class='ocrx_word' id='word_1_359' title='bbox 1466 4471 1507 4530; x_wconf 91' lang='lat' dir='ltr'>ut</span> <span class='ocrx_word' id='word_1_360' title='bbox 1526 4458 1675 4529; x_wconf 90' lang='lat' dir='ltr'>nomine</span> <span class='ocrx_word' id='word_1_361' title='bbox 1701 4445 1773 4526; x_wconf 84' lang='lat' dir='ltr'>usi·</span> 
     </span>
     <span class='ocr_line' id='line_1_34' title="bbox 130 4567 1773 4674; baseline -0.006 -25"><span class='ocrx_word' id='word_1_362' title='bbox 130 4579 267 4654; x_wconf 84' lang='lat' dir='ltr'>tatiori</span> <span class='ocrx_word' id='word_1_363' title='bbox 301 4573 537 4672; x_wconf 82' lang='lat' dir='ltr'>intelligatur</span> <span class='ocrx_word' id='word_1_364' title='bbox 555 4576 720 4665; x_wconf 85' lang='lat' dir='ltr'>essentia,</span> <span class='ocrx_word' id='word_1_365' title='bbox 738 4573 839 4672; x_wconf 90' lang='lat' dir='ltr'>quod</span> <span class='ocrx_word' id='word_1_366' title='bbox 855 4598 940 4647; x_wconf 82' lang='lat' dir='ltr'>vere</span> <span class='ocrx_word' id='word_1_367' title='bbox 955 4598 999 4647; x_wconf 85' lang='lat' dir='ltr'>ao</span> <span class='ocrx_word' id='word_1_368' title='bbox 1016 4569 1163 4674; x_wconf 79' lang='lat' dir='ltr'>proprie</span> <span class='ocrx_word' id='word_1_369' title='bbox 1186 4572 1328 4664; x_wconf 85' lang='lat' dir='ltr'>dicitur,</span> <span class='ocrx_word' id='word_1_370' title='bbox 1351 4575 1401 4646; x_wconf 86' lang='lat' dir='ltr'>ita</span> <span class='ocrx_word' id='word_1_371' title='bbox 1422 4567 1467 4647; x_wconf 75' lang='lat' dir='ltr'>ut¹</span> <span class='ocrx_word' id='word_1_372' title='bbox 1485 4567 1634 4646; x_wconf 75' lang='lat' dir='ltr'>sorusse</span> <span class='ocrx_word' id='word_1_373' title='bbox 1656 4574 1773 4644; x_wconf 88' lang='lat' dir='ltr'>Deum</span> 
     </span>
     <span class='ocr_line' id='line_1_35' title="bbox 123 4692 1770 4795; baseline -0.005 -25"><span class='ocrx_word' id='word_1_374' title='bbox 123 4699 262 4772; x_wconf 87' lang='lat' dir='ltr'>solum</span> <span class='ocrx_word' id='word_1_375' title='bbox 305 4696 581 4795; x_wconf 70' lang='lat' dir='ltr'>dioi&#39;oportest</span> <span class='ocrx_word' id='word_1_376' title='bbox 605 4696 807 4769; x_wconf 86' lang='lat' dir='ltr'>essentiam.</span> <span class='ocrx_word' id='word_1_377' title='bbox 830 4698 891 4767; x_wconf 80' lang='lat' dir='ltr'>Est</span> <span class='ocrx_word' id='word_1_378' title='bbox 916 4695 1014 4767; x_wconf 82' lang='lat' dir='ltr'>¹eninr</span> <span class='ocrx_word' id='word_1_379' title='bbox 1038 4717 1123 4767; x_wconf 81' lang='lat' dir='ltr'>vere</span> <span class='ocrx_word' id='word_1_380' title='bbox 1147 4692 1247 4767; x_wconf 89' lang='lat' dir='ltr'>solus</span> <span class='ocrx_word' id='word_1_381' title='bbox 1270 4694 1359 4792; x_wconf 84' lang='lat' dir='ltr'>qrria</span> <span class='ocrx_word' id='word_1_382' title='bbox 1376 4692 1682 4766; x_wconf 84' lang='lat' dir='ltr'>incommutabilis</span> <span class='ocrx_word' id='word_1_383' title='bbox 1705 4702 1770 4778; x_wconf 87' lang='lat' dir='ltr'>est,</span> 
     </span>
    </p>
   </div>
   <div class='ocr_carea' id='block_1_3' title="bbox 8 4809 1770 4918">
    <p class='ocr_par' dir='ltr' id='par_1_5' title="bbox 8 4809 1770 4918">
     <span class='ocr_line' id='line_1_36' title="bbox 8 4809 1770 4918; baseline -0.006 -29"><span class='ocrx_word' id='word_1_384' title='bbox 8 4849 9 4860; x_wconf 50' lang='lat'>¹</span> <span class='ocrx_word' id='word_1_385' title='bbox 117 4817 247 4918; x_wconf 89' lang='lat' dir='ltr'>idque</span> <span class='ocrx_word' id='word_1_386' title='bbox 260 4841 401 4892; x_wconf 85' lang='lat' dir='ltr'>suum</span> <span class='ocrx_word' id='word_1_387' title='bbox 413 4821 550 4889; x_wconf 83' lang='lat' dir='ltr'>nomen</span> <span class='ocrx_word' id='word_1_388' title='bbox 562 4809 675 4914; x_wconf 77' lang='lat' dir='ltr'>Moysi</span> <span class='ocrx_word' id='word_1_389' title='bbox 690 4815 1003 4908; x_wconf 85' lang='lat' dir='ltr'>enunciavit,eum</span> <span class='ocrx_word' id='word_1_390' title='bbox 1018 4814 1108 4888; x_wconf 75' lang='lat' dir='ltr'>ait⁸e</span> <span class='ocrx_word' id='word_1_391' title='bbox 1127 4845 1144 4882; x_wconf 82' lang='grc' dir='ltr'>α</span> <span class='ocrx_word' id='word_1_392' title='bbox 1158 4818 1233 4913; x_wconf 82' lang='lat' dir='ltr'>Ego</span> <span class='ocrx_word' id='word_1_393' title='bbox 1244 4838 1323 4887; x_wconf 87' lang='lat' dir='ltr'>sum</span> <span class='ocrx_word' id='word_1_394' title='bbox 1335 4814 1399 4912; x_wconf 89' lang='lat' dir='ltr'>qui</span> <span class='ocrx_word' id='word_1_395' title='bbox 1410 4813 1503 4903; x_wconf 81' lang='lat' dir='ltr'>suni,</span> <span class='ocrx_word' id='word_1_396' title='bbox 1517 4844 1536 4881; x_wconf 71' lang='lat' dir='ltr'>s</span> <span class='ocrx_word' id='word_1_397' title='bbox 1550 4818 1620 4887; x_wconf 80' lang='lat' dir='ltr'>et’:</span> <span class='ocrx_word' id='word_1_398' title='bbox 1636 4843 1655 4882; x_wconf 75' lang='lat' dir='ltr'>e</span> <span class='ocrx_word' id='word_1_399' title='bbox 1665 4809 1770 4884; x_wconf 87' lang='lat' dir='ltr'>Dices</span> 
     </span>
    </p>
   </div>
   <div class='ocr_carea' id='block_1_4' title="bbox 8 5128 1774 5276">
    <p class='ocr_par' dir='ltr' id='par_1_6' title="bbox 8 5128 1774 5276">
     <span class='ocr_line' id='line_1_37' title="bbox 142 5128 1774 5200; baseline -0.002 -15"><span class='ocrx_word' id='word_1_400' title='bbox 142 5141 148 5165; x_wconf 93' lang='lat'>¹</span> <span class='ocrx_word' id='word_1_401' title='bbox 162 5136 242 5200; x_wconf 75' lang='lat' dir='ltr'>(lap.</span> <span class='ocrx_word' id='word_1_402' title='bbox 262 5146 343 5193; x_wconf 72' lang='lat' dir='ltr'>xvi,</span> <span class='ocrx_word' id='word_1_403' title='bbox 361 5143 391 5179; x_wconf 74' lang='lat' dir='ltr'>v.</span> <span class='ocrx_word' id='word_1_404' title='bbox 402 5132 425 5181; x_wconf 77' lang='grc'>3.</span> <span class='ocrx_word' id='word_1_405' title='bbox 436 5129 549 5195; x_wconf 70' lang='lat' dir='ltr'>-¹(&#39;ap.</span> <span class='ocrx_word' id='word_1_406' title='bbox 560 5145 583 5182; x_wconf 78' lang='lat' dir='ltr'>r.</span> <span class='ocrx_word' id='word_1_407' title='bbox 595 5155 626 5169; x_wconf 93' lang='lat'>-</span> <span class='ocrx_word' id='word_1_408' title='bbox 639 5131 762 5182; x_wconf 70' lang='lat' dir='ltr'>&#39;Ibid-</span> <span class='ocrx_word' id='word_1_409' title='bbox 775 5130 829 5182; x_wconf 67' lang='lat' dir='ltr'>*lte</span> <span class='ocrx_word' id='word_1_410' title='bbox 842 5129 1330 5196; x_wconf 63' lang='lat' dir='ltr'>ffiffilbp.‚llb.l,p.861.-⁵Opp.</span> <span class='ocrx_word' id='word_1_411' title='bbox 1349 5139 1368 5180; x_wconf 84' lang='lat' dir='ltr'>t.</span> <span class='ocrx_word' id='word_1_412' title='bbox 1389 5128 1450 5181; x_wconf 80' lang='lat' dir='ltr'>vul.</span> <span class='ocrx_word' id='word_1_413' title='bbox 1461 5154 1493 5166; x_wconf 90' lang='grc'><strong>-</strong></span> <span class='ocrx_word' id='word_1_414' title='bbox 1506 5131 1516 5162; x_wconf 77' lang='lat'><em>⁶</em></span> <span class='ocrx_word' id='word_1_415' title='bbox 1527 5128 1605 5190; x_wconf 70' lang='lat' dir='ltr'>itia,</span> <span class='ocrx_word' id='word_1_416' title='bbox 1618 5128 1663 5179; x_wconf 83' lang='lat' dir='ltr'>ool.</span> <span class='ocrx_word' id='word_1_417' title='bbox 1677 5129 1733 5181; x_wconf 82' lang='lat' dir='ltr'>too.</span> <span class='ocrx_word' id='word_1_418' title='bbox 1745 5153 1774 5164; x_wconf 89' lang='lat'><em>-</em></span> 
     </span>
     <span class='ocr_line' id='line_1_38' title="bbox 8 5210 1614 5276; baseline -0.002 -10"><span class='ocrx_word' id='word_1_419' title='bbox 8 5225 9 5230; x_wconf 72' lang='grc'>’</span> <span class='ocrx_word' id='word_1_420' title='bbox 106 5214 214 5276; x_wconf 54' lang='lat' dir='ltr'>wid„</span> <span class='ocrx_word' id='word_1_421' title='bbox 233 5214 310 5265; x_wconf 76' lang='lat' dir='ltr'>eol.</span> <span class='ocrx_word' id='word_1_422' title='bbox 336 5211 443 5263; x_wconf 76' lang='grc'><strong>861.·-</strong></span> <span class='ocrx_word' id='word_1_423' title='bbox 457 5212 466 5242; x_wconf 83' lang='grc'><em>·</em></span> <span class='ocrx_word' id='word_1_424' title='bbox 478 5210 559 5264; x_wconf 76' lang='lat' dir='ltr'>Esod.</span> <span class='ocrx_word' id='word_1_425' title='bbox 571 5224 690 5275; x_wconf 71' lang='lat' dir='ltr'>sapui,</span> <span class='ocrx_word' id='word_1_426' title='bbox 703 5225 727 5264; x_wconf 84' lang='lat' dir='ltr'>r.</span> <span class='ocrx_word' id='word_1_427' title='bbox 743 5215 779 5263; x_wconf 83' lang='lat' dir='ltr'>u.</span> <span class='ocrx_word' id='word_1_428' title='bbox 799 5211 924 5262; x_wconf 70' lang='lat' dir='ltr'>-01tr‘t</span> <span class='ocrx_word' id='word_1_429' title='bbox 1610 5213 1614 5224; x_wconf 78' lang='grc'><strong><em>’</em></strong></span> 
     </span>
    </p>
   </div>
   <div class='ocr_carea' id='block_1_5' title="bbox 253 5313 1657 5377">
    <p class='ocr_par' dir='ltr' id='par_1_7' title="bbox 253 5313 1657 5377">
     <span class='ocr_line' id='line_1_39' title="bbox 253 5313 1657 5377; baseline -0.005 0"><span class='ocrx_word' id='word_1_430' title='bbox 253 5338 291 5377; x_wconf 90' lang='lat'>11</span> <span class='ocrx_word' id='word_1_431' title='bbox 506 5315 513 5332; x_wconf 86' lang='lat'>&#39;</span> <span class='ocrx_word' id='word_1_432' title='bbox 1618 5313 1657 5370; x_wconf 77' lang='lat' dir='ltr'>ta</span> 
     </span>
    </p>
   </div>
   <div class='ocr_carea' id='block_1_6' title="bbox 0 0 2284 6100">
    <p class='ocr_par' dir='ltr' id='par_1_8' title="bbox 0 0 2284 6100">
     <span class='ocr_line' id='line_1_40' title="bbox 0 0 2284 6100; baseline 0 2"><span class='ocrx_word' id='word_1_433' title='bbox 0 0 2284 6100; x_wconf 95' lang='lat' dir='ltr'> </span> 
     </span>
    </p>
   </div>
  </div>
 </body>
</html>
