4559 6100
458 555 533 626 342
1061 555 1190 629 mitt
1216 557 1453 631 ABfflRDl

460 700 644 802 multiplici
660 702 715 774 sui
731 703 863 773 erroris
883 703 989 802 culpa
1009 705 1130 777 mium
1149 705 1361 780 debebam.
1377 707 2046 808 «statuarum-hiantum:

459 823 630 920 loquente
649 821 781 894 scilicet
804 821 852 893 ad
877 826 1014 895 Patrem
1035 825 1073 895 io
1091 850 1247 923 persona
1265 826 1396 899 ffiristi
1415 825 1568 899 dicentis
1588 828 1683 900 Patri
1691 832 1716 917 ¹,
1730 826 1967 900 «confitebor
1982 826 2048 898 tibi

458 943 495 1012 in
511 941 699 1028 Gentibus,
717 971 736 1008 n
755 940 859 1013 idest
877 940 1012 1015 laudari
1031 944 2047 1044 ieadmemmaemmmoenvmeubipame

458 1061 651 1159 acquisitis.
675 1063 837 1147 Quarum
863 1061 1010 1158 quidem
1032 1063 1197 1161 primitia*
1221 1066 1314 1161 uagi
1339 1065 1496 1157 tuemur,
1522 1067 1597 1138 sire
1618 1067 1830 1138 &miliani
1846 1067 1956 1138 etiam
1975 1065 2045 1156 illi,

459 1179 1063 1279 quibusperSamariianamsslam
1082 1182 2047 1281 innonmeionmmamcenfflaiutquimu

462 1299 664 1399 passionem
689 1323 755 1397 per
776 1298 981 1397 Philippum
1002 1314 1039 1372 et
1058 1301 1256 1394 Andream,
1280 1302 1328 1374 ad
1351 1328 1436 1377 cnm
1459 1319 1703 1394 munt,
1727 1328 1813 1375 cum
1837 1303 1957 1376 videre
1976 1329 2047 1376 cu-

462 1419 620 1517 pientes:
639 1416 685 1490 de
701 1416 831 1514 quibus
847 1419 929 1490 ait¹:
946 1423 1077 1490 «Nunc
1092 1419 1735 1495 clarifimmseet'nimhommmn
1750 1422 2045 1494 Etnominitun»

461 1537 507 1610 ad
535 1535 713 1609 honorem
730 1551 831 1609 tuum
849 1537 1013 1610 videlicet
1031 1554 1068 1610 et
1092 1554 1192 1611 tuam
1207 1539 1430 1615 dilatandam
1458 1543 1624 1614 notitiam
1656 1541 1875 1642 spiritalibus
1900 1542 2048 1618 canticis

460 1681 523 1728 eos
538 1680 666 1730 vacare
682 1656 821 1728 faciam.
839 1645 949 1746 Quod
962 1683 1049 1729 vero
1065 1659 1114 1731 ait
1129 1675 1322 1760 propterea
1336 1663 1515 1760 super-ius,
1531 1662 1764 1734 continuatur
1778 1663 1816 1732 in
1831 1660 1970 1733 Psalmo
1985 1661 2046 1734 ubi

461 1777 682 1876 promissum
703 1779 783 1862 est⁸‚
803 1780 870 1848 «Et
890 1777 937 1850 ab
957 1778 1224 1875 insurgentibus
1245 1783 1283 1853 io
1305 1807 1364 1854 me
1385 1806 1471 1854 eruc
1487 1806 1561 1870 me,
1587 1796 1693 1853 etc.»
1715 1779 1894 1852 Exultatus
1913 1782 2047 1880 quippe

460 1911 512 1968 est
537 1921 603 1995 per
627 1897 724 1994 ipsos
751 1896 919 1993 quicum
945 1897 1193 1994 crucifigentes
1217 1925 1351 1973 nomen
1377 1903 1455 1998 ejus
1481 1900 1602 1974 delere
1626 1898 1878 1990 crediderunt,
1904 1899 1953 1971 de
1975 1925 2048 1999 qua

460 2014 606 2111 quidem
630 2013 844 2087 exaltatione
863 2016 939 2113 ipse
954 2041 1100 2114 quoque
1113 2018 1350 2116 prmdiserat‘‚
1363 2025 1435 2092 «Et
1454 2045 1523 2118 ego
1540 2019 1758 2092 cernuus
1777 2018 1878 2090 linaro
1898 2034 2045 2110 utana,

434 2121 438 2126 ⁹
460 2134 582 2206 omnia
603 2132 744 2206 traham
768 2131 815 2205 ad
835 2134 1025 2233 meipsum,
1042 2165 1060 2203 n
1079 2161 1155 2209 non
1180 2137 1298 2211 solum
1318 2139 1487 2213 videlicet
1501 2139 1656 2230 tudaeos,
1673 2138 1739 2210 sed
1752 2152 1790 2210 et
1803 2141 1936 2210 Gentes
1956 2163 2047 2211 con·

460 2252 646 2326 vertendo.
670 2284 687 2320 α
709 2257 751 2326 sst
764 2255 895 2325 iterum
907 2284 926 2321 n
948 2257 1162 2354 pertsaiam‘
1176 2257 1325 2349 scilicet,
1346 2259 1547 2358 praevidens
1562 2258 1756 2331 moesiam
1772 2272 1846 2329 tam
1862 2281 1907 2329 ex
1921 2258 2049 2332 tudaeis

459 2396 569 2470 quam
584 2397 626 2446 ex
640 2372 816 2445 Gentibus
825 2373 1127 2471 congregandam,
1142 2375 1308 2450 bortatur
1319 2382 1561 2452 communiter
1573 2393 1744 2475 unusque
1755 2375 1803 2449 ad
1817 2376 2048 2451 exultandum

458 2505 492 2562 et
517 2491 739 2566 laudandum
755 2496 872 2565 Deum
893 2493 1018 2566 desua
1038 2496 1290 2568 conversione.
1317 2497 1463 2571 Plebem
1484 2499 1551 2570 Dei
1567 2512 1603 2570 et
1619 2495 1808 2594 quondam
1831 2495 2047 2594 peculiarem

459 2611 635 2709 populum
659 2612 734 2708 ejus
750 2611 890 2683 Judaeos
905 2612 1007 2685 dicit.
1029 2641 1048 2680 a
1059 2618 1101 2685 Et
1116 2615 1273 2686 iterum»
1291 2641 1356 2715 per
1372 2618 1492 2715 ipsum
1509 2615 1625 2687 David
1644 2645 1663 2682 s
1674 2613 1929 2713 magnificate»
1947 2614 2049 2687 idest

459 2728 564 2801 bonis
581 2728 750 2828 operibus
767 2729 974 2826 glorificate,
997 2755 1150 2803 somnes
1165 2734 1337 2832 populi,»
1354 2734 1393 2806 id
1411 2749 1466 2807 cst
1482 2733 1649 2832 qualibet
1664 2731 1823 2805 fidelium
1837 2732 2045 2822 multitudo,

459 2871 533 2918 non
543 2847 660 2920 solum
678 2873 719 2920 es
737 2848 912 2921 Gentibus
927 2865 1154 2947 congregata.
1176 2853 1279 2924 «Erit
1294 2852 1438 2926 radix.»
1456 2853 1558 2926 Aliud
1574 2853 1817 2925 testimonium
1831 2849 1879 2923 de
1895 2876 2047 2924 conver·

459 2971 560 3042 sione
574 2971 743 3044 Gentium
759 2985 842 3073 post
859 2974 1143 3045 incarnationem
1164 2976 1298 3048 scilicet
1313 2978 1459 3051 Domini
1483 2976 1530 3051 ab
1547 3001 1593 3051 eo
1615 2973 1863 3074 regendam,
1884 2990 1920 3047 et
1941 2975 1978 3046 in
2001 3000 2048 3050 eo

458 3091 729 3189 sperandarum,
747 3094 840 3166 sicut
855 3093 954 3166 radix
971 3093 1154 3167 residuum
1169 3112 1223 3170 est
1237 3097 1376 3172 arboris
1391 3100 1523 3185 incisae,
1541 3098 1619 3171 etsi
1634 3098 1672 3169 in
1683 3111 1777 3169 terra
1789 3096 1837 3167 sit
1847 3094 2045 3186 recondita,

459 3208 588 3284 multas
609 3212 894 3286 ramusculorum
916 3215 1044 3285 emittit
1059 3218 1285 3315 propagines.
1311 3222 1363 3292 lts
1378 3209 1474 3291 lesse
1493 3231 1596 3317 patre
1618 3214 1736 3289 David
1756 3216 1845 3288 olim
1863 3215 2046 3301 defuncto,

459 3342 685 3429 eatanquam
707 3331 836 3406 arbore
862 3332 996 3406 devita
1021 3338 1186 3434 praesenti
1213 3337 1385 3432 abscisso,
1414 3338 1515 3436 quasi
1540 3334 1700 3409 radicem
1728 3349 1765 3408 et
1786 3334 1970 3409 residuum
1996 3334 2048 3407 sui

460 3448 640 3523 Christum
661 3449 789 3524 habuit
813 3451 919 3548 longe
941 3467 1068 3552 postea
1091 3454 1293 3530 desemine
1318 3483 1384 3530 suo
1405 3458 1638 3531 nasciturum.
1663 3454 1774 3527 Radix
1795 3454 1872 3527 baec
1891 3455 1930 3526 in
1958 3469 2048 3526 terra

459 3569 643 3644 recondita
660 3585 727 3654 est,
748 3570 888 3643 dumio
907 3574 982 3671 ipsa
999 3598 1107 3647 carne
1122 3601 1200 3666 sua,
1220 3603 1300 3674 quae
1319 3593 1467 3650 terrena
1483 3575 1690 3650 substantia
1698 3588 1765 3665 est,
1779 3573 1939 3672 sepultus
1951 3574 2048 3670 juxta

458 3687 616 3786 quodde
635 3690 826 3787 semetipso
843 3691 901 3762 ait·
918 3745 928 3779 ‚
947 3692 1064 3764 «sicut
1088 3693 1154 3765 suit
1177 3698 1285 3766 lonas
1312 3696 1350 3765 in
1367 3711 1491 3771 venue
1509 3695 1590 3787 ceti,
1608 3709 1709 3767 etc.»
1731 3695 1769 3765 in
1792 3692 1941 3767 multam
1966 3719 2048 3791 pro·

460 3805 625 3903 paginam
658 3803 818 3877 fidelium
844 3809 1064 3905 resurgendo
1084 3809 1285 3908 pullulavit,
1307 3813 1506 3886 secundum
1534 3813 1633 3886 illam
1660 3813 1774 3912 ipsius
1800 3811 2045 3911 parabolam',

462 3923 569 3996 «Nisi
593 3947 744 4021 manum
766 3912 948 4015 frumetffi,
973 3941 1070 4001 etc.»
1090 3931 1230 4003 Scimus
1246 3946 1367 4005 autem
1391 3947 1428 4031 et
1452 3946 1539 4006 tunc
1562 3933 1717 4006 maxime
1742 3931 1899 4006 radicem
1922 3955 2049 4030 quam-

459 4041 546 4115 libet
566 4044 739 4140 genersri‚
762 4058 798 4115 et
814 4047 915 4143 quasi
930 4046 1159 4145 impinguari,
1179 4064 1219 4121 ut
1236 4050 1503 4152 multiplicetur,
1525 4053 1556 4125 si
1574 4053 1608 4125 ei
1628 4051 1750 4124 fumus
1765 4050 1991 4141 adhibeatur,
2014 4066 2049 4122 et

459 4176 629 4253 stercora,
635 4162 735 4260 juxta
745 4161 832 4237 illud
848 4166 1044 4240 Dominicae
1061 4168 1241 4267 parabolae
1249 4172 1272 4261 ⁸,
1293 4199 1313 4240 s
1325 4173 1471 4245 Dimitte
1487 4187 1523 4245 et
1537 4172 1608 4245 hoc
1624 4196 1736 4264 anno,
1756 4185 1797 4245 ut
1813 4172 1952 4244 mittam
1960 4186 2047 4244 ster-

460 4304 557 4354 cora.
574 4312 592 4347 n
621 4280 718 4371 Quid
733 4297 853 4356 autem
877 4284 995 4357 fumus
1020 4287 1078 4359 vel
1102 4301 1259 4361 stercora
1283 4307 1366 4364 sunt
1389 4292 1476 4366 huic
1503 4291 1615 4367 radici
1642 4290 1808 4382 admota,
1835 4291 1904 4364 nisi
1927 4288 2050 4365 sordes

462 4413 691 4501 peccatorum
723 4416 931 4475 nostrorum
960 4430 1039 4503 quae
1071 4408 1225 4506 suscepit
1250 4410 1463 4508 asportavit
1492 4412 1530 4483 in
1557 4435 1711 4509 corpore
1732 4434 1818 4501 suo,
1846 4423 1886 4482 ut
1904 4408 1950 4481 de
1969 4409 2050 4505 ipso

462 4535 633 4617 tanquam
660 4517 781 4592 radice
807 4534 843 4592 et
868 4523 1031 4595 omnium
1057 4525 1195 4621 origine
1221 4529 1401 4602 innumeri
1429 4530 1637 4628 propaginis
1665 4530 1802 4602 tructus
1826 4529 1864 4600 in
1895 4526 2051 4600 Ecclesia

464 4637 716 4712 nascerentur?
731 4637 788 4710 Nil
802 4640 936 4742 quippe
951 4643 1049 4716 nasci
1059 4644 1207 4742 proluit,
1223 4647 1292 4720 nisi
1307 4647 1435 4721 redimi
1451 4648 1655 4756 prodiisset,
1671 4652 1749 4721 Hoc
1765 4649 1885 4745 itaque
1900 4646 2050 4745 Spiritus

461 4781 526 4860 per
548 4757 676 4832 isaiam
698 4761 928 4860 promittens,
947 4762 1014 4834 ait'
1033 4788 1082 4836 :u
1097 4766 1173 4838 Erit
1188 4765 1288 4839 radix
1311 4770 1419 4857 lesse,
1437 4797 1455 4834 i
1473 4766 1512 4840 id
1531 4780 1586 4840 est
1608 4791 1653 4838 eo
1670 4765 1855 4855 defuncto,
1877 4765 2051 4866 supererit

495 5056 604 5117 '‘Pislm
614 5078 675 5128 ιιιι,
685 5065 963 5131 r.t⁰.-¹lcau.,csp.
977 5064 1028 5127 xlii,
1039 5082 1064 5120 v.
1079 5071 1119 5123 tt.
1130 5069 1228 5120 -Ῥε,
1284 5071 1374 5123 tu.-·
1384 5069 1545 5137 flammis.
1558 5086 1609 5139 xii,
1622 5090 1644 5125 r.
1658 5076 1698 5127 iu.
1714 5072 1761 5109 -’
1771 5068 1912 5132 lunum·
1922 5066 2048 5129 ”tit-²⁴«

464 5144 901 5212 na.v.ia.-⁴tosn.‚np.xn‚v.
914 5146 1190 5213 aa.-·tsit.,op.11‚
1204 5162 1227 5198 ι.
1283 5153 1332 5187 -·
1346 5149 1418 5215 tua,
1429 5164 1485 5215 cip.
1498 5166 1552 5216 rui,
1563 5167 1585 5206 r.
1598 5157 1626 5207 t.
1636 5179 1665 5193 ··
1679 5151 1766 5215 Ἰκι,
1776 5163 1831 5215 cap
1844 5162 1885 5214 tt,
1895 5163 1919 5198 t·
1932 5148 1969 5207 ta.
