<?xml version="1.0" encoding="UTF-8"?>
<!DOCTYPE html PUBLIC "-//W3C//DTD XHTML 1.0 Transitional//EN"
    "http://www.w3.org/TR/xhtml1/DTD/xhtml1-transitional.dtd">
<html xmlns="http://www.w3.org/1999/xhtml" xml:lang="en" lang="en">
 <head>
  <title>
</title>
<meta http-equiv="Content-Type" content="text/html;charset=utf-8" />
  <meta name='ocr-system' content='tesseract 3.04.00' />
  <meta name='ocr-capabilities' content='ocr_page ocr_carea ocr_par ocr_line ocrx_word'/>
</head>
<body>
  <div class='ocr_page' id='page_1' title='image "./petriablardiope00despgoog_0786.png"; bbox 0 0 4559 6100; ppageno 0'>
   <div class='ocr_carea' id='block_1_1' title="bbox 475 507 1459 584">
    <p class='ocr_par' dir='ltr' id='par_1_1' title="bbox 475 507 1459 584">
     <span class='ocr_line' id='line_1_1' title="bbox 475 507 1459 584; baseline 0 -4"><span class='ocrx_word' id='word_1_1' title='bbox 475 510 546 581; x_wconf 88' lang='lat'>688</span> <span class='ocrx_word' id='word_1_2' title='bbox 679 577 686 584; x_wconf 84' lang='grc'>,</span> <span class='ocrx_word' id='word_1_3' title='bbox 1073 507 1202 580; x_wconf 83' lang='lat' dir='ltr'>PETRI</span> <span class='ocrx_word' id='word_1_4' title='bbox 1227 508 1459 581; x_wconf 71' lang='lat' dir='ltr'>suffitiant</span> 
     </span>
    </p>
   </div>
   <div class='ocr_carea' id='block_1_2' title="bbox 332 657 2063 766">
    <p class='ocr_par' dir='ltr' id='par_1_2' title="bbox 332 657 2063 766">
     <span class='ocr_line' id='line_1_2' title="bbox 332 657 2063 766; baseline -0.003 -34"><span class='ocrx_word' id='word_1_5' title='bbox 332 758 337 766; x_wconf 19' lang='grc' dir='ltr'><em>υ</em></span> <span class='ocrx_word' id='word_1_6' title='bbox 364 721 367 730; x_wconf 92' lang='grc'><em>.</em></span> <span class='ocrx_word' id='word_1_7' title='bbox 475 662 540 732; x_wconf 88' lang='lat' dir='ltr'>llic</span> <span class='ocrx_word' id='word_1_8' title='bbox 567 660 674 755; x_wconf 86' lang='lat' dir='ltr'>igitur</span> <span class='ocrx_word' id='word_1_9' title='bbox 699 658 912 731; x_wconf 77' lang='lat' dir='ltr'>obedientie</span> <span class='ocrx_word' id='word_1_10' title='bbox 932 659 1098 731; x_wconf 91' lang='lat' dir='ltr'>virtutem</span> <span class='ocrx_word' id='word_1_11' title='bbox 1123 672 1263 730; x_wconf 89' lang='lat' dir='ltr'>constat</span> <span class='ocrx_word' id='word_1_12' title='bbox 1286 657 1439 747; x_wconf 90' lang='lat' dir='ltr'>includi,</span> <span class='ocrx_word' id='word_1_13' title='bbox 1466 683 1537 755; x_wconf 88' lang='lat' dir='ltr'>qua</span> <span class='ocrx_word' id='word_1_14' title='bbox 1559 658 1724 731; x_wconf 86' lang='lat' dir='ltr'>videlieet</span> <span class='ocrx_word' id='word_1_15' title='bbox 1748 657 1932 756; x_wconf 81' lang='lat' dir='ltr'>praeceptis</span> <span class='ocrx_word' id='word_1_16' title='bbox 1958 680 2063 753; x_wconf 89' lang='lat' dir='ltr'>supe·</span> 
     </span>
    </p>
   </div>
   <div class='ocr_carea' id='block_1_3' title="bbox 475 773 2064 993">
    <p class='ocr_par' dir='ltr' id='par_1_3' title="bbox 475 773 2064 993">
     <span class='ocr_line' id='line_1_3' title="bbox 475 773 2064 876; baseline -0.002 -27"><span class='ocrx_word' id='word_1_17' title='bbox 475 780 610 850; x_wconf 90' lang='lat' dir='ltr'>riorum</span> <span class='ocrx_word' id='word_1_18' title='bbox 630 778 934 876; x_wconf 85' lang='lat' dir='ltr'>obtemperando,</span> <span class='ocrx_word' id='word_1_19' title='bbox 953 777 1038 849; x_wconf 87' lang='lat' dir='ltr'>hinc</span> <span class='ocrx_word' id='word_1_20' title='bbox 1055 801 1200 875; x_wconf 89' lang='lat' dir='ltr'>quoque</span> <span class='ocrx_word' id='word_1_21' title='bbox 1218 776 1284 848; x_wconf 89' lang='lat' dir='ltr'>illis</span> <span class='ocrx_word' id='word_1_22' title='bbox 1298 777 1476 850; x_wconf 90' lang='lat' dir='ltr'>honorem</span> <span class='ocrx_word' id='word_1_23' title='bbox 1493 777 1703 866; x_wconf 85' lang='lat' dir='ltr'>deserimus,</span> <span class='ocrx_word' id='word_1_24' title='bbox 1722 775 1822 873; x_wconf 91' lang='lat' dir='ltr'>quod</span> <span class='ocrx_word' id='word_1_25' title='bbox 1839 773 2064 847; x_wconf 78' lang='lat' dir='ltr'>rationabilia</span> 
     </span>
     <span class='ocr_line' id='line_1_4' title="bbox 475 896 1320 993; baseline -0.002 -24"><span class='ocrx_word' id='word_1_26' title='bbox 475 921 601 969; x_wconf 90' lang='lat' dir='ltr'>eorum</span> <span class='ocrx_word' id='word_1_27' title='bbox 619 898 780 970; x_wconf 86' lang='lat' dir='ltr'>instituta</span> <span class='ocrx_word' id='word_1_28' title='bbox 796 920 1026 993; x_wconf 87' lang='lat' dir='ltr'>nequaquam</span> <span class='ocrx_word' id='word_1_29' title='bbox 1044 896 1320 968; x_wconf 88' lang='lat' dir='ltr'>contemnimus.</span> 
     </span>
    </p>
   </div>
   <div class='ocr_carea' id='block_1_4' title="bbox 1104 1080 1428 1164">
    <p class='ocr_par' dir='ltr' id='par_1_4' title="bbox 1104 1080 1428 1164">
     <span class='ocr_line' id='line_1_5' title="bbox 1104 1080 1428 1164; baseline 0 -19"><span class='ocrx_word' id='word_1_30' title='bbox 1104 1081 1191 1164; x_wconf 87' lang='lat' dir='ltr'>Quid</span> <span class='ocrx_word' id='word_1_31' title='bbox 1207 1080 1428 1146; x_wconf 87' lang='lat' dir='ltr'>beneficentia.</span> 
     </span>
    </p>
   </div>
   <div class='ocr_carea' id='block_1_5' title="bbox 420 1243 2068 3009">
    <p class='ocr_par' dir='ltr' id='par_1_5' title="bbox 420 1243 2068 3009">
     <span class='ocr_line' id='line_1_6' title="bbox 529 1243 2063 1345; baseline -0.007 -24"><span class='ocrx_word' id='word_1_32' title='bbox 529 1248 763 1321; x_wconf 84' lang='lat' dir='ltr'>Beneficentia</span> <span class='ocrx_word' id='word_1_33' title='bbox 787 1271 873 1319; x_wconf 91' lang='lat' dir='ltr'>vero</span> <span class='ocrx_word' id='word_1_34' title='bbox 900 1261 972 1334; x_wconf 91' lang='lat' dir='ltr'>est,</span> <span class='ocrx_word' id='word_1_35' title='bbox 997 1271 1062 1345; x_wconf 89' lang='lat' dir='ltr'>per</span> <span class='ocrx_word' id='word_1_36' title='bbox 1084 1271 1193 1344; x_wconf 88' lang='lat' dir='ltr'>quam</span> <span class='ocrx_word' id='word_1_37' title='bbox 1218 1246 1536 1321; x_wconf 78' lang='lat' dir='ltr'>necessitudinibus</span> <span class='ocrx_word' id='word_1_38' title='bbox 1558 1246 1748 1318; x_wconf 91' lang='lat' dir='ltr'>homiuum</span> <span class='ocrx_word' id='word_1_39' title='bbox 1774 1270 1881 1344; x_wconf 89' lang='lat' dir='ltr'>opem</span> <span class='ocrx_word' id='word_1_40' title='bbox 1904 1243 2063 1317; x_wconf 85' lang='lat' dir='ltr'>debitam</span> 
     </span>
     <span class='ocr_line' id='line_1_7' title="bbox 420 1363 2065 1466; baseline -0.005 -26"><span class='ocrx_word' id='word_1_41' title='bbox 420 1413 424 1428; x_wconf 52' lang='grc' dir='ltr'>ι</span> <span class='ocrx_word' id='word_1_42' title='bbox 478 1368 603 1441; x_wconf 85' lang='lat' dir='ltr'>allerre</span> <span class='ocrx_word' id='word_1_43' title='bbox 619 1366 778 1466; x_wconf 82' lang='lat' dir='ltr'>prompti</span> <span class='ocrx_word' id='word_1_44' title='bbox 802 1390 943 1456; x_wconf 88' lang='lat' dir='ltr'>sumus,</span> <span class='ocrx_word' id='word_1_45' title='bbox 962 1366 1017 1437; x_wconf 90' lang='lat' dir='ltr'>vel</span> <span class='ocrx_word' id='word_1_46' title='bbox 1042 1365 1283 1460; x_wconf 79' lang='lat' dir='ltr'>indigentibus</span> <span class='ocrx_word' id='word_1_47' title='bbox 1298 1366 1431 1439; x_wconf 87' lang='lat' dir='ltr'>scilicet</span> <span class='ocrx_word' id='word_1_48' title='bbox 1446 1366 1644 1438; x_wconf 86' lang='lat' dir='ltr'>necessaria</span> <span class='ocrx_word' id='word_1_49' title='bbox 1660 1364 1797 1456; x_wconf 88' lang='lat' dir='ltr'>dando,</span> <span class='ocrx_word' id='word_1_50' title='bbox 1820 1389 1899 1462; x_wconf 87' lang='lat' dir='ltr'>quae</span> <span class='ocrx_word' id='word_1_51' title='bbox 1921 1363 2065 1460; x_wconf 87' lang='lat' dir='ltr'>largitas</span> 
     </span>
     <span class='ocr_line' id='line_1_8' title="bbox 478 1480 2067 1583; baseline -0.005 -24"><span class='ocrx_word' id='word_1_52' title='bbox 478 1488 621 1577; x_wconf 87' lang='lat' dir='ltr'>dicitur,</span> <span class='ocrx_word' id='word_1_53' title='bbox 647 1511 731 1558; x_wconf 86' lang='lat' dir='ltr'>curn</span> <span class='ocrx_word' id='word_1_54' title='bbox 755 1487 791 1556; x_wconf 89' lang='lat' dir='ltr'>iu</span> <span class='ocrx_word' id='word_1_55' title='bbox 816 1484 1005 1581; x_wconf 85' lang='lat' dir='ltr'>superfluis</span> <span class='ocrx_word' id='word_1_56' title='bbox 1028 1484 1255 1582; x_wconf 77' lang='lat' dir='ltr'>prodigalitas</span> <span class='ocrx_word' id='word_1_57' title='bbox 1280 1486 1468 1576; x_wconf 83' lang='lat' dir='ltr'>consistat,</span> <span class='ocrx_word' id='word_1_58' title='bbox 1487 1485 1542 1556; x_wconf 89' lang='lat' dir='ltr'>vel</span> <span class='ocrx_word' id='word_1_59' title='bbox 1567 1483 1739 1556; x_wconf 88' lang='lat' dir='ltr'>violenter</span> <span class='ocrx_word' id='word_1_60' title='bbox 1765 1507 1953 1583; x_wconf 79' lang='lat' dir='ltr'>oppressos</span> <span class='ocrx_word' id='word_1_61' title='bbox 1976 1480 2067 1552; x_wconf 73' lang='lat' dir='ltr'>libe·-</span> 
     </span>
     <span class='ocr_line' id='line_1_9' title="bbox 477 1602 2062 1702; baseline -0.002 -28"><span class='ocrx_word' id='word_1_62' title='bbox 477 1605 611 1695; x_wconf 86' lang='lat' dir='ltr'>raudo,</span> <span class='ocrx_word' id='word_1_63' title='bbox 639 1629 718 1702; x_wconf 83' lang='lat' dir='ltr'>quae</span> <span class='ocrx_word' id='word_1_64' title='bbox 742 1603 930 1675; x_wconf 88' lang='lat' dir='ltr'>clementia</span> <span class='ocrx_word' id='word_1_65' title='bbox 953 1616 1113 1674; x_wconf 87' lang='lat' dir='ltr'>vocatur.</span> <span class='ocrx_word' id='word_1_66' title='bbox 1140 1602 1419 1675; x_wconf 82' lang='lat' dir='ltr'>Misericordiam</span> <span class='ocrx_word' id='word_1_67' title='bbox 1445 1618 1563 1676; x_wconf 87' lang='lat' dir='ltr'>autern</span> <span class='ocrx_word' id='word_1_68' title='bbox 1586 1627 1609 1675; x_wconf 85' lang='lat' dir='ltr'>a</span> <span class='ocrx_word' id='word_1_69' title='bbox 1634 1603 1770 1674; x_wconf 90' lang='lat' dir='ltr'>miseris</span> <span class='ocrx_word' id='word_1_70' title='bbox 1802 1603 1851 1674; x_wconf 89' lang='lat' dir='ltr'>ita</span> <span class='ocrx_word' id='word_1_71' title='bbox 1875 1615 2062 1689; x_wconf 86' lang='lat' dir='ltr'>vocatam,</span> 
     </span>
     <span class='ocr_line' id='line_1_10' title="bbox 479 1719 2065 1819; baseline -0.003 -25"><span class='ocrx_word' id='word_1_72' title='bbox 479 1722 631 1819; x_wconf 88' lang='lat' dir='ltr'>majores</span> <span class='ocrx_word' id='word_1_73' title='bbox 653 1722 765 1793; x_wconf 90' lang='lat' dir='ltr'>nostri</span> <span class='ocrx_word' id='word_1_74' title='bbox 790 1722 915 1791; x_wconf 91' lang='lat' dir='ltr'>vitium</span> <span class='ocrx_word' id='word_1_75' title='bbox 938 1722 1058 1818; x_wconf 89' lang='lat' dir='ltr'>potius</span> <span class='ocrx_word' id='word_1_76' title='bbox 1079 1734 1116 1792; x_wconf 89' lang='lat' dir='ltr'>et</span> <span class='ocrx_word' id='word_1_77' title='bbox 1136 1720 1320 1816; x_wconf 85' lang='lat' dir='ltr'>quandam</span> <span class='ocrx_word' id='word_1_78' title='bbox 1345 1719 1588 1793; x_wconf 85' lang='lat' dir='ltr'>infirmitatem</span> <span class='ocrx_word' id='word_1_79' title='bbox 1609 1721 1740 1807; x_wconf 88' lang='lat' dir='ltr'>animi,</span> <span class='ocrx_word' id='word_1_80' title='bbox 1766 1744 1875 1817; x_wconf 90' lang='lat' dir='ltr'>quam</span> <span class='ocrx_word' id='word_1_81' title='bbox 1896 1720 2065 1791; x_wconf 90' lang='lat' dir='ltr'>virtutem</span> 
     </span>
     <span class='ocr_line' id='line_1_11' title="bbox 479 1838 2066 1939; baseline -0.003 -25"><span class='ocrx_word' id='word_1_82' title='bbox 479 1841 660 1931; x_wconf 85' lang='lat' dir='ltr'>dixerunt,</span> <span class='ocrx_word' id='word_1_83' title='bbox 686 1864 875 1939; x_wconf 89' lang='lat' dir='ltr'>perquam</span> <span class='ocrx_word' id='word_1_84' title='bbox 893 1838 1058 1910; x_wconf 87' lang='lat' dir='ltr'>videlicet</span> <span class='ocrx_word' id='word_1_85' title='bbox 1076 1838 1153 1910; x_wconf 90' lang='lat' dir='ltr'>aliis</span> <span class='ocrx_word' id='word_1_86' title='bbox 1171 1863 1216 1910; x_wconf 89' lang='lat' dir='ltr'>eo</span> <span class='ocrx_word' id='word_1_87' title='bbox 1235 1853 1374 1911; x_wconf 88' lang='lat' dir='ltr'>tanturn</span> <span class='ocrx_word' id='word_1_88' title='bbox 1393 1864 1466 1936; x_wconf 91' lang='lat' dir='ltr'>quo</span> <span class='ocrx_word' id='word_1_89' title='bbox 1483 1840 1688 1935; x_wconf 69' lang='lat' dir='ltr'>affliguntur</span> <span class='ocrx_word' id='word_1_90' title='bbox 1703 1838 1908 1911; x_wconf 87' lang='lat' dir='ltr'>naturaliter</span> <span class='ocrx_word' id='word_1_91' title='bbox 1923 1862 2066 1937; x_wconf 87' lang='lat' dir='ltr'>compa·</span> 
     </span>
     <span class='ocr_line' id='line_1_12' title="bbox 479 1959 2065 2059; baseline -0.003 -23"><span class='ocrx_word' id='word_1_92' title='bbox 479 1964 603 2036; x_wconf 92' lang='lat' dir='ltr'>tiendo</span> <span class='ocrx_word' id='word_1_93' title='bbox 629 1964 819 2037; x_wconf 91' lang='lat' dir='ltr'>subvenire</span> <span class='ocrx_word' id='word_1_94' title='bbox 838 1963 1017 2059; x_wconf 87' lang='lat' dir='ltr'>cupimus.</span> <span class='ocrx_word' id='word_1_95' title='bbox 1041 1959 1237 2034; x_wconf 86' lang='lat' dir='ltr'>Clementia</span> <span class='ocrx_word' id='word_1_96' title='bbox 1256 1986 1342 2034; x_wconf 92' lang='lat' dir='ltr'>vero</span> <span class='ocrx_word' id='word_1_97' title='bbox 1363 1962 1508 2034; x_wconf 93' lang='lat' dir='ltr'>nonnisi</span> <span class='ocrx_word' id='word_1_98' title='bbox 1533 1962 1733 2034; x_wconf 85' lang='lat' dir='ltr'>rationabili</span> <span class='ocrx_word' id='word_1_99' title='bbox 1755 1960 1883 2033; x_wconf 82' lang='lat' dir='ltr'>ellectu</span> <span class='ocrx_word' id='word_1_100' title='bbox 1909 1960 1953 2033; x_wconf 87' lang='lat' dir='ltr'>ad</span> <span class='ocrx_word' id='word_1_101' title='bbox 1980 1959 2065 2032; x_wconf 88' lang='lat' dir='ltr'>sub-</span> 
     </span>
     <span class='ocr_line' id='line_1_13' title="bbox 480 2080 2065 2179; baseline 0 -26"><span class='ocrx_word' id='word_1_102' title='bbox 480 2084 697 2156; x_wconf 87' lang='lat' dir='ltr'>veniendum</span> <span class='ocrx_word' id='word_1_103' title='bbox 725 2081 902 2179; x_wconf 85' lang='lat' dir='ltr'>aliquibus</span> <span class='ocrx_word' id='word_1_104' title='bbox 935 2080 1057 2171; x_wconf 79' lang='lat' dir='ltr'>fertur,</span> <span class='ocrx_word' id='word_1_105' title='bbox 1097 2104 1165 2153; x_wconf 91' lang='lat' dir='ltr'>neo</span> <span class='ocrx_word' id='word_1_106' title='bbox 1190 2095 1263 2152; x_wconf 86' lang='lat' dir='ltr'>tam</span> <span class='ocrx_word' id='word_1_107' title='bbox 1288 2081 1388 2178; x_wconf 92' lang='lat' dir='ltr'>quod</span> <span class='ocrx_word' id='word_1_108' title='bbox 1416 2081 1634 2177; x_wconf 85' lang='lat' dir='ltr'>affliguntur,</span> <span class='ocrx_word' id='word_1_109' title='bbox 1663 2104 1771 2179; x_wconf 90' lang='lat' dir='ltr'>quam</span> <span class='ocrx_word' id='word_1_110' title='bbox 1801 2080 1902 2178; x_wconf 92' lang='lat' dir='ltr'>quod</span> <span class='ocrx_word' id='word_1_111' title='bbox 1936 2082 2065 2178; x_wconf 88' lang='lat' dir='ltr'>injuste</span> 
     </span>
     <span class='ocr_line' id='line_1_14' title="bbox 481 2198 2066 2299; baseline -0.003 -24"><span class='ocrx_word' id='word_1_112' title='bbox 481 2202 684 2299; x_wconf 85' lang='lat' dir='ltr'>affliguntur</span> <span class='ocrx_word' id='word_1_113' title='bbox 699 2199 869 2294; x_wconf 88' lang='lat' dir='ltr'>attendit,</span> <span class='ocrx_word' id='word_1_114' title='bbox 888 2214 929 2271; x_wconf 92' lang='lat' dir='ltr'>ut</span> <span class='ocrx_word' id='word_1_115' title='bbox 950 2198 1126 2294; x_wconf 85' lang='lat' dir='ltr'>injustitiae</span> <span class='ocrx_word' id='word_1_116' title='bbox 1149 2198 1351 2290; x_wconf 89' lang='lat' dir='ltr'>obviando,</span> <span class='ocrx_word' id='word_1_117' title='bbox 1368 2200 1509 2297; x_wconf 74' lang='lat' dir='ltr'>justitiae</span> <span class='ocrx_word' id='word_1_118' title='bbox 1529 2199 1763 2298; x_wconf 82' lang='lat' dir='ltr'>obtemperet.</span> <span class='ocrx_word' id='word_1_119' title='bbox 1785 2199 1951 2296; x_wconf 81' lang='lat' dir='ltr'>Alioquin</span> <span class='ocrx_word' id='word_1_120' title='bbox 1965 2200 2066 2294; x_wconf 87' lang='lat' dir='ltr'>justi·</span> 
     </span>
     <span class='ocr_line' id='line_1_15' title="bbox 482 2317 2061 2418; baseline -0.004 -22"><span class='ocrx_word' id='word_1_121' title='bbox 482 2325 536 2395; x_wconf 85' lang='lat' dir='ltr'>uae</span> <span class='ocrx_word' id='word_1_122' title='bbox 554 2346 628 2395; x_wconf 92' lang='lat' dir='ltr'>non</span> <span class='ocrx_word' id='word_1_123' title='bbox 648 2337 731 2394; x_wconf 89' lang='lat' dir='ltr'>sunt</span> <span class='ocrx_word' id='word_1_124' title='bbox 748 2344 871 2418; x_wconf 87' lang='lat' dir='ltr'>opera,</span> <span class='ocrx_word' id='word_1_125' title='bbox 889 2317 1037 2414; x_wconf 90' lang='lat' dir='ltr'>quando</span> <span class='ocrx_word' id='word_1_126' title='bbox 1050 2319 1128 2390; x_wconf 88' lang='lat' dir='ltr'>aliis</span> <span class='ocrx_word' id='word_1_127' title='bbox 1144 2318 1389 2410; x_wconf 85' lang='lat' dir='ltr'>subvenimus,</span> <span class='ocrx_word' id='word_1_128' title='bbox 1408 2320 1476 2391; x_wconf 92' lang='lat' dir='ltr'>nisi</span> <span class='ocrx_word' id='word_1_129' title='bbox 1490 2320 1527 2391; x_wconf 92' lang='lat' dir='ltr'>in</span> <span class='ocrx_word' id='word_1_130' title='bbox 1544 2319 1615 2390; x_wconf 88' lang='lat' dir='ltr'>huc</span> <span class='ocrx_word' id='word_1_131' title='bbox 1631 2343 1695 2391; x_wconf 89' lang='lat' dir='ltr'>sua</span> <span class='ocrx_word' id='word_1_132' title='bbox 1710 2319 1841 2415; x_wconf 87' lang='lat' dir='ltr'>cuique</span> <span class='ocrx_word' id='word_1_133' title='bbox 1857 2319 2061 2391; x_wconf 88' lang='lat' dir='ltr'>reddamus.</span> 
     </span>
     <span class='ocr_line' id='line_1_16' title="bbox 481 2436 2064 2537; baseline -0.004 -23"><span class='ocrx_word' id='word_1_134' title='bbox 481 2442 551 2514; x_wconf 87' lang='lat' dir='ltr'>Sed</span> <span class='ocrx_word' id='word_1_135' title='bbox 570 2458 605 2513; x_wconf 89' lang='lat' dir='ltr'>et</span> <span class='ocrx_word' id='word_1_136' title='bbox 622 2465 705 2512; x_wconf 89' lang='lat' dir='ltr'>cum</span> <span class='ocrx_word' id='word_1_137' title='bbox 722 2440 834 2510; x_wconf 88' lang='lat' dir='ltr'>virtus</span> <span class='ocrx_word' id='word_1_138' title='bbox 850 2437 994 2510; x_wconf 88' lang='lat' dir='ltr'>habitus</span> <span class='ocrx_word' id='word_1_139' title='bbox 1009 2438 1055 2509; x_wconf 92' lang='lat' dir='ltr'>sit</span> <span class='ocrx_word' id='word_1_140' title='bbox 1070 2438 1194 2526; x_wconf 89' lang='lat' dir='ltr'>animi,</span> <span class='ocrx_word' id='word_1_141' title='bbox 1212 2462 1341 2535; x_wconf 91' lang='lat' dir='ltr'>quem,</span> <span class='ocrx_word' id='word_1_142' title='bbox 1361 2453 1401 2510; x_wconf 91' lang='lat' dir='ltr'>ut</span> <span class='ocrx_word' id='word_1_143' title='bbox 1418 2462 1461 2509; x_wconf 87' lang='lat' dir='ltr'>ex</span> <span class='ocrx_word' id='word_1_144' title='bbox 1476 2436 1718 2535; x_wconf 89' lang='lat' dir='ltr'>superioribus</span> <span class='ocrx_word' id='word_1_145' title='bbox 1733 2437 1857 2534; x_wconf 91' lang='lat' dir='ltr'>liquet,</span> <span class='ocrx_word' id='word_1_146' title='bbox 1874 2462 1938 2537; x_wconf 89' lang='lat' dir='ltr'>per</span> <span class='ocrx_word' id='word_1_147' title='bbox 1952 2437 2064 2537; x_wconf 87' lang='lat' dir='ltr'>appli-</span> 
     </span>
     <span class='ocr_line' id='line_1_17' title="bbox 480 2555 2065 2655; baseline -0.003 -22"><span class='ocrx_word' id='word_1_148' title='bbox 480 2561 658 2633; x_wconf 89' lang='lat' dir='ltr'>cationem</span> <span class='ocrx_word' id='word_1_149' title='bbox 683 2558 739 2629; x_wconf 89' lang='lat' dir='ltr'>vel</span> <span class='ocrx_word' id='word_1_150' title='bbox 766 2556 924 2629; x_wconf 90' lang='lat' dir='ltr'>studium</span> <span class='ocrx_word' id='word_1_151' title='bbox 945 2557 1074 2650; x_wconf 87' lang='lat' dir='ltr'>magis,</span> <span class='ocrx_word' id='word_1_152' title='bbox 1103 2581 1214 2651; x_wconf 90' lang='lat' dir='ltr'>quam</span> <span class='ocrx_word' id='word_1_153' title='bbox 1231 2581 1296 2654; x_wconf 89' lang='lat' dir='ltr'>per</span> <span class='ocrx_word' id='word_1_154' title='bbox 1322 2572 1484 2629; x_wconf 84' lang='lat' dir='ltr'>uatvrram</span> <span class='ocrx_word' id='word_1_155' title='bbox 1510 2555 1636 2627; x_wconf 88' lang='lat' dir='ltr'>haberi</span> <span class='ocrx_word' id='word_1_156' title='bbox 1660 2570 1814 2641; x_wconf 84' lang='lat' dir='ltr'>constat,</span> <span class='ocrx_word' id='word_1_157' title='bbox 1839 2581 2065 2655; x_wconf 88' lang='lat' dir='ltr'>nequaquam</span> 
     </span>
     <span class='ocr_line' id='line_1_18' title="bbox 481 2671 2068 2775; baseline -0.003 -24"><span class='ocrx_word' id='word_1_158' title='bbox 481 2679 560 2752; x_wconf 87' lang='lat' dir='ltr'>talis</span> <span class='ocrx_word' id='word_1_159' title='bbox 586 2678 787 2774; x_wconf 86' lang='lat' dir='ltr'>compassio</span> <span class='ocrx_word' id='word_1_160' title='bbox 814 2671 984 2745; x_wconf 85' lang='lat' dir='ltr'>naturalis</span> <span class='ocrx_word' id='word_1_161' title='bbox 1008 2673 1056 2746; x_wconf 89' lang='lat' dir='ltr'>ad</span> <span class='ocrx_word' id='word_1_162' title='bbox 1075 2675 1223 2746; x_wconf 88' lang='lat' dir='ltr'>virtutes</span> <span class='ocrx_word' id='word_1_163' title='bbox 1256 2674 1441 2747; x_wconf 86' lang='lat' dir='ltr'>reserenda</span> <span class='ocrx_word' id='word_1_164' title='bbox 1461 2689 1533 2766; x_wconf 90' lang='lat' dir='ltr'>est,</span> <span class='ocrx_word' id='word_1_165' title='bbox 1565 2698 1629 2772; x_wconf 92' lang='lat' dir='ltr'>per</span> <span class='ocrx_word' id='word_1_166' title='bbox 1656 2697 1764 2771; x_wconf 89' lang='lat' dir='ltr'>quam</span> <span class='ocrx_word' id='word_1_167' title='bbox 1792 2673 1955 2748; x_wconf 89' lang='lat' dir='ltr'>videlicet</span> <span class='ocrx_word' id='word_1_168' title='bbox 1982 2677 2068 2775; x_wconf 90' lang='lat' dir='ltr'>ipsis</span> 
     </span>
     <span class='ocr_line' id='line_1_19' title="bbox 482 2792 2066 2890; baseline -0.002 -22"><span class='ocrx_word' id='word_1_169' title='bbox 482 2798 588 2868; x_wconf 87' lang='lat' dir='ltr'>etiam</span> <span class='ocrx_word' id='word_1_170' title='bbox 612 2798 680 2865; x_wconf 90' lang='lat' dir='ltr'>reis</span> <span class='ocrx_word' id='word_1_171' title='bbox 709 2794 745 2864; x_wconf 92' lang='lat' dir='ltr'>in</span> <span class='ocrx_word' id='word_1_172' title='bbox 770 2792 962 2865; x_wconf 86' lang='lat' dir='ltr'>afflictione</span> <span class='ocrx_word' id='word_1_173' title='bbox 985 2793 1110 2889; x_wconf 86' lang='lat' dir='ltr'>positis</span> <span class='ocrx_word' id='word_1_174' title='bbox 1135 2792 1296 2866; x_wconf 88' lang='lat' dir='ltr'>humano</span> <span class='ocrx_word' id='word_1_175' title='bbox 1323 2794 1483 2890; x_wconf 87' lang='lat' dir='ltr'>quodam</span> <span class='ocrx_word' id='word_1_176' title='bbox 1505 2792 1560 2864; x_wconf 90' lang='lat' dir='ltr'>vel</span> <span class='ocrx_word' id='word_1_177' title='bbox 1588 2792 1738 2883; x_wconf 69' lang='lat' dir='ltr'>cunali,</span> <span class='ocrx_word' id='word_1_178' title='bbox 1766 2817 1840 2865; x_wconf 90' lang='lat' dir='ltr'>non</span> <span class='ocrx_word' id='word_1_179' title='bbox 1863 2794 2066 2868; x_wconf 83' lang='lat' dir='ltr'>rationabili</span> 
     </span>
     <span class='ocr_line' id='line_1_20' title="bbox 483 2909 2066 3009; baseline 0.001 -25"><span class='ocrx_word' id='word_1_180' title='bbox 483 2912 629 2998; x_wconf 82' lang='lat' dir='ltr'>aflectu,</span> <span class='ocrx_word' id='word_1_181' title='bbox 649 2911 839 2983; x_wconf 90' lang='lat' dir='ltr'>subvenire</span> <span class='ocrx_word' id='word_1_182' title='bbox 856 2911 1060 3004; x_wconf 83' lang='lat' dir='ltr'>satagimus,</span> <span class='ocrx_word' id='word_1_183' title='bbox 1088 2909 1125 2980; x_wconf 90' lang='lat' dir='ltr'>in</span> <span class='ocrx_word' id='word_1_184' title='bbox 1144 2909 1216 2981; x_wconf 92' lang='lat' dir='ltr'>hoc</span> <span class='ocrx_word' id='word_1_185' title='bbox 1236 2910 1355 3009; x_wconf 91' lang='lat' dir='ltr'>potius</span> <span class='ocrx_word' id='word_1_186' title='bbox 1372 2912 1515 3007; x_wconf 83' lang='lat' dir='ltr'>justitiae</span> <span class='ocrx_word' id='word_1_187' title='bbox 1529 2910 1773 3003; x_wconf 85' lang='lat' dir='ltr'>adversantes,</span> <span class='ocrx_word' id='word_1_188' title='bbox 1792 2937 1838 2983; x_wconf 90' lang='lat' dir='ltr'>ne</span> <span class='ocrx_word' id='word_1_189' title='bbox 1852 2911 1919 2984; x_wconf 90' lang='lat' dir='ltr'>illis</span> <span class='ocrx_word' id='word_1_190' title='bbox 1937 2912 2066 2986; x_wconf 86' lang='lat' dir='ltr'>debitae</span> 
     </span>
    </p>
   </div>
   <div class='ocr_carea' id='block_1_6' title="bbox 481 3027 2069 3602">
    <p class='ocr_par' dir='ltr' id='par_1_6' title="bbox 482 3027 2067 3248">
     <span class='ocr_line' id='line_1_21' title="bbox 482 3027 2067 3131; baseline -0.001 -26"><span class='ocrx_word' id='word_1_191' title='bbox 482 3030 679 3104; x_wconf 87' lang='lat' dir='ltr'>reddantur</span> <span class='ocrx_word' id='word_1_192' title='bbox 700 3054 827 3130; x_wconf 83' lang='lat' dir='ltr'>poenae.</span> <span class='ocrx_word' id='word_1_193' title='bbox 851 3029 1015 3125; x_wconf 88' lang='lat' dir='ltr'>Denique</span> <span class='ocrx_word' id='word_1_194' title='bbox 1034 3027 1151 3101; x_wconf 87' lang='lat' dir='ltr'>dolori</span> <span class='ocrx_word' id='word_1_195' title='bbox 1165 3030 1325 3102; x_wconf 87' lang='lat' dir='ltr'>animum</span> <span class='ocrx_word' id='word_1_196' title='bbox 1345 3030 1565 3121; x_wconf 86' lang='lat' dir='ltr'>submittere,</span> <span class='ocrx_word' id='word_1_197' title='bbox 1588 3028 1801 3103; x_wconf 87' lang='lat' dir='ltr'>infinuitatis</span> <span class='ocrx_word' id='word_1_198' title='bbox 1822 3032 2067 3131; x_wconf 89' lang='lat' dir='ltr'>potiusquam</span> 
     </span>
     <span class='ocr_line' id='line_1_22' title="bbox 482 3146 2066 3248; baseline 0.001 -25"><span class='ocrx_word' id='word_1_199' title='bbox 482 3151 619 3223; x_wconf 84' lang='lat' dir='ltr'>virtutis</span> <span class='ocrx_word' id='word_1_200' title='bbox 634 3163 705 3239; x_wconf 89' lang='lat' dir='ltr'>est,</span> <span class='ocrx_word' id='word_1_201' title='bbox 734 3163 770 3222; x_wconf 90' lang='lat' dir='ltr'>et</span> <span class='ocrx_word' id='word_1_202' title='bbox 796 3148 943 3220; x_wconf 71' lang='lat' dir='ltr'>miserive</span> <span class='ocrx_word' id='word_1_203' title='bbox 967 3171 1076 3244; x_wconf 90' lang='lat' dir='ltr'>quam</span> <span class='ocrx_word' id='word_1_204' title='bbox 1102 3146 1351 3241; x_wconf 89' lang='lat' dir='ltr'>beatitudinis,</span> <span class='ocrx_word' id='word_1_205' title='bbox 1378 3164 1414 3222; x_wconf 90' lang='lat' dir='ltr'>et</span> <span class='ocrx_word' id='word_1_206' title='bbox 1436 3148 1647 3248; x_wconf 74' lang='lat' dir='ltr'>perturbatae</span> <span class='ocrx_word' id='word_1_207' title='bbox 1673 3173 1749 3220; x_wconf 90' lang='lat' dir='ltr'>non</span> <span class='ocrx_word' id='word_1_208' title='bbox 1774 3152 1900 3247; x_wconf 89' lang='lat' dir='ltr'>quietae</span> <span class='ocrx_word' id='word_1_209' title='bbox 1924 3156 2066 3224; x_wconf 86' lang='lat' dir='ltr'>mentis.</span> 
     </span>
    </p>

    <p class='ocr_par' dir='ltr' id='par_1_7' title="bbox 481 3266 2069 3602">
     <span class='ocr_line' id='line_1_23' title="bbox 525 3266 2065 3367; baseline 0 -26"><span class='ocrx_word' id='word_1_210' title='bbox 525 3272 618 3341; x_wconf 68' lang='lat' dir='ltr'>⁴Cum</span> <span class='ocrx_word' id='word_1_211' title='bbox 635 3270 732 3340; x_wconf 87' lang='lat' dir='ltr'>enim</span> <span class='ocrx_word' id='word_1_212' title='bbox 750 3267 839 3339; x_wconf 92' lang='lat' dir='ltr'>nihil</span> <span class='ocrx_word' id='word_1_213' title='bbox 856 3268 933 3338; x_wconf 88' lang='lat' dir='ltr'>sine</span> <span class='ocrx_word' id='word_1_214' title='bbox 955 3289 1063 3338; x_wconf 85' lang='lat' dir='ltr'>causa</span> <span class='ocrx_word' id='word_1_215' title='bbox 1081 3271 1161 3339; x_wconf 80' lang='lat' dir='ltr'>Deo</span> <span class='ocrx_word' id='word_1_216' title='bbox 1184 3282 1315 3340; x_wconf 86' lang='lat' dir='ltr'>cuncta</span> <span class='ocrx_word' id='word_1_217' title='bbox 1334 3269 1470 3366; x_wconf 90' lang='lat' dir='ltr'>optime</span> <span class='ocrx_word' id='word_1_218' title='bbox 1486 3267 1699 3367; x_wconf 89' lang='lat' dir='ltr'>disponente</span> <span class='ocrx_word' id='word_1_219' title='bbox 1719 3266 1801 3354; x_wconf 86' lang='lat' dir='ltr'>fiat,</span> <span class='ocrx_word' id='word_1_220' title='bbox 1821 3268 1909 3366; x_wconf 90' lang='lat' dir='ltr'>quid</span> <span class='ocrx_word' id='word_1_221' title='bbox 1926 3270 2065 3361; x_wconf 88' lang='lat' dir='ltr'>accidit,</span> 
     </span>
     <span class='ocr_line' id='line_1_24' title="bbox 483 3384 2069 3485; baseline 0.001 -25"><span class='ocrx_word' id='word_1_222' title='bbox 483 3387 583 3460; x_wconf 89' lang='lat' dir='ltr'>unde</span> <span class='ocrx_word' id='word_1_223' title='bbox 601 3388 738 3484; x_wconf 90' lang='lat' dir='ltr'>justum</span> <span class='ocrx_word' id='word_1_224' title='bbox 751 3386 882 3457; x_wconf 88' lang='lat' dir='ltr'>tristari</span> <span class='ocrx_word' id='word_1_225' title='bbox 896 3384 953 3457; x_wconf 88' lang='lat' dir='ltr'>vel</span> <span class='ocrx_word' id='word_1_226' title='bbox 966 3384 1089 3456; x_wconf 88' lang='lat' dir='ltr'>dolere</span> <span class='ocrx_word' id='word_1_227' title='bbox 1103 3397 1279 3483; x_wconf 87' lang='lat' dir='ltr'>oporteat,</span> <span class='ocrx_word' id='word_1_228' title='bbox 1296 3401 1332 3457; x_wconf 90' lang='lat' dir='ltr'>et</span> <span class='ocrx_word' id='word_1_229' title='bbox 1344 3388 1395 3458; x_wconf 91' lang='lat' dir='ltr'>sic</span> <span class='ocrx_word' id='word_1_230' title='bbox 1407 3387 1551 3484; x_wconf 84' lang='lat' dir='ltr'>optimae</span> <span class='ocrx_word' id='word_1_231' title='bbox 1561 3386 1785 3484; x_wconf 85' lang='lat' dir='ltr'>dispositioni</span> <span class='ocrx_word' id='word_1_232' title='bbox 1798 3389 1878 3479; x_wconf 90' lang='lat' dir='ltr'>Dei,</span> <span class='ocrx_word' id='word_1_233' title='bbox 1893 3402 2069 3485; x_wconf 88' lang='lat' dir='ltr'>quantum</span> 
     </span>
     <span class='ocr_line' id='line_1_25' title="bbox 481 3503 1613 3602; baseline -0.006 -22"><span class='ocrx_word' id='word_1_234' title='bbox 481 3508 520 3579; x_wconf 90' lang='lat' dir='ltr'>in</span> <span class='ocrx_word' id='word_1_235' title='bbox 536 3531 574 3580; x_wconf 91' lang='lat' dir='ltr'>se</span> <span class='ocrx_word' id='word_1_236' title='bbox 590 3520 654 3600; x_wconf 87' lang='lat' dir='ltr'>est,</span> <span class='ocrx_word' id='word_1_237' title='bbox 672 3506 862 3594; x_wconf 87' lang='lat' dir='ltr'>contraire,</span> <span class='ocrx_word' id='word_1_238' title='bbox 882 3505 982 3600; x_wconf 88' lang='lat' dir='ltr'>quasi</span> <span class='ocrx_word' id='word_1_239' title='bbox 998 3527 1078 3577; x_wconf 82' lang='lat' dir='ltr'>eum</span> <span class='ocrx_word' id='word_1_240' title='bbox 1094 3519 1236 3577; x_wconf 88' lang='lat' dir='ltr'>censeat</span> <span class='ocrx_word' id='word_1_241' title='bbox 1250 3503 1497 3602; x_wconf 87' lang='lat' dir='ltr'>corrigendam</span> <span class='ocrx_word' id='word_1_242' title='bbox 1512 3505 1613 3577; x_wconf 82' lang='lat' dir='ltr'>esse?</span> 
     </span>
    </p>
   </div>
   <div class='ocr_carea' id='block_1_7' title="bbox 1113 3689 1435 3773">
    <p class='ocr_par' dir='ltr' id='par_1_8' title="bbox 1113 3689 1435 3773">
     <span class='ocr_line' id='line_1_26' title="bbox 1113 3689 1435 3773; baseline 0.016 -19"><span class='ocrx_word' id='word_1_243' title='bbox 1113 3689 1200 3773; x_wconf 90' lang='lat' dir='ltr'>Quid</span> <span class='ocrx_word' id='word_1_244' title='bbox 1216 3692 1257 3755; x_wconf 87' lang='lat' dir='ltr'>sit</span> <span class='ocrx_word' id='word_1_245' title='bbox 1272 3693 1435 3758; x_wconf 83' lang='lat' dir='ltr'>veracitas.</span> 
     </span>
    </p>
   </div>
   <div class='ocr_carea' id='block_1_8' title="bbox 484 3864 2071 4555">
    <p class='ocr_par' dir='ltr' id='par_1_9' title="bbox 484 3864 2071 4555">
     <span class='ocr_line' id='line_1_27' title="bbox 537 3864 2065 3964; baseline 0.005 -29"><span class='ocrx_word' id='word_1_246' title='bbox 537 3865 714 3936; x_wconf 82' lang='lat' dir='ltr'>veracitas</span> <span class='ocrx_word' id='word_1_247' title='bbox 735 3877 806 3953; x_wconf 90' lang='lat' dir='ltr'>est,</span> <span class='ocrx_word' id='word_1_248' title='bbox 823 3888 888 3962; x_wconf 89' lang='lat' dir='ltr'>per</span> <span class='ocrx_word' id='word_1_249' title='bbox 904 3887 1012 3962; x_wconf 90' lang='lat' dir='ltr'>quam</span> <span class='ocrx_word' id='word_1_250' title='bbox 1028 3888 1070 3936; x_wconf 89' lang='lat' dir='ltr'>ea</span> <span class='ocrx_word' id='word_1_251' title='bbox 1091 3888 1247 3962; x_wconf 90' lang='lat' dir='ltr'>quorum</span> <span class='ocrx_word' id='word_1_252' title='bbox 1269 3889 1337 3936; x_wconf 86' lang='lat' dir='ltr'>nos</span> <span class='ocrx_word' id='word_1_253' title='bbox 1359 3864 1539 3938; x_wconf 88' lang='lat' dir='ltr'>debitores</span> <span class='ocrx_word' id='word_1_254' title='bbox 1562 3867 1767 3964; x_wconf 88' lang='lat' dir='ltr'>pollicendo</span> <span class='ocrx_word' id='word_1_255' title='bbox 1785 3866 1978 3961; x_wconf 81' lang='lat' dir='ltr'>efficimur,</span> <span class='ocrx_word' id='word_1_256' title='bbox 1996 3871 2065 3942; x_wconf 86' lang='lat' dir='ltr'>ob·</span> 
     </span>
     <span class='ocr_line' id='line_1_28' title="bbox 485 3983 2066 4083; baseline 0.003 -28"><span class='ocrx_word' id='word_1_257' title='bbox 485 4006 625 4055; x_wconf 86' lang='lat' dir='ltr'>servare</span> <span class='ocrx_word' id='word_1_258' title='bbox 642 3983 838 4055; x_wconf 87' lang='lat' dir='ltr'>studemus.</span> <span class='ocrx_word' id='word_1_259' title='bbox 859 3987 937 4055; x_wconf 89' lang='lat' dir='ltr'>Non</span> <span class='ocrx_word' id='word_1_260' title='bbox 957 3984 1054 4054; x_wconf 88' lang='lat' dir='ltr'>euim</span> <span class='ocrx_word' id='word_1_261' title='bbox 1073 3984 1102 4054; x_wconf 91' lang='lat' dir='ltr'>si</span> <span class='ocrx_word' id='word_1_262' title='bbox 1127 3983 1228 4081; x_wconf 91' lang='lat' dir='ltr'>quod</span> <span class='ocrx_word' id='word_1_263' title='bbox 1253 4007 1327 4056; x_wconf 91' lang='lat' dir='ltr'>non</span> <span class='ocrx_word' id='word_1_264' title='bbox 1356 3998 1499 4082; x_wconf 86' lang='lat' dir='ltr'>oportet</span> <span class='ocrx_word' id='word_1_265' title='bbox 1520 3986 1777 4083; x_wconf 85' lang='lat' dir='ltr'>promittimus,</span> <span class='ocrx_word' id='word_1_266' title='bbox 1804 3989 1855 4060; x_wconf 88' lang='lat' dir='ltr'>rei</span> <span class='ocrx_word' id='word_1_267' title='bbox 1881 3987 2066 4081; x_wconf 84' lang='lat' dir='ltr'>efficimur,</span> 
     </span>
     <span class='ocr_line' id='line_1_29' title="bbox 484 4100 2071 4202; baseline 0.003 -30"><span class='ocrx_word' id='word_1_268' title='bbox 484 4100 522 4172; x_wconf 90' lang='lat' dir='ltr'>id</span> <span class='ocrx_word' id='word_1_269' title='bbox 545 4126 619 4172; x_wconf 92' lang='lat' dir='ltr'>non</span> <span class='ocrx_word' id='word_1_270' title='bbox 645 4100 848 4199; x_wconf 91' lang='lat' dir='ltr'>implendo,</span> <span class='ocrx_word' id='word_1_271' title='bbox 874 4102 974 4198; x_wconf 89' lang='lat' dir='ltr'>cujus</span> <span class='ocrx_word' id='word_1_272' title='bbox 999 4125 1068 4172; x_wconf 93' lang='lat' dir='ltr'>nos</span> <span class='ocrx_word' id='word_1_273' title='bbox 1092 4100 1273 4174; x_wconf 86' lang='lat' dir='ltr'>debitores</span> <span class='ocrx_word' id='word_1_274' title='bbox 1302 4100 1395 4174; x_wconf 88' lang='lat' dir='ltr'>mala</span> <span class='ocrx_word' id='word_1_275' title='bbox 1419 4103 1608 4200; x_wconf 88' lang='lat' dir='ltr'>promissio</span> <span class='ocrx_word' id='word_1_276' title='bbox 1635 4127 1862 4202; x_wconf 86' lang='lat' dir='ltr'>nequaquam</span> <span class='ocrx_word' id='word_1_277' title='bbox 1884 4107 1978 4179; x_wconf 81' lang='lat' dir='ltr'>fecit.</span> <span class='ocrx_word' id='word_1_278' title='bbox 2000 4107 2071 4194; x_wconf 88' lang='lat' dir='ltr'>Qui</span> 
     </span>
     <span class='ocr_line' id='line_1_30' title="bbox 484 4217 2067 4318; baseline 0.002 -26"><span class='ocrx_word' id='word_1_279' title='bbox 484 4219 580 4294; x_wconf 89' lang='lat' dir='ltr'>enirn</span> <span class='ocrx_word' id='word_1_280' title='bbox 605 4217 705 4315; x_wconf 91' lang='lat' dir='ltr'>quod</span> <span class='ocrx_word' id='word_1_281' title='bbox 729 4219 1012 4317; x_wconf 88' lang='lat' dir='ltr'>promittendum</span> <span class='ocrx_word' id='word_1_282' title='bbox 1031 4217 1192 4290; x_wconf 76' lang='lat' dir='ltr'>nonfuit</span> <span class='ocrx_word' id='word_1_283' title='bbox 1215 4220 1431 4316; x_wconf 82' lang='lat' dir='ltr'>exsequitur,</span> <span class='ocrx_word' id='word_1_284' title='bbox 1451 4220 1537 4293; x_wconf 85' lang='lat' dir='ltr'>mali</span> <span class='ocrx_word' id='word_1_285' title='bbox 1561 4223 1681 4318; x_wconf 88' lang='lat' dir='ltr'>operis</span> <span class='ocrx_word' id='word_1_286' title='bbox 1705 4223 1861 4317; x_wconf 86' lang='lat' dir='ltr'>geminat</span> <span class='ocrx_word' id='word_1_287' title='bbox 1885 4224 2067 4312; x_wconf 83' lang='lat' dir='ltr'>ellectum,</span> 
     </span>
     <span class='ocr_line' id='line_1_31' title="bbox 486 4336 2071 4436; baseline 0.003 -25"><span class='ocrx_word' id='word_1_288' title='bbox 486 4362 569 4411; x_wconf 90' lang='lat' dir='ltr'>cum</span> <span class='ocrx_word' id='word_1_289' title='bbox 585 4360 756 4436; x_wconf 86' lang='lat' dir='ltr'>perversae</span> <span class='ocrx_word' id='word_1_290' title='bbox 778 4336 911 4409; x_wconf 85' lang='lat' dir='ltr'>scilicet</span> <span class='ocrx_word' id='word_1_291' title='bbox 928 4337 1158 4435; x_wconf 88' lang='lat' dir='ltr'>promissioni</span> <span class='ocrx_word' id='word_1_292' title='bbox 1178 4360 1384 4434; x_wconf 86' lang='lat' dir='ltr'>perversum</span> <span class='ocrx_word' id='word_1_293' title='bbox 1400 4336 1570 4434; x_wconf 79' lang='lat' dir='ltr'>adjungat</span> <span class='ocrx_word' id='word_1_294' title='bbox 1587 4339 1732 4433; x_wconf 78' lang='lat' dir='ltr'>laetum,</span> <span class='ocrx_word' id='word_1_295' title='bbox 1751 4364 1820 4415; x_wconf 85' lang='lat' dir='ltr'>nec</span> <span class='ocrx_word' id='word_1_296' title='bbox 1835 4343 2006 4416; x_wconf 63' lang='lat' dir='ltr'>cenando</span> <span class='ocrx_word' id='word_1_297' title='bbox 2023 4342 2071 4415; x_wconf 88' lang='lat' dir='ltr'>ab</span> 
     </span>
     <span class='ocr_line' id='line_1_32' title="bbox 486 4454 1476 4555; baseline -0.008 -28"><span class='ocrx_word' id='word_1_298' title='bbox 486 4480 595 4555; x_wconf 88' lang='lat' dir='ltr'>opere</span> <span class='ocrx_word' id='word_1_299' title='bbox 612 4456 742 4530; x_wconf 87' lang='lat' dir='ltr'>malam</span> <span class='ocrx_word' id='word_1_300' title='bbox 760 4455 1034 4555; x_wconf 86' lang='lat' dir='ltr'>promissionem</span> <span class='ocrx_word' id='word_1_301' title='bbox 1051 4455 1157 4552; x_wconf 85' lang='lat' dir='ltr'>eligat</span> <span class='ocrx_word' id='word_1_302' title='bbox 1171 4454 1359 4550; x_wconf 86' lang='lat' dir='ltr'>corrigere.</span> <span class='ocrx_word' id='word_1_303' title='bbox 1474 4512 1476 4519; x_wconf 93' lang='lat'>.</span> 
     </span>
    </p>
   </div>
   <div class='ocr_carea' id='block_1_9' title="bbox 1125 4632 1414 4715">
    <p class='ocr_par' dir='ltr' id='par_1_10' title="bbox 1125 4632 1414 4715">
     <span class='ocr_line' id='line_1_33' title="bbox 1125 4632 1414 4715; baseline 0.01 -18"><span class='ocrx_word' id='word_1_304' title='bbox 1125 4632 1213 4715; x_wconf 87' lang='lat' dir='ltr'>Quid</span> <span class='ocrx_word' id='word_1_305' title='bbox 1227 4633 1414 4700; x_wconf 81' lang='lat' dir='ltr'>vindicatio.</span> 
     </span>
    </p>
   </div>
   <div class='ocr_carea' id='block_1_10' title="bbox 486 4803 2073 5143">
    <p class='ocr_par' dir='ltr' id='par_1_11' title="bbox 486 4803 2073 5143">
     <span class='ocr_line' id='line_1_34' title="bbox 535 4803 2072 4905; baseline 0.003 -29"><span class='ocrx_word' id='word_1_306' title='bbox 535 4803 737 4877; x_wconf 84' lang='lat' dir='ltr'>vindicatio</span> <span class='ocrx_word' id='word_1_307' title='bbox 760 4817 814 4875; x_wconf 89' lang='lat' dir='ltr'>est</span> <span class='ocrx_word' id='word_1_308' title='bbox 831 4803 890 4876; x_wconf 91' lang='lat' dir='ltr'>ille</span> <span class='ocrx_word' id='word_1_309' title='bbox 912 4819 1081 4877; x_wconf 85' lang='lat' dir='ltr'>constans</span> <span class='ocrx_word' id='word_1_310' title='bbox 1106 4805 1272 4893; x_wconf 85' lang='lat' dir='ltr'>allectus,</span> <span class='ocrx_word' id='word_1_311' title='bbox 1298 4831 1362 4905; x_wconf 92' lang='lat' dir='ltr'>per</span> <span class='ocrx_word' id='word_1_312' title='bbox 1383 4830 1492 4903; x_wconf 89' lang='lat' dir='ltr'>quem</span> <span class='ocrx_word' id='word_1_313' title='bbox 1513 4806 1618 4879; x_wconf 82' lang='lat' dir='ltr'>illatis</span> <span class='ocrx_word' id='word_1_314' title='bbox 1635 4809 1738 4882; x_wconf 89' lang='lat' dir='ltr'>malis</span> <span class='ocrx_word' id='word_1_315' title='bbox 1757 4808 1882 4883; x_wconf 76' lang='lat' dir='ltr'>debita</span> <span class='ocrx_word' id='word_1_316' title='bbox 1902 4809 2072 4883; x_wconf 80' lang='lat' dir='ltr'>inferamr</span> 
     </span>
     <span class='ocr_line' id='line_1_35' title="bbox 487 4922 2073 5025; baseline 0.003 -29"><span class='ocrx_word' id='word_1_317' title='bbox 487 4947 607 5024; x_wconf 87' lang='lat' dir='ltr'>poena.</span> <span class='ocrx_word' id='word_1_318' title='bbox 626 4922 664 4994; x_wconf 91' lang='lat' dir='ltr'>ln</span> <span class='ocrx_word' id='word_1_319' title='bbox 680 4922 826 5020; x_wconf 86' lang='lat' dir='ltr'>singulis</span> <span class='ocrx_word' id='word_1_320' title='bbox 842 4936 961 4996; x_wconf 85' lang='lat' dir='ltr'>autem</span> <span class='ocrx_word' id='word_1_321' title='bbox 977 4923 1034 4994; x_wconf 93' lang='lat' dir='ltr'>his</span> <span class='ocrx_word' id='word_1_322' title='bbox 1050 4938 1207 5019; x_wconf 89' lang='lat' dir='ltr'>quatuor</span> <span class='ocrx_word' id='word_1_323' title='bbox 1219 4924 1362 5019; x_wconf 83' lang='lat' dir='ltr'>justitiae</span> <span class='ocrx_word' id='word_1_324' title='bbox 1376 4923 1553 5021; x_wconf 77' lang='lat' dir='ltr'>partibus,</span> <span class='ocrx_word' id='word_1_325' title='bbox 1576 4924 1666 4997; x_wconf 91' lang='lat' dir='ltr'>illud</span> <span class='ocrx_word' id='word_1_326' title='bbox 1688 4927 1787 5025; x_wconf 87' lang='lat' dir='ltr'>quod</span> <span class='ocrx_word' id='word_1_327' title='bbox 1805 4927 2073 5000; x_wconf 77' lang='lat' dir='ltr'>indefinitione</span> 
     </span>
     <span class='ocr_line' id='line_1_36' title="bbox 486 5041 2069 5143; baseline -0.001 -26"><span class='ocrx_word' id='word_1_328' title='bbox 486 5044 734 5143; x_wconf 73' lang='lat' dir='ltr'>premisimus,</span> <span class='ocrx_word' id='word_1_329' title='bbox 754 5044 938 5117; x_wconf 87' lang='lat' dir='ltr'>communi</span> <span class='ocrx_word' id='word_1_330' title='bbox 960 5043 1093 5137; x_wconf 81' lang='lat' dir='ltr'>scilicet</span> <span class='ocrx_word' id='word_1_331' title='bbox 1117 5041 1269 5114; x_wconf 86' lang='lat' dir='ltr'>utilitate</span> <span class='ocrx_word' id='word_1_332' title='bbox 1286 5057 1441 5136; x_wconf 81' lang='lat' dir='ltr'>servata,</span> <span class='ocrx_word' id='word_1_333' title='bbox 1462 5043 1799 5142; x_wconf 85' lang='lat' dir='ltr'>subintelligendum</span> <span class='ocrx_word' id='word_1_334' title='bbox 1815 5071 1893 5120; x_wconf 81' lang='lat' dir='ltr'>esse</span> <span class='ocrx_word' id='word_1_335' title='bbox 1916 5061 2069 5121; x_wconf 85' lang='lat' dir='ltr'>constat.</span> 
     </span>
    </p>
   </div>
   <div class='ocr_carea' id='block_1_11' title="bbox 0 0 2300 6100">
    <p class='ocr_par' dir='ltr' id='par_1_12' title="bbox 0 0 2300 6100">
     <span class='ocr_line' id='line_1_37' title="bbox 0 0 2300 6100; baseline 0 0"><span class='ocrx_word' id='word_1_336' title='bbox 0 0 2300 6100; x_wconf 95' lang='lat' dir='ltr'> </span> 
     </span>
    </p>
   </div>
  </div>
 </body>
</html>
