4559 6100
481 488 554 564 hilt
1089 493 1218 567 Putat
1249 491 1484 569 tumtum

479 641 691 740 opinionem
715 641 826 738 possit
852 644 992 735 venire,
1016 659 1053 716 et
1076 643 1123 716 de
1147 645 1259 745 ipsius
1281 643 1502 718 auctoritatis
1525 641 1646 716 verbis
1662 641 1842 741 pleraque
1863 642 2078 740 qmtiones

480 772 684 856 emergunt,
705 775 746 832 ut
763 759 910 861 deipsis
930 764 1030 862 prius
1051 789 1163 862 quam
1180 790 1246 864 per
1261 765 1340 864 ipsa
1355 760 1592 861 judicandum
1612 761 1669 835 ait.
1692 767 1778 835 Post
1793 764 1972 835 rationem
1988 784 2076 834 vero

481 879 673 971 redditam,
690 880 798 953 etiam
815 882 844 953 si
860 884 952 956 ratio
968 909 1044 956 non
1061 885 1120 974 sit,
1138 884 1203 956 sed
1214 884 1393 975 videatur,
1408 881 1506 955 nulla
1522 882 1671 980 quaestio
1683 896 1859 973 remanet,
1878 883 1964 980 quia
1977 881 2076 955 nulla

482 998 659 1075 dubitatio
677 1015 850 1099 superest.
865 1003 999 1076 Tecum
1016 990 1102 1076 vero
1118 1018 1219 1077 tanto
1236 1004 1356 1076 minus
1371 1027 1417 1076 ex
1432 1003 1645 1076 auctoritate
1657 1001 1837 1100 mendum
1854 1015 1921 1094 est,
1940 1014 2077 1099 quanto

459 1293 461 1301 -
482 1241 583 1337 argui
601 1240 668 1312 nisi
687 1265 728 1313 er
745 1242 924 1315 concessis
945 1257 1083 1341 potest,
1107 1268 1177 1316 nec
1192 1244 1261 1317 nisi
1275 1267 1342 1343 per
1361 1264 1405 1317 ea
1421 1267 1501 1342 quae
1520 1243 1648 1342 recipit
1663 1240 1932 1315 convincendus
1953 1254 2023 1328 est,
2041 1254 2079 1312 et

484 1359 586 1433 aliter
610 1373 751 1452 tecum,
778 1359 878 1433 aliter
907 1361 1098 1435 uobiscum
1121 1362 1169 1436 ad
1196 1364 1351 1436 invicem
1375 1361 1643 1458 confligendum
1670 1374 1736 1433 est.
1764 1359 1861 1449 Quid
1884 1361 2078 1456 Gregorius

481 1493 545 1552 aut
559 1480 667 1551 ceteri
682 1478 851 1552 doctores
866 1481 994 1571 nostri,
1011 1482 1100 1580 quid
1116 1483 1225 1555 etiam
1242 1483 1317 1582 ipse
1332 1482 1494 1555 Christus
1511 1481 1569 1554 vel
1587 1485 1728 1579 Moyses
1743 1494 1890 1572 astruat,
1909 1480 2077 1553 nondum

481 1598 527 1672 ad
547 1613 583 1673 te
598 1600 778 1699 pertinere
795 1601 984 1691 novimus,
1009 1617 1048 1674 ut
1065 1627 1107 1675 ex
1125 1603 1288 1702 ipsorum
1304 1601 1408 1675 dictis
1427 1600 1473 1674 ad
1494 1599 1605 1674 fidem
1627 1601 1779 1699 cogaris.
1799 1601 1991 1687 internos,
2012 1600 2076 1698 qui

480 1719 552 1791 boc
576 1720 781 1818 recipimus,
809 1718 947 1792 habent
971 1722 1038 1794 ista
1061 1719 1203 1812 locum,
1224 1736 1259 1794 ct
1283 1721 1438 1793 maxime
1463 1719 1665 1793 rationibus
1684 1742 1949 1817 nonnunquam
1967 1716 2076 1791 fidem

481 1838 710 1912 acuendam
733 1863 810 1911 esse
827 1839 884 1912 vel
902 1839 1186 1930 defendendam,
1207 1840 1254 1913 de
1275 1840 1407 1939 quibus
1428 1839 1577 1938 quidem
1598 1839 1766 1931 memini,
1785 1852 1910 1912 contm
1928 1861 1991 1910 eos
2013 1839 2077 1935 qui

481 1958 591 2031 iidem
614 1957 813 2031 rationibus
836 1960 1082 2058 vestigandam
1103 1984 1180 2033 esse
1200 1959 1401 2057 denegant,
1420 1960 1601 2033 secundus
1623 1960 1733 2032 etiam
1758 1958 1951 2057 Tbeohgrie
1974 1957 2076 2030 Clui-

478 2082 605 2151 suana
620 2077 800 2151 libertam
823 2080 956 2153 virtute
978 2081 1161 2153 rationum
1182 2104 1293 2178 quam
1313 2080 1524 2154 auctoritate
1541 2079 1757 2178 scriptorum
1773 2077 1915 2178 plenius
1935 2077 2076 2150 disserit

480 2216 516 2273 et
532 2198 683 2273 rebelles
697 2201 893 2273 convincit.
914 2204 1018 2273 Nunc
1033 2200 1080 2274 ad
1096 2201 1337 2300 propositum,
1356 2202 1387 2273 si
1401 2200 1534 2301 placet,
1553 2215 1786 2274 revertamur.

529 2326 673 2394 Panos.
702 2324 816 2394 immo
833 2322 918 2418 quia
934 2322 1052 2422 placet
1068 2335 1104 2394 et
1121 2346 1229 2420 super
1246 2323 1370 2394 omnia
1392 2321 1533 2420 placere
1555 2335 1718 2420 oportet,
1744 2317 1867 2418 quoad
1884 2342 2075 2416 possumus

478 2440 693 2533 adnitamur,
711 2454 748 2514 et
765 2442 913 2514 verioris
931 2442 1055 2514 ethicae
1077 2441 1305 2515 documentis
1328 2440 1443 2540 legem
1460 2441 1640 2513 noscitare
1666 2464 1842 2512 conemur
1862 2437 2073 2524 naturalem.

478 2558 588 2648 Quod
601 2573 698 2632 recte
714 2573 750 2631 et
763 2560 892 2632 ordine
909 2562 1114 2633 consumari
1131 2559 1332 2651 credimus,
1350 2561 1380 2633 si
1393 2562 1493 2659 juxta
1511 2559 1810 2660 comprehensam
1827 2582 1848 2629 a
1870 2572 1905 2631 te
1913 2559 2076 2658 superius

475 2678 601 2752 ethicae
616 2703 812 2772 summam,
829 2680 930 2778 quod
947 2681 992 2753 sit
1008 2705 1192 2752 summum
1207 2679 1361 2771 bonum,
1380 2695 1417 2753 et
1431 2703 1504 2778 qua
1520 2666 1606 2752 illuc
1626 2680 1684 2751 via
1698 2677 1984 2777 perveniendum
2004 2679 2073 2767 sit,

478 2797 763 2887 discusserimus,
781 2812 820 2870 ut
836 2798 881 2871 sit
895 2798 1062 2871 videlicet
1077 2800 1115 2871 in
1132 2799 1188 2871 his
1204 2800 1329 2872 ethicae
1345 2814 1475 2873 nostr‘ae
1491 2813 1662 2872 tractatus
1677 2796 1878 2896 bipartitus.

527 2921 732 2990 Cnnrsrran.
752 2918 925 3018 Approbo
938 2932 1057 2992 tecum
1074 2917 1175 3016 quod
1192 2918 1338 3018 probas.
1356 2918 1428 2992 Sed
1443 2920 1531 3017 quia
1539 2917 1641 3015 juxta
1658 2917 1854 3016 superioris
1866 2915 2076 2989 condictum

479 3038 654 3137 propositi
668 3028 935 3114 confundendae
954 3053 1036 3112 sunt
1058 3054 1188 3113 nostrae
1204 3066 1288 3113 cum
1304 3040 1431 3113 vestris
1446 3039 1650 3130 sententiae,
1671 3052 1711 3110 ut
1732 3038 1877 3137 potiora
1895 3036 2077 3110 valeamus
2102 3135 2108 3140 ἡ

478 3156 620 3255 eligere,
639 3173 676 3233 et
693 3173 731 3232 tu
755 3184 799 3232 ex
818 3160 1029 3258 antiquitate
1045 3159 1132 3258 legis
1148 3159 1332 3253 naturalis,
1354 3159 1512 3258 primum
1535 3157 1601 3232 tibi
1617 3158 1739 3231 locum
1756 3158 1958 3249 vindicasti,
1973 3170 2075 3230 tuum

477 3286 554 3368 est,
571 3278 634 3376 qui
658 3280 798 3378 priore,
825 3296 864 3352 ut
887 3280 996 3373 dicis,
1021 3281 1118 3378 lege,
1143 3281 1216 3353 hoc
1238 3294 1309 3372 est,
1332 3279 1487 3353 naturali
1511 3292 1702 3351 contentus
1723 3301 1782 3368 es,
1808 3292 1844 3350 et
1869 3300 1913 3349 ea
1937 3290 2076 3349 tantum

459 3399 599 3504 uteris,
619 3413 698 3472 tuas
715 3400 928 3473 veltuorum
946 3425 1055 3499 super
1072 3401 1143 3473 hoc
1160 3402 1197 3471 in
1215 3399 1375 3473 medium
1392 3398 1552 3498 proferre
1567 3399 1761 3472 sententias
1781 3412 1818 3470 et
1841 3396 2074 3497 postmodum

479 3532 704 3612 nostrarum,
724 3521 753 3592 si
777 3521 814 3591 in
833 3522 954 3618 aliquo
976 3520 1220 3613 dissentimus,
1239 3522 1397 3593 rationes
1413 3518 1551 3593 audire.

530 3640 674 3711 Patmos.
707 3642 896 3712 Summum
920 3638 1061 3713 bonum
1088 3642 1162 3713 sive
1188 3639 1297 3713 linem
1325 3639 1432 3725 boni,
1460 3637 1533 3711 hoc
1558 3652 1610 3711 est
1637 3638 1991 3711 consummationem
2020 3637 2075 3712 vel

481 3756 736 3855 perlectionem
754 3759 1090 3857 ejus,.deiinicrunt,
1110 3762 1203 3833 sicut
1217 3759 1379 3859 plerique
1392 3772 1599 3830 nostrorum
1616 3758 1872 3846 meminerunt,
1891 3783 1966 3856 quo
1981 3760 2076 3857 quis·

480 3899 553 3973 que
572 3901 657 3950 cum
681 3882 882 3978 pervenerit
906 3880 1033 3954 heatus
1055 3895 1121 3970 est,
1150 3880 1240 3953 sicut
1257 3879 1475 3953 econtrario
1493 3902 1676 3950 summum
1696 3877 1845 3969 malurn,
1864 3880 1966 3975 cujus
1984 3902 2075 3951 asse·

481 3996 581 4069 cutio
606 3999 775 4072 miserum
803 4001 898 4075 lacit.
926 4005 1092 4089 Quorum
1116 4015 1311 4096 utrumque
1337 3997 1501 4072 moribus
1525 4021 1787 4097 promeremur.
1814 4001 1930 4069 Mones
1954 4012 2075 4070 autem

480 4117 631 4191 virtutes
648 4121 704 4193 vel
721 4122 771 4194 eis
793 4122 972 4194 contraria
985 4123 1070 4195 vitia
1088 4134 1229 4192 constat
1252 4120 1441 4219 appellari.
1462 4118 1620 4207 Quidam
1638 4133 1758 4191 tamen
1782 4132 1962 4207 nostrum,
1984 4119 2075 4191 sicut

483 4250 519 4308 et
534 4238 571 4311 in
589 4253 718 4313 octavo
736 4240 781 4313 de
803 4244 953 4315 Ciuitate
975 4241 1137 4314 meminit
1155 4241 1390 4338 Augustinus,
1409 4240 1577 4312 virtutem
1599 4240 1713 4339 ipsam
1737 4263 1921 4312 summum
1936 4236 2075 4312 honum

483 4356 664 4454 dixerunt,
682 4361 741 4434 alii
756 4362 992 4462 voluptatem.

532 4481 736 4556 cmrsrnn.
757 4487 804 4556 Ut
820 4482 909 4582 quid
926 4481 1077 4556 obsecro
1091 4481 1315 4581 voluptatem
1333 4480 1611 4556 intellexeruut?

533 4601 673 4674 Panos.
695 4606 796 4692 Non,
824 4618 864 4675 ut
883 4602 1044 4703 plerique
1072 4604 1267 4693 aestimant,
1292 4601 1490 4677 carnalium
1517 4590 1766 4675 illecebrarum
1791 4599 2018 4674 inhonestam
2039 4611 2075 4671 et

483 4733 627 4819 turpem
641 4721 933 4814 oblectationem,
946 4722 1008 4795 sed
1018 4721 1214 4821 quamdam
1227 4723 1435 4795 interiorem
1448 4722 1576 4794 animae
1589 4720 1894 4818 tranquillitatem,
1908 4720 2076 4818 quainter

482 4838 633 4914 adversa
652 4857 687 4914 et
707 4866 880 4942 prospera
904 4858 1024 4916 manet
1040 4844 1174 4942 quieta,
1195 4856 1231 4915 et
1245 4843 1402 4943 propriis
1423 4840 1531 4914 bonis
1553 4854 1744 4932 contenta,
1764 4840 1851 4913 dum
1868 4837 1972 4912 'nulla
1996 4862 2075 4911 eam

481 4961 619 5057 peccati
631 4961 795 5037 mordeat
809 4964 1039 5037 conscientia.
1061 4962 1158 5036 absit
1172 4963 1284 5053 enim,
1301 4977 1341 5035 ut
1353 4959 1563 5062 philosophi
1578 4974 1727 5034 terrenae
1744 4959 1919 5034 felicitatis
1933 4960 2076 5033 maximi

482 5100 750 5186 contemptores
770 5103 807 5162 et
829 5089 998 5189 praecipui
1014 5090 1131 5163 carnis
1154 5086 1352 5162 domitores
1372 5087 1410 5162 in
1438 5085 1546 5184 hujus
1569 5086 1648 5159 vitae
1669 5083 1953 5185 turpitudinibus
1976 5108 2075 5158 sum-
