<?xml version="1.0" encoding="UTF-8"?>
<!DOCTYPE html PUBLIC "-//W3C//DTD XHTML 1.0 Transitional//EN"
    "http://www.w3.org/TR/xhtml1/DTD/xhtml1-transitional.dtd">
<html xmlns="http://www.w3.org/1999/xhtml" xml:lang="en" lang="en">
 <head>
  <title>
</title>
<meta http-equiv="Content-Type" content="text/html;charset=utf-8" />
  <meta name='ocr-system' content='tesseract 3.04.00' />
  <meta name='ocr-capabilities' content='ocr_page ocr_carea ocr_par ocr_line ocrx_word'/>
</head>
<body>
  <div class='ocr_page' id='page_1' title='image "./petriablardiope00despgoog_0817.png"; bbox 0 0 4559 6100; ppageno 0'>
   <div class='ocr_carea' id='block_1_1' title="bbox 920 1029 1268 1136">
    <p class='ocr_par' dir='ltr' id='par_1_1' title="bbox 920 1029 1268 1136">
     <span class='ocr_line' id='line_1_1' title="bbox 920 1029 1268 1136; baseline 0.003 -1"><span class='ocrx_word' id='word_1_1' title='bbox 920 1029 1268 1136; x_wconf 77' lang='lat' dir='ltr'><strong>MAGISTRI</strong></span> 
     </span>
    </p>
   </div>
   <div class='ocr_carea' id='block_1_2' title="bbox 415 1331 1982 1607">
    <p class='ocr_par' dir='ltr' id='par_1_2' title="bbox 415 1331 1982 1607">
     <span class='ocr_line' id='line_1_2' title="bbox 415 1331 1982 1607; baseline 0.003 -8"><span class='ocrx_word' id='word_1_2' title='bbox 415 1362 880 1602; x_wconf 87' lang='lat' dir='ltr'>PETRI</span> <span class='ocrx_word' id='word_1_3' title='bbox 960 1355 1783 1607; x_wconf 78' lang='lat' dir='ltr'><strong>ABAELARDI</strong></span> <span class='ocrx_word' id='word_1_4' title='bbox 1975 1331 1982 1340; x_wconf 26' lang='lat'>⁸</span> 
     </span>
    </p>
   </div>
   <div class='ocr_carea' id='block_1_3' title="bbox 912 1835 1286 1956">
    <p class='ocr_par' dir='ltr' id='par_1_3' title="bbox 912 1835 1286 1956">
     <span class='ocr_line' id='line_1_3' title="bbox 912 1835 1286 1956; baseline -0.005 -1"><span class='ocrx_word' id='word_1_5' title='bbox 912 1835 1286 1956; x_wconf 78' lang='lat' dir='ltr'><strong>APOLOGIA</strong></span> 
     </span>
    </p>
   </div>
   <div class='ocr_carea' id='block_1_4' title="bbox 798 2160 1394 2242">
    <p class='ocr_par' dir='ltr' id='par_1_4' title="bbox 798 2160 1394 2242">
     <span class='ocr_line' id='line_1_4' title="bbox 798 2160 1394 2242; baseline -0.002 -2"><span class='ocrx_word' id='word_1_6' title='bbox 798 2160 891 2240; x_wconf 86' lang='lat' dir='ltr'><strong>SEU</strong></span> <span class='ocrx_word' id='word_1_7' title='bbox 928 2160 1200 2240; x_wconf 78' lang='lat' dir='ltr'>GONFESSIO</span> <span class='ocrx_word' id='word_1_8' title='bbox 1238 2160 1394 2242; x_wconf 83' lang='lat' dir='ltr'><strong>FIDEI.</strong></span> 
     </span>
    </p>
   </div>
   <div class='ocr_carea' id='block_1_5' title="bbox 302 2446 1892 2634">
    <p class='ocr_par' dir='ltr' id='par_1_5' title="bbox 302 2446 1892 2634">
     <span class='ocr_line' id='line_1_5' title="bbox 302 2446 1892 2534; baseline 0.001 -14"><span class='ocrx_word' id='word_1_9' title='bbox 302 2449 517 2520; x_wconf 77' lang='lat' dir='ltr'><strong>uvannsts</strong></span> <span class='ocrx_word' id='word_1_10' title='bbox 545 2447 751 2519; x_wconf 71' lang='lat' dir='ltr'><strong>Eccttslm</strong></span> <span class='ocrx_word' id='word_1_11' title='bbox 782 2447 949 2519; x_wconf 72' lang='lat' dir='ltr'>SANCTAE</span> <span class='ocrx_word' id='word_1_12' title='bbox 976 2448 1100 2517; x_wconf 83' lang='lat' dir='ltr'><strong>FlLilS</strong></span> <span class='ocrx_word' id='word_1_13' title='bbox 1126 2446 1283 2518; x_wconf 76' lang='lat' dir='ltr'><strong>ramus</strong></span> <span class='ocrx_word' id='word_1_14' title='bbox 1308 2447 1563 2518; x_wconf 73' lang='lat' dir='ltr'>ABAELARDUS</span> <span class='ocrx_word' id='word_1_15' title='bbox 1595 2449 1651 2519; x_wconf 83' lang='lat' dir='ltr'><strong>EX</strong></span> <span class='ocrx_word' id='word_1_16' title='bbox 1675 2450 1741 2519; x_wconf 77' lang='lat' dir='ltr'><strong>uls</strong></span> <span class='ocrx_word' id='word_1_17' title='bbox 1772 2452 1892 2534; x_wconf 89' lang='lat' dir='ltr'><strong>UNUS,</strong></span> 
     </span>
     <span class='ocr_line' id='line_1_6' title="bbox 865 2563 1328 2634; baseline 0.002 -2"><span class='ocrx_word' id='word_1_18' title='bbox 865 2564 940 2633; x_wconf 87' lang='lat' dir='ltr'><strong>SED</strong></span> <span class='ocrx_word' id='word_1_19' title='bbox 967 2565 1012 2634; x_wconf 89' lang='lat' dir='ltr'><strong>IN</strong></span> <span class='ocrx_word' id='word_1_20' title='bbox 1043 2566 1108 2633; x_wconf 79' lang='lat' dir='ltr'><strong>Els</strong></span> <span class='ocrx_word' id='word_1_21' title='bbox 1141 2563 1328 2633; x_wconf 78' lang='lat' dir='ltr'><strong>mutnus</strong></span> 
     </span>
    </p>
   </div>
   <div class='ocr_carea' id='block_1_6' title="bbox 296 2814 1897 4272">
    <p class='ocr_par' dir='ltr' id='par_1_6' title="bbox 296 2814 1897 4076">
     <span class='ocr_line' id='line_1_7' title="bbox 344 2814 1897 2907; baseline 0.001 -25"><span class='ocrx_word' id='word_1_22' title='bbox 344 2821 383 2882; x_wconf 93' lang='lat' dir='ltr'><strong>In</strong></span> <span class='ocrx_word' id='word_1_23' title='bbox 402 2817 613 2907; x_wconf 74' lang='lat' dir='ltr'><strong>Confessione</strong></span> <span class='ocrx_word' id='word_1_24' title='bbox 627 2816 724 2882; x_wconf 80' lang='lat' dir='ltr'><strong>Fidei</strong></span> <span class='ocrx_word' id='word_1_25' title='bbox 745 2839 842 2905; x_wconf 90' lang='lat' dir='ltr'><strong>qnam</strong></span> <span class='ocrx_word' id='word_1_26' title='bbox 855 2814 1045 2883; x_wconf 79' lang='lat' dir='ltr'><strong>Abtelardus</strong></span> <span class='ocrx_word' id='word_1_27' title='bbox 1061 2816 1203 2906; x_wconf 81' lang='lat' dir='ltr'>scripsit,</span> <span class='ocrx_word' id='word_1_28' title='bbox 1221 2832 1392 2906; x_wconf 82' lang='lat' dir='ltr'><strong>postquam</strong></span> <span class='ocrx_word' id='word_1_29' title='bbox 1406 2816 1440 2880; x_wconf 93' lang='lat' dir='ltr'><strong>in</strong></span> <span class='ocrx_word' id='word_1_30' title='bbox 1453 2815 1598 2882; x_wconf 88' lang='lat' dir='ltr'>Concilio</span> <span class='ocrx_word' id='word_1_31' title='bbox 1614 2816 1790 2882; x_wconf 86' lang='lat' dir='ltr'><strong>Senonensi</strong></span> <span class='ocrx_word' id='word_1_32' title='bbox 1808 2816 1897 2884; x_wconf 86' lang='lat' dir='ltr'><strong>dam·</strong></span> 
     </span>
     <span class='ocr_line' id='line_1_8' title="bbox 302 2912 1896 3004; baseline -0.001 -23"><span class='ocrx_word' id='word_1_33' title='bbox 302 2933 393 2981; x_wconf 89' lang='lat' dir='ltr'><strong>natus</strong></span> <span class='ocrx_word' id='word_1_34' title='bbox 415 2915 540 2997; x_wconf 88' lang='lat' dir='ltr'><strong>fuisset,</strong></span> <span class='ocrx_word' id='word_1_35' title='bbox 570 2914 704 2980; x_wconf 80' lang='lat' dir='ltr'><strong>anrdlis</strong></span> <span class='ocrx_word' id='word_1_36' title='bbox 725 2912 868 2980; x_wconf 78' lang='lat' dir='ltr'><strong>abscedit</strong></span> <span class='ocrx_word' id='word_1_37' title='bbox 892 2913 1099 3003; x_wconf 65' lang='lat' dir='ltr'>opinionibus</span> <span class='ocrx_word' id='word_1_38' title='bbox 1123 2926 1203 3003; x_wconf 86' lang='lat' dir='ltr'><strong>quas</strong></span> <span class='ocrx_word' id='word_1_39' title='bbox 1226 2914 1303 2980; x_wconf 89' lang='lat' dir='ltr'><strong>alibi</strong></span> <span class='ocrx_word' id='word_1_40' title='bbox 1318 2913 1476 3004; x_wconf 88' lang='lat' dir='ltr'><strong>professus</strong></span> <span class='ocrx_word' id='word_1_41' title='bbox 1501 2930 1567 2996; x_wconf 87' lang='lat' dir='ltr'><strong>est,</strong></span> <span class='ocrx_word' id='word_1_42' title='bbox 1596 2913 1654 2980; x_wconf 88' lang='lat' dir='ltr'><strong>sed</strong></span> <span class='ocrx_word' id='word_1_43' title='bbox 1674 2937 1713 2980; x_wconf 98' lang='lat' dir='ltr'><strong>ea</strong></span> <span class='ocrx_word' id='word_1_44' title='bbox 1740 2914 1896 2980; x_wconf 85' lang='lat' dir='ltr'>catholice</span> 
     </span>
     <span class='ocr_line' id='line_1_9' title="bbox 300 3008 1897 3103; baseline 0 -24"><span class='ocrx_word' id='word_1_45' title='bbox 300 3015 525 3103; x_wconf 87' lang='lat' dir='ltr'><strong>interpretatur</strong></span> <span class='ocrx_word' id='word_1_46' title='bbox 541 3037 612 3102; x_wconf 85' lang='lat' dir='ltr'><strong>quae</strong></span> <span class='ocrx_word' id='word_1_47' title='bbox 634 3010 761 3079; x_wconf 84' lang='lat' dir='ltr'><strong>concilii</strong></span> <span class='ocrx_word' id='word_1_48' title='bbox 777 3011 932 3102; x_wconf 90' lang='lat' dir='ltr'><strong>episcopis</strong></span> <span class='ocrx_word' id='word_1_49' title='bbox 948 3034 1055 3077; x_wconf 83' lang='lat' dir='ltr'><strong>avera</strong></span> <span class='ocrx_word' id='word_1_50' title='bbox 1072 3008 1136 3078; x_wconf 86' lang='lat' dir='ltr'><strong>fide</strong></span> <span class='ocrx_word' id='word_1_51' title='bbox 1154 3012 1307 3082; x_wconf 81' lang='lat' dir='ltr'>dissidere</span> <span class='ocrx_word' id='word_1_52' title='bbox 1326 3013 1393 3078; x_wconf 83' lang='lat' dir='ltr'><strong>visa</strong></span> <span class='ocrx_word' id='word_1_53' title='bbox 1409 3011 1547 3078; x_wconf 85' lang='lat' dir='ltr'><strong>fuerant.</strong></span> <span class='ocrx_word' id='word_1_54' title='bbox 1573 3011 1678 3098; x_wconf 86' lang='lat' dir='ltr'><strong>Major</strong></span> <span class='ocrx_word' id='word_1_55' title='bbox 1699 3012 1745 3076; x_wconf 93' lang='lat' dir='ltr'><strong>ibi</strong></span> <span class='ocrx_word' id='word_1_56' title='bbox 1765 3029 1897 3102; x_wconf 88' lang='lat' dir='ltr'><strong>apparet</strong></span> 
     </span>
     <span class='ocr_line' id='line_1_10' title="bbox 300 3108 1896 3201; baseline -0.002 -25"><span class='ocrx_word' id='word_1_57' title='bbox 300 3111 398 3176; x_wconf 89' lang='lat' dir='ltr'><strong>animi</strong></span> <span class='ocrx_word' id='word_1_58' title='bbox 421 3111 576 3199; x_wconf 88' lang='lat' dir='ltr'><strong>patientia</strong></span> <span class='ocrx_word' id='word_1_59' title='bbox 600 3126 633 3175; x_wconf 91' lang='lat' dir='ltr'><strong>et</strong></span> <span class='ocrx_word' id='word_1_60' title='bbox 653 3109 864 3198; x_wconf 86' lang='lat' dir='ltr'><strong>tranquillitas</strong></span> <span class='ocrx_word' id='word_1_61' title='bbox 885 3131 983 3197; x_wconf 87' lang='lat' dir='ltr'><strong>quam</strong></span> <span class='ocrx_word' id='word_1_62' title='bbox 1006 3109 1077 3197; x_wconf 88' lang='lat' dir='ltr'><strong>quis</strong></span> <span class='ocrx_word' id='word_1_63' title='bbox 1103 3131 1231 3199; x_wconf 69' lang='lat' dir='ltr'><strong>sperare</strong></span> <span class='ocrx_word' id='word_1_64' title='bbox 1250 3110 1350 3201; x_wconf 86' lang='lat' dir='ltr'><strong>possit</strong></span> <span class='ocrx_word' id='word_1_65' title='bbox 1369 3110 1497 3200; x_wconf 84' lang='lat' dir='ltr'><strong>cognita</strong></span> <span class='ocrx_word' id='word_1_66' title='bbox 1525 3108 1689 3174; x_wconf 84' lang='lat' dir='ltr'><strong>Abtelardi</strong></span> <span class='ocrx_word' id='word_1_67' title='bbox 1710 3108 1820 3174; x_wconf 90' lang='lat' dir='ltr'><strong>indole</strong></span> <span class='ocrx_word' id='word_1_68' title='bbox 1848 3127 1896 3174; x_wconf 89' lang='lat' dir='ltr'><strong>sat</strong></span> 
     </span>
     <span class='ocr_line' id='line_1_11' title="bbox 298 3206 1893 3298; baseline -0.003 -24"><span class='ocrx_word' id='word_1_69' title='bbox 298 3230 402 3298; x_wconf 89' lang='lat' dir='ltr'><strong>prona</strong></span> <span class='ocrx_word' id='word_1_70' title='bbox 415 3208 449 3271; x_wconf 93' lang='lat' dir='ltr'><strong>in</strong></span> <span class='ocrx_word' id='word_1_71' title='bbox 464 3208 546 3271; x_wconf 87' lang='lat' dir='ltr'><strong>iram</strong></span> <span class='ocrx_word' id='word_1_72' title='bbox 562 3222 658 3296; x_wconf 88' lang='lat' dir='ltr'><strong>atquo</strong></span> <span class='ocrx_word' id='word_1_73' title='bbox 674 3208 902 3297; x_wconf 82' lang='lat' dir='ltr'><strong>arrogantiam.</strong></span> <span class='ocrx_word' id='word_1_74' title='bbox 924 3207 1092 3271; x_wconf 83' lang='lat' dir='ltr'><strong>«Amicum</strong></span> <span class='ocrx_word' id='word_1_75' title='bbox 1104 3223 1275 3275; x_wconf 78' lang='lat' dir='ltr'><strong>nostrum»</strong></span> <span class='ocrx_word' id='word_1_76' title='bbox 1296 3209 1338 3272; x_wconf 88' lang='lat' dir='ltr'><strong>D.</strong></span> <span class='ocrx_word' id='word_1_77' title='bbox 1355 3206 1554 3272; x_wconf 86' lang='lat' dir='ltr'><strong>Bemardum</strong></span> <span class='ocrx_word' id='word_1_78' title='bbox 1568 3223 1674 3288; x_wconf 82' lang='lat' dir='ltr'><strong>vocat,</strong></span> <span class='ocrx_word' id='word_1_79' title='bbox 1688 3223 1722 3272; x_wconf 90' lang='lat' dir='ltr'><strong>et</strong></span> <span class='ocrx_word' id='word_1_80' title='bbox 1738 3210 1893 3295; x_wconf 90' lang='lat' dir='ltr'><strong>queritur,</strong></span> 
     </span>
     <span class='ocr_line' id='line_1_12' title="bbox 298 3302 1894 3395; baseline -0.001 -26"><span class='ocrx_word' id='word_1_81' title='bbox 298 3304 547 3395; x_wconf 81' lang='lat' dir='ltr'><strong>haudquaquam</strong></span> <span class='ocrx_word' id='word_1_82' title='bbox 562 3303 689 3379; x_wconf 87' lang='lat' dir='ltr'><strong>acerbe,</strong></span> <span class='ocrx_word' id='word_1_83' title='bbox 704 3303 765 3369; x_wconf 89' lang='lat' dir='ltr'><strong>sibi</strong></span> <span class='ocrx_word' id='word_1_84' title='bbox 782 3303 824 3368; x_wconf 86' lang='lat' dir='ltr'><strong>ab</strong></span> <span class='ocrx_word' id='word_1_85' title='bbox 841 3304 944 3369; x_wconf 88' lang='lat' dir='ltr'><strong>amico</strong></span> <span class='ocrx_word' id='word_1_86' title='bbox 960 3302 1016 3368; x_wconf 92' lang='lat' dir='ltr'><strong>illo</strong></span> <span class='ocrx_word' id='word_1_87' title='bbox 1032 3302 1223 3370; x_wconf 88' lang='lat' dir='ltr'><strong>attributum</strong></span> <span class='ocrx_word' id='word_1_88' title='bbox 1238 3304 1318 3370; x_wconf 84' lang='lat' dir='ltr'><strong>falso</strong></span> <span class='ocrx_word' id='word_1_89' title='bbox 1334 3302 1428 3369; x_wconf 85' lang='lat' dir='ltr'><strong>fuisse</strong></span> <span class='ocrx_word' id='word_1_90' title='bbox 1443 3303 1561 3370; x_wconf 85' lang='lat' dir='ltr'><strong>librum</strong></span> <span class='ocrx_word' id='word_1_91' title='bbox 1575 3302 1749 3391; x_wconf 88' lang='lat' dir='ltr'><strong>quemdam</strong></span> <span class='ocrx_word' id='word_1_92' title='bbox 1776 3336 1788 3359; x_wconf 70' lang='lat' dir='ltr'><strong>e«</strong></span> <span class='ocrx_word' id='word_1_93' title='bbox 1811 3304 1894 3368; x_wconf 82' lang='lat' dir='ltr'><strong>Sen-</strong></span> 
     </span>
     <span class='ocr_line' id='line_1_13' title="bbox 298 3398 1892 3492; baseline -0.001 -26"><span class='ocrx_word' id='word_1_94' title='bbox 298 3410 481 3467; x_wconf 83' lang='lat' dir='ltr'><strong>tentiarum.</strong></span> <span class='ocrx_word' id='word_1_95' title='bbox 504 3431 517 3458; x_wconf 68' lang='grc' dir='ltr'><strong><em>ι</em></strong></span> <span class='ocrx_word' id='word_1_96' title='bbox 536 3400 604 3467; x_wconf 89' lang='lat' dir='ltr'><strong>Nos</strong></span> <span class='ocrx_word' id='word_1_97' title='bbox 614 3402 687 3487; x_wconf 91' lang='lat' dir='ltr'><strong>jure</strong></span> <span class='ocrx_word' id='word_1_98' title='bbox 702 3401 860 3487; x_wconf 83' lang='lat' dir='ltr'>conjicere</span> <span class='ocrx_word' id='word_1_99' title='bbox 875 3422 967 3492; x_wconf 86' lang='lat' dir='ltr'><strong>posse</strong></span> <span class='ocrx_word' id='word_1_100' title='bbox 984 3398 1176 3465; x_wconf 86' lang='lat' dir='ltr'><strong>arbitramur</strong></span> <span class='ocrx_word' id='word_1_101' title='bbox 1186 3403 1271 3468; x_wconf 87' lang='lat' dir='ltr'><strong>hanc</strong></span> <span class='ocrx_word' id='word_1_102' title='bbox 1282 3399 1524 3466; x_wconf 88' lang='lat' dir='ltr'><strong>Confessionem</strong></span> <span class='ocrx_word' id='word_1_103' title='bbox 1539 3417 1607 3466; x_wconf 86' lang='lat' dir='ltr'><strong>tum</strong></span> <span class='ocrx_word' id='word_1_104' title='bbox 1622 3401 1771 3490; x_wconf 85' lang='lat' dir='ltr'><strong>scriptam</strong></span> <span class='ocrx_word' id='word_1_105' title='bbox 1786 3401 1892 3481; x_wconf 78' lang='lat' dir='ltr'><strong>ftrisse,</strong></span> 
     </span>
     <span class='ocr_line' id='line_1_14' title="bbox 297 3497 1893 3589; baseline -0.001 -25"><span class='ocrx_word' id='word_1_106' title='bbox 297 3523 397 3589; x_wconf 90' lang='lat' dir='ltr'><strong>quum</strong></span> <span class='ocrx_word' id='word_1_107' title='bbox 419 3499 532 3564; x_wconf 88' lang='lat' dir='ltr'><strong>Petrus</strong></span> <span class='ocrx_word' id='word_1_108' title='bbox 544 3497 744 3564; x_wconf 84' lang='lat' dir='ltr'><strong>Venerabilis</strong></span> <span class='ocrx_word' id='word_1_109' title='bbox 764 3499 847 3563; x_wconf 84' lang='lat' dir='ltr'><strong>Divo</strong></span> <span class='ocrx_word' id='word_1_110' title='bbox 866 3498 1030 3565; x_wconf 89' lang='lat' dir='ltr'><strong>Bernardo</strong></span> <span class='ocrx_word' id='word_1_111' title='bbox 1049 3498 1258 3565; x_wconf 81' lang='lat' dir='ltr'><strong>Abaelardum</strong></span> <span class='ocrx_word' id='word_1_112' title='bbox 1279 3497 1555 3565; x_wconf 84' lang='lat' dir='ltr'><strong>reconciliavisset.</strong></span> <span class='ocrx_word' id='word_1_113' title='bbox 1580 3497 1726 3564; x_wconf 87' lang='lat' dir='ltr'><strong>Andreas</strong></span> <span class='ocrx_word' id='word_1_114' title='bbox 1751 3500 1893 3581; x_wconf 88' lang='lat' dir='ltr'><strong>Querce-</strong></span> 
     </span>
     <span class='ocr_line' id='line_1_15' title="bbox 297 3594 1892 3687; baseline -0.002 -25"><span class='ocrx_word' id='word_1_115' title='bbox 297 3613 389 3663; x_wconf 90' lang='lat' dir='ltr'><strong>tanus</strong></span> <span class='ocrx_word' id='word_1_116' title='bbox 404 3595 531 3661; x_wconf 79' lang='lat' dir='ltr'><strong>videtur</strong></span> <span class='ocrx_word' id='word_1_117' title='bbox 546 3618 613 3661; x_wconf 95' lang='lat' dir='ltr'><strong>non</strong></span> <span class='ocrx_word' id='word_1_118' title='bbox 632 3618 705 3661; x_wconf 89' lang='lat' dir='ltr'><strong>cam</strong></span> <span class='ocrx_word' id='word_1_119' title='bbox 726 3594 908 3663; x_wconf 53' lang='lat' dir='ltr'><strong>&amp;metisse</strong></span> <span class='ocrx_word' id='word_1_120' title='bbox 931 3597 972 3662; x_wconf 88' lang='lat' dir='ltr'><strong>ab</strong></span> <span class='ocrx_word' id='word_1_121' title='bbox 992 3595 1205 3687; x_wconf 82' lang='lat' dir='ltr'><strong>Apologetica</strong></span> <span class='ocrx_word' id='word_1_122' title='bbox 1220 3598 1374 3663; x_wconf 87' lang='lat' dir='ltr'><strong>Oratione</strong></span> <span class='ocrx_word' id='word_1_123' title='bbox 1395 3597 1496 3681; x_wconf 86' lang='lat' dir='ltr'><strong>cujus,</strong></span> <span class='ocrx_word' id='word_1_124' title='bbox 1516 3612 1596 3663; x_wconf 82' lang='lat' dir='ltr'><strong>teste</strong></span> <span class='ocrx_word' id='word_1_125' title='bbox 1617 3597 1746 3662; x_wconf 85' lang='lat' dir='ltr'>Othone</span> <span class='ocrx_word' id='word_1_126' title='bbox 1772 3596 1892 3661; x_wconf 87' lang='lat' dir='ltr'><strong>Frisin-</strong></span> 
     </span>
     <span class='ocr_line' id='line_1_16' title="bbox 297 3692 1894 3785; baseline -0.001 -25"><span class='ocrx_word' id='word_1_127' title='bbox 297 3696 385 3785; x_wconf 84' lang='lat' dir='ltr'><strong>gensi</strong></span> <span class='ocrx_word' id='word_1_128' title='bbox 393 3692 418 3773; x_wconf 88' lang='lat'><strong>¹,</strong></span> <span class='ocrx_word' id='word_1_129' title='bbox 431 3692 495 3758; x_wconf 89' lang='lat' dir='ltr'><strong>tale</strong></span> <span class='ocrx_word' id='word_1_130' title='bbox 508 3708 577 3758; x_wconf 84' lang='lat' dir='ltr'><strong>crat</strong></span> <span class='ocrx_word' id='word_1_131' title='bbox 586 3692 771 3758; x_wconf 85' lang='lat' dir='ltr'><strong>exordium:</strong></span> <span class='ocrx_word' id='word_1_132' title='bbox 783 3723 796 3751; x_wconf 73' lang='grc' dir='ltr'><strong>α</strong></span> <span class='ocrx_word' id='word_1_133' title='bbox 811 3693 861 3759; x_wconf 92' lang='lat' dir='ltr'><strong>Ne</strong></span> <span class='ocrx_word' id='word_1_134' title='bbox 868 3696 960 3780; x_wconf 86' lang='lat' dir='ltr'><strong>juxta</strong></span> <span class='ocrx_word' id='word_1_135' title='bbox 971 3693 1161 3760; x_wconf 88' lang='lat' dir='ltr'><strong>Boetianum</strong></span> <span class='ocrx_word' id='word_1_136' title='bbox 1172 3694 1266 3773; x_wconf 88' lang='lat' dir='ltr'><strong>illud,</strong></span> <span class='ocrx_word' id='word_1_137' title='bbox 1278 3694 1440 3785; x_wconf 83' lang='lat' dir='ltr'><strong>protemiis</strong></span> <span class='ocrx_word' id='word_1_138' title='bbox 1450 3694 1531 3759; x_wconf 84' lang='lat' dir='ltr'><strong>nibil</strong></span> <span class='ocrx_word' id='word_1_139' title='bbox 1547 3692 1755 3760; x_wconf 82' lang='lat' dir='ltr'><strong>afferentibus</strong></span> <span class='ocrx_word' id='word_1_140' title='bbox 1767 3709 1894 3782; x_wconf 79' lang='lat' dir='ltr'><strong>tempus</strong></span> 
     </span>
     <span class='ocr_line' id='line_1_17' title="bbox 296 3789 1894 3881; baseline -0.002 -24"><span class='ocrx_word' id='word_1_141' title='bbox 296 3807 438 3875; x_wconf 82' lang='lat' dir='ltr'><strong>teratur3</strong></span> <span class='ocrx_word' id='word_1_142' title='bbox 455 3789 498 3855; x_wconf 97' lang='lat' dir='ltr'><strong>ad</strong></span> <span class='ocrx_word' id='word_1_143' title='bbox 520 3813 590 3856; x_wconf 90' lang='lat' dir='ltr'><strong>rem</strong></span> <span class='ocrx_word' id='word_1_144' title='bbox 610 3791 711 3880; x_wconf 86' lang='lat' dir='ltr'><strong>ipsam</strong></span> <span class='ocrx_word' id='word_1_145' title='bbox 728 3790 924 3857; x_wconf 82' lang='lat' dir='ltr'><strong>veniendum</strong></span> <span class='ocrx_word' id='word_1_146' title='bbox 941 3805 1009 3870; x_wconf 88' lang='lat' dir='ltr'><strong>est,</strong></span> <span class='ocrx_word' id='word_1_147' title='bbox 1026 3807 1062 3856; x_wconf 93' lang='lat' dir='ltr'><strong>ut</strong></span> <span class='ocrx_word' id='word_1_148' title='bbox 1082 3792 1300 3859; x_wconf 81' lang='lat' dir='ltr'><strong>innocentiam</strong></span> <span class='ocrx_word' id='word_1_149' title='bbox 1323 3814 1430 3857; x_wconf 90' lang='lat' dir='ltr'><strong>meam</strong></span> <span class='ocrx_word' id='word_1_150' title='bbox 1446 3792 1515 3881; x_wconf 90' lang='lat' dir='ltr'><strong>ipsa</strong></span> <span class='ocrx_word' id='word_1_151' title='bbox 1534 3814 1643 3858; x_wconf 90' lang='lat' dir='ltr'><strong>rerum</strong></span> <span class='ocrx_word' id='word_1_152' title='bbox 1657 3792 1772 3856; x_wconf 83' lang='lat' dir='ltr'><strong>veritas</strong></span> <span class='ocrx_word' id='word_1_153' title='bbox 1787 3791 1894 3880; x_wconf 91' lang='lat' dir='ltr'><strong>potius</strong></span> 
     </span>
     <span class='ocr_line' id='line_1_18' title="bbox 297 3887 1894 3983; baseline -0.001 -30"><span class='ocrx_word' id='word_1_154' title='bbox 297 3912 394 3978; x_wconf 89' lang='lat' dir='ltr'><strong>qnam</strong></span> <span class='ocrx_word' id='word_1_155' title='bbox 417 3889 592 3955; x_wconf 81' lang='lat' dir='ltr'><strong>verborum</strong></span> <span class='ocrx_word' id='word_1_156' title='bbox 607 3906 735 3955; x_wconf 80' lang='lat' dir='ltr'><strong>excuset</strong></span> <span class='ocrx_word' id='word_1_157' title='bbox 748 3888 926 3979; x_wconf 80' lang='lat' dir='ltr'><strong>prolixitas.</strong></span> <span class='ocrx_word' id='word_1_158' title='bbox 946 3920 958 3947; x_wconf 74' lang='grc' dir='ltr'><strong>ιι</strong></span> <span class='ocrx_word' id='word_1_159' title='bbox 980 3888 1072 3956; x_wconf 87' lang='lat' dir='ltr'><strong>lstins</strong></span> <span class='ocrx_word' id='word_1_160' title='bbox 1088 3891 1256 3983; x_wconf 62' lang='lat' dir='ltr'><strong>Apologia*</strong></span> <span class='ocrx_word' id='word_1_161' title='bbox 1266 3912 1352 3956; x_wconf 90' lang='lat' dir='ltr'><strong>nunc</strong></span> <span class='ocrx_word' id='word_1_162' title='bbox 1368 3889 1543 3981; x_wconf 78' lang='lat' dir='ltr'><strong>deperditae</strong></span> <span class='ocrx_word' id='word_1_163' title='bbox 1557 3890 1735 3982; x_wconf 74' lang='lat' dir='ltr'><strong>Fragmenta</strong></span> <span class='ocrx_word' id='word_1_164' title='bbox 1744 3887 1894 3977; x_wconf 85' lang='lat' dir='ltr'><strong>quaedam</strong></span> 
     </span>
     <span class='ocr_line' id='line_1_19' title="bbox 297 3984 1579 4076; baseline 0.001 -24"><span class='ocrx_word' id='word_1_165' title='bbox 297 4009 315 4052; x_wconf 92' lang='lat' dir='ltr'>e</span> <span class='ocrx_word' id='word_1_166' title='bbox 332 3984 537 4076; x_wconf 85' lang='lat' dir='ltr'><strong>scriptoribus</strong></span> <span class='ocrx_word' id='word_1_167' title='bbox 554 3987 830 4076; x_wconf 88' lang='lat' dir='ltr'><strong>contemporaneis</strong></span> <span class='ocrx_word' id='word_1_168' title='bbox 847 3986 1014 4076; x_wconf 88' lang='lat' dir='ltr'><strong>desumpta</strong></span> <span class='ocrx_word' id='word_1_169' title='bbox 1029 3987 1127 4076; x_wconf 89' lang='lat' dir='ltr'><strong>paulo</strong></span> <span class='ocrx_word' id='word_1_170' title='bbox 1141 3989 1225 4053; x_wconf 90' lang='lat' dir='ltr'><strong>infra</strong></span> <span class='ocrx_word' id='word_1_171' title='bbox 1239 3988 1377 4054; x_wconf 84' lang='lat' dir='ltr'><strong>videbis.</strong></span> <span class='ocrx_word' id='word_1_172' title='bbox 1577 4036 1579 4039; x_wconf 89' lang='lat'>-</span> 
     </span>
    </p>

    <p class='ocr_par' dir='ltr' id='par_1_7' title="bbox 296 4082 1890 4272">
     <span class='ocr_line' id='line_1_20' title="bbox 340 4082 1890 4175; baseline -0.001 -28"><span class='ocrx_word' id='word_1_173' title='bbox 340 4082 475 4149; x_wconf 87' lang='lat' dir='ltr'><strong>Codices</strong></span> <span class='ocrx_word' id='word_1_174' title='bbox 491 4082 685 4150; x_wconf 89' lang='lat' dir='ltr'><strong>contulimus</strong></span> <span class='ocrx_word' id='word_1_175' title='bbox 700 4083 853 4150; x_wconf 90' lang='lat' dir='ltr'><strong>Bibliotb.</strong></span> <span class='ocrx_word' id='word_1_176' title='bbox 871 4084 972 4150; x_wconf 88' lang='lat' dir='ltr'><strong>Paris.</strong></span> <span class='ocrx_word' id='word_1_177' title='bbox 991 4084 1110 4175; x_wconf 87' lang='lat' dir='ltr'><strong>lmper.</strong></span> <span class='ocrx_word' id='word_1_178' title='bbox 1129 4091 1216 4153; x_wconf 75' lang='lat' dir='ltr'><strong>asts</strong></span> <span class='ocrx_word' id='word_1_179' title='bbox 1233 4100 1266 4152; x_wconf 90' lang='lat' dir='ltr'><strong>et</strong></span> <span class='ocrx_word' id='word_1_180' title='bbox 1284 4090 1387 4169; x_wconf 79' lang='lat'><strong>1896,</strong></span> <span class='ocrx_word' id='word_1_181' title='bbox 1410 4108 1429 4151; x_wconf 91' lang='lat' dir='ltr'><strong>e</strong></span> <span class='ocrx_word' id='word_1_182' title='bbox 1450 4086 1566 4175; x_wconf 90' lang='lat' dir='ltr'><strong>quibus</strong></span> <span class='ocrx_word' id='word_1_183' title='bbox 1587 4099 1710 4150; x_wconf 82' lang='lat' dir='ltr'><strong>textum</strong></span> <span class='ocrx_word' id='word_1_184' title='bbox 1727 4083 1890 4148; x_wconf 82' lang='lat' dir='ltr'><strong>Amboesii</strong></span> 
     </span>
     <span class='ocr_line' id='line_1_21' title="bbox 296 4180 1036 4272; baseline 0 -26"><span class='ocrx_word' id='word_1_185' title='bbox 296 4180 457 4247; x_wconf 84' lang='lat' dir='ltr'><strong>nonnullis</strong></span> <span class='ocrx_word' id='word_1_186' title='bbox 471 4180 563 4265; x_wconf 91' lang='lat' dir='ltr'><strong>locis,</strong></span> <span class='ocrx_word' id='word_1_187' title='bbox 580 4197 615 4247; x_wconf 90' lang='lat' dir='ltr'><strong>nt</strong></span> <span class='ocrx_word' id='word_1_188' title='bbox 630 4181 764 4272; x_wconf 81' lang='lat' dir='ltr'><strong>patebit,</strong></span> <span class='ocrx_word' id='word_1_189' title='bbox 782 4182 1036 4249; x_wconf 84' lang='lat' dir='ltr'><strong>emendavimus.</strong></span> 
     </span>
    </p>
   </div>
   <div class='ocr_carea' id='block_1_7' title="bbox 293 4667 1888 5011">
    <p class='ocr_par' dir='ltr' id='par_1_8' title="bbox 293 4667 1888 5011">
     <span class='ocr_line' id='line_1_22' title="bbox 347 4667 1885 4771; baseline -0.004 -28"><span class='ocrx_word' id='word_1_190' title='bbox 347 4677 477 4746; x_wconf 87' lang='lat' dir='ltr'><strong>Notum</strong></span> <span class='ocrx_word' id='word_1_191' title='bbox 494 4671 726 4771; x_wconf 83' lang='lat' dir='ltr'><strong>proverbium</strong></span> <span class='ocrx_word' id='word_1_192' title='bbox 740 4685 795 4744; x_wconf 89' lang='lat' dir='ltr'><strong>est</strong></span> <span class='ocrx_word' id='word_1_193' title='bbox 813 4698 823 4743; x_wconf 79' lang='lat' dir='ltr'><strong>t</strong></span> <span class='ocrx_word' id='word_1_194' title='bbox 842 4672 935 4746; x_wconf 87' lang='lat' dir='ltr'><strong>Nihil</strong></span> <span class='ocrx_word' id='word_1_195' title='bbox 951 4687 1026 4745; x_wconf 86' lang='lat' dir='ltr'><strong>tarn</strong></span> <span class='ocrx_word' id='word_1_196' title='bbox 1041 4671 1300 4764; x_wconf 87' lang='lat' dir='ltr'><strong>benedictum,</strong></span> <span class='ocrx_word' id='word_1_197' title='bbox 1321 4669 1422 4769; x_wconf 91' lang='lat' dir='ltr'><strong>quod</strong></span> <span class='ocrx_word' id='word_1_198' title='bbox 1442 4694 1517 4743; x_wconf 91' lang='lat' dir='ltr'><strong>non</strong></span> <span class='ocrx_word' id='word_1_199' title='bbox 1542 4669 1655 4768; x_wconf 87' lang='lat' dir='ltr'><strong>possit</strong></span> <span class='ocrx_word' id='word_1_200' title='bbox 1677 4667 1885 4768; x_wconf 81' lang='lat' dir='ltr'><strong>depravari3</strong></span> 
     </span>
     <span class='ocr_line' id='line_1_23' title="bbox 296 4787 1888 4889; baseline -0.006 -24"><span class='ocrx_word' id='word_1_201' title='bbox 296 4807 345 4885; x_wconf 89' lang='lat' dir='ltr'><strong>ct,</strong></span> <span class='ocrx_word' id='word_1_202' title='bbox 371 4806 412 4863; x_wconf 88' lang='lat' dir='ltr'><strong>ut</strong></span> <span class='ocrx_word' id='word_1_203' title='bbox 430 4791 555 4864; x_wconf 87' lang='lat' dir='ltr'><strong>beatus</strong></span> <span class='ocrx_word' id='word_1_204' title='bbox 576 4792 738 4864; x_wconf 88' lang='lat' dir='ltr'><strong>meminit</strong></span> <span class='ocrx_word' id='word_1_205' title='bbox 761 4792 1012 4889; x_wconf 81' lang='lat' dir='ltr'><strong>Hieronymus,</strong></span> <span class='ocrx_word' id='word_1_206' title='bbox 1039 4792 1148 4880; x_wconf 83' lang='lat' dir='ltr'><strong>«Qui</strong></span> <span class='ocrx_word' id='word_1_207' title='bbox 1168 4792 1300 4864; x_wconf 82' lang='lat' dir='ltr'><strong>multos</strong></span> <span class='ocrx_word' id='word_1_208' title='bbox 1323 4790 1445 4864; x_wconf 88' lang='lat' dir='ltr'><strong>scribit</strong></span> <span class='ocrx_word' id='word_1_209' title='bbox 1467 4788 1597 4882; x_wconf 84' lang='lat' dir='ltr'><strong>libros,</strong></span> <span class='ocrx_word' id='word_1_210' title='bbox 1623 4789 1756 4860; x_wconf 84' lang='lat' dir='ltr'><strong>multos</strong></span> <span class='ocrx_word' id='word_1_211' title='bbox 1776 4787 1888 4858; x_wconf 86' lang='lat' dir='ltr'><strong>sumit</strong></span> 
     </span>
     <span class='ocr_line' id='line_1_24' title="bbox 293 4908 1887 5011; baseline -0.005 -27"><span class='ocrx_word' id='word_1_212' title='bbox 293 4912 443 5008; x_wconf 87' lang='lat' dir='ltr'><strong>judices.</strong></span> <span class='ocrx_word' id='word_1_213' title='bbox 460 4942 478 4978; x_wconf 71' lang='lat' dir='ltr'><strong>s</strong></span> <span class='ocrx_word' id='word_1_214' title='bbox 498 4915 573 5009; x_wconf 82' lang='lat' dir='ltr'><strong>Ego</strong></span> <span class='ocrx_word' id='word_1_215' title='bbox 589 4935 756 5010; x_wconf 90' lang='lat' dir='ltr'><strong>qnoque,</strong></span> <span class='ocrx_word' id='word_1_216' title='bbox 777 4934 861 4983; x_wconf 90' lang='lat' dir='ltr'><strong>cum</strong></span> <span class='ocrx_word' id='word_1_217' title='bbox 887 4934 1003 5009; x_wconf 86' lang='lat' dir='ltr'><strong>pauca</strong></span> <span class='ocrx_word' id='word_1_218' title='bbox 1026 4911 1246 5011; x_wconf 84' lang='lat' dir='ltr'><strong>scripserim,</strong></span> <span class='ocrx_word' id='word_1_219' title='bbox 1265 4933 1388 5010; x_wconf 79' lang='lat' dir='ltr'><strong>parva,</strong></span> <span class='ocrx_word' id='word_1_220' title='bbox 1410 4910 1482 4999; x_wconf 88' lang='lat' dir='ltr'><strong>vel,</strong></span> <span class='ocrx_word' id='word_1_221' title='bbox 1506 4908 1553 4982; x_wconf 88' lang='lat' dir='ltr'><strong>ad</strong></span> <span class='ocrx_word' id='word_1_222' title='bbox 1579 4908 1887 5005; x_wconf 87' lang='lat' dir='ltr'><strong>comparationem</strong></span> 
     </span>
    </p>
   </div>
   <div class='ocr_carea' id='block_1_8' title="bbox 330 5149 1040 5217">
    <p class='ocr_par' dir='ltr' id='par_1_9' title="bbox 330 5149 1040 5217">
     <span class='ocr_line' id='line_1_25' title="bbox 330 5149 1040 5217; baseline -0.01 -12"><span class='ocrx_word' id='word_1_223' title='bbox 330 5156 336 5185; x_wconf 81' lang='lat'><strong>¹</strong></span> <span class='ocrx_word' id='word_1_224' title='bbox 348 5153 384 5204; x_wconf 81' lang='lat' dir='ltr'><strong>De</strong></span> <span class='ocrx_word' id='word_1_225' title='bbox 396 5153 454 5205; x_wconf 75' lang='lat' dir='ltr'><strong>neb.</strong></span> <span class='ocrx_word' id='word_1_226' title='bbox 468 5154 532 5205; x_wconf 67' lang='grc' dir='ltr'><strong>σαι.</strong></span> <span class='ocrx_word' id='word_1_227' title='bbox 542 5153 641 5205; x_wconf 76' lang='lat' dir='ltr'><strong>Fridcr.</strong></span> <span class='ocrx_word' id='word_1_228' title='bbox 653 5151 663 5201; x_wconf 90' lang='grc'>1</span> <span class='ocrx_word' id='word_1_229' title='bbox 675 5152 803 5217; x_wconf 77' lang='lat' dir='ltr'><strong>Imperat,</strong></span> <span class='ocrx_word' id='word_1_230' title='bbox 816 5152 860 5202; x_wconf 80' lang='lat' dir='ltr'><strong>ub.</strong></span> <span class='ocrx_word' id='word_1_231' title='bbox 872 5149 891 5212; x_wconf 87' lang='lat' dir='ltr'><strong>l,</strong></span> <span class='ocrx_word' id='word_1_232' title='bbox 905 5164 962 5214; x_wconf 79' lang='lat' dir='ltr'><strong>cap.</strong></span> <span class='ocrx_word' id='word_1_233' title='bbox 975 5163 1040 5203; x_wconf 75' lang='lat' dir='ltr'><strong>stu.</strong></span> 
     </span>
    </p>
   </div>
   <div class='ocr_carea' id='block_1_9' title="bbox 0 0 2284 6100">
    <p class='ocr_par' dir='ltr' id='par_1_10' title="bbox 0 0 2284 6100">
     <span class='ocr_line' id='line_1_26' title="bbox 0 0 2284 6100; baseline 0 6"><span class='ocrx_word' id='word_1_234' title='bbox 0 0 2284 6100; x_wconf 95' lang='lat' dir='ltr'><strong> </strong></span> 
     </span>
    </p>
   </div>
  </div>
 </body>
</html>
