4559 6100
473 496 546 568 602
1075 496 1202 568 estut
1229 496 1466 569 ABAELARDl

473 646 604 743 ipsum,
618 659 703 735 etc,
723 672 740 711 x
758 644 903 717 tandem
922 643 1094 741 adjungat
1112 671 1120 713 :
1137 673 1155 713 a
1168 649 1374 718 llocautem
1383 642 1582 716 secundum
1597 637 1854 736 indulgentiam
1872 633 1970 725 dico,
1985 658 2060 705 non

472 761 673 836 secundum
683 764 890 859 imperium,
902 796 918 828 >2
932 765 1043 861 magis
1057 789 1124 836 uos
1139 764 1467 861 auctoritatequam
1480 762 1620 834 ratione
1629 758 1794 831 videntur
1805 754 2062 849 constringere,

474 896 513 953 ut
537 883 652 980 ipsam
673 882 807 954 scilicet
829 885 947 955 carnis
967 883 1241 956 delectationem
1256 898 1444 980 peccatum
1465 881 1638 953 fateamur
1659 905 1667 947 ε
1688 901 1763 948 non
1787 875 1884 946 enim
1900 873 1938 943 in
1954 871 2066 943 forni-

473 1001 627 1091 catione,
653 1001 717 1073 sed
740 1002 777 1073 in
807 1003 1038 1073 matrimonio
1055 1002 1171 1074 David
1191 1016 1408 1099 conceptum
1432 1000 1802 1081 fuisseconsta13nec
1823 991 2062 1087 indulgentia,

473 1117 545 1189 hoc
572 1133 638 1209 est,
667 1120 784 1209 venia,
819 1134 859 1190 ut
881 1134 1054 1204 asserunt,
1088 1118 1289 1211 intercedit,
1315 1119 1378 1191 ubi
1400 1118 1506 1216 culpa
1538 1116 1681 1215 penitus
1706 1112 1857 1185 absistit.
1879 1114 2063 1198 Quantum

473 1237 659 1309 veromihi
675 1236 816 1309 videtur
832 1237 933 1333 quod
950 1239 999 1309 ait
1019 1236 1147 1329 David,
1166 1238 1204 1308 in
1223 1235 1469 1334 iniquitatibus
1486 1235 1543 1306 vel
1561 1232 1716 1333 peccatis
1734 1231 1839 1302 fuisse
1855 1254 1893 1302 se
1910 1252 2065 1324 concep·

477 1369 567 1444 tum,
594 1380 661 1428 nec
686 1355 786 1427 addit
808 1380 986 1453 quorum,
1006 1357 1206 1451 generalem
1226 1355 1408 1452 originalis
1428 1354 1564 1453 peccati
1589 1350 1878 1424 maledictionem
1904 1345 2063 1431 induxit,

476 1497 548 1569 qua
572 1472 733 1546 videlicet
755 1474 1001 1572 unusquisque
1024 1498 1067 1545 ex
1090 1474 1197 1571 culpa
1218 1474 1381 1573 priorum
1406 1486 1596 1571 parentum
1620 1468 1843 1541 damnationi
1867 1465 2064 1562 subjicitur,

472 1592 573 1685 juxta
595 1590 685 1664 illud
701 1591 800 1688 quod
818 1591 902 1664 alibi
924 1592 1168 1690 scriptumest
1187 1619 1195 1662 z
1219 1620 1237 1659 u
1256 1597 1370 1664 Nemo
1388 1590 1545 1662 mundus
1562 1614 1583 1661 a
1600 1586 1721 1678 sorde,
1743 1610 1809 1657 nec
1826 1584 1943 1655 infans
1961 1583 2066 1654 unius

476 1707 547 1780 diei
571 1710 600 1781 si
621 1710 666 1780 sit
687 1711 759 1782 vita
776 1711 852 1807 ejus
868 1735 975 1809 super
999 1724 1143 1782 terram.
1167 1741 1184 1775 x
1211 1714 1257 1782 Ut
1280 1711 1377 1783 enim
1402 1708 1529 1783 beatus
1556 1706 1718 1779 meminit
1745 1705 2004 1798 Hieronymus,
2032 1716 2067 1773 et

478 1828 661 1900 manifesta
685 1830 777 1901 ratio
800 1828 928 1924 habet,
949 1829 1122 1927 quamdiu
1147 1829 1268 1902 anima
1303 1827 1455 1900 infantili
1482 1840 1583 1898 aetate
1605 1824 1800 1897 constituta
1824 1835 1896 1909 est,
1921 1833 2066 1918 peccato

478 1959 586 2018 caret.
608 1947 645 2016 Si
662 1969 748 2041 ergo
766 1970 787 2018 a
803 1962 952 2046 peccato
970 1946 1108 2020 munda
1124 1961 1198 2036 est,
1224 1947 1412 2045 quomodo
1437 1943 1605 2017 sordibus
1625 1942 1761 2040 peccati
1785 1938 1973 2012 immunda
1991 1952 2064 2028 est,

480 2067 546 2136 nisi
568 2066 650 2163 quia
673 2064 746 2137 hoc
767 2066 812 2138 de
836 2068 955 2166 culpa,
976 2067 1064 2139 illud
1090 2065 1361 2162 intelligendum
1384 2079 1437 2138 est
1454 2063 1500 2136 de
1523 2059 1657 2160 poena?
1676 2060 1828 2158 Culpam
1844 2059 1978 2156 quippe
1993 2080 2067 2128 non

479 2183 590 2256 habet
610 2209 653 2255 ex
668 2199 879 2283 contemptu
898 2187 977 2278 Dei,
997 2186 1224 2284 quiquidem
1243 2184 1332 2282 quid
1350 2206 1456 2281 agere
1472 2180 1618 2270 debeat,
1646 2179 1812 2251 nondum
1830 2178 1967 2250 ratione
1987 2199 2068 2274 per-

479 2303 585 2401 cipit;
614 2326 636 2375 a
658 2303 765 2375 sorde
788 2318 908 2376 tamen
934 2306 1070 2403 peccati
1093 2305 1255 2403 priorum
1270 2316 1463 2401 parentum
1489 2299 1660 2372 immunis
1679 2322 1755 2369 non
1780 2310 1846 2388 est,
1867 2318 1977 2392 aqua
1994 2295 2067 2391 jam

479 2445 624 2518 poenam
645 2421 846 2511 contrahit,
866 2424 931 2495 etsi
948 2448 1022 2495 non
1045 2422 1207 2521 culpam,
1227 2435 1263 2493 et
1278 2422 1428 2494 sustinet
1445 2421 1483 2491 in
1500 2442 1607 2518 poeua
1623 2415 1724 2514 quod
1740 2415 1792 2488 illi
1814 2417 2069 2487 commiserunt

481 2542 517 2610 in
541 2540 660 2638 culpa.
685 2541 742 2612 Sic
763 2565 846 2612 cum
866 2544 915 2612 ait
932 2541 1069 2628 David,
1094 2542 1132 2611 in
1155 2539 1402 2637 iniquitaitbus
1423 2537 1479 2610 vel
1496 2537 1651 2636 peccatis
1675 2560 1714 2607 se
1736 2558 1811 2606 esse
1837 2546 2064 2632 conceptum,

481 2658 638 2751 generali
668 2659 851 2729 sententiae
878 2658 1118 2731 damnationis
1140 2683 1184 2730 ex
1207 2658 1312 2756 culpa
1329 2658 1491 2756 priorum
1522 2669 1713 2754 parentum
1729 2678 1767 2724 se
1784 2653 1971 2750 conspexit
1993 2676 2068 2722 esse

482 2773 700 2869 subjectum3
721 2800 787 2846 nec
803 2790 875 2846 tam
893 2775 939 2848 ad
952 2777 1135 2872 proximos
1150 2789 1328 2873 parentes,
1347 2798 1457 2872 quam
1471 2773 1517 2846 ad
1531 2775 1668 2872 priores
1684 2773 1759 2843 haec
1771 2772 1899 2844 delicta
1913 2771 2065 2842 retorsit.

531 2891 639 2979 Quod
654 2916 739 2964 vero
755 2892 945 2990 Apostolus
962 2893 1221 2990 indulgentiam
1235 2893 1336 2979 dixit,
1356 2917 1432 2965 nou
1448 2893 1510 2985 ita,
1530 2906 1570 2964 ut
1585 2890 1725 2980 volunt,
1741 2905 1793 2962 est
1806 2889 2066 2988 accipiendum,

486 3025 524 3082 ut
544 3011 802 3108 indulgentiam
821 3013 1063 3111 permissionis
1078 3014 1221 3086 veniam
1238 3011 1366 3086 dixerit
1389 3013 1537 3112 peccati.
1557 3013 1639 3085 Tale
1655 3012 1789 3112 quippe
1807 3009 1976 3109 estquod
1993 3010 2040 3083 ait
2058 3037 2065 3079 :

485 3161 502 3194 «
517 3130 715 3202 secuudum
734 3130 1005 3228 indulgentiam,
1026 3158 1100 3204 non
1119 3132 1318 3204 secundum
1332 3133 1542 3230 imperium3
1557 3162 1575 3199 x
1588 3156 1630 3203 ac
1645 3133 1674 3203 si
1691 3131 1825 3203 diceret
1845 3158 1853 3200 :
1873 3129 2068 3202 secundum

482 3251 769 3347 permissionem,
798 3276 874 3323 non
897 3251 1096 3324 secundum
1122 3253 1360 3324 coactionem.
1386 3252 1423 3321 Si
1449 3252 1545 3323 enim
1570 3251 1696 3322 volunt
1720 3250 1909 3346 conjuges,
1936 3263 1972 3321 et
1995 3250 2067 3347 pari

483 3394 662 3442 consensu
687 3368 923 3455 decreverint,
947 3370 1126 3443 abstinere
1141 3384 1292 3469 possunt
1309 3372 1452 3469 penitus
1473 3369 1519 3442 ab
1536 3394 1603 3440 usu
1619 3370 1757 3462 carnis,
1776 3394 1843 3441 nec
1864 3392 1929 3468 per
1952 3370 2068 3465 impe·

483 3489 577 3560 rium
603 3488 648 3560 ad
680 3513 763 3560 eum
791 3503 875 3561 sunt
901 3491 1066 3585 cogendi.
1096 3490 1205 3578 Quod
1226 3491 1256 3561 si
1276 3515 1351 3561 non
1373 3488 1611 3577 decreverint,
1636 3488 1892 3585 indulgentiam
1912 3486 2065 3572 habent,

483 3605 562 3679 hoc·
584 3621 656 3696 est,
688 3603 959 3705 permissionem
983 3622 1021 3680 ut
1044 3632 1065 3681 a
1088 3610 1159 3680 vita
1181 3608 1393 3707 perfectiore
1417 3608 1454 3678 in
1478 3631 1583 3678 usum
1607 3604 1788 3680 declinent
1811 3606 1954 3678 laxioris
1979 3607 2066 3678 vitae.

485 3730 564 3796 Non
580 3749 666 3820 ergo
683 3726 874 3824 Apostolus
888 3725 1055 3799 hocloco
1069 3726 1328 3823 indulgentiam
1345 3725 1517 3798 intellexit
1528 3725 1669 3797 veniam
1684 3726 1833 3823 peccati,
1849 3726 1913 3798 sed
1929 3726 2071 3823 permis·

485 3842 624 3914 sionem
642 3843 784 3917 laxioris
812 3847 890 3919 vitae
908 3843 974 3942 pro
992 3846 1183 3918 evitatione
1199 3844 1458 3933 fornicationis,
1475 3858 1516 3914 ut
1535 3843 1681 3916 inferior
1697 3845 1767 3916 vita
1784 3846 1920 3943 peccati
1939 3845 2070 3941 magni·

487 3961 648 4034 tudinem
665 3964 885 4060 praeveniret,
911 3978 947 4035 et
965 3964 1083 4036 minor
1098 3978 1190 4036 esset
1213 3964 1250 4034 in
1268 3963 1420 4053 meritis,
1443 3985 1489 4033 ue
1505 3962 1621 4059 major
1637 3960 1735 4036 fieret
1751 3965 1788 4035 in
1805 3964 1970 4061 peccatis.
1990 3966 2070 4033 llaec

486 4095 604 4151 autem
624 4081 758 4152 adhoc
774 4081 980 4154 induximus
996 4107 1042 4154 ue
1058 4084 1137 4178 quis
1152 4083 1277 4155 voleus
1294 4081 1385 4153 forte
1406 4105 1553 4153 omnem
1574 4083 1690 4154 carnis
1706 4082 1979 4155 delectationem
1998 4105 2071 4153 esse

487 4212 696 4296 peccatum,
717 4197 852 4272 diceret
868 4226 911 4271 ex
936 4202 1078 4273 actione
1102 4202 1219 4299 ipsum
1238 4213 1426 4297 peccatum
1446 4201 1585 4296 augeri,
1606 4226 1691 4273 cum
1711 4203 1791 4297 quis
1802 4200 1968 4274 videlicet
1982 4225 2072 4273 con-

487 4342 630 4389 sensum
658 4319 776 4416 ipsum
800 4319 911 4390 animi
939 4320 975 4390 in
999 4318 1204 4390 exercitium
1229 4317 1376 4389 duceret
1403 4319 1643 4415 operationis,
1672 4336 1810 4393 utnon
1843 4319 2071 4392 solummodo

488 4459 664 4508 consensu
690 4437 931 4534 turpitudinis,
950 4461 1075 4510 verum
1101 4438 1209 4509 etiam
1227 4434 1375 4508 maculis
1397 4439 1702 4510 contaminaretur
1717 4439 1879 4530 actionis,
1902 4453 2073 4537 tanquam

488 4557 518 4630 si
541 4556 696 4626 animam
724 4557 968 4629 contaminare
992 4570 1131 4656 posset,
1151 4553 1251 4653 quod
1268 4555 1422 4628 exterius
1447 4556 1484 4627 in
1504 4581 1657 4656 corpore
1673 4555 1785 4630 fieret.
1805 4559 1900 4630 Nihil
1921 4583 2007 4657 ergo
2028 4557 2074 4630 ad

488 4688 718 4772 augmentum
744 4675 879 4772 peccati
903 4677 1056 4773 pertinet
1079 4675 1350 4773 qualiscumque
1366 4700 1517 4773 operum
1543 4676 1719 4765 executio,
1746 4692 1782 4750 et
1803 4676 1892 4750 nihil
1918 4679 2073 4750 animam

489 4796 556 4866 nisi
579 4792 678 4891 quod
705 4791 815 4889 ipsius
837 4808 908 4886 est,
932 4796 1160 4892 coinquinat,
1186 4792 1257 4866 hoc
1283 4808 1357 4885 est,
1385 4818 1580 4868 consensus
1603 4820 1712 4893 quem
1736 4797 1966 4869 solummodo
1991 4819 2075 4894 pec·

490 4926 611 4984 catum
627 4935 703 4983 esse
720 4910 874 4985 diximus
895 4913 935 4984 in
950 4914 1146 5005 voluntate,
1165 4936 1246 4985 eam
1262 4913 1536 5010 praecedentem,
1554 4912 1610 4985 vel
1624 4915 1804 4988 actionem
1817 4917 1937 5014 operis
1954 4913 2074 4987 subse-

489 5045 673 5127 quentem.
694 5031 767 5102 Etsi
790 5031 886 5103 enim
906 5032 1055 5102 velimus
1078 5031 1133 5103 vel
1150 5030 1320 5103 faciamus
1342 5030 1442 5127 quod
1460 5057 1534 5104 non
1550 5033 1734 5128 convenit,
1758 5058 1832 5106 non
1856 5033 1940 5107 ideo
1957 5047 2074 5105 tamen
