4559 6100
768 503 1023 578 THEOLOGIA
1048 502 1321 579 cflatsrtalta.
1770 500 1841 572 557

251 653 348 724 enim
372 654 574 728 sollicitudo
590 655 770 729 bonorum
786 655 893 729 nobis
908 679 1060 754 operum
1076 655 1219 748 inesset,
1236 655 1265 726 si
1283 679 1392 753 quem
1405 679 1474 727 nec
1488 678 1612 729 amore
1628 676 1695 726 nec
1713 651 1841 725 timore

251 795 468 868 vereremur,
489 778 605 847 Deum
628 776 771 874 penitus
790 774 1063 872 ignoraremus?
1079 777 1168 860 Quae
1184 798 1266 873 spes
1288 789 1351 847 aut
1367 773 1537 847 malitiam
1555 773 1757 847 refraenaret
1772 797 1841 872 po·

251 904 405 987 tentum,
424 909 488 967 ant
503 895 550 966 ad
562 895 661 966 bona
676 919 739 967 eos
753 893 909 968 alliceret
926 918 1049 994 opera,
1067 894 1096 966 si
1113 894 1276 965 omnium
1290 894 1503 991 justissimus
1516 918 1558 966 ac
1572 894 1841 992 potentissimus

251 1011 380 1085 frustra
404 1013 632 1086 crederetur?
652 1018 833 1087 Ponamns
856 1015 990 1112 itaque,
1014 1027 1054 1085 ut
1070 1011 1159 1085 dum
1176 1012 1284 1085 bonis
1299 1011 1470 1111 prodesse
1491 1036 1533 1084 ac
1555 1011 1696 1111 placere
1716 1013 1841 1108 quaeri·
1919 1022 1923 1035 ¹

251 1157 346 1222 mus,
364 1131 564 1206 obstinatos
579 1158 708 1230 cogere
727 1159 803 1207 non
822 1134 1014 1233 possimus,
1035 1157 1120 1205 cum
1137 1156 1202 1204 ora
1219 1156 1346 1205 eorum
1361 1157 1436 1205 nou
1453 1133 1660 1206 necessariis
1677 1130 1840 1203 obstrua-

250 1276 330 1322 mus
362 1252 609 1349 argumentis:
634 1278 831 1351 ponamus,
861 1254 1032 1351 inquam,
1069 1252 1142 1324 hoc
1166 1252 1197 1323 si
1222 1254 1372 1343 volunt;
1402 1251 1466 1324 sed
1490 1276 1718 1350 opponamus
1740 1249 1841 1346 quod

248 1369 394 1464 uolunt,
427 1396 606 1444 summam
631 1397 760 1444 eorum
785 1368 1046 1471 impudentiam
1074 1386 1277 1468 arguentes,
1306 1373 1335 1444 si
1359 1373 1429 1444 hoc
1452 1371 1716 1447 calumniantur
1740 1371 1839 1468 quod

247 1489 405 1562 refellere
427 1489 528 1562 nullo
555 1490 667 1563 modo
689 1506 861 1591 possunt,
890 1507 927 1564 et
948 1491 1049 1590 quod
1073 1491 1227 1590 plurima
1253 1505 1326 1564 tarn
1349 1492 1536 1564 honestate
1558 1514 1668 1588 quarn
1692 1489 1841 1561 utilitate

246 1609 533 1682 commendatur.
554 1612 781 1708 inquiramus
798 1636 861 1685 eos
876 1635 948 1710 qna
965 1613 1102 1685 ratione
1120 1610 1248 1683 malint
1262 1610 1391 1708 eligere
1408 1615 1523 1683 Deum
1540 1634 1615 1682 non
1637 1632 1839 1705 essequam

245 1728 339 1816 esse3
368 1742 405 1800 et
427 1753 511 1800 cum
534 1729 581 1801 ad
602 1744 772 1802 neutrum
788 1732 870 1828 cogi
886 1730 1088 1804 necessario
1111 1729 1268 1829 possint,
1289 1744 1325 1802 et
1345 1730 1497 1803 alterum
1513 1728 1633 1800 multis
1653 1752 1839 1801 commen·

245 1846 349 1918 detur
373 1848 593 1942 rationibus,
613 1848 765 1922 alterum
788 1849 913 1941 nullis,
938 1849 1199 1947 iniquissimam
1216 1873 1343 1922 eorum
1364 1848 1630 1922 confundamus
1645 1847 1838 1947 impuden-

245 1966 350 2056 tiam,
364 1968 426 2064 qui
448 1966 486 2037 id
506 1967 609 2064 quod
626 1970 806 2068 optimum
821 1994 899 2043 esse
921 1992 996 2042 non
1014 1967 1198 2057 dubitent,
1217 1968 1457 2065 omnibusque
1480 1982 1533 2040 est
1551 1983 1623 2040 tam
1640 1965 1839 2039 rationibus

243 2108 352 2181 quam
371 2085 640 2159 auctoritatibus
655 2102 958 2179 consentaneum,
978 2087 1080 2185 sequi
1095 2100 1282 2185 respuant,
1301 2100 1337 2158 et
1352 2088 1573 2159 contrarium
1595 2086 1838 2185 complectan-

243 2218 313 2275 tur.
333 2205 442 2292 Quod
464 2207 493 2277 si
518 2203 566 2277 de
591 2208 740 2279 occultis
765 2232 887 2280 rerum
911 2208 1063 2297 naturis,
1090 2231 1132 2279 ac
1153 2206 1199 2278 de
1217 2208 1296 2306 ipso
1325 2224 1471 2304 quoque
1497 2230 1616 2278 rerum
1639 2206 1835 2279 coelestium

241 2337 355 2417 statu,
384 2347 475 2422 quas
501 2326 755 2425 experimentis
779 2351 855 2397 non
885 2312 1045 2424 possunt
1062 2325 1261 2414 discutere,
1292 2338 1330 2397 ut
1357 2326 1444 2396 certi
1468 2349 1543 2397 non
1570 2324 1712 2398 valeant
1735 2349 1833 2412 esse,

241 2443 512 2516 auctoritatibus
538 2444 732 2516 hominum
767 2445 920 2538 cedunt,
950 2471 1015 2518 cur
1041 2445 1088 2518 de
1117 2460 1266 2517 arrctore
1294 2444 1459 2516 omnium
1492 2449 1570 2516 Deo
1597 2444 1733 2518 eisdem
1760 2471 1835 2516 nori

240 2563 498 2660 acquiescunt?
516 2566 587 2637 Sed
604 2565 679 2637 haec
703 2564 878 2638 hactenus
896 2564 1067 2638 adversus
1082 2563 1179 2636 hanc
1195 2566 1349 2663 primam
1365 2586 1408 2635 ac
1426 2563 1618 2637 maximam
1634 2563 1834 2637 infidelium

238 2681 531 2757 obstinationem.

288 2806 391 2876 Nunc
411 2819 532 2878 autem
553 2792 761 2880 ab‘unitate
785 2807 915 2880 divinae
939 2806 1162 2896 substantia,
1188 2830 1299 2904 quam
1324 2806 1426 2903 quasi
1451 2804 1725 2878 fundamentum
1750 2806 1835 2878 sub-

234 2918 405 3013 jecimus,
436 2924 482 2997 ad
510 2925 764 2998 discretionem
792 2928 903 2999 trium
926 2928 1185 3025 personarum,
1211 2950 1291 3022 qnae
1316 2925 1432 2998 eidem
1457 2926 1582 2997 insunt
1604 2924 1831 3015 substantiae,

237 3036 330 3111 ordo
346 3054 399 3112 est
416 3064 638 3133 commeare,
658 3061 693 3114 et
709 3045 756 3114 de
772 3045 896 3115 divina
914 3046 1093 3142 potentia,
1112 3042 1170 3115 vel
1190 3044 1381 3142 sapientia,
1406 3069 1469 3115 seu
1485 3042 1718 3139 benignitate,
1734 3043 1835 3140 juxta

236 3182 329 3254 quae,
349 3173 389 3230 ut
405 3159 623 3251 dictumest,
640 3175 711 3233 tres
728 3161 996 3257 distinguuntur
1012 3186 1187 3260 personae,
1215 3161 1262 3234 ad
1279 3161 1474 3260 perfectam
1491 3178 1526 3234 et
1543 3164 1718 3258 integram
1741 3163 1834 3235 illius

235 3278 367 3348 summi
393 3279 484 3349 Boni
508 3279 875 3371 commendationem,
903 3296 1067 3379 superest
1092 3281 1254 3377 diligenti
1279 3282 1543 3353 examinatione
1570 3281 1772 3354 disserere:
1794 3297 1832 3353 ut

236 3421 309 3492 qno
326 3397 493 3496 amplius,
513 3411 675 3497 utsupra
691 3400 935 3492 meminimus,
953 3399 1061 3496 hujus
1077 3399 1167 3472 boni
1184 3400 1358 3499 perfectio
1373 3400 1647 3497 cognitafnerit,
1662 3401 1775 3497 magis
1786 3402 1833 3474 ad

234 3538 395 3589 amorem
413 3517 468 3588 sui
484 3542 665 3614 quemque
680 3518 824 3610 alliciat,
844 3518 1040 3617 presertim
1056 3543 1142 3591 cum
1161 3518 1280 3592 multae
1300 3544 1408 3618 super
1426 3519 1484 3591 his
1503 3518 1664 3591 fidelium
1686 3543 1832 3617 quoque

235 3636 375 3708 animos
402 3633 566 3708 difficiles
591 3662 739 3712 morere
765 3639 905 3737 possint
929 3638 1166 3735 questiones,
1190 3651 1227 3711 et
1245 3653 1346 3711 tanto
1371 3639 1508 3712 facilius
1531 3640 1652 3711 minus
1672 3639 1832 3712 eruditos

232 3753 279 3827 ad
297 3756 452 3828 maxima
469 3755 611 3829 trahere
627 3756 810 3848 scandala,
830 3773 937 3856 atque
955 3756 1118 3831 infideles
1130 3759 1428 3858 juvare,·quanto
1449 3757 1670 3831 difficiliores
1687 3758 1736 3831 ad
1758 3760 1831 3831 sol-

233 3871 391 3946 vandum
430 3874 610 3948 videntur.
650 3882 701 3951 Ac
738 3879 856 3976 primo
887 3876 993 3949 nobis
1025 3876 1071 3949 de
1105 3879 1368 3977 omnipotentia
1401 3879 1468 3950 Dei
1507 3877 1748 3951 consideratio
1770 3878 1827 3947 sit.

280 3992 523 4079 Quaerendum
538 3996 660 4094 itaque
675 3998 793 4096 primo
809 3995 965 4087 videtur,
986 3997 1174 4093 quomodo
1190 4021 1274 4069 rere
1290 3997 1430 4071 dicatur
1448 3998 1691 4092 omnipotens,
1708 3995 1739 4065 si
1755 4020 1829 4067 non

231 4111 343 4207 possit
360 4113 484 4185 omnia
507 4114 670 4209 efficere3
691 4131 754 4189 aut
778 4116 967 4214 quomodo
993 4117 1115 4188 omnia
1137 4117 1263 4214 possit,
1288 4117 1318 4185 si
1340 4114 1506 4211 quaedam
1530 4136 1598 4185 nos
1622 4138 1827 4213 possumus,

231 4254 309 4326 quae
322 4230 398 4329 ipse
414 4257 490 4305 nou
506 4236 629 4333 possit.
646 4240 839 4309 Possumus
855 4250 975 4308 autern
989 4232 1168 4330 quaedam,
1186 4247 1226 4304 ut
1239 4232 1440 4325 ambulare,
1460 4232 1574 4330 loqui,
1592 4235 1736 4326 sentire,
1751 4260 1830 4332 quae

230 4371 251 4418 a
273 4364 401 4422 natura
427 4350 622 4426 divinitatis
647 4357 790 4453 penitus
815 4355 931 4427 aliena
957 4367 1061 4446 sunt,
1087 4377 1173 4425 cum
1197 4355 1397 4425 necessaria
1417 4353 1570 4424 istorum
1595 4353 1831 4442 instrumenta

229 4467 432 4541 nullatenus
447 4469 581 4543 habere
599 4472 814 4571 incorporea
831 4485 942 4571 queat
961 4471 1171 4544 substantia.
1192 4469 1332 4558 Quibus
1348 4470 1496 4569 quidem
1513 4470 1663 4568 objectis
1685 4472 1723 4545 id
1741 4499 1829 4573 prae·

229 4584 423 4659 dicendum
437 4589 605 4681 arbitror,
622 4593 722 4690 quod
733 4593 835 4689 juxta
847 4594 946 4691 ipsos
960 4615 1107 4690 quoque
1119 4589 1370 4689 philosophos,
1384 4606 1421 4663 et
1437 4593 1642 4665 communis
1654 4596 1829 4665 sermonis

227 4729 346 4798 nsum,
365 4730 567 4806 numquam
584 4712 746 4809 potentia
762 4710 937 4807 cujusque
954 4712 1007 4782 rei
1018 4711 1207 4809 accipitur,
1227 4710 1296 4782 nisi
1310 4711 1348 4782 in
1367 4709 1422 4782 his
1434 4735 1513 4809 quae
1529 4710 1577 4785 ad
1593 4708 1829 4784 commodum

226 4828 283 4899 vel
308 4827 519 4924 dignitatem
534 4833 646 4930 ipsius
663 4834 714 4905 rei
735 4834 929 4932 pertinent.
951 4837 1065 4906 Nemo
1088 4834 1187 4907 enim
1209 4832 1282 4907 hoc
1301 4835 1472 4932 potentiae
1493 4833 1650 4906 bominis
1664 4832 1825 4931 deputat,

227 4946 327 5043 quod
352 4946 410 5020 ille
434 4951 595 5048 superari
621 4951 722 5025 facile
746 4965 886 5050 potest,
914 4953 1026 5024 immo
1043 4952 1264 5051 impotentia
1288 4964 1324 5023 et
1347 4950 1523 5024 debilitati
1540 4951 1616 5047 ejus
1639 4951 1739 5049 quod
1759 4954 1828 5024 mi·

227 5066 323 5138 nime
349 5092 416 5140 suo
442 5069 605 5142 resistere
628 5084 748 5170 potest
772 5070 1021 5166 incommodo,
1046 5085 1082 5144 et
1107 5070 1282 5169 quicquid
1308 5069 1354 5143 ad
1375 5070 1500 5142 vitium
1525 5070 1682 5144 hominis
1699 5076 1825 5170 vergit,
