4559 6100
367 584 372 589 ,
479 500 548 570 rao
1080 492 1208 564 renni
1233 493 1469 569 ABAELARIM

474 647 629 746 ‘amplius
645 642 933 735 commendatur,
952 656 989 714 et
1005 665 1048 716 ea
1063 668 1206 742 semper
1219 646 1338 743 potior
1354 659 1408 716 est
1422 643 1515 717 ratio
1527 666 1607 740 quae
1622 640 1669 716 ad
1684 640 1911 717 honestatem
1921 647 2069 747 amplius

477 790 586 865 quarn
607 763 654 837 ad
670 762 916 838 necessitatem
931 762 1058 859 vergit,
1080 765 1275 862 praesertim
1291 790 1374 838 cum
1394 789 1475 862 quae
1490 762 1643 835 honesta
1655 775 1740 835 sunt
1754 787 1820 861 pcr
1833 786 1872 836 se
1893 762 2082 864 placeant,

477 899 584 982 atque
602 906 670 955 nos
695 882 815 954 statim
831 906 896 953 soa
909 881 945 953 vi
964 881 1122 978 quadam
1137 882 1306 956 alliciant.
1324 887 1444 972 Quam
1460 882 1759 955 honestumuero
1781 882 1827 954 sit
1845 906 1888 956 ac
1914 884 2065 976 salubre,

478 1004 601 1075 omnia
609 1002 655 1075 ad
665 1027 779 1075 unum
796 1002 975 1103 optimum
988 1015 1060 1074 tam
1074 1016 1251 1075 rectorem
1269 1027 1378 1098 quam
1388 1001 1613 1075 conditorem
1630 1014 1801 1099 spectare,
1815 1016 1851 1073 et
1865 1018 2069 1103 cunctapo·

478 1126 547 1195 tius
563 1124 701 1195 ratione
715 1146 825 1220 quam
844 1146 928 1194 casu
945 1145 1008 1193 seu
1025 1120 1115 1213 fieri,
1136 1146 1200 1195 seu
1219 1123 1307 1219 regi,
1325 1123 1444 1195 nullus
1456 1136 1510 1195 cst
1522 1121 1580 1195 cui
1606 1122 1754 1221 proprie
1777 1122 1869 1194 ratio
1891 1146 1966 1195 non
1987 1148 2068 1222 sug·

479 1257 576 1340 gerat
589 1242 828 1315 conscientiae.
849 1245 937 1330 Quae
949 1243 1045 1314 enim
1059 1240 1262 1315 sollicitudo
1278 1241 1463 1314 bonorum
1473 1239 1580 1313 nobis
1596 1265 1748 1339 operum
1757 1241 1900 1336 inesset,
1915 1242 1944 1312 si
1959 1266 2067 1339 quern

478 1387 575 1434 nunc
591 1386 715 1434 amore
731 1361 788 1433 vel
806 1360 935 1435 timore
957 1386 1187 1455 veneremur,
1213 1366 1330 1434 Deum
1354 1361 1497 1461 penitus
1522 1359 1758 1457 ignoremus?
1784 1363 1873 1448 Quae
1903 1387 1983 1461 spes
2006 1376 2078 1435 aut·

478 1481 852 1553 malitinmrefreuarct
869 1493 1073 1577 potentum,
1092 1479 1149 1554 vel
1166 1481 1212 1553 ad
1225 1481 1323 1554 bona
1342 1505 1406 1553 eos
1421 1478 1577 1553 alliceret
1591 1503 1714 1578 opera,
1731 1480 1760 1551 si
1777 1481 1941 1553 omnium
1950 1482 2067 1578 justis·

476 1602 587 1684 simus
608 1623 649 1672 ac
671 1599 940 1699 potentissimus
958 1598 1087 1672 frustra
1101 1594 1330 1673 crederetur?
1349 1605 1530 1687 Ponamus
1546 1599 1667 1696 itaque
1689 1613 1729 1670 ut
1751 1598 1840 1671 dum
1861 1598 1967 1674 bonis
1981 1626 2066 1700 pro·

475 1719 576 1791 desse
591 1743 633 1793 ac
650 1717 790 1817 placere
803 1721 1007 1817 quaerimus,
1018 1719 1218 1793 obstinatos
1231 1743 1359 1815 cogere
1377 1743 1451 1792 non
1468 1719 1660 1818 possimus,
1677 1741 1761 1791 curn
1772 1742 1835 1791 ora
1852 1742 1977 1793 eorum
1994 1744 2067 1792 non

475 1839 683 1913 necessariis
696 1837 925 1911 obstruamus
939 1839 1177 1936 argumentis3
1196 1865 1387 1939 ponamus,
1407 1839 1568 1937 iuquam,
1584 1837 1657 1910 hoc
1670 1839 1700 1910 si
1716 1835 1854 1929 volunt,
1875 1839 1939 1912 scd
1952 1864 2068 1938 oppo-

475 1983 604 2032 namus
617 1958 719 2059 quod
733 1959 878 2053 nolunt,
894 1984 1074 2032 summam
1090 1985 1216 2034 eorum
1233 1959 1493 2060 impudentiam
1509 1973 1711 2056 arguentes,
1726 1958 1757 2030 si
1764 1956 1836 2030 hoc
1846 1956 2068 2032 calmunien·

475 2095 535 2153 tur
552 2078 652 2177 quod
670 2078 831 2152 refellere
845 2078 947 2152 nullo
972 2077 1085 2153 modo
1101 2094 1267 2180 possunt,
1290 2095 1326 2152 et
1351 2078 1452 2178 quod
1476 2079 1630 2180 plurima
1645 2093 1721 2150 tam
1748 2077 1933 2152 honestate
1955 2102 2066 2178 quam

474 2199 625 2274 utilitate
643 2197 931 2272 commendatur.
959 2201 1187 2296 inquiramus
1205 2225 1286 2287 eos,
1306 2224 1377 2299 qua
1391 2201 1530 2274 ratione
1552 2198 1677 2272 malint
1695 2197 1835 2297 eligere,
1856 2203 1974 2271 Deum
1991 2221 2065 2270 non

473 2343 550 2391 esse
572 2343 682 2417 quam
698 2343 795 2410 esse,
816 2333 950 2393 etcum
972 2318 1019 2393 ad
1036 2334 1205 2394 neutrum
1227 2320 1307 2417 cogi
1333 2321 1532 2394 necessario
1550 2322 1701 2420 possint,
1720 2333 1756 2392 et
1779 2319 1932 2393 alterum
1947 2318 2067 2391 multis

473 2437 746 2512 commendetur
762 2438 976 2531 rationibus,
994 2439 1149 2513 alterum
1165 2437 1286 2530 nullis,
1297 2439 1560 2539 iniquissimam
1576 2463 1705 2513 corum
1720 2436 1985 2510 confundamus
1998 2439 2066 2510 irn-

474 2557 698 2655 pudentiam,
722 2558 841 2657 quiid
865 2557 967 2658 quod
984 2560 1166 2659 optimum
1183 2583 1260 2632 esse
1282 2584 1358 2632 nou
1386 2558 1564 2653 dubitent,
1592 2557 1832 2657 omnibusque
1862 2559 1967 2632 etiam
1993 2573 2066 2630 tam

472 2677 672 2750 rationibus
680 2702 790 2774 quam
799 2677 1069 2751 auctoritatibus
1082 2693 1366 2751 cousentaneum
1379 2680 1494 2778 sequi,
1511 2694 1693 2779 respuant,
1707 2692 1744 2751 et
1758 2677 1977 2751 contrarium
1993 2699 2067 2749 am·

472 2796 684 2894 plectantur.
704 2795 813 2884 Quod
828 2795 919 2869 side
935 2795 1083 2869 occultis
1093 2820 1215 2869 rerum
1226 2799 1374 2889 naturis,
1386 2822 1428 2870 ac
1442 2797 1488 2872 de
1498 2799 1578 2899 ipso
1587 2822 1861 2898 quoquererum
1872 2795 2066 2870 ooelestium

472 2927 578 3007 statu,
593 2939 683 3012 quas
700 2916 952 3014 experimentis
966 2938 1043 2988 non
1062 2931 1214 3013 possunt
1228 2916 1418 3007 discutere,
1433 2933 1471 2990 ut
1484 2920 1570 2992 certi
1583 2918 1668 2992 iude
1680 2917 1821 2991 valeant
1835 2941 1925 3009 esse,
1944 2932 2066 2990 aucto·

473 3029 635 3104 ritatibns
647 3030 839 3104 hominum
854 3030 1026 3126 credunt,
1037 3057 1103 3105 our
1111 3031 1158 3106 de
1166 3047 1314 3108 auctore
1323 3036 1569 3110 omniumDeo
1580 3035 1713 3109 eisdem
1725 3060 1799 3109 non
1812 3035 2065 3134 aequiescunt?

472 3150 625 3225 Sedhaec
633 3150 808 3224 hactenus
819 3152 989 3225 adversus
998 3152 1094 3226 hanc
1104 3157 1258 3252 primam
1271 3170 1307 3227 et
1317 3157 1509 3230 maximam
1526 3155 1724 3230 infidelium
1738 3151 2026 3230 obstinationem.

521 3276 625 3345 Nunc
640 3287 760 3346 autem
777 3271 824 3346 ab
842 3273 976 3372 unitate
992 3272 1123 3347 divina
1141 3272 1365 3370 substantiae,
1381 3300 1492 3374 quam
1507 3278 1608 3376 quasi
1626 3275 1899 3349 fundamentum
1915 3276 2067 3376 subjeci·

471 3416 571 3484 mus,
591 3391 637 3466 ad
654 3390 909 3468 discretionem
925 3397 1035 3468 trium
1052 3421 1307 3496 personarum,
1326 3419 1406 3496 quae
1437 3396 1554 3471 eidem
1586 3389 1710 3469 in'suut
1730 3395 1956 3488 substantiae,
1975 3397 2066 3471 ordo

470 3527 522 3583 est
537 3537 761 3605 commeare,
778 3530 814 3587 et
831 3515 877 3588 de
893 3515 1014 3588 divina
1030 3519 1191 3615 potentia
1208 3543 1272 3591 seu
1285 3518 1458 3618 sapientia
1475 3516 1532 3591 vel
1546 3515 1784 3615 benignitate,
1798 3517 1899 3616 juxta
1917 3542 2009 3615 quae,
2027 3533 2068 3591 ut

470 3629 606 3702 dictum
623 3647 696 3723 est,
722 3647 793 3706 tres
814 3634 1086 3742 distinguuntur
1102 3660 1265 3734 personae
1281 3635 1328 3708 ad
1344 3637 1537 3735 perfectam
1562 3653 1597 3709 et
1621 3638 1795 3735 integram
1820 3634 1950 3709 summi
1977 3634 2067 3710 boni

470 3750 835 3845 commendationem,
855 3766 1017 3851 superest
1032 3752 1194 3850 diligenti
1201 3737 1465 3829 examinatione
1479 3755 1675 3830 dissereret
1690 3770 1731 3829 ut
1742 3779 1816 3854 quo
1833 3755 2003 3854 amplius,
2025 3771 2065 3828 ut

470 3893 578 3968 supra
602 3871 846 3963 meminimus,
872 3870 980 3968 hujus
1004 3871 1095 3944 boni
1115 3872 1287 3972 perfectio
1310 3877 1453 3975 cognita
1477 3876 1600 3969 fuerit,
1628 3876 1738 3975 magis
1756 3873 1803 3947 ad
1825 3897 1987 3948 amorem
2010 3879 2066 3948 sui

469 4011 651 4087 quemque
663 3988 814 4081 'alliciat,
830 3991 1026 4089 praesertim
1042 4014 1127 4064 cum
1147 3993 1268 4067 multae
1285 3994 1463 4095 superbis
1478 3994 1638 4070 fidelium
1654 4019 1800 4095 quoquc
1816 3994 1956 4067 animos
1973 3994 2065 4067 diffi-

469 4108 553 4182 ciles
572 4133 717 4182 movere
741 4111 880 4208 possint
904 4111 1136 4208 quaestiones,
1161 4129 1197 4186 ct
1213 4129 1314 4188 tanto
1341 4117 1478 4190 facilius
1504 4119 1624 4191 minus
1648 4115 1809 4189 eruditos
1834 4113 1881 4187 ad
1909 4117 2064 4189 maxilua

469 4227 610 4301 trahere
626 4227 795 4302 scandala
810 4243 917 4328 atquc
935 4230 1096 4305 infideles
1107 4233 1255 4331 juvare,
1271 4251 1408 4335 quanto
1424 4235 1641 4312 difficiliores
1656 4235 1703 4310 ad
1717 4233 1930 4308 solvendum
1942 4233 2065 4308 riden-

471 4363 541 4420 tur.
562 4351 612 4420 Ac
627 4349 742 4447 prima
758 4347 864 4421 nobis
879 4348 926 4422 de
943 4351 1205 4451 omnipotentia
1220 4358 1286 4429 Dei
1300 4356 1538 4431 consideratio
1551 4359 1609 4431 sit.

517 4466 761 4555 Quaerendum
775 4470 895 4569 itaque
910 4471 1028 4569 primo
1046 4471 1201 4568 videtur,
1219 4475 1409 4574 quomodo
1422 4502 1506 4551 vere
1520 4476 1659 4551 dicatur
1676 4476 1923 4575 omnipotens,
1941 4474 2063 4546 sinon

470 4588 582 4685 possit
599 4589 722 4660 omnia
737 4587 898 4684 efficere,
916 4605 978 4664 aut
991 4592 1180 4690 quomodo
1194 4597 1317 4669 omnia
1333 4597 1463 4695 possit,
1479 4597 1510 4670 si
1526 4596 1692 4695 quaedam
1705 4621 1772 4669 nos
1786 4618 1978 4694 possumus
1985 4589 2079 4692 qnae'

468 4709 545 4804 ipse
560 4732 636 4781 non
654 4710 793 4808 possit:
814 4727 1142 4810 possumusautem
1158 4715 1343 4812 quedam,
1364 4732 1404 4790 ut
1420 4716 1624 4810 ambulare,
1643 4717 1762 4815 loqui,
1780 4716 1931 4806 sentire,
1951 4722 2029 4812 q'nre
2042 4738 2069 4784 a

468 4841 597 4901 natura
613 4827 806 4903 divinitatis
819 4831 962 4929 penitus
972 4831 1088 4906 abeno
1100 4848 1198 4928 sunt,
1212 4860 1296 4908 cum
1309 4838 1510 4910 necessaria
1521 4837 1671 4910 istorum
1683 4837 1921 4910 iustrumenta
1931 4831 2068 4906 habere

467 4946 669 5021 nullatenus
683 4950 897 5051 incorporea
912 4966 1020 5049 queat
1032 4953 1242 5036 substantia.
1261 4955 1401 5044 Quibus
1416 4955 1730 5056 quidemjobjectis
1745 4954 1782 5028 id
1797 4952 2070 5055 predicendum

356 5117 364 5129 .
467 5064 634 5160 arbitror,
663 5070 763 5167 quod
783 5069 884 5167 juxta
909 5074 1008 5170 ipsos
1028 5098 1176 5172 quoque
1193 5071 1447 5173 philosophos,
1466 5091 1501 5149 et
1523 5077 1728 5152 communis
1745 5073 1921 5148 sermonis
1936 5095 2070 5161 usum,
