4559 6100
472 592 494 659 8
1072 597 1194 668 PETRI
1220 596 1449 667 ABAELARDI

470 762 555 809 cum
577 764 675 812 nunc
709 745 775 814 tria
812 767 958 816 manere
993 744 1175 835 dicantur,
1212 743 1300 817 fides
1333 741 1484 830 scilicet,
1521 766 1619 839 spes,
1647 741 1796 828 caritas3
1825 739 1902 810 sula
1934 740 2061 810 caritas

471 882 657 956 uunquam
674 860 822 937 excidit,
839 865 963 935 tamin
979 865 1051 936 hoc
1067 864 1200 936 scilicet
1214 863 1364 952 saeculo,
1383 885 1492 960 quam
1507 862 1545 932 in
1558 859 1629 931 alio
1642 859 1764 932 futuro
1779 871 2058 955 perseveratura.

472 981 522 1046 Ex
535 1001 610 1074 quo
628 993 664 1049 et
675 981 804 1052 merito
820 982 936 1078 major
952 984 1084 1056 dicitur
1099 998 1173 1057 tam
1189 981 1361 1078 dignitate
1376 979 1665 1080 perseverantiae,
1683 1001 1792 1075 quam
1807 976 2061 1049 remuneratio·

471 1097 527 1166 nis
544 1095 685 1187 debito;
710 1123 794 1170 cum
817 1101 895 1198 ipsa
917 1101 1081 1174 videlicet
1098 1103 1192 1193 sola,
1220 1118 1260 1172 ut
1286 1099 1458 1186 arbitror,
1476 1096 1777 1170 remunerationis
1803 1095 1847 1167 sit
1874 1094 1994 1190 digna.
2025 1094 2061 1163 Si

471 1216 550 1310 quis
561 1229 682 1287 autem
699 1216 745 1290 de
759 1219 1015 1318 apparentibus
1025 1244 1172 1319 quoque
1188 1219 1299 1291 fidem
1314 1218 1440 1290 haberi
1462 1217 1577 1307 dicat,
1595 1214 1705 1288 fidem
1720 1212 1867 1287 abusive
1881 1213 2058 1284 nominat.

472 1334 658 1431 Reperitur
673 1350 791 1408 tamen
810 1334 900 1410 fides
916 1338 987 1411 dici
1009 1339 1056 1412 de
1068 1337 1325 1438 apparentibus
1341 1360 1503 1435 quoque,
1530 1336 1622 1407 sicut
1637 1333 1684 1406 de
1701 1356 1776 1404 nou
1793 1329 2058 1430 apparentibus.

470 1453 524 1523 De
548 1467 704 1550 utroque
721 1471 842 1528 autem
857 1458 1019 1556 exempla
1034 1483 1107 1555 prae
1120 1456 1288 1530 manibus
1301 1454 1491 1528 habemus.
1502 1454 1695 1551 Gregorius
1713 1451 1871 1523 Humilia
1885 1448 2010 1538 v1,lib.
2032 1453 2059 1519 u

471 1570 508 1639 in
518 1573 724 1669 Evangelia¹
739 1602 748 1645 :
765 1579 914 1663 «Quum
930 1576 1122 1674 Apostolus
1134 1576 1231 1648 dicat
1246 1602 1255 1645 :
1272 1580 1363 1647 «Est
1381 1573 1471 1646 fides
1486 1571 1746 1671 sperandarum
1760 1593 1881 1642 rerum
1898 1567 2061 1641 substan·

474 1716 492 1754 «
508 1690 569 1777 tia,
585 1705 670 1783 etc,
683 1693 870 1790 »proiecto
883 1696 1009 1792 liquet,
1023 1697 1107 1793 quia
1124 1693 1213 1767 fides
1227 1694 1368 1766 illarum
1381 1716 1502 1764 rerum
1513 1703 1764 1787 argumentum
1774 1702 1840 1778 est,
1854 1712 1935 1784 quae
1947 1712 2063 1785 appa-

472 1831 549 1879 rere
570 1833 643 1881 non
660 1826 823 1909 possunt.
850 1816 937 1900 Quae
958 1816 1055 1887 enirn
1079 1828 1164 1886 sunt
1180 1813 1409 1912 apparentia,
1429 1810 1539 1883 fidem
1555 1835 1630 1882 non
1648 1807 1801 1895 habent,
1827 1805 1891 1879 sed
1915 1807 2064 1902 agnitio·

473 1950 568 1997 nem.
587 1958 605 1994 s
619 1928 720 2001 Idem
737 1931 896 2031 flung,
914 1932 978 2006 lib.
999 1937 1059 2021 lV,
1075 1957 1156 2031 cap.
1173 1936 1276 2003 vrn':
1291 1962 1308 1998 «
1323 1936 1445 2019 Quum
1465 1929 1592 2002 Paulus
1608 1929 1726 2001 dicat:
1747 1958 1764 1994 α
1784 1931 1846 1999 Est
1858 1926 1956 1999 enim
1974 1923 2063 1999 fides

474 2075 493 2112 u
508 2048 765 2144 sperandarum
778 2050 974 2124 substantia
988 2077 1122 2140 rerum,
1134 2066 1386 2149 argumentum
1399 2074 1473 2121 non
1487 2049 1751 2147 apparentium,
1767 2077 1784 2113 s
1800 2046 1874 2118 boc
1893 2044 2063 2117 veraciter

472 2162 578 2238 debet
595 2167 694 2241 credi
711 2167 814 2266 quod
829 2193 903 2241 non
921 2168 1015 2242 vaiet
1031 2169 1157 2242 videri.
1188 2174 1278 2242 Nam
1302 2169 1401 2242 credi
1422 2168 1496 2264 jam
1525 2191 1599 2239 non
1619 2179 1737 2266 potest
1752 2164 1853 2264 quod
1869 2164 1981 2236 videri
1998 2187 2063 2260 pu-

414 2312 419 2321 ·
471 2294 550 2351 test.
565 2312 582 2346 »
601 2285 816 2379 Augustinus
827 2309 935 2381 super
949 2287 1163 2356 loannem:
1180 2313 1198 2352 a
1212 2288 1256 2354 Et
1270 2308 1369 2356 nunc
1383 2282 1467 2355 dieo
1485 2279 1587 2353 vobis
1603 2281 1812 2380 prinsquam
1829 2277 1903 2367 fiat,
1925 2292 1964 2348 ut
1980 2300 2063 2348 curn
2172 2294 2176 2303 ’

474 2429 491 2461 «
513 2398 645 2471 sactum
661 2398 766 2475 suerit
783 2403 967 2475 credatis&
990 2434 1007 2467 n
1026 2402 1122 2490 Quid
1140 2416 1196 2474 est
1209 2402 1300 2491 hoc,
1318 2427 1401 2474 cum
1419 2403 1531 2497 magis
1550 2401 1625 2472 haec
1640 2398 1787 2472 credere
1808 2397 1940 2470 habeat
1962 2412 2063 2468 ante·

470 2542 579 2613 quum
607 2517 668 2591 fiat
687 2518 725 2591 id
744 2520 843 2617 quod
869 2520 1095 2594 credendum
1116 2520 1191 2592 esti
1213 2525 1296 2592 Haec
1314 2534 1368 2593 est
1390 2521 1488 2592 enim
1512 2522 1590 2592 laus
1613 2518 1717 2608 fidei,
1735 2519 1766 2590 si
1787 2515 1888 2615 quod
1908 2513 2064 2587 creditur

471 2661 544 2708 uon
571 2637 725 2710 videtur.
756 2643 845 2711 Nam
869 2640 955 2736 quid
982 2664 1155 2736 magnum
1177 2654 1231 2711 est
1252 2641 1282 2710 si
1312 2638 1348 2710 id
1377 2639 1536 2711 creditur
1561 2637 1658 2737 quod
1685 2636 1842 2730 videtur,
1865 2632 2062 2707 secuudum

471 2752 568 2825 illam
594 2757 740 2827 Domini
761 2760 997 2847 sententiam,
1022 2781 1094 2855 qua
1114 2757 1330 2856 discipulum
1354 2758 1471 2854 arguit
1494 2756 1654 2830 dicens⁸z
1678 2787 1695 2823 α
1715 2757 1808 2844 Quia
1830 2754 1967 2841 vidisti,
1987 2775 2062 2823 cre·

473 2902 491 2939 a
508 2873 650 2945 didisti?
665 2877 780 2967 Beati,
797 2892 868 2950 etc.
889 2907 907 2943 i
926 2877 995 2949 Sed
1011 2877 1111 2950 aliud
1127 2876 1235 2961 vidit,
1255 2875 1353 2949 aliud
1366 2875 1530 2948 credidit.
1551 2880 1576 2947 Α
1599 2874 1743 2949 mortali
1762 2876 1897 2973 quippe
1918 2871 2070 2943 homine>

471 2991 636 3065 diviuitas
660 2993 773 3067 videri
800 3020 873 3069 uon
902 2997 1030 3096 potuit.
1052 2997 1246 3070 Hominem
1273 2996 1379 3092 igitur
1402 2994 1508 3087 vidit,
1534 3009 1569 3068 et
1590 2993 1673 3068 ideo
1699 2993 1883 3068 consessus
1904 3004 1979 3082 est,
2001 2990 2063 3062 di-

470 3136 554 3184 cens
570 3117 606 3182 ⁸:
630 3115 836 3187 «Dominus
854 3141 955 3190 meus
980 3131 1016 3190 et
1038 3122 1134 3191 Deus
1160 3141 1275 3192 meus.
1296 3147 1314 3183 r
1333 3121 1423 3189 Nam
1442 3117 1520 3214 ipsa
1542 3114 1632 3188 fides
1648 3118 1699 3187 ita
1721 3128 1773 3188 est
1798 3112 1945 3185 definita
1969 3138 1977 3179 :
2005 3115 2065 3182 Est

470 3244 588 3302 autem
618 3231 708 3307 fides
736 3236 993 3332 sperandarum
1021 3261 1142 3310 rerum
1172 3236 1387 3322 substantia,
1414 3260 1492 3331 quae
1520 3258 1596 3305 non
1627 3233 1807 3306 videntur.
1837 3237 2066 3329 Quapropter

471 3349 558 3441 quid
574 3349 642 3422 sibi
657 3353 752 3438 uult,
775 3384 793 3418 n
815 3369 855 3426 ut
877 3379 961 3427 cum
979 3356 1111 3428 factum
1132 3356 1238 3428 fuerit
1254 3354 1434 3428 credatis?
1453 3383 1471 3420 s
1492 3357 1581 3426 Nam
1604 3368 1641 3426 et
1664 3352 1723 3426 ille
1745 3353 1804 3425 cui
1824 3352 1959 3423 dictum
1980 3364 2061 3419 est:

474 3497 491 3531 κ
511 3469 605 3555 Quia
621 3468 758 3561 vidisti,
777 3472 978 3560 credidisti,
999 3503 1018 3544 u
1040 3498 1115 3547 non
1134 3476 1205 3547 hoc
1220 3475 1371 3548 credidit
1395 3472 1496 3571 quod
1521 3471 1620 3544 vidit.
1648 3470 1828 3545 Cernebat
1845 3492 2011 3552 caruem,
2030 3481 2066 3538 et

471 3585 639 3659 credebat
657 3593 773 3660 Deum
791 3589 959 3663 latentem
982 3594 1018 3663 in
1036 3617 1157 3665 carne.
1177 3592 1248 3664 Sed
1266 3606 1304 3663 et
1325 3594 1356 3664 si
1374 3592 1529 3663 dicimus
1549 3591 1646 3663 credi
1672 3614 1751 3687 quae
1772 3587 1955 3674 ridentur,
1974 3587 2064 3657 sicut

471 3706 558 3775 dicit
581 3708 825 3803 unusquisque
848 3708 961 3780 oculis
981 3711 1054 3781 suis
1076 3734 1114 3781 se
1140 3709 1354 3799 credidisse,
1377 3734 1452 3781 non
1474 3724 1594 3781 tamen
1622 3711 1697 3808 ipsa
1721 3723 1775 3780 est
1796 3730 1874 3804 quae
1898 3706 1935 3776 iu
1959 3702 2064 3773 nobis

472 3821 665 3894 aedificatur
681 3823 787 3914 fides,
806 3824 870 3897 sed
894 3851 936 3898 ex
959 3827 1067 3899 rebus
1089 3851 1180 3927 quas
1197 3827 1378 3917 ridemus,
1398 3829 1514 3923 agitur
1531 3828 1567 3898 iu
1587 3826 1715 3916 nobis,
1733 3839 1774 3897 ut
1798 3849 1840 3897 ea
1857 3821 2062 3908 credantur,

471 3966 550 4035 quae
575 3966 650 4016 non
677 3943 856 4015 videntur.
879 3948 1029 4016 ultem⁷
1047 3974 1056 4017 ε
1076 3976 1094 4011 «
1120 3945 1287 4018 Creditur
1312 3971 1387 4019 non
1416 3946 1489 4018 fide
1516 3968 1629 4036 nova,
1658 3946 1722 4019 sed
1743 3959 1867 4036 aucta,
1885 3957 1947 4015 aut
1970 3955 2065 4012 certe

470 4084 554 4130 cum
574 4074 737 4133 mortuus
759 4076 851 4134 esset
876 4062 1035 4153 desecta,
1063 4089 1147 4136 cum
1171 4069 1417 4139 resurrexisset
1442 4066 1585 4138 reiecta.
1617 4095 1634 4131 »
1661 4070 1749 4136 ltem
1770 4068 1939 4154 Sermone
1963 4063 2064 4129 uiae·

470 4183 561 4248 simo
579 4184 711 4251 non0⁸2
733 4208 750 4246 u
768 4180 865 4278 Quid
883 4183 1060 4280 promittit
1082 4184 1335 4257 credentibus?
1361 4186 1593 4281 Cognoscetis
1613 4185 1826 4255 veritatem&
1843 4210 1860 4245 n
1882 4184 1961 4250 Non
1983 4179 2064 4273 quia

367 4293 378 4314 ‘
470 4310 739 4392 cognoverunt,
772 4297 837 4370 sed
859 4312 899 4370 ut
930 4317 1189 4397 cognoscerent
1222 4302 1465 4375 crediderunt.
1497 4301 1686 4374 Credimus
1714 4315 1754 4373 ut
1787 4322 2063 4396 cognoscamus,

472 4441 545 4488 non
569 4417 818 4512 cognoscimus
837 4433 876 4489 ut
896 4418 1097 4492 credamus.
1119 4421 1218 4508 Quid
1235 4436 1288 4493 est
1308 4423 1405 4494 enim
1426 4420 1530 4514 fides,
1551 4423 1620 4493 nisi
1637 4420 1784 4492 credere
1801 4418 1899 4515 quod
1924 4441 1997 4488 non
2015 4419 2065 4484 vi-

471 4530 561 4606 des?
578 4533 682 4630 Fides
699 4559 784 4631 ergo
810 4551 881 4624 est,
909 4562 987 4634 quae
1013 4563 1087 4610 uon
1112 4538 1211 4632 vides
1231 4540 1397 4632 credere,
1420 4542 1550 4613 veritas
1574 4539 1675 4637 quod
1702 4538 1905 4624 credidisti,
1930 4535 2063 4605 videre.

472 4656 608 4726 Veritas
625 4669 696 4742 est,
728 4653 789 4725 sed
819 4655 938 4730 adhuc
958 4659 1137 4747 creditur,
1166 4683 1239 4732 oon
1259 4659 1414 4732 videtur.
1445 4688 1462 4725 n
1488 4659 1587 4735 {dem
1612 4661 1649 4730 in
1675 4658 1767 4732 libro
1795 4656 1841 4727 de
1867 4651 1978 4723 verbo
1997 4656 2066 4722 ito·

504 5003 589 5065 ἀμ’
608 5003 648 5052 ¹⁵¹³·
664 5001 703 5062 ¹¹*
720 5004 804 5053 mn·
818 5015 886 5052 ¹¹V1·
897 5007 1013 5067 ³129„
1026 5006 1068 5056 lib·
1082 5004 1123 5064 W.
1135 5019 1190 5068 up·
1203 5019 1234 5054 u·
1292 5031 1321 5042 -
1335 5005 1412 5068 ⁷Sup.
1437 5005 1508 5056 toan.
1533 5007 1615 5056 itaet.
1637 5009 1675 5056 19.
1694 5003 1775 5066 opp,
1795 5012 1813 5052 t.
1834 5000 1876 5059 tlt,
1897 4998 1946 5047 out.
1965 4997 2020 5044 tot.
2033 5018 2063 5028 -

474 5082 608 5144 -itoau,
624 5096 677 5144 cap.
687 5095 739 5142 nv,
757 5096 780 5130 r.
793 5085 833 5133 tu.
846 5110 876 5120 -
888 5088 896 5114 ι
910 5086 1005 5140 Trou..
1018 5091 1057 5135 tu.
1075 5088 1150 5149 opp„
1163 5097 1182 5134 t.
1194 5085 1237 5144 tu,
1290 5087 1367 5145 ιεηρ.
1380 5084 1450 5136 toan,
1466 5086 1545 5135 πω,
1559 5088 1600 5146 403
1613 5084 1688 5146 opp..
1702 5094 1716 5131 r.
1733 5083 1775 5140 111,
1788 5084 1835 5132 rot,
1849 5082 1901 5130 sus⁴
1918 5104 1942 5112 -
1953 5082 1962 5110 a
1973 5073 2033 5122 ιω,
2058 5110 2064 5130 ,

473 5167 518 5213 cul.
532 5168 588 5214 700.
614 5190 642 5199 -
663 5161 762 5214 ⁶Joau..
781 5176 835 5218 rau.
849 5177 890 5220 rx,
911 5179 932 5211 r.
946 5167 984 5213 29.
1004 5191 1030 5199 -
1048 5166 1142 5220 titio..
1156 5182 1179 5214 r.
1197 5169 1235 5214 28.
1291 5179 1344 5225 cap.
1359 5179 1408 5224 rut,
1419 5180 1441 5214 r.
1455 5170 1493 5216 32.
