4559 6100
494 433 566 508 768
1174 434 1409 509 ttttttmx.

494 582 621 665 dutum,
645 582 755 673 gratie
777 581 931 673 apposite
954 583 1117 649 coherere
1138 598 1246 673 potest
1267 605 1277 649 t
1297 605 1358 650 nec
1380 583 1467 649 Deus
1487 579 1560 672 plus
1580 580 1656 646 fun‘t
1673 579 1721 645 illi
1742 584 1799 670 qui
1818 578 1969 662 salvium
1991 596 2092 646 ante·
2239 649 2240 660 ¹

493 724 591 791 quem
606 701 773 767 eohtereat
783 701 907 792 gratiae,
925 724 1023 790 quam
1037 700 1086 767 illi
1099 701 1155 790 qui
1170 724 1237 767 non
1250 702 1400 768 salvatum.
1415 703 1466 766 Ite
1480 700 1568 765 enim
1583 721 1617 765 se
1632 700 1714 791 gerit
1728 700 1814 765 Dens
1828 721 1904 789 erga
1918 699 2090 783 homines,
2239 685 2240 694 ἵ

494 818 769 909 quemadmodum
790 836 950 886 mercator
970 820 1026 910 qui
1044 819 1145 887 hehet
1163 822 1320 911 pretiosos
1339 820 1463 912 lapides
1475 816 1621 901 rentles,
1637 818 1693 907 qui
1707 816 1858 884 videlieet
1879 818 2012 908 exponit
2031 840 2093 883 eos

494 940 529 1004 in
550 938 623 1004 foro
638 954 671 1004 et
687 960 777 1027 teque
796 938 947 1004 omnibus
967 937 1080 1020 offert,
1100 953 1134 1004 et
1148 960 1209 1028 per
1225 954 1369 1006 ostensos
1384 935 1579 1006 desiderium
1595 936 1630 1001 in
1646 936 1692 1001 eis
1705 933 1748 1001 nd
1766 932 1940 1001 emmdum
1953 935 2091 1000 excitet.

496 1057 560 1141 Qui
573 1055 717 1148 prudens
731 1072 791 1140 est,
808 1058 911 1123 sciens
925 1079 960 1122 se
975 1056 1021 1123 eis
1035 1054 1199 1147 indigere,
1214 1055 1341 1122 lnbomt
1356 1072 1392 1122 ut
1404 1054 1544 1138 hehett3
1556 1055 1691 1145 anquirit
1705 1077 1854 1121 nummos
1872 1070 1906 1120 et
1920 1053 2000 1120 emit
2011 1075 2092 1134 θοᾶς

496 1176 551 1264 qui
575 1173 666 1242 deses
691 1191 741 1241 est
759 1191 793 1241 et
814 1175 918 1266 piger,
940 1174 1000 1240 etsi
1020 1171 1215 1240 desiderium
1233 1172 1364 1256 hubent,
1378 1174 1454 1262 quin
1467 1188 1576 1239 tnrnen
1598 1173 1689 1264 piger
1704 1188 1769 1254 est,
1787 1169 1855 1238 non
1870 1170 2011 1252 laborat,
2027 1172 2092 1237 etsi

497 1291 610 1359 fortior
627 1294 667 1358 sit
681 1292 746 1359 ulio
758 1315 909 1383 corpore,
926 1315 988 1359 nee
1007 1293 1086 1359 emit
1105 1312 1180 1372 θοις
1201 1307 1235 1357 et
1253 1290 1328 1357 ideo
1344 1291 1438 1382 culpa
1459 1313 1518 1357 sua
1532 1289 1622 1380 quod
1637 1307 1726 1357 caret
1743 1290 1817 1357 illis.
1837 1288 1987 1356 Similiter
2000 1290 2092 1355 Deus

497 1410 632 1499 gratiam
645 1434 737 1476 sunm
753 1411 887 1501 apponit
902 1409 1053 1477 omnibus
1069 1425 1103 1475 et
1117 1408 1255 1475 consulit
1269 1408 1437 1499 Scripmris
1453 1424 1487 1475 et
1501 1410 1694 1475 Doctotibus
1708 1410 1844 1490 eximiis,
1865 1424 1902 1474 ut
1916 1431 1974 1498 pro
1987 1407 2091 1474 liber·

498 1541 564 1594 tate
580 1529 718 1611 arbitrii,
738 1552 801 1617 qun
818 1530 928 1620 gratie
946 1528 1108 1594 coherent
1126 1527 1182 1615 qui
1196 1525 1338 1616 prudens
1356 1542 1422 1608 est,
1440 1516 1615 1617 providens
1633 1526 1694 1593 sibi
1709 1527 1743 1592 in
1762 1527 1870 1593 funus
1887 1548 1927 1592 ex
1941 1526 2091 1592 libertate

498 1645 622 1711 arbitrii
642 1669 705 1735 qua
719 1643 796 1711 huic
812 1646 953 1711 eohaeret
970 1644 1092 1736 gratie.
1112 1644 1209 1734 Piger
1222 1666 1300 1710 vero
1315 1668 1334 1710 n
1349 1643 1530 1710 earnnlibtn
1546 1642 1710 1711 desideriis
1728 1644 1918 1735 implicatus,
1932 1646 1991 1710 etti
2006 1641 2093 1709 desi

499 1761 590 1830 deret
610 1763 801 1843 beatificari,
818 1785 995 1852 numquam
1006 1779 1114 1829 temen
1135 1762 1205 1827 vult
1223 1762 1371 1830 laborare
1393 1762 1627 1855 compescendo
1648 1786 1683 1830 se
1700 1788 1720 1830 u
1740 1763 1844 1844 mulo,
1865 1762 1924 1829 sed
1937 1761 2090 1854 negligit,

494 1881 637 1969 quumvis
651 1904 709 1972 per
723 1880 863 1948 liberum
883 1882 1050 1948 arbitrium
1063 1881 1163 1973 possit
1181 1882 1342 1948 coherere
1359 1882 1486 1973 grntiae,
1510 1897 1544 1948 et
1565 1882 1610 1948 sic
1632 1883 1674 1948 ab
1696 1883 1915 1973 omnipotente
1936 1883 2006 1948 Deo
2025 1905 2090 1947 ne·

493 1997 635 2089 gligitur.
653 2031 668 2058 »

936 2132 1000 2189 vn.
1015 2126 1101 2206 Quod
1116 2131 1198 2189 Dens
1212 2126 1394 2188 nontlebett
1406 2127 1482 2189 malr
1497 2129 1649 2210 impedite.

542 2314 739 2403 «Inprimis
761 2311 940 2381 videndum
954 2329 1014 2393 est,
1029 2312 1106 2404 quid
1122 2314 1164 2380 sit
1177 2314 1358 2381 consentire
1379 2312 1485 2396 mt103
1511 2329 1545 2379 et
1567 2311 1646 2403 quid
1658 2336 1739 2379 non.
1758 2310 1817 2378 Ille
1839 2309 1988 2401 equidem
2004 2311 2092 2378 malo

493 2434 675 2512 consentire
701 2433 827 2513 dicium,
849 2434 905 2523 qui
929 2456 1005 2499 eum
1026 2431 1145 2500 debeat
1163 2433 1227 2500 hoc
1246 2432 1437 2524 prohibere,
1462 2449 1496 2499 et
1509 2434 1626 2524 possit,
1645 2456 1714 2499 non
1732 2432 1883 2523 pmhibet
1906 2454 1915 2498 ε
1935 2432 1961 2497 si
1981 2448 2090 2497 autem

494 2550 628 2635 debent,
646 2567 680 2618 et
698 2575 766 2617 non
783 2553 902 2641 possit3
921 2567 956 2619 et
970 2576 989 2618 e
1004 2553 1167 2621 contrario
1186 2552 1214 2616 si
1235 2552 1335 2641 possit
1350 2567 1383 2617 et
1397 2574 1466 2617 non
1485 2550 1621 2635 debent,
1637 2575 1706 2618 non
1719 2566 1768 2617 est
1785 2573 1870 2618 reus.
1888 2550 2012 2616 sivero
2029 2573 2092 2615 nec

494 2667 607 2750 debet,
624 2689 686 2734 nec
700 2683 826 2762 potest,
844 2668 948 2734 multo
965 2669 1071 2738 minus
1093 2691 1167 2736 reus
1189 2666 1367 2735 censendus
1388 2684 1448 2738 est.
1470 2669 1512 2734 Et
1529 2667 1604 2735 ideo
1622 2669 1709 2735 Deus
1729 2691 1749 2732 a
1762 2690 1919 2735 consensu
1932 2666 2093 2732 malorum

494 2804 542 2857 est
556 2787 691 2872 alienus,
713 2790 769 2879 qui
785 2812 846 2860 nec
859 2789 976 2873 debet,
993 2813 1054 2858 nec
1069 2806 1177 2881 potest
1188 2790 1274 2858 malt
1290 2791 1457 2881 impedite.
1479 2790 1560 2858 Ideo
1575 2814 1643 2860 non
1659 2790 1776 2874 debet,
1793 2792 1868 2879 quia
1884 2813 1956 2857 eum
1968 2812 2017 2855 res
2028 2813 2093 2879 per

489 2906 723 2999 benignitatem
736 2906 820 2974 illius
834 2908 943 2973 veniet
954 2931 995 2975 eo
1012 2907 1113 2975 modo
1127 2932 1193 2998 quo
1206 2908 1321 2975 melius
1335 2926 1459 3000 potest,
1479 2910 1570 2978 nullo
1586 2907 1687 2976 modo
1702 2910 1766 2975 hoc
1782 2907 1866 2976 velle
1882 2907 1988 2975 debet.
2006 2906 2092 2974 Ideo

493 3040 602 3094 autem
624 3050 691 3092 non
713 3040 833 3117 potest,
857 3027 934 3116 quia
949 3025 1078 3094 bonitas
1098 3026 1182 3095 illius
1204 3025 1307 3095 electo
1327 3028 1446 3095 minori
1469 3027 1579 3113 bono,
1595 3026 1642 3094 illi
1662 3026 1749 3122 quod
1766 3027 1870 3116 majus
1889 3043 1937 3094 est
1954 3025 2092 3118 impedi—

494 3161 638 3213 mentum
653 3146 785 3212 minime
800 3168 912 3238 parare
927 3161 1044 3241 potest.
1061 3176 1076 3205 υ

682 3456 686 3461 ,
797 3395 876 3453 vm.
897 3391 984 3469 Quod
998 3410 1059 3452 non
1079 3391 1275 3454 wutrtximus
1292 3411 1329 3453 ex
1344 3391 1438 3454 Adam
1452 3391 1579 3473 culpem,
1594 3392 1645 3453 sed
1659 3411 1786 3473 poenam.

545 3606 559 3632 «
579 3573 752 3641 Sciendum
772 3573 923 3664 estquod
946 3598 1021 3641 eum
1044 3574 1173 3658 dicimr,
1185 3575 1348 3666 Originale
1369 3589 1537 3667 peccatum
1560 3576 1656 3642 estin
1679 3576 1804 3666 parvis3
1816 3575 1880 3640 hoc
1900 3572 2015 3640 dicitur
2032 3597 2091 3663 pm

497 3716 592 3783 poena
612 3693 781 3784 temporali
802 3709 835 3761 et
855 3708 995 3777 eterna,
1018 3716 1089 3783 quse
1106 3691 1244 3760 debetur
1263 3693 1309 3759 eis
1327 3716 1368 3760 ex
1388 3692 1481 3785 culpa
1501 3694 1792 3785 primipotentis.»
1811 3693 1853 3758 Et
1872 3693 1970 3784 paulo
1990 3708 2089 3782 post:

502 3839 516 3867 α
530 3809 681 3877 Similiter
697 3811 832 3878 dicitur:
850 3841 865 3870 ι
877 3812 917 3878 In
927 3836 992 3902 quo
1008 3834 1121 3878 omnes
1134 3827 1348 3903 peecaverunt
1359 3843 1375 3871 s
1391 3833 1399 3878 ε
1417 3809 1495 3877 ideo
1507 3812 1636 3895 scilicet,
1645 3813 1719 3901 quin
1729 3812 1933 3878 seminarium
1947 3812 2091 3877 omnium

498 3929 623 3993 eratin
645 3928 701 3994 illo
723 3930 779 4018 qui
798 3932 953 4020 peccarit.
980 3931 1055 3997 Non
1076 3946 1186 3998 tamen
1208 3930 1286 3998 inde
1309 3932 1476 4023 provenit,
1497 3930 1585 4021 quud
1606 3954 1720 3998 omnes
1742 3947 1926 4023 peccassent
1949 3929 2091 4021 quinon

499 4061 591 4111 erant
607 4068 617 4113 z
636 4063 670 4113 et
686 4047 822 4136 quinon
838 4062 899 4128 est,
917 4071 985 4115 non
998 4063 1122 4139 peceat.
1142 4079 1158 4107 s
1755 4040 1757 4045 '

813 4294 815 4297 ’
927 4292 982 4355 IX.
996 4290 1081 4369 Quod
1097 4310 1204 4372 corpus
1219 4295 1337 4352 Domini
1350 4312 1411 4353 non
1424 4297 1544 4354 cadisin
1560 4310 1679 4357 terram.

548 4510 564 4540 ι
575 4482 625 4547 De
637 4479 802 4572 speciebus
811 4481 904 4571 panis
915 4496 949 4547 et
958 4481 1026 4546 vini
1041 4481 1241 4569 quturitrrr,si
1254 4480 1426 4548 sintmudo
1435 4482 1471 4547 in
1482 4504 1618 4573 corpore
1628 4481 1757 4566 illinisti,
1766 4481 1848 4548 sicut
1859 4480 1948 4573 prius
1957 4497 2046 4548 erunt
2058 4484 2091 4546 in

501 4600 676 4669 substantie
690 4600 783 4690 panis
797 4615 831 4666 et
841 4600 921 4683 vini,
937 4623 1009 4689 quae
1024 4620 1116 4666 versa
1131 4616 1180 4667 est
1192 4601 1227 4666 in
1242 4623 1357 4692 eorpus
1371 4601 1487 4667 Christi
1504 4625 1513 4669 z
1530 4624 1573 4667 an
1587 4601 1650 4667 sint
1670 4601 1705 4666 in
1719 4622 1805 4667 tere.
1822 4598 1888 4667 Sed
1897 4590 2093 4668 verisimilius

501 4718 655 4810 estquod
670 4718 786 4784 sintin
807 4739 897 4801 aere,
916 4740 991 4784 cum
1006 4719 1118 4784 sintin
1138 4741 1274 4810 eorpooe
1296 4720 1412 4787 Christi
1431 4743 1488 4788 suu
1503 4719 1713 4802 lineamenta,
1727 4734 1761 4786 et
1779 4741 1871 4786 surm
1888 4720 2024 4811 spetiem
2037 4719 2093 4781 ht·

502 4840 596 4923 beet,
619 4839 701 4904 sient
722 4836 783 4903 ulit
800 4859 934 4928 eorporn
953 4838 1108 4904 humanu.
1133 4838 1261 4929 Species
1274 4862 1352 4905 rero
1372 4839 1459 4921 istae,
1481 4838 1600 4905 seilicet
1615 4839 1708 4930 ptnis
1727 4854 1761 4905 et
1775 4838 1860 4921 vini⁸
1881 4838 1963 4904 liunt
1982 4837 2016 4902 in
2036 4858 2091 4902 ure

504 4956 547 5025 td
561 4956 733 5025 uelandum
752 4971 786 5022 et
804 4953 1025 5047 obtegendum
1045 4977 1166 5047 eorpus
1181 4956 1309 5025 Christi.
1325 4989 1339 5018 ι
1364 4958 1407 5023 Et
1420 4972 1494 5048 post
1508 4978 1632 5048 pinet:
1654 4986 1667 5015 ι
1682 4956 1744 5023 ilie
1765 4971 1873 5023 nutem
1887 4956 2040 5046 quer-itm
2051 4951 2092 5019 de

733 6042 1397 6047 Q&
1448 5728 2241 6048 *4
