4559 6100
694 589 737 660 ΙΝ
763 585 1008 659 epistotam
1037 587 1097 661 to
1123 586 1348 658 Romanos
1733 589 1828 674 Ι279

227 737 323 839 parit
339 736 516 810 tristitiam
529 734 659 825 habet,
676 749 745 808 etc.
759 763 778 804 ιι
800 763 818 802 n
831 735 1006 807 Primitias
1021 736 1167 833 spiritus
1182 733 1371 822 habentes,
1390 765 1408 801 ι)
1431 735 1467 806 id
1486 750 1540 807 est
1562 736 1697 832 majora
1712 740 1825 809 sancti

228 858 380 955 Spiritus
396 856 514 945 dona,
535 855 627 926 siem
645 853 895 952 praedicatores
913 855 1041 946 sancti,
1058 856 1121 951 qui
1137 878 1260 925 secum
1284 868 1320 925 et
1342 853 1430 926 alios
1452 858 1531 925 Deo
1548 856 1754 952 acquirunt*
1772 857 1824 927 td

228 976 328 1075 quod
339 976 486 1073 quidem
501 973 762 1073 praedicationis
774 972 932 1044 officium
947 988 1118 1070 tanquam
1132 972 1178 1045 ad
1191 969 1386 1044 maximum
1399 973 1551 1072 Spiritus
1560 975 1672 1045 sancti
1685 974 1824 1045 donum

229 1095 304 1193 ipse
321 1119 389 1166 nos
404 1092 599 1192 Apostolus
613 1094 649 1164 in
671 1097 699 1163 ΙΙ
720 1092 876 1190 Epistola
897 1091 948 1162 nd
969 1093 1171 1164 Corinthios
1193 1091 1408 1164 adhortatur
1433 1092 1579 1165 dieens¹
1600 1120 1608 1162 :
1633 1091 1825 1164 nAEmula-

229 1213 320 1284 mini
333 1212 430 1285 euim
446 1210 658 1284 charismata
677 1210 838 1297 meliora,
850 1224 885 1282 et
902 1211 1022 1283 adhuc
1039 1211 1325 1284 excellentiorem
1342 1212 1437 1282 riam
1455 1211 1558 1284 vohis
1572 1211 1823 1282 demonstro.»

229 1335 271 1402 ttt
287 1346 369 1429 post
385 1334 518 1428 pauca*
537 1357 545 1400 :
561 1359 580 1400 ιι
594 1330 787 1404 sectamini
809 1330 1009 1419 caritatem,
1031 1331 1247 1402 aemulamini
1271 1330 1489 1429 spiritualia,
1508 1331 1621 1425 magis
1643 1343 1764 1400 autem
1783 1344 1822 1400 ut

230 1448 465 1549 prophetetis,
479 1477 497 1515 ιι
516 1448 556 1520 id
572 1459 680 1521 estut
696 1447 856 1521 officium
874 1449 1133 1547 Prophetarum
1152 1448 1383 1547 praedicando
1401 1450 1601 1521 aestimatis.

282 1573 370 1640 «Et
398 1569 465 1666 ipsi
494 1569 690 1668 gemimus,
720 1599 737 1634 ι
774 1569 910 1664 gravati
943 1569 1078 1640 seilicet
1106 1568 1336 1667 passibilitate
1369 1584 1402 1640 et
1432 1570 1665 1667 corruptione
1691 1570 1824 1654 carnis,

229 1688 323 1760 sicut
348 1687 485 1775 caeteri,
514 1687 648 1760 scilicet
675 1713 720 1760 ex
747 1712 811 1785 spe
835 1688 1120 1762 consolationem
1140 1686 1332 1771 habentes,
1360 1712 1440 1785 quae
1463 1688 1596 1759 scilicet
1619 1712 1701 1785 spes
1725 1688 1827 1784 quasi

230 1806 390 1880 anchora
413 1820 466 1878 est
490 1807 590 1878 navis
607 1821 737 1879 nostrae
753 1808 847 1880 iuter
863 1806 972 1904 hujus
988 1808 1097 1879 seculi
1114 1807 1266 1895 fluetus,
1290 1807 1374 1903 quia
1400 1808 1518 1879 statim
1540 1807 1826 1878 consolationem

231 1924 372 2021 adjecit,
386 1924 511 1995 dicens
530 1950 538 1993 x
559 1953 576 1990 α
599 1928 868 2023 Exspectautes,
893 1926 1038 1998 »idest
1060 1950 1144 1998 eum
1171 1925 1303 1997 fiducia
1329 1941 1531 2025 sperantes,
1553 1955 1570 1991 u
1594 1925 1828 2022 adoptionem

232 2043 388 2116 filiorum
408 2043 572 2115 Deinde
592 2045 677 2142 ipsis
692 2044 881 2136 Gentibus,
911 2045 948 2116 id
971 2061 1025 2117 est
1049 2047 1148 2145 ipsos
1172 2043 1337 2143 adoptari
1361 2069 1382 2116 a
1404 2050 1481 2117 Deo
1505 2058 1542 2117 et
1564 2045 1732 2115 constitui
1761 2042 1828 2115 he-

233 2163 334 2238 redes
350 2164 389 2238 io
411 2186 523 2260 regno
539 2161 672 2235 celesti.
693 2163 935 2260 Adoptionem
956 2164 1051 2238 hanc
1068 2164 1154 2237 dico
1175 2195 1192 2230 ι
1213 2164 1507 2263 redemptionem.
1518 2165 1635 2235 carnis
1652 2177 1792 2256 nostrae,
1808 2191 1826 2230 ιι

235 2281 271 2354 id
298 2297 351 2355 est
375 2282 550 2372 Ecclesiae,
578 2282 679 2378 cujus
707 2281 869 2355 membra
894 2309 1031 2356 sumus.
1061 2284 1157 2357 Nihil
1183 2285 1317 2383 quippe
1342 2298 1396 2355 est
1422 2276 1518 2355 aliud
1543 2308 1610 2354 nos
1635 2287 1751 2355 aDec
1778 2283 1829 2353 sie

234 2401 410 2499 adoptari,
434 2424 543 2496 quam
567 2425 631 2499 per
649 2402 880 2498 Unigenitum
898 2426 1005 2473 suum
1021 2428 1043 2475 a
1059 2402 1196 2475 diaboli
1211 2418 1386 2500 potestate
1410 2427 1473 2474 seu
1491 2402 1580 2498 jugo
1602 2401 1741 2497 peccati
1760 2423 1829 2470 nos

234 2518 360 2591 redimi
378 2546 387 2589 ε
409 2534 447 2591 ut
464 2519 539 2592 haee
558 2535 632 2593 tota
648 2519 797 2619 adoptio
817 2519 946 2592 divinae
965 2523 1097 2616 gratiae,
1118 2544 1193 2592 non
1211 2522 1346 2593 meritis
1363 2522 1495 2592 nostris
1511 2519 1699 2591 tribuatur.
1724 2548 1741 2583 r
1757 2521 1828 2614 Spe

235 2638 342 2710 enim.
361 2669 378 2704 ιι
398 2638 494 2710 Dixit
515 2639 680 2737 superius
702 2639 788 2735 quia
817 2639 1071 2712 revelationem
1094 2639 1253 2712 filiorum
1277 2641 1343 2712 Dei
1361 2654 1608 2738 exspectamus
1631 2636 1825 2735 sperando,

235 2770 270 2828 et
288 2756 388 2854 quod
411 2759 594 2857 praesentis
610 2759 690 2831 vitae
706 2759 853 2831 vanitati
870 2760 907 2831 in
930 2758 1000 2832 hac
1021 2784 1085 2858 spe
1101 2759 1251 2855 subjecti
1277 2784 1414 2848 sumus,
1442 2784 1488 2830 ue
1513 2774 1662 2857 propter
1688 2757 1830 2829 labores

236 2875 451 2949 diffidamus.
468 2881 512 2947 Ει
527 2901 574 2947 ne
590 2877 671 2972 quis
687 2877 861 2974 objiceret
873 2903 973 2977 spem
988 2880 1094 2953 istam
1110 2904 1185 2951 non
1203 2904 1280 2952 esse
1296 2878 1562 2969 certitudinem,
1582 2891 1617 2948 et
1634 2877 1717 2948 ideo
1735 2877 1770 2948 in
1788 2903 1832 2949 ea

237 3020 308 3068 non
335 3020 411 3069 esse
436 2994 710 3086 confidendum,
730 2995 813 3070 ideo
836 2998 936 3087 dicit,
957 2998 1058 3096 quod
1075 3023 1201 3073 omnes
1225 3011 1407 3097 quotquot
1425 2996 1620 3087 salvamur,
1646 3020 1712 3096 per
1729 3021 1830 3095 spem

237 3114 427 3187 salvamur.
457 3120 498 3187 Et
520 3115 638 3189 statim
662 3115 762 3212 quod
787 3142 869 3215 spes
893 3117 939 3189 de
958 3142 1031 3189 ιιοιι
1055 3117 1315 3215 apparentibus
1338 3131 1477 3189 tantum
1502 3116 1642 3187 dicatur
1659 3117 1828 3203 annectit,

237 3232 383 3306 dicens:
406 3259 519 3332 «spes
540 3249 674 3326 autem,
691 3263 708 3302 a
727 3233 765 3306 id
789 3251 842 3308 est
864 3236 1123 3331 cognitioque
1149 3237 1196 3308 de
1217 3236 1473 3335 apparentibus
1499 3250 1573 3323 est,
1603 3259 1830 3331 nequaquam

237 3378 316 3453 spes
332 3354 486 3426 dicerlda
508 3369 574 3427 est.
596 3385 613 3420 α
628 3359 719 3426 Nam
735 3354 836 3453 quod
855 3355 963 3427 videt.
983 3383 1000 3423 ιι
1019 3360 1097 3427 Hoc
1113 3370 1182 3445 est,
1198 3355 1280 3452 quis
1296 3368 1414 3452 sperat
1439 3352 1573 3448 aliquid
1590 3352 1689 3449 qaod
1709 3351 1831 3423 videt?

236 3476 282 3545 Ac
305 3474 335 3544 si
350 3473 496 3567 diceret,
513 3473 603 3545 nihil
620 3487 673 3546 est
697 3474 795 3571 quod
816 3474 896 3571 quis
913 3473 1071 3546 videndo
1087 3487 1206 3571 speret
1231 3474 1363 3570 ipsum,
1387 3487 1425 3543 ut
1441 3473 1471 3543 si
1493 3472 1576 3568 quis
1589 3471 1708 3541 videat
1727 3469 1832 3541 sedi

237 3592 347 3663 vitem
365 3592 495 3664 lactum
509 3617 599 3681 esse,
621 3607 657 3665 et
674 3593 821 3666 sortasse
838 3607 943 3665 antea
959 3608 1175 3690 speraverat,
1189 3593 1265 3689 jam
1281 3615 1358 3665 uon
1374 3592 1420 3663 de
1439 3591 1510 3662 hoc
1524 3613 1626 3686 spem
1641 3589 1698 3660 vel
1714 3589 1831 3659 eristi·

238 3711 455 3802 mationem,
475 3711 539 3784 sed
561 3712 813 3788 certitudinem
831 3710 953 3786 habet.
978 3711 1047 3781 «Si
1065 3725 1186 3786 autem
1204 3711 1316 3808 quod.
1334 3742 1356 3779 s
1374 3710 1539 3783 Ostendit
1564 3707 1754 3806 quomodo
1770 3732 1833 3806 spe

237 3829 322 3902 salvi
347 3829 489 3920 fiamus,
517 3833 602 3928 quia
625 3831 789 3907 videlicet
809 3832 868 3904 illa
888 3856 981 3930 spes,
1007 3856 1086 3928 quae
1103 3831 1198 3906 (lietu
1219 3845 1273 3903 est
1296 3830 1635 3921 vitae.lrrt11rae,.n0s
1658 3829 1834 3927 patientes

238 3947 368 4041 reddit,
386 3975 432 4022 ne
451 3951 487 4021 in
506 3950 736 4024 tribulatione
748 3953 826 4024 vitre
845 3951 1026 4050 praesentis
1041 3950 1261 4027 deficiamus.
1279 3955 1323 4023 Et
1336 3951 1407 4023 hec
1423 3967 1506 4025 esta
1522 3980 1541 4016 n
1556 3950 1593 4021 Si
1607 3950 1719 4037 enim,
1732 3962 1800 4019 etc.
1814 3978 1831 4011 ι

236 4069 331 4155 Quia
346 4069 482 4142 scilieet
503 4069 602 4167 quod
628 4095 701 4142 non
723 4070 888 4142 ridemus
909 4095 1108 4168 speramus,
1129 4071 1307 4168 patienter
1320 4071 1409 4143 illud
1425 4083 1683 4168 erspcctamus,
1704 4090 1779 4137 non
1794 4068 1834 4136 in

238 4208 353 4281 agone
368 4191 552 4287 praesentis
573 4190 779 4264 certaminis
800 4188 1020 4262 deficientes.
1040 4221 1058 4255 «
1079 4188 1249 4270 Similiter
1264 4205 1399 4265 autem.
1423 4218 1441 4257 ι
1461 4190 1559 4261 Sicut
1574 4186 1740 4259 videlicet
1754 4208 1835 4283 spes

240 4328 306 4377 nos
321 4306 468 4403 adjuvat
485 4309 692 4407 patientiam
713 4310 930 4406 praestando,
953 4311 1000 4382 ita
1019 4325 1055 4384 et
1069 4311 1224 4408 Spiritus
1237 4324 1383 4382 ¹sanctus
1399 4309 1526 4380 inhoc
1544 4332 1659 4405 agone
1676 4319 1836 4381 nostram

240 4423 384 4521 adjuvat
398 4427 655 4521 infirmitatem,
675 4430 889 4503 necessarias
907 4429 1013 4502 nohis
1027 4430 1209 4502 orationes
1222 4427 1462 4526 suggerendo.
1483 4432 1529 4498 m
1541 4427 1616 4497 hoe
1629 4440 1682 4497 est
1694 4453 1702 4496 :
1716 4430 1835 4496 «Nam
1909 4476 1912 4485 .

240 4543 329 4639 qtrid
352 4546 403 4619 ita
422 4576 440 4612 ιι
465 4547 598 4619 scilicet
624 4577 641 4614 n
659 4562 697 4619 ut
714 4563 877 4646 oportet,
895 4578 912 4614 ι
930 4564 966 4621 et
985 4547 1089 4620 nobis
1113 4550 1354 4623 necessarium
1371 4562 1437 4635 est,
1460 4577 1477 4619 ι
1499 4570 1656 4638 oremus,
1678 4574 1696 4612 e
1714 4547 1751 4617 in
1774 4546 1835 4615 tri·

239 4661 485 4739 halationibus
502 4665 666 4741 videlicet
681 4667 802 4765 positi,
825 4668 1027 4765 frequenter
1043 4669 1263 4765 ignoraruus,
1284 4670 1323 4740 in
1339 4666 1461 4738 multis
1480 4665 1611 4736 scilicet
1631 4665 1836 4736 dubitantes

236 4782 328 4878 quid
340 4808 467 4857 eorum
485 4785 650 4859 videlicet
663 4785 770 4858 nohis
784 4787 870 4859 utile
891 4788 948 4875 sit,
963 4788 1057 4860 sicut
1070 4802 1106 4865 et
1117 4789 1193 4886 ipse
1206 4786 1398 4885 Apostolus
1410 4786 1558 4884 quaudo
1571 4801 1627 4857 ter
1638 4784 1836 4856 Dominum

235 4904 378 4999 rogavit
401 4906 585 4980 stimulum
606 4921 737 4979 satanae
762 4906 829 4977 sibi
856 4907 1001 4980 auferri.
1028 4907 1135 4982 «Sed
1157 4909 1234 5007 ipse
1254 4908 1405 5005 Spiritus
1423 4906 1579 5004 postulat
1592 4929 1668 5003 pro
1685 4900 1836 4990 nobis»
1859 4974 1864 4983 ,

277 5172 299 5221 'l
312 5175 439 5238 coriatis,
450 5192 505 5242 rap.
518 5194 561 5242 ιιι,
574 5196 597 5233 r.
610 5184 649 5233 tt.
658 5184 707 5219 -·²
720 5180 798 5270 ibid,
810 5194 865 5247 cap.
883 5194 933 5244 ur,
945 5195 969 5235 r,
984 5190 1004 5232 1.
