4559 6100
428 518 549 615 ‘ree'
1060 475 1188 605 reret
1214 530 1448 606 mmmm

455 687 528 761 dici
546 696 688 784 poterat
712 681 839 755 verbo.
859 687 925 754 Per
943 679 1142 780 quemdam
1168 705 1327 780 namque
1345 679 1544 778 sapientem
1561 675 1693 749 dicitur
1708 677 1811 747 Deo:
1829 675 1914 744 «Tu
1928 685 2053 744 autem

455 806 670 880 nocentior
693 803 835 875 virtutis
860 824 945 876 eum
972 799 1230 901 tranquillitate
1248 800 1408 899 judicas,
1433 814 1469 871 et
1492 823 1577 871 cum
1604 819 1734 893 magna
1758 792 1960 866 reverffltia
1986 791 2054 865 dis»

455 925 574 1024 ponis.
603 921 730 995 Subest
751 923 869 1017 enim,
885 948 973 996 cum
996 922 1169 1012 volturis,
1188 920 1252 994 tibi
1271 922 1409 1020 posse¹.
1432 947 1451 986 a
1469 922 1563 1014 Ergo
1580 915 1646 989 ubi
1670 938 1744 987 non
1770 926 1824 986 est
1851 911 1942 984 velle
1965 912 2052 1001 Dei,

456 1043 556 1117 deest
580 1067 697 1141 posse.
727 1046 824 1115 Deus
846 1043 984 1141 quippe
1012 1039 1247 1113 immutabilis
1272 1053 1431 1130 naturae,
1452 1038 1500 1109 ita
1526 1033 1759 1108 immutabilis
1771 1046 1825 1104 est
1841 1030 2049 1104 voluntatis.

456 1166 508 1235 Es
525 1163 580 1235 his
596 1163 716 1261 itaque
737 1176 811 1235 tam
834 1161 882 1235 de
904 1161 1042 1234 ratione
1062 1183 1174 1259 quam
1199 1159 1246 1234 de
1261 1160 1396 1257 scripto
1415 1156 1577 1249 collat‘ss,
1596 1165 1736 1229 constat
1756 1151 1793 1227 id
1815 1150 1932 1223 sulum
1947 1174 2054 1259 pose

459 1283 574 1357 lacere
591 1286 708 1355 Deum
723 1280 826 1380 quod
839 1279 1035 1379 aliquando
1052 1280 1148 1354 facit.
1167 1284 1212 1352 tt
1228 1303 1313 1353 vero
1330 1279 1359 1351 si
1376 1300 1556 1378 ponamin
1571 1274 1609 1347 id
1623 1271 1853 1371 solumquod
1864 1269 1945 1342 lacit
1958 1274 2055 1342 Deus

457 1428 542 1477 eum
558 1402 674 1477 lacere
687 1427 811 1501 posse,
825 1400 940 1474 mtdta
953 1427 977 1474 e
993 1402 1178 1475 contrario
1196 1414 1270 1474 tam
1281 1398 1413 1473 radoni
1426 1419 1536 1496 quam
1547 1394 1749 1469 auctoritati
1762 1392 1943 1465 contraria
1955 1389 2055 1462 vide-
2143 1460 2150 1467 ,

457 1547 539 1595 mur
560 1523 756 1595 incurrere.
774 1521 866 1610 Quis
882 1520 982 1594 enim
1011 1521 1145 1593 nesciat
1166 1518 1266 1592 hunc
1292 1517 1498 1605 bominem,
1517 1517 1581 1614 qui
1602 1511 1831 1588 damnandus
1852 1525 1926 1603 est,
1950 1533 2055 1608 posse

457 1641 607 1715 salvarit
627 1645 696 1714 Aut
713 1641 813 1714 hunc
825 1640 1035 1731 hominem,
1053 1640 1116 1738 qui
1133 1637 1254 1711 boum
1270 1652 1343 1729 est,
1358 1661 1464 1738 pesse
1481 1635 1668 1709 meliorem
1683 1632 1882 1730 fieriquam
1893 1651 2055 1727 utiquam

458 1762 599 1837 iuturus
614 1761 679 1854 sit,
693 1785 780 1835 eum
798 1776 919 1835 tamen
937 1776 1131 1859 utrumque
1143 1759 1293 1832 nonnisi
1309 1783 1374 1857 per
1392 1761 1511 1829 Deum
1528 1755 1737 1852 contingere
1758 1750 1889 1851 queat?
1902 1750 1943 1821 Si
1956 1750 2056 1822 enin

457 1880 517 1954 bie
532 1879 763 1955 damnandus
785 1882 938 1955 omnino
957 1879 1086 1955 salvari
1106 1904 1184 1952 uon
1200 1892 1338 1979 posset,
1353 1902 1422 1952 nec
1445 1900 1488 1950 ea
1506 1876 1622 1948 lacere
1639 1899 1703 1973 per
1718 1896 1798 1971 quae
1813 1896 1836 1945 a
1850 1874 1926 1945 Deo
1942 1868 2057 1943 salva-

458 2015 573 2094 retur3
592 2002 717 2101 utique
734 2001 940 2100 arguendus
955 2026 1031 2076 non
1048 2015 1158 2094 esset,
1172 2024 1241 2073 nec
1259 2023 1341 2075 reus
1359 1995 1651 2088 constituendus,
1669 1992 1771 2092 quod
1785 2015 1831 2065 ea
1841 2016 1916 2064 non
1927 1991 2058 2063 faceret

458 2146 538 2220 quae
561 2120 679 2196 lacere
698 2147 774 2195 nun
794 2135 927 2221 posset.
946 2120 1016 2195 Sed
1034 2144 1160 2193 necea
1178 2118 1273 2192 bene
1295 2118 1347 2191 illi
1363 2118 1680 2218 pmiperentura
1698 2114 1879 2201 Domino,
1898 2134 1961 2209 per
1977 2134 2057 2208 qua

458 2240 672 2331 salvaretur,
691 2264 775 2313 eum
794 2264 837 2313 ea
853 2239 1058 2314 nullatenus
1075 2239 1193 2312 lacere
1209 2238 1391 2338 posset&
1407 2252 1528 2309 autem
1547 2260 1611 2335 per
1627 2258 1738 2335 opera
1750 2258 1829 2332 quae
1845 2232 1975 2305 laceret
1990 2227 2057 2302 sal·

459 2360 535 2432 van·
555 2385 577 2433 a
593 2363 671 2433 Deo
688 2373 826 2459 posset,
844 2360 925 2458 quis
940 2356 1100 2454 ambigat
1115 2358 1204 2457 quin
1222 2360 1319 2430 Deus
1334 2382 1418 2430 eum
1437 2355 1573 2430 salvare
1589 2355 1721 2454 possit,
1743 2353 1806 2451 qui
1828 2365 1949 2424 tamen
1965 2374 2058 2422 nun·

459 2502 569 2577 quam
597 2478 791 2554 salvandus
815 2477 1104 2568 estiQuomodo
1126 2478 1224 2551 enim
1247 2501 1270 2551 e
1292 2480 1370 2550 Deo
1394 2476 1523 2550 salvari
1552 2475 1681 2574 possit,
1711 2473 1780 2545 nisi
1799 2485 1836 2543 et
1856 2475 1953 2543 Deus
1972 2492 2058 2542 mm

459 2597 595 2673 salvare
606 2597 741 2697 possit?
751 2598 895 2696 Quippe
905 2598 998 2694 quid
1010 2595 1109 2668 aliud
1118 2611 1173 2668 est
1183 2621 1268 2668 eum
1281 2596 1409 2669 salvari
1420 2621 1443 2669 a
1453 2599 1545 2686 Deo,
1557 2619 1670 2693 quam
1679 2589 1940 2666 Deumsslvare
1953 2590 2058 2660 enm?

460 2718 496 2789 Si
512 2741 598 2815 crgo
611 2716 782 2815 possibile
793 2729 847 2787 est
861 2739 947 2787 eum
960 2715 1124 2787 salvam
1139 2718 1237 2807 Deo,
1252 2714 1442 2813 quomodo
1454 2739 1530 2787 uon
1544 2716 1590 2788 sit
1608 2711 1777 2814 possibile
1788 2715 1905 2783 Deum
1922 2708 2058 2782 salvare

461 2835 570 2909 eum?
585 2839 681 2909 Cum
696 2837 794 2907 enim
814 2832 1030 2909 antecedens
1043 2831 1213 2931 possibile
1229 2846 1302 2921 est,
1320 2848 1357 2907 et
1376 2858 1624 2932 consequens:
1645 2834 1731 2932 quia
1746 2857 1789 2906 ex
1804 2828 1965 2930 pomibili
1981 2854 2057 2901 non

461 2955 622 3054 sequium
636 2951 870 3055 impossibile,
882 2976 981 3047 cum,
994 2953 1175 3026 sicomtet
1188 2951 1410 3053 impossibile
1423 2976 1513 3048 esse,
1531 2980 1575 3028 es
1591 2978 1636 3028 eo
1653 2950 1874 3053 impossibile
1884 2950 2056 3046 sequitur.

462 3074 597 3150 savari
624 3089 745 3147 autem
769 3077 889 3147 aDeo
910 3072 1010 3146 hunc
1031 3073 1113 3171 quis
1136 3087 1245 3170 neget
1271 3073 1488 3148 antecedens
1510 3073 1558 3148 ad
1573 3079 1690 3147 Deum
1704 3072 1842 3146 salvam
1859 3096 1960 3164 eum3
1976 3095 2060 3144 cum

462 3193 639 3288 videlicet,
660 3209 701 3267 ut
715 3192 883 3284 diximus,
905 3192 1004 3266 idem
1021 3216 1171 3292 prorsus
1186 3194 1251 3285 sit,
1271 3193 1452 3293 huncqui
1467 3193 1696 3267 damnandus
1711 3207 1763 3265 est
1776 3216 1800 3265 a
1818 3196 1895 3265 Deo
1912 3190 2057 3282 salvari,

461 3329 498 3389 et
518 3318 636 3388 Deum
649 3314 788 3388 salvare
806 3310 948 3415 ipsrrml
963 3317 1057 3387 Cum
1082 3313 1204 3414 itaque
1220 3315 1391 3415 posibile
1413 3317 1458 3389 sit
1482 3315 1600 3407 bime,
1617 3316 1681 3415 qui
1700 3313 1930 3390 damnandus
1946 3327 2021 3405 est,
2039 3336 2060 3384 a

462 3439 541 3509 Deo
556 3458 662 3536 posse
677 3434 824 3526 salvari,
843 3435 924 3532 quis
946 3448 1052 3532 neget
1069 3433 1242 3533 possibile
1257 3460 1334 3510 esse
1349 3450 1386 3510 et
1398 3440 1515 3510 Deum
1530 3435 1668 3508 salvare
1686 3434 1794 3508 eum?
1810 3439 1930 3508 Potest
1942 3435 2061 3531 itaque

462 3555 578 3630 facere
595 3558 693 3628 Deus
713 3553 815 3651 quod
831 3577 1062 3653 nequaquam
1085 3553 1242 3627 facturus
1259 3569 1337 3649 est;
1352 3554 1555 3654 falsumque
1571 3555 1724 3628 omniuo
1740 3579 1817 3628 esse
1830 3553 1944 3650 liquet
1959 3551 2061 3650 quod

457 3676 534 3771 jam
552 3699 661 3775 supra
678 3675 913 3769 asuuximus,
932 3677 1051 3747 mum
1064 3671 1232 3748 videlieet
1258 3695 1301 3749 ea
1320 3689 1462 3749 mutum
1478 3674 1594 3750 ficere
1609 3700 1717 3776 pome
1737 3697 1817 3772 qua
1840 3671 2062 3772 quandoque

462 3796 580 3868 faeiat.
598 3793 770 3893 Alioquin
787 3818 1017 3894 nequaquam
1032 3791 1079 3865 de
1093 3794 1146 3867 eis
1162 3818 1243 3893 quae
1259 3795 1342 3869 lacit
1358 3809 1476 3893 grates
1492 3797 1524 3868 ei
1544 3795 1739 3871 referende
1756 3808 1894 3886 essem,
1912 3817 2000 3866 cum
2018 3817 2062 3865 ea

463 3938 543 4011 quae
557 3912 735 3988 dimittere
752 3939 829 3988 non
843 3928 979 4013 potest,
994 3914 1204 3988 necessitate
1221 3915 1334 4014 magis
1344 3915 1506 4015 quadarn
1517 3918 1673 4017 proprie
1686 3931 1821 3991 natum
1831 3912 2059 4014 compulsus,

463 4059 573 4131 quam
593 4036 746 4134 gratmta
761 4034 946 4110 voluntate
962 4033 1008 4109 ad
1023 4032 1100 4107 hac
1118 4033 1282 4109 [edenda
1296 4035 1466 4110 inductus
1478 4051 1573 4134 agat.
1592 4037 1702 4111 lleilta
1718 4037 1827 4110 etiam
1841 4049 2062 4108 eoncmrnnt

463 4154 685 4248 testimonia,
703 4180 783 4253 quae
807 4154 994 4230 manifeste
1017 4158 1135 4227 Deum
1161 4170 1326 4229 emerunt
1349 4156 1455 4255 plura
1479 4181 1607 4257 pom,
1623 4177 1704 4256 qim
1728 4170 1849 4230 umen
1875 4177 2062 4251 nimquam

464 4273 623 4373 complet
647 4299 772 4374 opere.
792 4274 897 4349 Unde
913 4286 951 4350 et
963 4267 1102 4348 Veritas
1121 4275 1201 4375 ipsa
1218 4276 1422 4350 secuudum
1435 4276 1641 4351 llattbreum
1660 4303 1669 4347 ε
1690 4305 1709 4346 ι
1725 4283 1779 4349 An
1794 4288 1912 4374 putu,
1931 4274 2060 4371 inquit,

465 4392 551 4491 quia
566 4417 644 4468 nou
659 4417 808 4492 possum
828 4418 957 4493 rogare
976 4398 1117 4468 Patrem
1133 4418 1276 4489 meum,
1297 4411 1333 4469 et
1349 4395 1535 4470 exhibebit
1551 4396 1664 4471 modo
1680 4395 1770 4470 mibi
1790 4393 1998 4493 plusquam
2013 4417 2062 4463 xn

463 4511 622 4611 legiones
634 4512 887 4610 angelorum?
902 4543 921 4581 u
936 4518 985 4586 lla
1000 4513 1133 4611 quibus
1148 4514 1311 4615 prolecto
1325 4517 1473 4590 Domini
1483 4515 1694 4592 &acerbis
1706 4528 1871 4615 patenter
1886 4513 2060 4605 innuitur,

464 4632 547 4728 quia
568 4646 710 4732 poterat
733 4657 862 4733 rogare
890 4633 982 4708 illud
1007 4649 1096 4710 tunc
1117 4634 1268 4734 qrrando
1291 4660 1366 4709 eon
1388 4632 2066 4736 rogubst,neqneconreuiensrogati

464 4763 542 4826 erat
559 4780 569 4822 z
585 4752 643 4826 vel
659 4752 747 4850 quia
765 4768 908 4853 poterat
922 4754 1058 4829 tmcea'
1077 4757 1184 4827 Pater
1203 4753 1373 4830 exhiboee
1393 4755 1551 4855 bgionea
1567 4756 1666 4849 illas,
1688 4780 1753 4855 per
1767 4777 1859 4854 quas
1874 4752 1921 4827 ab
1937 4753 2066 4825 inimi·

464 4873 516 4943 cis
540 4869 770 4960 liberaretur,
800 4871 902 4971 quod
924 4886 1012 4945 tunc
1038 4874 1189 4948 minime
1215 4875 1428 4993 oportebat,
1458 4902 1543 4950 cum
1566 4877 1613 4950 ad
1632 4874 1842 4977 patiendum
1860 4886 2066 4972 opportune

499 5142 710 5208 'Supinum
727 5144 1266 5211 m‚v.ts.-¹1set,enun.r.ss
