4559 6100
686 580 939 656 tutemus
964 580 1023 651 DE
1048 577 1394 656 thEttucussus.
1769 576 1835 648 ttt

692 803 765 893 Qui
786 802 862 891 uni,
889 802 954 898 qui
975 795 1190 895 multiplices
1213 794 1422 869 intellectus.

286 980 529 1047 Unosautem
540 973 691 1047 dicimus
706 972 907 1047 intellectus
925 972 1143 1071 quicumque
1161 968 1340 1069 simplices
1356 983 1452 1061 sunt,
1470 967 1527 1041 vel
1545 971 1574 1041 si
1588 983 1671 1040 sunt
1687 993 1839 1068 compo-

216 1096 317 1189 siti,
348 1096 385 1167 in
410 1120 484 1169 una
509 1095 765 1192 conjunctione
792 1093 850 1166 vel
876 1092 1052 1165 divisione
1081 1116 1143 1164 seu
1172 1090 1411 1186 disjunctione
1433 1090 1645 1161 consistunt.
1673 1089 1842 1188 Multipli-

218 1237 329 1285 cem
346 1229 466 1288 antem
491 1213 711 1286 intellectum
731 1239 752 1287 e
772 1213 953 1287 contrario
979 1212 1187 1311 accipimus,
1206 1210 1278 1283 hoc
1299 1224 1353 1282 est
1375 1209 1593 1308 quicumque
1608 1209 1739 1281 horum
1761 1209 1843 1283 nul·

218 1333 325 1404 lum
343 1333 464 1407 habet.
492 1338 572 1408 Una
590 1348 711 1407 autem
728 1348 781 1407 est
797 1333 1005 1430 conjunctio
1023 1332 1080 1404 rel
1100 1330 1230 1404 divisio
1248 1330 1322 1402 sive
1346 1321 1537 1426 disjunctio
1563 1327 1762 1400 intellectus
1779 1354 1844 1428 per

219 1477 360 1548 quam
378 1441 707 1527 animus'continue
722 1479 765 1527 ex
782 1479 858 1527 uno
873 1453 1003 1527 mentis
1020 1450 1178 1550 impulsu
1193 1448 1432 1549 progreditur,
1451 1461 1487 1521 et
1502 1472 1575 1519 una
1592 1447 1756 1542 dirigitur
1780 1449 1843 1520 in-

222 1573 430 1667 tentione,
454 1598 519 1673 per
542 1598 651 1671 quam
670 1576 704 1646 ei
728 1572 828 1671 quod
852 1573 1011 1672 primum
1031 1569 1250 1643 intellectum
1277 1582 1330 1640 est
1349 1568 1486 1666 aliquid
1510 1567 1766 1676 conjungendo
1785 1569 1843 1641 vel

224 1690 501 1788 disjungendo,
520 1695 577 1766 vel
594 1695 687 1765 inter
703 1693 822 1791 ipsum
838 1707 874 1765 et
890 1690 988 1765 aliud
1004 1687 1258 1789 disjungendo,
1277 1713 1423 1761 cursum
1442 1687 1601 1786 quodam
1617 1688 1729 1761 modo
1747 1689 1844 1760 ince-

226 1797 360 1906 ptum⁴
374 1812 451 1884 sine
472 1814 733 1912 interruptione
750 1824 991 1884 consummat.
1010 1815 1110 1882 Tunc
1126 1822 1247 1882 autem
1262 1832 1373 1881 unam
1389 1806 1597 1907 hujusmodi
1617 1808 1843 1904 conjunctio·

227 1953 333 2002 nem
358 1919 498 2005 animus
511 1932 634 2023 habet,
655 1958 738 2005 curn
757 1934 807 2005 sic
820 1931 940 2030 aliqua
957 1956 1021 2030 per
1038 1931 1301 2004 successionem
1321 1929 1493 2024 attendit,
1511 1945 1551 2002 ut
1564 1954 1606 2001 ea
1622 1930 1672 2001 sic
1688 1928 1841 2001 invicem

226 2049 362 2148 aptet,
390 2066 429 2123 ut
455 2077 521 2150 per
546 2077 587 2125 ea
611 2052 847 2126 discurrendo
873 2076 984 2124 unam
1009 2049 1177 2124 conficiat
1200 2051 1402 2139 essentiam,
1430 2063 1466 2124 et
1490 2051 1637 2149 insuper
1654 2051 1841 2147 quotiens·

226 2157 402 2268 cumque
426 2170 474 2243 ad
496 2172 570 2244 vim
587 2174 693 2245 unius
716 2171 964 2245 affirmationis
987 2194 1218 2268 quocumque
1241 2169 1352 2242 modo
1376 2169 1496 2268 aliqua
1518 2169 1672 2242 invicem
1698 2169 1841 2265 colligat

228 2287 319 2360 sive
344 2313 410 2389 per
434 2281 725 2388 praedicationem
747 2293 822 2365 sive
847 2317 912 2390 per
936 2290 1157 2364 conditionis
1174 2290 1232 2363 vel
1254 2291 1426 2389 temporis
1448 2290 1755 2388 conjunctionem,
1783 2288 1840 2361 vel

232 2408 409 2506 quolibet
425 2409 495 2484 alio
519 2411 643 2506 modo,
661 2412 750 2484 dnm
765 2412 836 2486 hoc
852 2411 1030 2505 videlicet,
1050 2425 1090 2483 ut
1106 2434 1217 2511 supra
1237 2410 1447 2506 generaliter
1462 2411 1837 2501 commemoravimus,

236 2551 323 2601 uno
340 2531 471 2602 mentis
495 2531 652 2629 impulsu
674 2534 845 2604 continue
872 2531 946 2604 liat.
974 2530 1044 2603 Sed
1069 2529 1145 2604 haec
1169 2555 1248 2628 quae
1271 2530 1450 2628 tetigimus
1465 2532 1589 2628 paucis
1617 2529 1840 2602 declaremus

237 2649 417 2748 exemplis
443 2677 452 2721 ε
472 2675 556 2722 cum
573 2651 675 2742 dico,
697 2651 861 2723 «animal
886 2652 1075 2742 rationale,
1090 2678 1108 2718 n
1127 2652 1158 2724 si
1173 2651 1344 2723 continue
1366 2674 1411 2722 ea
1431 2650 1596 2749 profero,
1622 2649 1766 2721 auditor
1791 2650 1840 2721 ita

239 2768 376 2841 animal
404 2783 440 2841 et
469 2770 744 2843 rationalitatem
769 2770 946 2870 concipit,
976 2786 1017 2842 nt
1045 2794 1158 2843 unam
1187 2794 1335 2842 remex
1363 2769 1507 2842 animali
1540 2785 1576 2842 et
1604 2768 1840 2841 rationalitate

240 2889 439 2961 constituat
457 2889 559 2985 quod
575 2904 628 2962 est
644 2889 775 2963 animal
798 2889 985 2964 rationale.
1006 2894 1079 2962 Nec
1101 2891 1223 2963 minus
1244 2913 1328 2961 curn
1346 2890 1429 2962 dieo
1451 2888 1613 2962 «animal
1635 2914 1712 2961 non
1729 2890 1841 2961 ratio-

242 3006 374 3097 nale»
395 3010 445 3081 sic
463 3025 498 3081 et
516 3010 647 3083 animal
670 3024 705 3083 et
721 3035 796 3083 non
820 3009 994 3084 rationale
1010 3008 1236 3102 demonstro,
1260 3023 1301 3083 ut
1318 3022 1459 3082 tanturn
1479 3009 1652 3083 adunam
1673 3008 1840 3082 substan·

243 3126 333 3197 tiam
349 3151 392 3199 ea
406 3128 588 3227 copulem,
607 3129 703 3202 idem
717 3129 882 3202 videlicet
896 3145 970 3202 tarn
986 3131 1120 3204 animal
1136 3155 1245 3227 quam
1262 3153 1339 3201 non
1356 3129 1530 3200 rationale
1546 3154 1621 3201 esse
1636 3129 1834 3201 insinuans.

245 3245 300 3315 Fit
326 3246 445 3345 itaque
470 3248 544 3319 hoc
568 3248 664 3341 loco,
690 3274 773 3321 cum
796 3248 928 3321 dicitur
951 3249 1138 3339 rationale,
1157 3247 1323 3347 quaedam
1345 3262 1382 3320 et
1404 3248 1612 3345 conjunctio
1634 3262 1670 3320 et
1690 3247 1834 3339 divisio,

245 3365 454 3461 conjunctio
471 3354 603 3440 scilicet
623 3398 641 3437 «
656 3393 731 3440 non
748 3369 923 3443 rationale
940 3396 958 3436 a
985 3368 1032 3440 ad
1054 3368 1237 3457 «animal,
1258 3399 1276 3437 a
1302 3380 1338 3439 et
1360 3367 1489 3441 divisio
1504 3366 1576 3439 hoc
1603 3380 1656 3439 est
1683 3368 1837 3440 remotio

246 3485 441 3558 rationalis.
471 3490 543 3559 Nec
564 3487 671 3560 relert
686 3488 733 3560 ad
754 3488 1003 3587 conceptionis
1024 3488 1176 3561 modum
1192 3487 1250 3561 vel
1268 3489 1442 3561 unitatem
1464 3487 1539 3559 sive
1555 3487 1593 3558 in
1609 3510 1649 3557 re
1666 3487 1714 3559 ita
1733 3489 1777 3558 sit
1797 3503 1837 3560 nt

245 3604 447 3704 concipitur
463 3606 537 3680 sive
555 3631 645 3701 non,
664 3606 727 3678 sed
743 3605 789 3680 ad
805 3623 1002 3708 conceptus
1025 3608 1256 3681 solummodo
1272 3609 1471 3681 veritatem.
1491 3611 1606 3703 AEque
1628 3607 1725 3678 enim
1741 3631 1837 3678 arnus

245 3738 299 3795 est
318 3724 517 3798 intellectus
539 3756 556 3792 a
572 3726 664 3826 lapis
681 3727 864 3801 rationalis
882 3756 900 3795 a
920 3742 955 3801 et
972 3757 989 3795 α
1009 3727 1168 3801 chimera
1185 3727 1268 3800 alba
1287 3758 1304 3794 a
1324 3725 1512 3824 quomodo
1539 3756 1557 3794 a
1578 3725 1709 3799 animal
1726 3727 1836 3799 ratio·

245 3842 353 3916 nale»
370 3844 426 3917 vel
442 3874 459 3914 «
473 3845 586 3918 homo
603 3846 719 3920 albus.
734 3875 754 3916 a
769 3846 874 3920 Unde
890 3861 926 3920 et
941 3846 1150 3945 hujusmodi
1166 3848 1347 3920 orationes
1362 3872 1463 3945 aeque
1479 3870 1568 3919 unas
1579 3843 1737 3918 reddunt
1752 3871 1835 3944 pro-

243 3948 451 4058 positiones,
470 3966 658 4063 quomodo
678 3981 714 4039 et
733 3966 801 4039 illae
818 3966 1008 4040 transitiva
1028 3992 1175 4065 quoque
1197 3967 1475 4064 conjunctionis,
1501 3966 1701 4040 intellectus
1718 3967 1835 4037 enim¹

242 4081 415 4157 unitatem
444 4086 602 4159 essentiae
630 4078 888 4186 non'respicit,
916 4110 1001 4159 cum
1026 4086 1193 4160 videlicet
1216 4087 1347 4160 dicitur
1363 4085 1519 4159 «domus
1544 4085 1716 4172 Socratis,
1733 4114 1751 4153 a
1780 4085 1835 4158 vel

245 4227 263 4266 a
277 4200 403 4275 similis
418 4205 568 4296 Socrati,
581 4236 598 4271 a
617 4204 674 4279 vel
700 4229 903 4279 «accusans
928 4209 1129 4298 Socratem,
1140 4234 1162 4295 a,
1187 4208 1245 4280 vel
1264 4223 1398 4279 «utens
1414 4209 1573 4278 Socrate.
1589 4233 1607 4272 n
1626 4206 1724 4276 Licet
1738 4205 1835 4276 enim

242 4323 442 4418 suppositio
460 4325 598 4423 obliqui
612 4350 716 4400 casus
732 4325 780 4399 ad
790 4325 955 4399 eamdem
968 4350 1162 4426 personam
1174 4351 1249 4399 non
1267 4325 1329 4399 liat
1339 4350 1424 4398 cum
1436 4323 1650 4423 praecedenti
1662 4321 1832 4413 dictione,

242 4451 282 4508 ut
299 4436 464 4513 videlicet
476 4443 603 4516 eadem
620 4470 676 4516 res
692 4445 851 4542 subjecta
865 4446 1009 4542 utrique
1028 4446 1179 4518 dictioni
1193 4446 1406 4534 insinuetur,
1423 4465 1574 4538 sequens
1590 4455 1708 4513 tamen
1724 4439 1834 4512 dictio

242 4579 286 4629 ex
314 4560 493 4657 positione
517 4564 794 4669 constructionis
826 4564 1082 4664 proprietatem
1109 4562 1305 4661 quamdam
1330 4560 1546 4633 determinat
1572 4559 1609 4631 in
1638 4584 1677 4632 re
1704 4585 1835 4659 praece·

241 4673 359 4781 dentis
383 4676 567 4772 dictionis3
588 4705 632 4752 ex
657 4705 730 4778 qua
745 4679 894 4779 quidem
910 4685 1129 4782 proprietate
1153 4706 1237 4755 cum
1255 4681 1316 4753 illa
1335 4704 1374 4752 re
1396 4678 1623 4752 convenienti
1644 4703 1717 4750 nna
1738 4703 1834 4774 quae·

240 4793 324 4866 dam
336 4820 392 4868 res
407 4813 595 4899 compacta
611 4784 937 4900 concipiendum
954 4804 1052 4875 enim
1069 4802 1199 4876 dicitur
1214 4800 1345 4874 domus
1360 4799 1533 4889 Socratis,
1551 4799 1627 4897 ipse
1643 4798 1831 4896 genitivus,

240 4918 368 5012 praeter
384 4919 575 5018 'propriam
590 4921 877 4995 nominationem
899 4908 1108 4997 de'Socrate
1130 4922 1388 5022 possessionem
1405 4918 1601 5016 quamdam
1618 4917 1834 4993 determinat

271 5194 277 5221 ⁸
289 5190 364 5241 Enim
374 5193 550 5255 supplevimus.
